4062 5352
482 335 639 445 Em

1555 360 1613 421 S.
1644 357 1898 420 LEOle
1934 358 2000 417 IX
2040 355 2238 417 ΡΑΡιΕ
2275 354 2659 417 (lPllSClILA.

3672 363 3787 420 620

533 478 769 532 dentiam
837 484 1078 532 nostram
1144 474 1357 539 adivit,
1418 484 1604 545 petens
1674 482 1730 529 ut
1791 472 1966 529 oﬂicio
2018 472 2102 528 cui
2140 476 2183 534 Β
2283 473 2476 527 Datum
2516 488 2572 526 ιιι
2622 469 2803 526 Nonas
2830 469 3080 528 Octobris
3115 485 3215 542 per
3245 485 3463 527 manum
3494 472 3639 530 Petri
3670 478 3796 533 dia-

504 558 776 623 ζιιιιειειπείι
812 577 1012 623 nostra:
1060 566 1400 621 auctoritatis
1446 566 1666 621 decreto
1714 566 2113 619 {irritamentum

536 659 875 713 aldercmus.
929 657 1077 724 Nos,
1143 667 1198 712 et
1252 658 1502 726 aequitate
1551 654 1776 725 iustitia:
1829 665 1884 710 et
1931 655 2113 710 sedula

536 751 725 806 Eratris
745 750 1003 818 petitione
1026 748 1364 814 commoniti,
1397 747 1676 815 praesentis
1697 747 1876 801 edicto
1910 747 2115 816 pagina:

535 854 727 900 ιιιιιιιρε
773 839 1140 909 possessiones
1180 852 1298 908 qua:
1349 836 1415 890 ad
1463 837 1642 891 do:em
1698 834 1885 891 altaris
1928 850 2119 906 supra-

498 928 695 1003 'diclm
727 927 969 983 ecclesia:
1006 927 1275 997 pertinere
1314 935 1631 989 noscuntur,
1671 923 1955 979 inviolatas
1993 939 2114 993 pcr-

488 1014 505 1041 ⁷
527 1035 757 1077 manere
807 1019 1205 1075 constituimus.
1256 1017 1604 1089 Praecipimus
1640 1017 1806 1071 etiam
1845 1025 1927 1081 ut,
1972 1016 2112 1072 sicut

386 1172 393 1177 I
492 1110 797 1167 hactenus
835 1111 994 1166 idem
1031 1109 1260 1173 .frater.,
1312 1124 1437 1164 cum
1486 1108 1601 1164 suis
1653 1107 2109 1174 antecessoribus,

492 1222 497 1227 ί
535 1200 1023 1257 ratiociniasuaiu
1052 1200 1134 1256 eis
1163 1199 1255 1268 qui
1292 1198 1481 1253 viuum
1514 1207 1607 1251 aut
1651 1196 1830 1266 plures
1857 1197 2107 1255 denarios

496 1292 601 1347 ‘ad
639 1291 812 1346 altare
853 1306 961 1363 pro
984 1304 1149 1346 censu
1184 1288 1379 1358 capitis
1424 1278 1773 1358 persolvunt,
1819 1288 1937 1344 sine
1979 1304 2098 1344 con-

486 1401 496 1404 έ
534 1381 859 1437 tradictione
887 1380 1113 1452 accepit,
1149 1380 1225 1434 ita
1252 1376 1507 1449 deinceps
1548 1394 1672 1434 cum
1708 1379 2111 1436 successoribus

527 1469 929 1530 suis-immobili
956 1469 1208 1525 ﬁrmitate
1229 1470 1501 1533 obtineat;
1534 1468 1585 1522 id
1619 1476 1702 1524 est
1726 1468 1985 1539 quidquid
2008 1482 2110 1538 pro

526 1561 906 1618 interiectione
935 1561 1033 1615 viri
1079 1550 1184 1624 Sui,
1235 1559 1318 1612 vel
1364 1572 1463 1627 pro
1508 1556 1769 1612 eﬂ‘usione
1807 1557 2108 1627 sanguinis,

498 1636 614 1708 'vel
666 1666 767 1724 pro
816 1650 1116 1721 imparibus
1171 1648 1376 1718 nuptiis
1432 1647 1677 1703 smculari
1730 1645 1853 1717 jure
1900 1646 2106 1718 persol-

522 1734 716 1810 vitur,
779 1738 847 1799 ad
911 1742 1309 1797 tltesaurarium
1362 1739 1609 1795 ecclesiae
1671 1740 1788 1794 sine
1850 1737 1952 1793 ulla
2020 1753 2106 1793 re-

2217 562 2359 626 coni,
2394 561 2788 616 bibliothecarii
2820 571 2874 615 et
2903 562 3212 616 cancellarii
3253 574 3453 618 saneta:
3483 566 3798 636 apostolica

2216 653 2381 716 sedis,
2421 666 2565 705 anno
2602 651 2787 705 domui
2829 667 2979 722 papa:
3024 651 3219 706 Leonis
3249 653 3374 708 noui
3405 655 3605 724 primo,
3649 656 3796 712 indi-

2217 742 2397 794 ctione
2427 742 2603 794 tertia.

2939 809 3077 867 XXI.

2212 920 2272 977 S.
2315 920 2419 977 Leo
2448 920 2526 975 IX
2551 922 2824 992 confirmat
2856 925 3124 995 privilegia
3166 926 3390 982 abbatic
3433 924 3493 984 S.
3523 928 3794 1001 Dionysii.

2374 1022 2385 1028 ‘
2809 1016 2986 1088 (Anno
3020 1018 3202 1090 1049.)

2213 1101 2493 1173 [Doublet,
2544 1101 2779 1159 Histoire
2841 1106 2908 1160 de
2953 1106 3188 1185 ιάρρρείε
3247 1110 3312 1164 de
3370 1109 3523 1166 Saint
3588 1112 3795 1185 Dengs,

2844 1192 2969 1247 pag.
3003 1177 3157 1250 461.]

2283 1284 2414 1346 Leo,
2455 1300 2647 1341 servus
2675 1302 2957 1342 servorum
3001 1287 3095 1344 Dei
3135 1299 3192 1344 et
3235 1291 3493 1349 Ecclesia;
3534 1294 3798 1351 Romana:

2208 1377 2518 1446 episcopus,
2568 1379 2787 1448 regibus
2831 1388 2885 1433 et
2931 1380 3180 1446 ducibus,
3239 1383 3576 1452 principibus
3632 1397 3797 1456 atque

2210 1468 2666 1536 dominatoribus,
2695 1479 2751 1524 et
2784 1469 2866 1525 eis
2897 1471 2989 1541 qui
3021 1486 3165 1527 nunc
3185 1484 3313 1529 sunt
3338 1484 3392 1529 et
3419 1477 3638 1530 venturi
3671 1486 3794 1532 sunt

2208 1557 2410 1615 futuris
2437 1562 2788 1631 temporibus.

2279 1647 2544 1716 Quoniam
2590 1649 2753 1718 jnstis
2802 1650 3150 1720 petitionibus
3196 1668 3479 1709 assensum
3540 1666 3792 1712 nostrum

2210 1740 2453 1811 praebere
2491 1748 2548 1793 et
2587 1739 2839 1795 Ecclesiae
2879 1750 3082 1796 sancta:
3129 1742 3412 1811 vigilanter
3451 1744 3785 1800 utilitatibus

488 1835 837 1905 i‘tfragatione
861 1832 1162 1906 perveniat.
1185 1830 1295 1887 Nec
1323 1832 1479 1887 liceat
1510 1831 1796 1887 abbatibus
1822 1841 1914 1887 aut
1946 1829 2104 1885 alicui
2140 1834 2425 1903 B-oportet
2464 1832 2749 1898 inservire,
2798 1833 2907 1889 Deo
2948 1844 3137 1889 nostro
3179 1835 3297 1890 sine
3344 1836 3508 1891 dubio
3549 1852 3651 1907 per
3693 1839 3797 1893 hoc

505 1926 971 1998 praepositorum,
1025 1924 1106 1977 vel
1161 1937 1383 1977 censum
1434 1921 1649 1992 ipsum,
1700 1920 1783 1975 vel
1827 1920 2107 1976 ratiocinia

492 2034 648 2089 ηιιιιιξ
683 2033 750 2073 ex
784 2014 1118 2086 supradictis
1157 2022 1212 2068 et
1258 2013 1379 2069 aliis
1428 2011 1587 2068 rebus
1635 2014 1999 2083 proveniunt,
2053 2014 2107 2068 in

486 2106 747 2165 ’at’eodum
779 2106 930 2169 dare,
954 2104 1043 2160 vel
1089 2104 1198 2159 alio
1243 2106 1568 2173 quocunque
1616 2103 1779 2158 modo
1826 2104 1956 2173 ipsis
1983 2094 2129 2158 aedi?

483 2199 635 2252 iuiis
691 2195 857 2250 ullam
926 2195 1343 2250 diminutionem
1402 2192 1494 2248 vel
1560 2192 1935 2250 alienationem
1988 2194 2110 2251 inde

483 2302 486 2317 ί
529 2290 731 2343 facere.
763 2285 916 2355 Quod
944 2285 1253 2355 quicunque
1299 2285 1729 2354 praesumpserit,
1767 2286 1910 2340 beati
1953 2285 2108 2342 Ῥειιηί

477 2391 582 2434 "et
630 2392 815 2435 nostra
864 2378 1188 2434 auctoritate
1233 2376 1597 2431 anathematis
1641 2376 1856 2432 vinculo
1897 2378 2106 2433 irrevo-

496 2472 772 2528 ‘cabilitcr
802 2472 1055 2543 illigetur.
1098 2469 1232 2538 Hoc,
1262 2468 1406 2541 quod
1458 2484 1557 2541 pro
1610 2467 1961 2540 amplitudine
1989 2486 2109 2541 pos-

520 2565 830 2621 sessionum
861 2554 1079 2620 suarum
1111 2562 1187 2618 illi
1221 2561 1470 2619 ecclesiae
1506 2562 1972 2633 peruecessarium
2000 2571 2107 2629 est,

486 2662 497 2697 ί
530 2634 677 2711 beati
711 2653 857 2710 Petri
896 2655 1216 2709 auctoritate
1260 2650 1524 2707 immobili
1556 2652 1771 2707 decreto
1805 2652 2105 2720 ﬁrmamus,

482 2754 611 2811 aut,
643 2747 771 2817 quia
821 2744 1013 2801 beatus
1065 2743 1355 2799 Remaclus
1418 2742 1698 2811 utriusque
1749 2741 1851 2797 loci
1900 2744 2109 2814 primus

484 2864 501 2875 -ι
522 2838 806 2911 fundator,
836 2835 1023 2892 relicto
1050 2833 1353 2904 Tungrensi
1396 2833 1706 2904 episcopatu
1736 2849 1877 2893 cum
1923 2824 2128 2889 infulis

474 2936 485 2971 ί
520 2925 942 2997 pontiﬁcalibus,
988 2923 1193 2980 eisdem
1243 2920 1377 2978 locis
1410 2922 1617 2993 primus
1667 2922 1834 2977 abbas
1871 2922 2104 2994 praefuit,

475 3033 481 3057 ε
525 3019 781 3075 omnibus
829 3018 1143 3075 earumdem
1208 3011 1453 3071 locerum
1519 3015 1805 3071 abbatibus
1854 3016 2009 3071 tirma
2053 3027 2109 3072 et

475 3134 485 3144 ί
525 3112 692 3168 libera
732 3110 935 3185 ligandi
977 3119 1141 3181 atque
1188 3108 1429 3164 solvendi
1484 3116 1722 3178 potestas
1769 3118 2104 3177 permaneat,

2208 1939 2490 1995 speramus
2513 1941 2610 1980 nos
2632 1924 2862 1995 placere,
2893 1926 2938 1980 si
2964 1940 3052 1981 res
3080 1936 3136 1980 et
3155 1928 3560 1984 ecclesiasticas
3590 1934 3797 1985 consti-

2212 2019 2470 2083 tutiones,
2497 2032 2527 2071 a
2562 2018 2767 2073 sanctis
2797 2017 3048 2073 Patribus
3078 2020 3150 2072 ita
3197 2028 3254 2073 ut
3293 2023 3609 2076 constituta:
3642 2033 3793 2088 sunt,

2211 2126 2468 2181 cogamus
2488 2125 2831 2180 permanere,
2864 2120 2938 2177 et,
2974 2127 3044 2166 ne
3072 2112 3328 2183 deinceps
3353 2114 3422 2168 ab
3459 2116 3662 2184 iniquis
3690 2119 3792 2170 im-

2208 2216 2353 2271 pune
2407 2209 2849 2271 corrumpantur,
2901 2212 3088 2255 nostra
3135 2205 3460 2257 auctoritate
3509 2206 3790 2258 roborare.

2209 2294 2552 2365 Quapropter
2587 2304 2773 2349 notum
2815 2294 3047 2350 fat-imus
3088 2297 3446 2365 praesentibus
3473 2308 3530 2350 et
3569 2297 3794 2361 futuris,

2207 2386 2457 2441 omnibus
2487 2385 2740 2440 videlicet
2762 2386 2981 2457 regibus
3007 2394 3060 2442 et
3086 2386 3338 2454 ducibus,
3366 2389 3714 2459 principibus
3738 2403 3791 2444 ct

2207 2478 2660 2543 dominatoribus,
2690 2493 2787 2533 seu
2834 2480 3047 2534 cunctis
3090 2482 3398 2548 apostolicae
3427 2482 3578 2537 sedis
3616 2483 3791 2537 ﬁdeii—

2206 2569 2328 2635 bus,
2389 2570 2532 2639 quod
2588 2568 2910 2623 venerabilis
2954 2569 3124 2625 abbas
3178 2568 3331 2642 llugo
3386 2581 3442 2626 et
3490 2573 3793 2629 monachus

2207 2661 2523 2718 monasterii
2554 2660 2696 2716 beati
2724 2659 2964 2731 Dionysii
2994 2661 3272 2733 martyris,
3312 2662 3399 2718 ubi
3426 2662 3544 2732 ipse
3569 2674 3791 2718 sanctus

2207 2754 2260 2808 in
2292 2768 2518 2836 corpore
2549 2753 2859 2823 requiescit,
2890 2764 3129 2808 nostram
3161 2754 3595 2810 benevolentiam
3616 2756 3792 2825 preci-

2204 2844 2306 2901 bus
2348 2846 2724 2913 imploravere,
2763 2856 3032 2913 quatenus
3062 2844 3339 2914 privilegia
3380 2845 3557 2898 eidem
3605 2860 3794 2898 mona-

2210 2935 2378 2990 sterio
2406 2949 2436 2988 a
2464 2935 2683 2989 domino
2712 2934 3017 3005 Dagnberto
3048 2921 3400 2990 Francorum
3426 2950 3576 3005 rege,
3623 2936 3792 3004 ipsius

2206 3026 2308 3080 loci
2334 3024 2636 3090 fundatore,
2663 3040 2941 3089 concessa,
2964 3029 3058 3081 seu1
3085 3037 3136 3080 ct
3156 3026 3447 3081 Clodovius
3481 3028 3624 3080 [ilius
3655 3026 3789 3092 ejus,

2211 3132 2503 3191 regumque
2531 3117 2692 3171 simul
2723 3133 2909 3171 eorum
2937 3118 3178 3172 omnium
3222 3118 3631 3171 immunitatum
3658 3122 3818 3173 con-'

518 3212 576 3258 et
605 3218 784 3258 rerum
816 3216 1036 3257 suarum
1065 3201 1344 3256 iuvasores
1368 3214 1401 3254 a
1429 3198 1836 3255 Cliristianitate
1879 3213 2100 3268 sus;:en~

2209 3216 2563 3277 iirmationes,
2603 3214 2910 3283 quicunque
2950 3228 3101 3265 suam
3153 3211 3227 3266 illi
3275 3202 3607 3265 inonasterio
3649 3211 3791 3265 beati

521 3297 653 3351 dere
681 3295 987 3364 iterumque
1034 3302 1091 3348 et
1138 3292 1508 3349 communioni
1559 3301 1763 3348 sanctae
1818 3291 2105 3346 restituere

518 3385 872 3459 prrevaleant.

556 3550 561 3554 θ
594 3480 726 3536 Data
757 3476 941 3533 Remis
962 3494 1023 3532 ιιι
1047 3476 1229 3532 Nonas
1250 3477 1561 3533 Decembris
1587 3475 1759 3547 (res),
1790 3491 1886 3547 per
1915 3491 2106 3531 manus

516 3572 674 3647 fatri
704 3571 944 3637 diaconi,
1005 3570 1399 3627 bibliotliecarii
1443 3579 1499 3626 et
1542 3570 1852 3626 cancellarii
1903 3579 2106 3625 sancta:

514 3668 583 3716 et
630 3660 939 3732 apostolicm
986 3660 1153 3725 sedis,
1190 3675 1333 3715 anno
1379 3658 1673 3714 Dominicze
1714 3658 2105 3713 incarnationis

523 3750 684 3818 1049,
717 3764 859 3805 anno
885 3748 1064 3805 domui
1092 3747 1287 3804 Leonis
1315 3747 1440 3804 noni
1476 3763 1626 3820 papae
1667 3740 1923 3812 Secundo,
1969 3746 2105 3802 indi-

506 3839 705 3896 etioue
734 3838 827 3896 iv..

689 3973 695 3977 _
1248 3909 1347 3966 XX

515 4005 583 4059 ιδ.
599 4001 867 4060 Ῑιεοιιὶειλῖ
881 4002 1114 4073 privilegi
1120 4018 1204 4056 um
1216 4003 1280 4057 de
1290 4004 1623 4073 immunitate
1633 4003 1902 4072 prioratus
1918 4001 2103 4058 Sancti

498 4128 501 4131 γ
594 4073 868 4141 Marcum,
892 4091 982 4127 seu
1025 4072 1257 4127 ecclesia:
1278 4074 1341 4128 de
1363 4072 1701 4139 Corbiniaco,
1728 4090 1760 4128 a
1779 4074 2103 4129 'mormsterio

557 4144 783 4198 ..Sancti
806 4143 1031 4213 Remigii
1054 4143 1416 4213 dependentis.

1126 4232 1302 4301 (Anno
1329 4235 1514 4308 10l9.)

548 4318 553 4321 ’
594 4325 833 4397 {Marioh
868 4324 1172 4395 Metropolis
1199 4325 1467 4382 Rcmensis
1497 4325 1759 4394 Historia,
1787 4325 1852 4392 ll,
1880 4326 2032 4400 108.]

589 4414 852 4485 Cotigruit
872 4413 1193 4485 apostolatui
1225 4426 1412 4471 nostro
1430 4432 1529 4487 pro
1552 4417 1821 4471 universis
1845 4416 2104 4472 Ecclesiis

523 4508 642 4569 Dei.
670 4497 960 4563 ueidamna
993 4522 1172 4563 rerum
1201 4522 1423 4563 suarum
1454 4507 1783 4571 sustineant,
1808 4506 1902 4561 sed
1933 4508 2104 4575 magis

526 4619 578 4656 ιιι
630 4599 824 4657 melius
868 4611 1176 4671 augeantur
1218 4610 1274 4656 et
1322 4607 1593 4662 crescant,
1643 4615 1830 4653 curam
1880 4600 2102 4654 habere.

525 4694 716 4765 Igitur,
751 4692 879 4764 quia
908 4692 1268 4747 fraternitatis
1295 4699 1398 4744 ture
1434 4690 1659 4745 dilectio
1687 4705 1788 4744 nos
1811 4689 2105 4760 postulavit

525 4796 795 4858 quatenus
824 4784 1210 4839 monasterium
1243 4782 1385 4853 quod
1433 4796 1661 4853 corpore
1697 4781 1840 4837 beati
1863 4780 2104 4836 Mai-culti

526 4879 864 4942 nobilitatur,
898 4885 953 4930 et
987 4876 1040 4931 in
1077 4877 1386 4945 episcopatu
1429 4872 1772 4929 Laudunensi
1806 4873 1970 4927 situm
1999 4881 2104 4939 est,

502 4970 808 5044 privilegio
852 4978 1052 5024 sanctte
1080 4967 1222 5023 sedis
1258 4964 1566 5038 apostolica:
1608 4964 1964 5030 muniremus,
1999 4980 2106 5034 quo

527 5064 595 5118 ad
645 5059 741 5115 Dei
785 5056 1169 5127 omnipotentis
1212 5055 1422 5112 laudem
1470 5063 1529 5112 et
1568 5054 1813 5125 ejusdem
1861 5055 2104 5111 Marculli

516 5130 997 5210 benorilieentiam
1014 5150 1213 5206 nullius
1235 5150 1706 5207 hominisavaritia
1729 5161 1786 5205 et
1799 5149 2107 5205 temeritate

533 5244 704 5286 valpnt
733 5243 1064 5286 innunmmm
1093 5241 1269 5286 minus
1289 5239 1498 5286 violari-
1523 5240 1616 5286 sed
1642 5239 1827 5286 nntius
1845 5248 2107 5286 augeatur

2205 3306 2443 3381 Dionysii
2476 3304 2729 3375 martyris
2772 3304 3151 3359 auctoritatem
3199 3302 3613 3374 promulgaan
3657 3316 3790 3371 ιπερ-

2203 3399 2477 3461 aliteruut,
2523 3398 2615 3451 sed
2648 3407 2700 3450 et
2738 3395 3074 3465 privilegiuai
3104 3397 3246 3464 quod
3273 3393 3404 3447 fecit
3441 3392 3706 3445 Dominus
3737 3400 3790 3445 et

2168 3560 2171 3564 }
2203 3488 2523 3544 venerabilis
2568 3487 2922 3552 Landericns,
2957 3485 3245 3541 Parisiacae
3287 3483 3437 3538 urbis
3472 3484 3786 3553 episcopus,

2205 3600 2308 3636 una
2339 3597 2461 3637 cum
2497 3596 2763 3636 consensu
2796 3595 3015 3633 suorum
3049 3579 3435 3634 canonicorum
3470 3578 3791 3647 pariterque

2205 3678 2439 3747 regionis
2463 3675 2602 3729 illius
2624 3676 3022 3745 episcoporum,
3048 3673 3113 3727 de
3140 3673 3392 3726 libertate
3417 3677 3474 3724 et
3494 3670 3791 3724 emissione

2204 3769 2520 3824 clericorum
2545 3768 2597 3822 in
2621 3768 2735 3822 suis
2763 3766 3046 3821 ordinibus
3071 3765 3345 3827 onmibns,
3364 3763 3509 3832 quod
3538 3762 3790 3818 videlicet

2203 3876 2412 3924 oumes,
2445 3861 2738 3915 secundum
2783 3867 2955 3912 metas
2990 3873 3020 3911 a
3055 3872 3112 3912 se
3141 3858 3422 3919 discretas,
3458 3855 3512 3909 iu
3556 3857 3791 3910 circum-

2142 3970 2155 3975 '
2204 3954 2406 4022 scripto
2455 3951 2573 4005 loco
2608 3950 2851 4005 ecclesiis
2891 3950 3187 4004 servientes
3223 3966 3254 4002 a
3298 3965 3396 4002 sua
3443 3958 3501 4002 et
3541 3948 3795 4003 omnium

2204 4058 2422 4097 suorum
2467 4056 2839 4096 successorum
2879 4051 3145 4110 potestate
3188 4042 3437 4105 absolvit,
3483 4051 3539 4095 et
3588 4040 3777 4094 abbati

2203 4143 2258 4188 et
2296 4132 2557 4187 fratribus
2598 4132 2878 4187 monachis
2924 4132 3219 4201 supradicti
3253 4133 3793 4201 monasteriircgeu-

2205 4226 2331 4279 dum
2352 4232 2407 4278 et
2431 4222 2823 4292 disponeudmu
2844 4224 3192 4288 contradidit,
3215 4232 3641 4297 sanctorumque
3662 4237 3792 4292 pne

2205 4313 2550 4369 decessorqu
2607 4321 2947 4375 nostrorum,
3012 4312 3378 4367 Romanorum
3429 4314 3786 4383 poutiticum,

2206 4405 2501 4481 zachariaa,
2533 4405 2810 4477 Stephani,
2840 4404 3058 4472 Leonis,
3090 4407 3336 4471 Adriani,
3375 4405 3581 4459 Nicolai
3616 4407 3784 4476 priri-

2207 4494 2466 4565 legiorum
2515 4496 2731 4550 decreta
2780 4506 2966 4551 sancta
3007 4506 3061 4551 et
3112 4495 3406 4566 apostolica
3456 4498 3787 4550 auctoritate

2207 4585 2545 4648 conﬁrmata,
2576 4600 2675 4640 nec
2706 4602 2809 4639 non
2842 4586 3177 4655 privilegium
3224 4587 3404 4642 donmi
3450 4585 3638 4640 [Encas
3685 4585 3785 4639 Pa-

2208 4678 2453 4732 risiensis
2479 4678 2628 4732 urbis
2664 4678 2899 4747 episcopi
2929 4687 2983 4730 et
3016 4666 3389 4748 episcbporum
3428 4676 3568 4732 illius
3602 4677 3790 4746 patria:

2207 4753 2275 4822 de
2306 4769 2552 4838 praedicti
2588 4768 2691 4823 loci
2733 4752 3201 4833 corroboratione,
3244 4769 3580 4839 temporibus
3608 4768 3786 4822 Caroli

2206 4862 2351 4932 regis
2399 4861 2624 4927 factum,
2693 4877 2792 4916 nos
2857 4861 3072 4915 demum
3145 4877 3366 4941 manum
3422 4844 3785 4931 imponentes,

2208 4965 2391 5011 nostra
2422 4959 2586 5010 etiam
2617 4956 2943 5010 auctoritate
2970 4954 3321 5024 dignaremur
3361 4954 3641 5009 roborare.

2276 5047 2630 5104 Providentes
2657 5061 2787 5116 ergo
2824 5048 2998 5102 eidem
3028 5046 3272 5101 ecclesiae
3294 5055 3355 5101 et
3381 5045 3450 5103 ad
3480 5046 3788 5103 munimen-

2209 5150 2324 5196 tum
2360 5142 2562 5212 prmlati
2594 5141 2663 5196 ibi
2713 5140 2946 5205 abbatis,
2988 5151 3151 5210 atque
3178 5138 3407 5195 fratrum
3440 5140 3784 5208 praesrntium

2207 5242 2263 5286 et
2287 5231 2610 5286 futurorum.
2642 5232 2735 5286 nui
2763 5233 2812 5285 in
2840 5234 2956 5286 inso
2980 5233 3275 5286 venerabili
3308 5231 3637 5286 monasterio
3676 5231 3784 5285 Deo
