4062 5352
275 320 370 383 Sil

271 532 521 587 omnium
568 525 864 600 potentiam
906 526 1020 581 sive
1066 539 1444 580 successorum
1487 534 1794 580 nostrorum
1834 539 1864 577 a

275 616 494 676 Christo
514 616 776 673 creditam
800 616 1179 670 auctoritatem
1202 615 1559 681 obtestantes,
1587 630 1656 670 ne
1685 614 1864 669 locum

272 714 446 770 sancti
484 711 749 782 Dionysii,
772 709 973 765 Christi
1001 710 1276 780 martyris,
1307 709 1420 763 suis
1451 708 1866 763 auctoritatibus

271 813 326 860 et
351 800 659 874 privilegiis
681 799 1018 863 roboratum,
1045 797 1128 854 vel
1159 813 1255 868 per
1277 812 1358 861 se,
1393 797 1476 852 vel
1497 813 1596 868 per
1623 797 1724 852 sibi
1747 796 1868 852 sub-

276 891 419 950 ditus
464 905 687 961 quoquo
735 889 894 945 modo
939 888 1195 943 temerari
1249 887 1525 957 patiantur
1570 887 1624 942 in
1669 899 1864 942 aevom.

275 985 601 1040 Saneientes
644 982 807 1053 igitur
843 977 1252 1051 promulgamus
1287 993 1353 1033 ne
1391 978 1532 1034 ullus
1579 977 1868 1048 aliquando

275 1076 569 1131 Parisiaca-
600 1074 752 1128 urbis
783 1073 1091 1143 episcopus,
1119 1085 1334 1141 quaqua
1373 1070 1583 1125 ratione
1618 1069 1700 1124 vel
1739 1084 1868 1138 qua-

276 1184 489 1238 cunque
519 1182 706 1232 causa,
735 1165 914 1220 abbati
959 1163 1041 1219 vel
1075 1163 1337 1218 fratribus
1371 1161 1616 1234 praedicti
1659 1160 1761 1216 loci
1801 1161 1868 1216 de

275 1259 631 1332 parochianis
651 1259 786 1323 suis,
819 1255 963 1311 facto
993 1255 1134 1326 apud
1169 1270 1292 1311 eum
1327 1254 1566 1310 clamore
1596 1268 1760 1324 super
1782 1253 1868 1309 his

275 1367 399 1420 quae
441 1348 842 1410 malefacerint,
861 1345 1133 1415 justitiam
1163 1345 1393 1413 deneget
1424 1362 1438 1399 :
1470 1343 1612 1414 quod
1650 1344 1694 1399 si
1720 1342 1868 1399 fece-

277 1445 369 1508 rit,
423 1442 567 1497 sicut
611 1440 873 1512 singulari
921 1437 1205 1508 privilegio
1250 1437 1481 1492 domnus
1527 1434 1866 1504 Stephanus,

275 1543 598 1588 antecessor
622 1541 826 1596 noster,
854 1529 1124 1585 concessit
1157 1529 1236 1583 eis
1283 1535 1606 1599 potestatem
1630 1526 1865 1595 eligendi

245 1663 249 1666 .
273 1639 347 1678 es
378 1640 440 1679 se
468 1635 524 1678 et
554 1623 790 1677 habendi
817 1622 1154 1690 episcopum,
1183 1619 1256 1673 ita
1279 1627 1335 1673 et
1354 1633 1454 1674 nos
1479 1633 1576 1689 per
1597 1616 1869 1688 singulare

278 1714 627 1785 privilegium
659 1723 904 1767 nostrum
931 1712 1010 1765 eis
1045 1709 1392 1765 concedimus
1419 1718 1495 1772 ut,
1539 1708 1658 1763 vice
1695 1706 1865 1764 nostri

280 1776 540 1872 beluinis,
567 1805 802 1860 habeant
826 1811 1148 1874 potestatem
1173 1799 1508 1872 percutiendi
1528 1814 1624 1855 eos
1645 1799 1874 1854 anathe-
1902 1776 1950 1839 Β

278 1909 426 1953 male
453 1907 509 1952 et
540 1895 820 1951 relaxandi
849 1903 972 1965 post
1005 1892 1460 1957 satisfactionem,
1499 1892 1639 1946 sicut
1665 1889 1873 1946 consti-

279 1998 456 2039 tutum
502 1985 744 2040 vidimus
791 1993 845 2038 et
891 1983 1304 2038 corroboratum
1353 1981 1775 2051 approbavimus
1819 1980 1872 2034 in

277 2074 564 2146 privilegio
585 2071 697 2141 jam
723 2072 852 2127 dicti
879 2071 1066 2127 Aineze
1094 2071 1417 2126 Parisiensis
1442 2069 1700 2140 episcopi,
1733 2069 1874 2125 facto

282 2183 556 2223 consensu
587 2164 972 2221 canonicorum
1002 2178 1242 2228 suorum,
1275 2163 1584 2218 Suess'onis
1609 2162 1662 2216 in
1707 2160 1872 2231 regali

279 2257 490 2328 synodo
526 2254 797 2309 residente
818 2268 944 2324 rege
963 2251 1158 2308 Carolo
1183 2262 1240 2307 et
1267 2254 1621 2316 concedente,
1638 2266 1873 2322 praesen-

282 2347 430 2401 tibus
459 2355 515 2399 et
541 2346 718 2399 eidem
745 2344 1110 2397 annuentibus
1154 2358 1317 2410 super
1350 2342 1696 2414 parochianis
1737 2342 1871 2407 suis,

279 2451 338 2496 et
371 2437 534 2506 hujus
562 2436 969 2492 constitutionis
996 2434 1288 2491 violatores
1309 2434 1670 2490 anathematis
1695 2433 1873 2504 gladio

281 2528 735 2599 percutientibus,
775 2534 882 2580 tam
911 2525 1343 2594 metropolitanis
1366 2524 1507 2580 illius
1532 2523 1738 2596 patriae,
1762 2523 1870 2579 sci-

282 2620 414 2674 licet
457 2617 752 2673 Hincmaro
785 2615 1061 2680 Remensi,
1101 2613 1382 2670 Wanilone
1419 2614 1742 2678 Senonensi.
1770 2614 1874 2670 Ve-

283 2715 469 2770 nilone
498 2711 946 2783 Rotbomagensi,
975 2708 1208 2765 Rodulfo
1245 2707 1591 2772 Bituricensi,
1629 2705 1873 2762 Herardo

284 2801 614 2866 Turonensi,
659 2799 911 2854 Frotario
944 2796 1345 2868 Burdigalensi,
1388 2810 1550 2865 quam
1591 2785 1870 2850 et'sull'ra-

280 2903 480 2962 gantes
505 2907 714 2955 eorum,
749 2891 840 2960 qui
871 2889 1081 2960 plenius
1113 2888 1168 2943 in
1204 2888 1393 2943 eodem
1419 2885 1702 2957 privilegio
1731 2885 1873 2940 inve-

283 2987 532 3041 niuntur.
579 2984 933 3054 Prrecipituus
962 2997 1178 3051 quoque
1208 2995 1276 3035 ne
1311 2982 1434 3050 quis
1453 2994 1638 3034 eorum
1671 2978 1874 3045 episco-

281 3095 501 3150 porum,
529 3094 558 3132 a
586 3076 783 3146 quibus
815 3076 915 3129 ista
943 3073 1218 3144 postulare
1242 3071 1532 3135 voluerint,
1562 3069 1644 3125 eis
1668 3068 1871 3132 oleum,

283 3174 549 3234 chrisma,
589 3168 818 3231 tabulas,
853 3165 1282 3228 benedictiones,
1331 3161 1548 3216 ordines
1575 3161 1688 3216 suis
1739 3168 1872 3216 tem-

285 3263 531 3333 poribus,
558 3267 719 3330 pront
749 3259 863 3326 ipse
884 3256 1054 3310 abbas
1080 3253 1161 3308 vel
1183 3253 1400 3315 fratres,
1427 3250 1509 3305 vel
1532 3263 1876 3305 successores

282 3369 472 3407 eorum
503 3349 848 3419 expctieriut,
880 3353 1170 3416 praesumat
1207 3343 1476 3412 denegare
1509 3355 1523 3394 :
1561 3349 1616 3394 et
1655 3353 1723 3392 ne
1755 3336 1876 3406 quis

284 3458 353 3509 ep
375 3453 667 3509 Scoporum
713 3435 1003 3490 Parisiacae
1033 3434 1182 3487 urbis
1229 3433 1343 3486 haec
1384 3431 1467 3485 eis
1497 3430 1750 3498 deneget,
1791 3424 1876 3480 vel

281 3533 451 3586 alium
489 3530 582 3599 qui
606 3530 686 3583 eis
715 3525 1011 3582 contulerit
1037 3523 1384 3593 interpellare
1411 3537 1509 3592 pro
1535 3521 1639 3574 hoc
1659 3531 1877 3588 quoquo

281 3634 535 3692 tempore
576 3630 762 3685 tentet,
809 3617 1029 3672 omnino
1076 3614 1464 3670 itttcrdicentes
1507 3611 1872 3682 prohibemus.

288 3714 401 3768 lloc
431 3713 600 3767 ctiam
618 3711 873 3782 jubeiuns
897 3717 956 3762 ut
983 3722 1081 3776 pro
1104 3706 1282 3762 causis
1307 3713 1364 3759 et
1397 3703 1671 3772 responsis
1697 3699 1873 3755 eccle-

281 3807 381 3860 8ίῖιέ
438 3821 551 3858 sum
605 3813 848 3858 nostram
913 3813 1078 3871 atque
1135 3809 1442 3855 IIOSII'OI‘UII'I
1499 3811 1876 3852 successorum

282 3896 627 3951 audientiam
681 3894 908 3949 licenter
967 3893 1202 3947 habeant
1250 3889 1526 3961 appellare
1578 3897 1633 3942 et
1695 3886 1874 3952 adire,

287 3990 580 4057 nullusque
628 4003 722 4043 eos
772 3988 991 4041 interim
1043 3987 1405 4038 condemnare
1453 3992 1508 4036 et
1557 3997 1642 4036 res
1689 3993 1877 4034 eorum

281 4083 549 4136 invadere
577 4091 827 4146 conetur,
854 4080 998 4150 quod
1021 4096 1049 4133 a
1079 4077 1279 4133 nostris
1308 4077 1495 4146 utique
1516 4074 1880 4144 praedecesso-

283 4174 463 4238 ribus,
496 4175 576 4228 eis
614 4182 738 4228 ante
777 4173 1130 4227 constitutum
1158 4179 1262 4226 est.
1303 4168 1458 4236 Quod
1500 4167 1545 4222 si
1589 4167 1878 4236 quisquam

287 4265 666 4335 cujuscunque
721 4267 1015 4335 potentiae,
1089 4263 1172 4317 vel
1227 4274 1459 4332 persona
1509 4257 1880 4327 cujuscunque

285 4358 499 4412 ordinis
525 4357 608 4411 vel
633 4359 811 4412 aetatis
832 4359 940 4412 hoc
967 4365 1185 4419 nostrae4
1217 4363 1637 4420 nostrorumque
1673 4350 1880 4419 praede—

1273 317 1632 377 EPISTOLE
1664 317 1754 374 ΕΤ
1795 314 2110 376 DECRETA
2145 313 2547 374 PONTIFICM.

272 440 464 497 bitium
504 433 746 507 ejusdem
769 419 981 505 patriae
1018 430 1233 491 decreta
1282 435 1620 498 roboramus,
1671 447 1858 505 regum
1888 438 1935 496 Α

1900 3122 1948 3186 C

3444 311 3551 371 CB!

2560 427 2745 496 (Auno
2770 424 2952 497 tota.)

2036 520 2150 577 Lee
2191 518 2498 590 episcopus,
2552 533 2742 574 servus
2785 532 3070 574 servorum
3121 516 3240 584 Dei,
3292 521 3550 578 omnibus

1968 622 2169 668 sancta:
2197 609 2450 666 Ecclesia:
2473 609 2596 665 filiis
2627 618 2734 663 tam
2759 608 3116 679 praesentibus
3131 624 3292 679 quant
3315 609 3540 667 futuris.
3567 641 3572 646 -

2038 702 2254 758 Gratias
2282 709 2503 772 agentes
2533 699 2641 756 Deo
2665 707 2720 754 et
2754 699 2981 754 Domino
3013 699 3138 755 Jesu
3178 699 3420 768 Christo,
3454 705 3548 775 qui

1967 793 2397 850 mediocritatem
2447 799 2689 847 nostram
2750 790 2910 846 nullis
2962 792 3172 847 meritis
3229 792 3420 850 fultam
3477 797 3548 851 ad

1969 886 2278 957 apostolica:
2305 894 2483 941 tamen
2506 884 2650 940 sedis
2671 883 2883 940 culmen
2902 885 3105 950 evexit,
3121 896 3177 941 et
3198 888 3554 958 synodalibus

1969 979 2205 1035 decretis
2244 978 2313 1034 de
2357 993 2586 1049 corpore
2618 993 2789 1033 sacrae
2822 977 3274 1044 Christianitatis,
3307 981 3398 1036 cui
3437 981 3555 1052 ipse

1969 1077 2132 1139 caput
2158 1077 2263 1134 est,
2294 1067 2476 1140 aliqua
2525 1068 2964 1124 inconvenientia
3006 1077 3062 1125 et
3100 1071 3265 1125 etiam
3296 1074 3550 1128 nocentia

1968 1169 2250 1230 amputare
2284 1159 2574 1223 concessit,
2616 1175 2714 1230 per
2755 1161 2896 1216 hanc
2936 1169 3134 1217 nostrae
3171 1165 3557 1234 praeceptionis

1970 1252 2220 1322 paginam
2250 1252 2640 1308 innotescimus
2667 1267 2856 1308 eorum
2904 1252 3086 1324 aliqua
3123 1270 3246 1325 quae
3284 1258 3555 1328 gessimus

1972 1341 2024 1396 in
2061 1342 2268 1412 synodo
2291 1340 2624 1412 Moguntina,
2648 1341 2700 1395 in
2728 1357 2836 1412 qua
2870 1343 3029 1399 nobis
3049 1344 3295 1401 consedit
3319 1348 3558 1417 pruden-

1972 1432 2180 1487 tissima
2213 1431 2307 1486 lilii
2347 1433 2516 1488 nostri
2550 1431 2771 1488 Henrici
2812 1433 2852 1487 ll
2906 1433 3275 1491 Romanorum
3321 1440 3558 1510 impera-

1972 1523 2104 1580 toris
2134 1525 2418 1595 majeslas,
2445 1524 2849 1596 mullorumque
2867 1524 3097 1580 fratrum
3119 1537 3175 1582 et
3203 1531 3570 1602 coepiscoput

1972 1627 2090 1667 rum
2115 1621 2424 1670 nostrorum
2464 1628 2564 1669 nec
2589 1629 2696 1670 non
2726 1613 2985 1669 abbatum
3023 1619 3319 1674 reverenda
3350 1621 3556 1676 sancti-

1971 1714 2073 1770 tas,
2101 1705 2451 1762 honestorum
2482 1705 2806 1761 clericorum
2833 1714 2997 1776 atque
3035 1707 3296 1765 laicorunt
3338 1711 3556 1784 religio-

1974 1811 2157 1852 sorum
2199 1805 2468 1867 praesente
2512 1812 2618 1852 non
2667 1811 2832 1868 parva
2880 1798 3245 1857 multitudine.
3291 1801 3556 1858 Damnata

1974 1886 2118 1942 enim
2164 1886 2458 1943 simoniaca
2498 1888 2690 1944 literesi
2721 1903 2896 1959 eaque
2937 1891 3197 1947 radicitus
3231 1894 3557 1966 exstirpata,

1975 1994 2098 2035 cum
2133 1979 2201 2035 de
2239 1979 2438 2034 divinis
2480 1978 2674 2035 olliciis
2711 1989 2769 2035 et
2808 1982 2981 2038 sacris
3019 1983 3306 2040 ordinibus
3339 1986 3557 2042 diversa

1973 2079 2382 2142 emergerentur
2450 2072 2702 2142 negotia,
2773 2085 2905 2127 ecce
2975 2074 3194 2143 quidam
3270 2073 3558 2131 Bertaldus

1975 2161 2194 2216 nomine
2242 2176 2427 2217 coram
2488 2175 2548 2216 se
2593 2161 2817 2232 protulit
2864 2176 3036 2231 seque
3082 2165 3555 2236 archiepiscolmm

1976 2251 2276 2309 Vesonticz
2299 2267 2423 2309 esse
2447 2252 2725 2319 clamavit,
2763 2268 2938 2324 eaque
2962 2255 3032 2309 de
3067 2269 3126 2309 re
3153 2257 3556 2326 querimoniam

1974 2361 2035 2402 se
2067 2345 2204 2402 velle
2242 2346 2443 2412 facere,
2473 2345 2602 2417 quia
2633 2345 2816 2402 multis
2845 2345 2956 2419 jam
2999 2347 3157 2402 annis
3193 2357 3338 2404 esset
3360 2365 3558 2407 censeo

1975 2445 2162 2492 cratus
2190 2452 2290 2492 nec
2321 2446 2589 2508 receptus,
2625 2436 2791 2492 iuimo
2814 2437 2959 2493 alius
2988 2439 3170 2493 sedem
3209 2455 3362 2494 suam
3395 2439 3567 2496 int-as

1973 2528 2128 2584 sione
2157 2529 2479 2599 possideret.
2508 2529 2626 2595 Quo
2652 2529 2798 2584 dicto
2840 2545 3036 2601 rogans
3071 2532 3173 2586 sibi
3201 2531 3342 2587 clam
3375 2534 3554 2590 (avsi-

1975 2622 2153 2678 dicum
2175 2622 2396 2677 fratrem
2414 2631 2662 2676 nostrum
2685 2621 3063 2677 Coloniensem
3078 2623 3494 2698 archiepiscopi:
3508 2642 3554 2680 en

1974 2710 2373 2766 Lermoennum
2401 2710 2656 2766 laudante
2675 2711 2884 2782 synodo
2907 2711 3170 2782 nobisque
3191 2715 3558 2775 armuentibns

1973 2813 2253 2860 assecutus
2281 2812 2382 2858 est.
2425 2803 2527 2870 Qui
2571 2818 2792 2860 sumens
2810 2818 3040 2858 causam
3063 2803 3186 2874 ejus
3209 2803 3498 2862 dicendam
3523 2822 3557 2860 a

1975 2910 2102 2967 rege
2141 2895 2584 2967 Burgundionum
2612 2893 2850 2949 Rodulfe
2881 2910 3111 2950 exorsus
3137 2905 3239 2960 est,
3281 2897 3367 2951 uti
3413 2897 3557 2953 idem

1975 2985 2261 3042 Bertaldus
2306 2983 2675 3040 famulabatur
2715 2983 3122 3055 indebitamque
3159 2985 3556 3054 subjemienem

1977 3077 2343 3148 impendebat,
2387 3093 2509 3132 cum
2549 3076 2688 3132 forte
2721 3075 2952 3147 contigit
3006 3076 3293 3134 Hectorem
3337 3080 3558 3136 archie-

1977 3169 2257 3238 piscopum
2288 3166 2725 3223 Vesonticeusem
2755 3181 2788 3222 a
2826 3167 3076 3238 corporis
3100 3169 3330 3224 vinculis
3347 3171 3557 3226 absolvi

1976 3259 2201 3332 ejusque
2221 3262 2534 3317 cathedram
2555 3277 2839 3317 remanere
2859 3263 3414 3321 vacuamBouefacio
3428 3283 3559 3323 vero

1979 3353 2123 3424 regis
2146 3352 2286 3408 idem
2311 3352 2614 3416 Bertaldns,
2639 3353 2880 3408 dictante
2901 3353 3179 3408 causidico
3201 3370 3320 3420 suo,
3344 3359 3560 3426 profes-

1979 3458 2072 3500 sus
2113 3453 2198 3500 est
2240 3443 2616 3500 investituram
2665 3461 2724 3501 se
2764 3445 3006 3515 ejusdem
3055 3447 3558 3521 archiepiscopatus

1979 3537 2275 3607 accepisse,
2327 3551 2500 3606 eoque
2549 3552 2675 3608 rege
2722 3538 3079 3609 praecipiente
3124 3555 3153 3592 a
3203 3539 3560 3612 sum-agaueis

1979 3627 2252 3697 episcopis
2275 3636 2652 3682 consecratum
2694 3626 2862 3682 fuisse
2905 3629 3054 3682 etin
3098 3630 3227 3685 sede
3261 3629 3559 3701 episcopali

1979 3717 2184 3773 sedisse
2207 3725 2262 3770 et
2295 3715 2459 3771 etiam
2489 3715 2859 3772 ordinationes
2881 3715 3118 3773 fecisse:
3151 3719 3246 3773 sed
3275 3721 3556 3775 contradi-

1979 3818 2138 3864 cente
2173 3808 2274 3863 sibi
2318 3809 2688 3878 episcopatum
2741 3809 2976 3878 quodam
3021 3811 3220 3866 comite
3260 3811 3557 3878 Willelmo,

1981 3909 2170 3970 postea
2211 3898 2497 3970 expulsum
2539 3913 2568 3952 a
2620 3897 2883 3954 Walterio
2917 3908 3267 3956 antecessore
3317 3901 3558 3974 llugouis

1979 3987 2218 4056 ejusdem
2263 3987 2414 4042 sedis
2477 3986 2909 4056 archiepiscopi,
2967 3988 3062 4059 qui
3125 3988 3289 4044 etiam
3354 4000 3558 4047 nostra:

1981 4079 2188 4150 synodo
2215 4079 2498 4140 intererat,
2516 4086 2703 4132 cent-ra
2726 4092 2885 4147 quem
2909 4078 2976 4132 de
2997 4095 3093 4133 sua
3117 4079 3244 4135 sede
3263 4079 3559 4138 clamabat.

1981 4167 2204 4224 Dicebat
2260 4169 2424 4223 etiam
2490 4168 2659 4238 quod,
2696 4177 2818 4240 post
2878 4170 3255 4242 espulsionem
3291 4188 3467 4240 suam,
3526 4190 3560 4232 a

1983 4259 2225 4315 Romano
2255 4262 2508 4332 pontifice
2544 4261 2766 4333 pallium
2809 4277 2933 4318 cum
2968 4265 3256 4336 privilegio
3284 4264 3560 4339 acceperit

1981 4366 2044 4407 ac
2069 4353 2300 4422 suscepti
2326 4353 2551 4409 honoris
2571 4354 3066 4422 conﬁrmationem;
3091 4358 3176 4413 cui
3204 4361 3560 4428 querimonia:

285 4465 569 4506 cessernm
637 4450 982 4504 auctoritatis
1049 4446 1387 4518 privilegium
1444 4457 1668 4514 quoquo
1713 4441 1956 4525 modo],
1984 4444 2156 4514 ipsum
2199 4444 2475 4516 llugonem
2522 4447 2986 4519 archiepiscopum
3026 4447 3292 4517 jussimus
3331 4467 3557 4523 respon-

285 4557 460 4596 ausns
484 4540 655 4594 fuerit
685 4541 912 4604 violare,
945 4540 1279 4609 sempiterno
1315 4537 1606 4590 damnetur
1645 4534 1876 4588 anathe-

286 4640 457 4696 mate,
485 4629 683 4700 ligatus
712 4631 872 4691 beato
906 4629 1091 4694 Petro,
1125 4627 1388 4694 nobisque
1415 4640 1444 4678 a
1473 4623 1583 4679 Deo
1619 4637 1876 4678 concessa

284 4731 598 4794 potestate;
633 4730 1051 4778 conservatores
1094 4728 1273 4775 autem
1321 4726 1581 4788 perpetua
1630 4714 1878 4770 fruantur

279 4813 689 4868 benedictione.

358 4907 558 4960 Datum
595 4905 756 4959 tertio
787 4903 924 4959 Non.
975 4901 1194 4966 Octob.,
1226 4916 1326 4971 per
1365 4916 1556 4955 manus
1580 4898 1727 4954 Petri
1764 4897 1876 4954 dia-

273 4997 431 5061 coni,
477 4997 876 5052 bibliothecarii
907 5005 962 5051 et
1003 4993 1308 5050 cancellarii
1340 5004 1543 5048 sancta:
1571 5000 1631 5046 et
1655 4999 1873 5061 aposto-

272 5090 402 5145 licae
447 5091 615 5156 sedis,
659 5105 808 5144 anno
876 5086 1060 5144 domui
1107 5084 1309 5143 Leonis
1359 5098 1512 5159 papae
1562 5081 1628 5140 lX
1677 5081 1875 5152 primo.

275 5183 475 5240 iudict.
502 5196 586 5237 ut.

1009 5247 1169 5307 XXII.

1981 4537 2139 4599 dere,
2197 4538 2289 4605 qui
2342 4537 2506 4592 etiam
2562 4547 2752 4592 nostra
2811 4538 3141 4609 indulgentia
3207 4539 3556 4598 Baemensem

1978 4630 2440 4701 archiepiscopum
2471 4630 2752 4686 Albertum
2783 4631 2835 4686 in
2867 4633 3294 4702 suum'suscepit
3322 4635 3558 4690 causidi-

1978 4735 2120 4775 cum.
2152 4718 2271 4786 Quo
2315 4719 2551 4776 dictante
2596 4721 2779 4776 taliter
2819 4720 3026 4790 objecta
3055 4722 3219 4793 coepit
3257 4725 3554 4794 repellere:
3616 4731 3622 4737 ‘

1977 4817 2120 4888 quod
2173 4817 2346 4873 eidem
2373 4816 2624 4872 Bertaldo
2671 4817 2854 4872 sedem
2887 4833 3047 4887 quam
3096 4817 3406 4886 requirebat
3455 4834 3559 4873 nec

1980 4910 2092 4979 ipse
2122 4908 2428 4972 abstulerit,
2464 4923 2562 4964 nec
2591 4916 2904 4962 antecessor
2939 4922 3090 4971 suus,
3121 4907 3246 4976 quia
3279 4925 3552 4980 nunquam

1980 5005 2032 5058 in
2071 5003 2256 5060 sedem
2295 5004 2648 5070 ascendisset,
2687 5017 2965 5070 nunquam
3005 5000 3078 5056 ibi
3109 5000 3404 5071 quidquam
3446 5003 3560 5073 epi~

1980 5091 2268 5162 scopallter
2293 5087 2511 5164 egisset,
2539 5105 2639 5160 pro
2666 5106 2733 5146 eo
2752 5091 2898 5160 quod
2929 5107 3032 5150 nec
3049 5087 3231 5144 clerus
3256 5106 3365 5149 nec
3381 5105 3557 5166 popu-

1978 5183 2062 5240 lus
2089 5197 2214 5240 enm
2248 5180 2492 5252 elegerit,
2523 5195 2623 5237 nec
2656 5180 2725 5236 ab
2752 5180 2835 5237 eis
2862 5189 3115 5254 receptus
3141 5187 3249 5246 est,
3289 5185 3383 5240 sed
3410 5182 3559 5240 omni

1978 5275 2407 5332 contradictione
2433 5271 2698 5344 repulsus.
2727 5272 2859 5346 quia
2887 5284 3140 5344 magnam
3169 5275 3461 5341 pecuniam
3497 5279 3562 5326 ut
