4062 5352
486 230 489 233 λ
510 187 623 273 ως

1573 206 1634 267 s.
1673 205 1922 271 morus
1948 206 2018 266 ιχ
2058 206 2261 266 pars:
2297 204 2688 287 crescunt.

3647 207 3750 263 εει

506 328 859 409 abstractum,
881 329 953 389 et,
980 336 1101 380 cum
1124 334 1236 392 1am
1259 321 1311 377 ln
1339 322 1651 393 episeOpatu
1674 324 1742 380 18
1763 339 1962 409 annum
1990 323 2088 376 du-
2116 331 2163 388 Α
2192 322 2323 393 priis
2349 320 2835 393 subscriptionibus
2855 318 3166 376 conﬁrmari
3183 318 3448 392 iussimus
3466 318 3757 378 adlaudetu

504 405 676 491 ceret,
708 430 982 486 nunquam
1019 431 1080 473 se
1114 414 1346 486 amplius
1370 414 1664 486 quidquam
1692 405 1980 477 calumniae
2020 415 2088 469 ah

505 512 694 585 eodem
730 507 983 567 Bertaido
1022 522 1336 579 perpessum
1377 508 1429 562 in
1468 506 1648 577 aliqua
1691 507 1920 577 synodo,
1965 520 2086 560 cum

649 590 830 657 multis
861 596 1217 667 interfuisset,
1252 597 1345 654 sed
1379 613 1477 653 nec
1503 598 1666 652 etiam
1691 597 1892 668 aliquid
1929 610 2089 665 super

502 696 611 755 hac
642 707 709 748 re
746 690 970 748 verbum
1010 689 1207 745 alicubi
1254 698 1444 746 contra
1492 705 1551 745 se
1594 687 1759 744 fuisse
1799 687 2086 759 prolatum,

491 772 643 864 eum.
669 784 849 854 quiete
876 782 1145 853 pastorale
1178 780 1411 837 oliicium
1454 781 1774 853 sumpsisset
1812 789 1868 836 et
1908 781 2090 851 quiete

492 892 632 943 tunc
659 892 833 949 usque
869 877 1324 933 administrasset.
1361 873 1676 944 chuisitus
1704 882 1788 928 est
1833 883 2012 927 autem
2058 887 2091 927 a

501 953 709 1043 synodo
738 970 851 1039 ipse
879 967 1158 1024 Bertaldus
1183 968 1226 1023 si
1257 968 1384 1039 quid
1413 967 1784 1038 preposuissct
1820 964 2087 1022 evidenti-

503 1045 603 1127 bus
644 1057 964 1137 testimoniis
1007 1057 1240 1129 probare
1277 1058 1563 1128 potuisset,
1611 1058 1755 1128 quod
1796 1057 2002 1112 scilicet
2032 1058 2088 1112 in

503 1140 632 1211 sede
663 1149 867 1219 sederit
906 1149 1087 1228 ibique
1125 1148 1500 1204 ordinationes
1543 1147 1751 1213 fecerit,
1793 1163 1958 1218 super
1987 1148 2090 1205 hoc

501 1247 667 1305 etiam
692 1243 837 1319 quod
862 1242 1069 1299 electus
1091 1249 1240 1299 esset
1278 1258 1308 1296 a
1344 1241 1469 1297 ﬁliis
1509 1241 1783 1305 Ecclesiae,
1817 1242 1959 1311 quod
2000 1257 2089 1296 ca-

501 1352 674 1394 nones
707 1334 1028 1408 praecipiunt
1074 1332 1192 1391 ﬁeri
1224 1332 1441 1389 debere.
1490 1332 1630 1401 Quid
1674 1332 1860 1404 plura?
1902 1332 2090 1388 Consi-

494 1429 632 1498 lium
667 1427 842 1499 petiit,
874 1424 1265 1483 concessimus.
1298 1423 1604 1488 Reversus,
1652 1439 1773 1495 qua:
1813 1423 2090 1493 proptsuit

492 1535 625 1590 eum
666 1520 898 1593 probare
938 1533 1049 1575 non
1088 1525 1290 1589 posset,
1333 1516 1786 1588 iuterrogavimus
1831 1532 1860 1570 a
1899 1524 2087 1570 sancta
2126 1524 2129 1525 '

503 1611 709 1683 synodo
758 1609 889 1680 quid
929 1620 1092 1681 super
1149 1609 1252 1664 hoc
1299 1608 1514 1665 decerni
1557 1606 1853 1662 debuisset.
1902 1605 2088 1678 Itaque

501 1703 620 1772 pari
642 1716 912 1759 consensu
940 1709 995 1758 et
1023 1699 1295 1757 communi
1331 1701 1599 1767 consulto,
1624 1698 1847 1771 prolatis
1875 1708 2085 1756 saucto-
2118 1678 2215 1738 δ”

501 1810 623 1858 tum
669 1809 936 1852 canonum
969 1793 1279 1861 sententiis,
1324 1793 1565 1849 dcere-it
1609 1802 1795 1848 sancta
1849 1793 2088 1864 synodus

482 1888 748 1948 eumdem
792 1886 1129 1953 Bertaldum,
1168 1901 1198 1940 a
1247 1870 1380 1943 ίὶιίἰέ
1400 1886 1658 1943 Ecclesia:
1686 1902 1792 1941 non
1834 1887 2083 1953 electum,

492 1991 609 2039 non
639 1988 942 2047 receptum,
963 1993 1071 2033 non
1102 1992 1200 2049 pro
1219 1985 1437 2046 pastore
1460 1977 1729 2044 habitum,
1753 1979 1846 2033 sed
1871 1993 2088 2047 semper

501 2069 862 2154 repudiatum,
901 2084 1115 2141 semper
1146 2070 1443 2141 repulsum,
1474 2070 1656 2126 invitis
1686 2071 1803 2125 dari
1837 2086 1943 2125 non
1992 2086 2088 2142 po-

494 2158 800 2219 tuisse'nee
826 2161 1098 2228 debuisse,
1144 2162 1374 2232 ideoque
1420 2171 1678 2234 perpetua
1713 2163 2086 2218 taciturnitate

484 2253 569 2309 ab
598 2253 905 2324 huiusmodi
932 2254 1275 2325 querimonia
1306 2255 1502 2311 debere
1529 2269 1777 2313 cessare:
1805 2255 2085 2327 llugouem

492 2358 631 2398 vero
666 2344 1136 2415 archiepiscopum
1180 2359 1211 2398 a
1252 2341 1399 2399 clero
1426 2352 1481 2399 et
1523 2344 1722 2414 pepulo
1762 2344 2080 2415 expetitum,

499 2435 757 2505 electum,
781 2436 963 2493 sedem
1004 2444 1157 2491 tanto
1199 2442 1443 2506 tempore
1482 2433 1772 2504 tranquille
1805 2434 2085 2507 possideo.

500 2542 632 2596 tem,
676 2529 820 2586 nulla
875 2544 1112 2600 unquam
1157 2527 1428 2585 calumnia
1474 2529 1544 2583 ab
1592 2525 1782 2583 eodem
1831 2525 2084 2583 Bertaldo

501 2622 940 2693 inquietandum,
980 2629 1239 2691 perpetua
1277 2634 1411 2691 pace
1451 2617 1651 2674 debere
1687 2617 1935 2686 eumdem
1972 2616 2086 2688 epi—

495 2723 778 2785 scopatum
816 2710 1111 2786 possidere,
1147 2710 1275 2781 quia
1322 2709 1411 2764 ille
1438 2717 1625 2779 pastor
1650 2716 1798 2762 esset
1834 2707 1925 2778 qui
1984 2721 2081 2775 per

482 2808 692 2865 ostium
721 2807 968 2870 intraret,
997 2804 1091 2874 qui
1126 2819 1255 2859 vero
1278 2802 1518 2867 aliunde,
1542 2801 1627 2856 l‘ur
1646 2809 1701 2856 et
1729 2800 1886 2857 latro.
1910 2801 2082 2868 Quam

497 2901 822 2961 sententiam
854 2899 1059 2971 justam
1088 2907 1146 2952 et
1179 2896 1442 2953 canonice
1490 2894 1758 2966 prolatam
1805 2904 1991 2948 nostra
2028 2899 2082 2947 et

490 2989 794 3065 apostolica
829 2987 1130 3045 auctoritas
1156 2984 1453 3048 roboravit,
1486 2984 1742 3040 laudante
1766 2982 2083 3038 dulcissimo
2110 3020 2156 3084 C

494 3081 606 3137 tilio
650 3091 836 3137 nostro
881 3078 1264 3150 pronominato
1293 3076 1562 3146 Augusto,
1610 3080 1939 3143 cunctoque,
1988 3072 2083 3144 qui

496 3172 708 3235 aderat,
739 3169 885 3225 clero
910 3175 965 3222 et
998 3167 1214 3238 populo.
1252 3163 1463 3221 Placuit
1491 3164 1653 3218 etiam
1691 3162 1958 3216 universae
1997 3175 2085 3231 sy-

497 3261 637 3319 nodo
667 3268 853 3314 nostro
889 3255 1187 3328 apostolico
1220 3253 1484 3309 tutamine
1509 3251 1765 3307 eumdem
1803 3248 2085 3319 llugonem

463 3349 965 3419 .arcbiepiseopum
1001 3343 1200 3400 muniri
1224 3343 1447 3409 debere,
1470 3340 1726 3413 imposito
1758 3347 1960 3394 nostrae
1989 3353 2086 3393 au-

497 3439 769 3501 claritatis
798 3436 1168 3501 anathemate,
1204 3449 1273 3489 ne
1314 3446 1555 3503 unquam
1596 3429 1854 3501 deinceps
1896 3427 2086 3483 liceret

502 3531 757 3590 Bertaldo
774 3530 1010 3602 aliquam
1030 3526 1362 3585 calumniam
1408 3523 1609 3579 inferre
1633 3533 1743 3578 tum
1779 3520 1877 3592 ipsi
1906 3520 2085 3576 archi-

497 3624 774 3695 episcopo,
798 3620 1096 3693 tumletiam
1119 3618 1236 3689 ejus
1260 3615 1633 3672 Vesontieensi
1654 3612 1897 3671 ecclesia:
1911 3631 1925 3667 :
1941 3613 2085 3683 quod

496 3724 554 3772 et
572 3713 820 3779 fecimus,
834 3711 1054 3785 proprio
1076 3725 1170 3766 ore
1189 3706 1399 3780 synodo
1420 3705 1778 3777 respondente
1797 3703 1940 3771 Fiat,
1965 3703 2077 3760 ﬁat.

416 3848 423 3854 ο
482 3798 839 3880 Quapropter
866 3808 1089 3880 dignum
1115 3805 1393 3869 duximus,
1435 3811 1542 3858 tam
1561 3800 1627 3856 ad
1657 3799 1816 3871 hujus
1848 3798 1926 3854 rei
1968 3812 2078 3855 me-

496 3902 720 3961 moriam
760 3899 944 3957 futuro
971 3908 1212 3969 tempore
1239 3894 1564 3959 habendam,
1593 3908 1758 3963 quam
1796 3891 1863 3947 ad
1895 3906 2078 3947 exem-

480 3993 642 4062 plum
685 3991 918 4061 posteris
958 3990 1215 4054 dandum,
1256 3987 1436 4043 omnia
1482 3985 1625 4042 sicut
1658 3983 1921 4056 promissa
1951 3989 2080 4037 sunt

485 4083 785 4142 scribenda
841 4097 982 4138 esse.
1040 4079 1247 4150 Quibus
1301 4080 1376 4134 ita
1434 4078 1766 4141 terminatis,
1803 4092 1906 4130 una
1954 4089 2076 4131 cum

492 4173 788 4245 episcopali
846 4169 1043 4244 cilicio,
1091 4171 1254 4224 etiam
1313 4166 1797 4239 archiepiscopalia
1847 4163 2078 4233 insignia

498 4265 677 4323 eidem
734 4262 945 4343 Hugoni
1009 4260 1417 4330 archiepiscopo
1473 4274 1571 4328 per
1630 4258 1773 4312 hanc
1827 4256 2078 4327 paginam

2191 418 2373 473 Dei'et
2408 418 2619 472 Domini
2649 416 2822 472 nostri
2857 414 2983 471 Jesu
3011 415 3236 471 Christi.

2260 510 2526 566 Henricus
2562 509 2652 564 Dei
2683 508 2858 581 gratia
2891 506 3160 564 secundus
3190 508 3560 563 Romanorum
3591 503 3761 576 impe-

2191 612 2340 659 rator
2359 603 2654 676 Augustus.
2988 604 2994 609 ‘

2267 694 2543 751 Johanues
2570 694 2887 751 Portuensis
2909 693 3213 766 cpiscopus.

2262 789 2361 847 llic
2390 792 2496 846 duo
2525 789 2775 845 Romani.

2265 883 2442 939 Bardo
2470 882 2890 954 Magontinensrs
2916 882 3157 952 arehiep.

2260 973 2606 1035 Burchardus
2627 975 3030 1031 Alvestedeusis
3055 988 3170 1045 eps.

2260 1067 2515 1124 Albertus
2545 1066 2867 1138 Spragcnsis
2893 1081 3006 1138 eps.

2261 1156 2415 1231 liuod
2450 1157 2894 1214 Pudebtuunens.
2929 1171 3046 1228 eps.

2275 1249 2458 1306 Sibico
2489 1252 2732 1322 Spit-ens.
2765 1266 2882 1321 eps.

2267 1341 2582 1399 Gehcardus
2604 1344 2878 1399 Asteteus.
2894 1344 3020 1414 'eps.

2259 1426 2937 1489 Arnull'us'Worntaciens.
2966 1447 3080 1503 eps.

2264 1521 2535 1582 Adalbero
2561 1525 2960 1597 Wizihurgens.
2991 1539 3108 1596 eps.

2218 1644 2225 1651 κ
2261 1615 2625 1671 Theodericus
2650 1617 3045 1671 Coustaunens.
3091 1629 3206 1685 eps.

2261 1706 2616 1765 llerimaunus
2643 1707 2716 1763 De
2749 1707 2979 1764 Castalio
3007 1705 3299 1762 Felicitatis
3328 1720 3443 1775 eps.

2264 1799 2628 1856 llerimanuus
2658 1800 2965 1856 Colonieus.
2995 1797 3236 1868 archiep.

2256 1888 2440 1946 Beuno
2469 1889 2803 1958 Trajectens.
2829 1904 2945 1960 eps.

2255 1981 2437 2037 Brnuo
2465 1980 2733 2036 Mindeus.
2765 1996 2881 2051 eps.

2254 2073 2538 2131 Albericus
2568 2072 3024 2142 Ostunbrungeus.
3057 2087 3175 2145 eps.

2258 2164 2528 2220 Ruberlus
2556 2164 3155 2236 Muuigardevordensis
3190 2178 3304 2234 eps.

2250 2252 2518 2324 i'l‘etuiun‘s
2548 2255 2834 2311 Leodiens.
2867 2271 2983 2325 eps.

2256 2348 2406 2420 lingu
2433 2348 2858 2419 Crisopolitamts
2889 2347 3140 2417 archieps

2258 2439 2631 2498 Theodericus
2664 2440 2945 2495 Bisilccus.
2978 2453 3096 2508 eps.

2260 2532 2614 2590 llebreardus
2640 2533 2952 2588 Trevirens.
2992 2530 3267 2600 archieps.

2257 2626 2525 2682 Adnihero
2552 2624 2779 2681 Metens.
2808 2639 2923 2695 eps.

2265 2703 2490 2772 llesciilo
2522 2715 2935 2785 Strasburgens.
2965 2730 3081 2785 eps.

2254 2810 2520 2866 Henricus
2545 2809 2870 2882 Augustens.
2899 2825 3015 2879 eps.

2255 2901 2537 2957 Aseeliuus
2563 2899 2993 2969 Bavenbergcus.
3030 2915 3147 2969 eps.

2262 2993 2569 3064 Stephanus
2594 2991 2846 3062 Antiqua:
2869 2990 3027 3046 Urbis
3058 3006 3175 3061 eps.

2256 3083 2538 3151 Asceliuus
2568 3081 2939 3135 Ehhnensens.
2973 3095 3086 3152 eps.

2260 3173 2554 3229 Balduiuus
2586 3169 2997 3243 Salsehurgeus.
3041 3170 3310 3242 archieps.

2255 3262 2570 3319 Getieardus
2598 3260 2980 3332 Ratispoueus.
3007 3275 3124 3332 eps.

2265 3355 2398 3410 Nilo
2431 3354 2744 3424 Frisigieus.
2777 3369 2891 3424 eps.

2254 3448 2371 3504 Duo
2395 3446 2629 3516 episcopi
2654 3444 3071 3500 Leuticicorum.

2254 3535 2622 3591 Theodoricus
2653 3534 2990 3590 Verdunens.
3020 3550 3136 3605 eps.

2256 3624 2563 3682 lluut‘redus
2590 3624 3031 3697 Magdehurgcns.
3073 3639 3188 3697 eps.

2261 3712 2444 3772 Bruno
2473 3715 2793 3772 Smannens.
2820 3732 2936 3788 eps.

2256 3806 2535 3867 Uunaldus
2562 3811 2990 3882 Met'tsburgens.
3019 3827 3136 3882 eps.

2254 3901 2296 3956 Τ
2300 3902 2601 3958 attesardus
2634 3900 3202 3973 Braudeneburgeusis
3237 3917 3353 3973 eps.

2254 3992 2405 4050 Ehbo
2436 3992 2847 4065 Nuenburgens.
2880 4008 2997 4064 eps.

2249 4084 2499 4141 Albertus
2525 4086 2802 4143 Bremcns.
2837 4087 3108 4157 archieps.

2251 4172 2407 4231 Walo
2434 4175 2709 4246 lhurgens.
2741 4178 3008 4233 Danorum
3032 4193 3146 4249 eps.

2253 4262 2512 4323 Tettiinus
2539 4268 2928 4326 Coucordiens.
2958 4286 3073 4341 eps.
3103 4271 3168 4325 de
3196 4270 3464 4340 Aquileia.

480 4354 850 4412 -concedimus
895 4362 954 4408 et
1005 4351 1412 4414 confirmamus,
1456 4362 1676 4404 crucem
1723 4345 1978 4402 videlicet
2023 4355 2079 4401 et

2256 4358 2448 4413 Datqu
2480 4376 2564 4413 xlv
2608 4358 2726 4414 Kal.
2776 4358 3014 4416 Novemb
3083 4378 3181 4432 per
3227 4378 3418 4417 manus
3464 4364 3608 4420 Petri
3660 4366 3745 4422 dia

490 4447 725 4519 pallium
759 4456 814 4501 et
839 4444 1101 4517 quidquid
1131 4453 1508 4503 antecessores
1534 4438 1652 4509 eius
1674 4439 1743 4495 ab
1772 4450 2081 4494 antecesso«

501 4537 654 4597 ribus
681 4536 882 4591 nostris
911 4541 1123 4589 constat
1148 4530 1537 4601 promeruisse,
1562 4538 1620 4583 ut
1647 4528 1741 4598 qui
1778 4526 1943 4596 pollet
1970 4541 2085 4581 me-

502 4628 732 4683 ritorum
761 4622 1013 4683 laudabili
1047 4621 1330 4691 dignitate,
1361 4627 1469 4673 tam
1519 4618 1572 4675 in
1609 4619 1806 4672 virtute
1842 4616 2085 4672 scientiae

505 4731 671 4786 quam
692 4714 746 4771 in
775 4728 985 4769 morum
1012 4708 1531 4782 honestate,polleat
1550 4709 1712 4762 etiam
1740 4716 2083 4762 ornamento-

504 4822 624 4860 rum
648 4803 1049 4877 pulchritudine
1069 4803 1124 4856 in
1155 4802 1301 4857 omni
1329 4797 1804 4869 archiepiscopalis
1831 4797 2082 4852 culminis

502 4891 855 4962 plenitudine,
884 4904 1204 4961 semperque
1214 4887 1523 4944 metuiuerit
1539 4888 1588 4941 in
1603 4902 1665 4941 ex
1677 4885 1872 4941 teriore
1885 4886 2083 4940 decore

499 4982 819 5051 interiorem
833 4981 1080 5036 decorem
1094 4988 1408 5053 procurare,
1437 4986 1518 5043 ut,
1532 4978 1705 5033 forma
1723 4976 1895 5032 factus
1912 4977 2081 5033 domi—

508 5074 619 5130 nici
636 5070 836 5145 gregis,
857 5062 1163 5143 exctuplum
1186 5071 1307 5149 boni
1331 5066 1518 5143 operis
1532 5071 1597 5127 de
1622 5087 1680 5126 se
1701 5068 2081 5141 pmc'beatsuis,

493 5156 765 5229 Virtutem
815 5163 1157 5233 pontiﬁcatus
1203 5163 1361 5218 simul
1404 5176 1527 5219 cum
1580 5161 1801 5219 nomine
1852 5162 2080 5229 habens,

506 5266 728 5331 pontem
760 5271 819 5311 se
861 5253 1066 5310 faciens
1103 5263 1159 5309 et
1196 5269 1293 5324 pro
1334 5268 1392 5311 se
1433 5250 1686 5326 populum
1730 5254 1822 5308 Dei
1855 5253 1921 5307 ad
1956 5267 2080 5307 cum

2188 4448 2348 4517 coni,
2392 4449 2785 4506 bibliothecarii
2832 4463 2888 4506 et
2946 4453 3253 4508 cauccllarii
3305 4460 3507 4511 sanctae
3552 4468 3766 4527 aposto-

2185 4538 2303 4623 licae
2334 4540 2507 4602 sedis,
2539 4556 2683 4596 anno
2719 4542 2900 4597 domni
2946 4541 3146 4599 Leonis
3187 4559 3341 4617 papm
3391 4547 3587 4617 primo,
3634 4549 3765 4604 indi.

2187 4633 2366 4688 ctione
2396 4634 2574 4687 tertia.
2921 4633 3108 4691 XXIII.

2186 4737 2243 4795 S.
2269 4738 2398 4811 ΔΙίεο
2444 4740 2524 4795 IX
2576 4742 2950 4798 monasterium
3008 4741 3457 4801 Laurcshameusc
3483 4785 3498 4811 ,
3565 4757 3766 4811 petente

2258 4808 2522 4888 Heinrico
2553 4812 2887 4879 imperatore,
2931 4822 3183 4869 tuendum
3234 4808 3493 4886 suscipit,
3532 4808 3764 4888 bonaque

2256 4882 2369 4950 ejus
2391 4883 2681 4950 conﬁrmat.

2472 4982 2475 4983 ν
2779 4953 2958 5023 (Atilio
2986 4952 3167 5020 1M9.)

2550 5063 2772 5138 [Mansi,
2795 5065 3021 5129 lioncil.,
3051 5065 3192 5127 XIX.
3228 5065 3381 5140 69L]

2257 5153 2366 5211 Leo
2392 5153 2459 5209 lX
2490 5158 2798 5225 cpiscopus,
2830 5172 3021 5212 servus
3047 5173 3327 5213 St‘I'VOI‘lllll
3376 5159 3500 5224 Dei,
3531 5161 3760 5215 dilectis-

2187 5249 2326 5333 simo
2352 5249 2429 5307 eis
2459 5251 2677 5304 domino
2718 5250 3012 5314 UDALRICO,
3044 5250 3297 5321 religioso
3325 5252 3511 5306 abbati
3545 5267 3758 5306 venerae
