4062 5352
282 368 393 446 oss

1281 394 1637 453 laetsrou:
1678 394 1767 451 ΕΤ
1798 395 2115 455 arcum
2154 384 2557 456 ronrtrtcu.

3446 395 3553 475 om

285 504 509 561 sideriia
535 504 808 576 pertinere
829 515 1150 576 noscuntur,
1182 512 1355 567 nostri
1383 513 1721 584 apostolatus
1770 528 1868 568 au-
1899 518 1945 577 Α
1972 521 2027 571 et
2053 528 2176 570 cum
2200 512 2415 570 diabolo
2434 510 2757 567 ctomnibus
2780 507 2960 581 impiis
2986 523 3109 564 eum
3142 509 3377 567 incendii
3407 522 3548 569 atro-

284 596 518 653 ctoritas
536 597 606 654 ad
625 597 985 657 roborandam
1006 602 1154 671 piam
1180 603 1518 661 devotionem
1544 615 1731 663 sancta
1752 605 1869 661 loca

282 690 720 747 construentium
739 691 790 747 in
817 695 1138 762 praestandis
1160 696 1455 768 privilegiis
1472 698 1632 755 debet
1651 698 1872 756 minimo

281 778 569 852 abnegari.
595 781 783 854 Igitur,
815 785 943 855 quia
966 787 1289 845 excellentia
1326 790 1626 860 spiritualis
1657 791 1750 847 lilii
1770 808 1872 847 no-

238 904 243 905 ί
282 873 385 928 atri
412 874 618 930 domini
649 873 715 931 ll.
744 877 978 947 piissimi
1008 880 1357 950 imperatoris
1384 883 1613 955 Augusti
1638 884 1873 955 postula-

281 964 365 1019 vit
412 980 444 1023 a
490 965 651 1023 nobis
689 977 960 1038 quatenus
1012 972 1399 1027 monasterium
1430 972 1520 1038 Ν..
1551 974 1696 1044 quod
1743 988 1872 1030 con-

280 1061 555 1109 structum
583 1071 703 1112 esse
732 1068 943 1114 certum
973 1069 1059 1117 est
1085 1076 1114 1114 a
1145 1061 1406 1131 piissimis
1450 1063 1871 1135 imperatoribus

276 1142 481 1202 Carolo
510 1147 702 1219 \tagno
722 1159 781 1205 et
825 1151 934 1206 filio
970 1151 1095 1221 eius
1128 1153 1402 1209 Ludovico
1446 1156 1872 1225 eorumdcmque

280 1242 713 1307 successoribus,
743 1244 833 1299 ubi
864 1246 1023 1300 modo
1047 1246 1375 1303 venerabilis
1402 1246 1568 1305 abbas
1612 1248 1678 1304 N.
1709 1263 1869 1319 regu-

278 1327 387 1382 lari
411 1328 737 1387 institutioni
760 1335 1236 1403 praessevidetur,
1258 1337 1523 1409 privilegii
1546 1348 1749 1395 sancta:
1769 1338 1873 1393 Ro-
1920 1402 1923 1405 _

278 1433 463 1474 manu:
479 1430 538 1477 et
571 1420 883 1491 apostolica:
908 1425 1061 1481 sedis
1079 1424 1256 1482 modis
1277 1427 1530 1482 omnibus
1561 1428 1868 1494 decoretur,

275 1510 497 1567 scilicet
528 1522 591 1566 ut
634 1513 834 1570 nullius
855 1515 967 1585 jnri
994 1525 1050 1571 et
1088 1516 1282 1571 ditioni
1329 1517 1683 1574 submittatur
1710 1534 1725 1572 :
1750 1519 1870 1575 ideo

277 1600 387 1669 piis
435 1600 727 1658 desideriis
776 1604 1074 1675 spiritualis
1105 1606 1200 1660 lilii
1251 1608 1421 1663 nostri
1480 1607 1871 1673 taventes,bac

275 1699 471 1743 nostra
516 1693 814 1762 apostolica
861 1696 1189 1753 auctoritate
1231 1698 1579 1755 decernimus
1609 1700 1661 1755 id
1696 1701 1868 1772 ipsum

272 1780 569 1850 praefatum
596 1788 984 1843 monasterium
1014 1797 1069 1844 et
1104 1791 1263 1846 modo
1292 1801 1353 1847 et
1393 1808 1567 1863 usque
1607 1794 1675 1850 ad
1709 1794 1875 1850 tinem

273 1873 463 1929 ιωωιε
492 1876 597 1930 sub
620 1878 922 1945 patrocinio
970 1891 1173 1937 sanctae
1195 1881 1451 1943 Romana:
1479 1860 1534 1941 et
1562 1884 1871 1955 apostolicae
1906 1860 1946 1920 Β

274 1964 475 2018 matris
506 1964 781 2031 Ecclesiae,
815 1983 936 2025 cum
968 1971 1221 2028 omnibus
1251 1989 1372 2044 qure
1415 1975 1483 2031 ad
1532 1976 1666 2031 illud
1703 1978 1871 2046 perti-

274 2063 434 2114 nent,
460 2057 912 2123 permanendum;
945 2059 1300 2119 Decernimus
1341 2066 1522 2135 igitur,
1554 2067 1656 2123 sub
1699 2069 1868 2123 divini

263 2142 464 2211 jndieii
492 2145 865 2204 obtestatione
885 2158 943 2205 et
969 2153 1115 2221 beati
1144 2153 1293 2211 Petri
1326 2156 1694 2227 apostolorum
1722 2159 1873 2228 prin-

270 2232 436 2301 cipis,
472 2241 783 2306 nostratqne
813 2240 1135 2298 humilitatis
1165 2245 1569 2315 interdictione,
1604 2257 1663 2302 ut
1690 2250 1871 2307 nullus

271 2321 335 2375 in
362 2321 548 2392 aliquo
566 2326 741 2397 gradu
772 2329 1120 2401 constitutus,
1147 2333 1230 2388 vel
1255 2334 1308 2389 in
1335 2336 1575 2407 quolibet
1602 2340 1795 2396 ordine
1815 2351 1871 2398 et

270 2412 602 2483 ministerio,
616 2419 817 2475 audeat
837 2423 1062 2481 moleste
1083 2427 1263 2482 causis
1284 2426 1524 2498 ejusdem
1549 2436 1868 2491 monasterii

269 2505 616 2575 incumbere,
648 2521 746 2567 aut
770 2515 837 2570 de
864 2516 1028 2574 rebus
1052 2529 1147 2573 aut
1184 2523 1620 2590 possessionibus
1650 2542 1871 2598 quoquo

269 2599 442 2654 modo
460 2601 683 2659 auferre
702 2616 796 2659 aut
826 2608 1085 2674 alienare,
1115 2628 1209 2666 seu
1241 2614 1386 2684 ipsos
1413 2620 1711 2675 monachos
1736 2620 1868 2676 inibi

274 2690 395 2783 Deo
424 2695 727 2753 servientes
756 2699 1060 2769 inquietare
1094 2717 1409 2773 pnesnmat,
1443 2725 1544 2766 nec
1572 2714 1875 2783 quamlibet

273 2781 552 2840 malitiam
594 2796 651 2842 et
666 2787 899 2856 jactura:
927 2793 1228 2850 molestiam
1253 2798 1453 2855 ibidem
1484 2781 1685 2858 inferre
1712 2819 1870 2861 coneo

270 2882 388 2934 tur.
407 2875 533 2929 dum
552 2878 799 2947 profecto
822 2882 974 2948 illud,
993 2894 1054 2939 ut
1079 2900 1220 2957 saepe
1250 2891 1568 2959 praedictum
1589 2902 1695 2960 est,
1714 2893 1881 2951 firma-

270 2965 580 3026 stabilitate
622 2979 678 3025 et
707 2970 1110 3040 iurisdictione.
1164 2978 1265 3032 sub
1317 2978 1619 3048 patrocinio
1665 2995 1871 3041 sancta:

270 3064 481 3111 nostne
512 3057 771 3117 Romana:
799 3065 991 3120 matris
1016 3066 1269 3123 Ecclesiae
1295 3075 1717 3140 permanendum
1746 3091 1871 3132 san-

270 3147 474 3204 cimus.
509 3151 771 3209 Addimus
816 3166 1080 3226 praeterea
1128 3170 1250 3231 post
1289 3162 1497 3219 obitum
1545 3167 1761 3223 abbatis
1810 3180 1867 3225 ut

271 3256 443 3315 neuio
493 3242 690 3299 ibidem
735 3245 984 3304 abbatem
1031 3253 1344 3319 constituat,
1377 3255 1479 3311 nisi
1524 3272 1683 3328 quem
1741 3275 1864 3315 con-

269 3343 477 3388 sensus
511 3343 563 3389 et
590 3338 895 3392 communis
921 3339 1170 3397 voluntas
1200 3342 1427 3400 fratrum
1472 3346 1670 3403 ibidem
1702 3365 1862 3421 regu-

270 3421 472 3478 lariter
519 3426 813 3482 viventium
864 3443 929 3484 ex
979 3432 1096 3501 ipsa
1144 3437 1563 3506 congregatione
1622 3440 1864 3513 elegerit,

273 3515 598 3589 nullumque
627 3522 910 3589 praemium
938 3525 1054 3581 sive
1100 3526 1427 3599 donum'pro
1459 3535 1868 3593 consecratioite

274 3609 426 3666 illius
449 3612 688 3678 abbatis,
714 3615 808 3685 qui
853 3624 980 3673 tunc
1009 3621 1269 3695 temporis
1297 3620 1481 3690 fuerit,
1508 3626 1702 3695 praesul
1725 3630 1866 3686 acci-

274 3718 413 3774 pere
437 3707 765 3787 contendat;
791 3718 843 3765 et
869 3709 915 3765 si
947 3726 1071 3766 eum
1099 3713 1271 3781 gratis
1313 3716 1570 3774 ordinare
1614 3720 1885 3789 uoluerit,

266 3791 366 3848 ’νει
394 3810 422 3847 a
452 3805 639 3851 nostra
669 3794 916 3855 Romana
943 3810 1118 3857 matre
1149 3802 1412 3871 Ecclesia,
1453 3806 1535 3862 vel
1563 3822 1592 3862 a
1625 3810 1865 3881 quolibet

275 3887 579 3944 venerabili
642 3892 896 3963 episcopo
942 3904 1127 3950 nostra
1177 3899 1503 3955 auctoritate
1557 3902 1860 3963 ordinetur.

274 3976 942 4063 Promulgantesmempc,
988 3993 1039 4040 et
1067 3986 1172 4042 hoc
1198 3990 1527 4046 auctoritate
1571 3991 1871 4049 beatissimi

276 4066 429 4124 Petri
459 4071 826 4140 apostolorum
853 4074 1138 4143 principis,
1163 4090 1351 4131 coram
1383 4076 1495 4132 Deo
1535 4088 1591 4134 ct
1638 4082 1865 4138 terribili

274 4159 400 4230 ejus
427 4158 610 4217 futuro
639 4164 908 4229 examine,
942 4181 1038 4236 per
1069 4166 1228 4237 hujus
1253 4169 1419 4222 nostri
1446 4171 1722 4240 apostolici
1752 4175 1864 4244 pri-

252 4251 457 4324 .vilegii
482 4254 925 4310 constitutionem
964 4259 1242 4315 sancimus
1283 4269 1341 4316 ut
1370 4262 1618 4319 universa
1649 4281 1770 4336 qua».
1798 4265 1867 4322 ab

277 4345 719 4401 antecessoribus
768 4348 1285 4420 successoribosque
1332 4352 1537 4409 nostris
1603 4354 1655 4410 in
1703 4355 1892 4414 rebus

279 4435 570 4491 mobilibus
599 4446 653 4491 et
676 4437 1045 4495 immobilibus
1075 4458 1333 4498 concessa
1368 4457 1510 4509 sunt,
1547 4463 1645 4506 nec
1674 4465 1778 4505 non
1812 4462 1867 4509 et

1971 608 2193 664 clssimo
2221 604 2484 677 supplicio
2511 605 2843 675 deputatum.
2877 602 2945 657 At
2967 617 3096 659 vero
3113 603 3205 673 qui
3233 605 3324 675 plo
3353 605 3569 663 intuitus

1971 709 2156 756 custos
2202 707 2257 754 et
2303 696 2622 754 observator
2661 710 2850 752 eorum
2895 695 3190 775 exstiterit,
3225 698 3573 754 omnimoda

1970 790 2363 847 benedictionis
2392 788 2645 860 gratiam,
2669 788 3021 858 omniumque
3046 798 3392 859 peccatorum
3424 804 3549 844 suo-

1972 899 2091 939 rum
2123 880 2515 937 absolutionem
2545 889 2600 935 et
2629 877 3042 950 indulgentiam,
3071 888 3127 934 et
3161 876 3400 934 caelestis
3425 879 3553 935 vita

1971 971 2362 1028 beatitudinem
2386 984 2510 1025 cum
2542 969 2746 1023 sanctis
2791 976 2846 1023 et
2887 967 3073 1023 electis
3098 983 3126 1021 a
3152 968 3550 1023 misericordis-

1972 1066 2016 1121 si
2026 1080 2110 1120 mo
2133 1064 2361 1119 Domino
2385 1064 2492 1119 Deo
2517 1072 2703 1120 nostro
2722 1062 2978 1133 consequi
3001 1061 3339 1117 mereaturiu
3356 1046 3553 1117 siccula

1972 1140 2314 1219 szccttlorunt,
2346 1156 2539 1210 Amen.
3426 1158 3431 1166 ‘

2043 1249 2175 1304 Data
2221 1264 2273 1302 κε
2330 1246 2447 1302 Kal.
2500 1244 2790 1301 Novembr.
2836 1259 2935 1316 per
2981 1260 3174 1300 manus
3233 1243 3381 1300 Petri
3410 1243 3552 1299 'dial

1972 1338 2093 1392 coni
2141 1346 2197 1393 et
2254 1337 2654 1395 bibliothecarii
2707 1344 2763 1392 et
2815 1334 3124 1390 cancellarii
3179 1343 3387 1391 sanctas
3426 1350 3561 1406 apum

1971 1426 2178 1481 stolicze
2226 1427 2388 1489 sedis,
2441 1441 2582 1482 anno
2628 1424 2811 1482 domui
2858 1424 3055 1480 Leonis
3101 1420 3160 1478 P.
3206 1412 3406 1494 primo.
3465 1424 3561 1481 In;

1972 1516 2101 1573 dict.
2124 1532 2207 1572 ιιι.
3478 1534 3485 1537 -

2667 1604 2857 1667 xm.
3002 1676 3007 1681 η
3422 1604 3429 1691 ς

2042 1719 2101 1777 5.
2152 1720 2253 1776 Leo
2305 1719 2386 1776 IX
2433 1719 2771 1790 portlteuonis
2815 1719 2874 1773 S.
2912 1719 3090 1774 Mauri
3141 1719 3489 1775 Virdunemia

2250 1791 2607 1864 possessiones
2624 1800 2670 1845 et
2698 1791 2969 1861 privilegia
2997 1790 3294 1861 conﬁrmat.
3422 1796 3429 1801 ’

2562 1883 2747 1955 (Anno
2786 1878 2968 1955 l‘049.)

1974 1972 2140 2049 [Dom
2185 1973 2417 2044 Calmet,
2469 1973 2704 2031 Histoire
2753 1976 2819 2030 de
2871 1972 3146 2043 Lorraine,
3204 1973 3246 2043 Ι,
3307 1973 3559 2040 Preuves,

2602 2083 2730 2140 pag.
2756 2066 2909 2142 ιρι]
3416 2132 3419 2135 _
3528 2062 3535 2073 ’

2043 2155 2155 2211 Lso
2182 2157 2489 2228 episcopus,
2519 2172 2710 2213 servus
2736 2173 3017 2212 servorum
3047 2158 3162 2224 Dei,
3194 2157 3347 2213 fratri
3381 2155 3561 2215 Tnsu-

1972 2263 2166 2302 noutco
2199 2247 2553 2303 Virduncusis
2589 2247 2845 2303 Ecclesiae
2873 2248 3086 2320 praesuli
3108 2291 3122 2314 ,
3172 2250 3394 2321 suisque
3428 2262 3553 2305 suc;

1972 2338 2287 2411 cesseribus
2313 2339 2366 2393 in
2394 2347 2739 2411 perpetuum.

2046 2429 2104 2486 Si
2152 2429 2366 2485 devotis
2421 2431 2515 2485 Dei
2568 2429 2806 2485 fidelium
2858 2430 3214 2500 petitionibus
3272 2416 3554 2487 assensum

1971 2521 2311 2586 dederimus,
2338 2518 2590 2576 videlicet
2618 2529 2676 2577 ut
2710 2537 2796 2576 res
2841 2533 3150 2576 sanctarum
3187 2522 3553 2578 Ecclesiirum

1972 2629 2162 2669 eorum
2210 2615 2580 2684 procurationi
2630 2616 2982 2681 commissas,
3026 2615 3168 2673 unde
3214 2616 3415 2688 duplici
3466 2630 3562 2673 re-

1973 2705 2225 2761 lectionis
2256 2715 2409 2776 pastu
2458 2707 2753 2761 sustentari
2796 2708 2993 2764 debeat
3039 2725 3172 2781 grex
3222 2710 3556 2775 Dominicns,

1973 2797 2149 2851 nostri
2191 2797 2476 2865 apostolici
2523 2798 2789 2869 privilegii
2819 2800 3146 2854 auctoritate
3179 2795 3573 2857 lirm'aue'veli-.

1972 2903 2117 2951 ntus,
2141 2886 2468 2942 universalis
2495 2898 2697 2944 sancta:
2727 2887 2982 2943 Ecclesia:
3012 2890 3177 2943 statui
3208 2870 3554 2959 profuturum

1976 2981 2200 3035 minime
2230 2980 2577 3045 dubitaums,
2610 2980 2717 3035 into
2746 2981 2822 3035 ab
2862 2980 2976 3051 ipso
3007 2980 3203 3034 divina:
3242 2980 3552 3035 misericor-

1971 3071 2073 3126 diae
2096 3072 2242 3126 fonte
2274 3072 2423 3144 large
2449 3072 2785 3127 remunerari
2815 3072 3106 3127 credimus.
3134 3071 3283 3129 Unde
3308 3062 3556 3126 omnium

1972 3160 2363 3217 catholicorum
2414 3162 2631 3233 Deoque
2659 3163 2990 3234 placentium
3021 3160 3349 3217 universitas
3385 3176 3554 3219 nove-

1973 3256 2045 3310 rit
2068 3255 2180 3325 jam
2217 3255 2346 3309 dicti
2392 3254 2716 3310 Theodorici
2761 3254 3098 3310 dilectissimi
3136 3246 3393 3326 pra‘sulis'
3424 3264 3552 3310 con-

1971 3362 2156 3410 srnsu,
2179 3354 2233 3401 et
2258 3347 2372 3401 Ave
2401 3345 2689 3403 abbatissa:
2720 3338 2808 3418 pio
2844 3363 3064 3417 precum
3110 3347 3440 3412 interventu,
3471 3345 3555 3402 lo-

1969 3454 2091 3495 eum
2126 3439 2179 3493 in
2215 3437 2477 3494 suburbio
2508 3437 2834 3494 Virdunensi
2857 3432 3010 3506 juxta
3043 3438 3277 3493 rivulum
3310 3437 3553 3493 Scanclm
3636 3512 3641 3519 ‘

1968 3531 2131 3585 situm
2181 3538 2236 3585 et
2301 3530 2354 3584 in
2406 3528 2668 3585 honorem
2718 3530 2888 3585 sancti
2934 3519 3155 3583 Joannis
3196 3522 3461 3600 Baptista!
3499 3528 3585 3607 es.

1969 3622 2141 3677 sancti
2164 3618 2391 3675 Joannis
2415 3620 2758 3692 evangelista:
2779 3618 3104 3683 confectum,
3124 3619 3213 3674 ubi
3237 3610 3557 3699 sanctorum

1968 3714 2163 3778 Mauri,
2196 3713 2401 3769 Salviui
2443 3723 2608 3784 atque
2650 3712 2900 3768 Aratoris
2941 3725 3168 3781 corpora
3197 3712 3264 3765 ab
3305 3704 3551 3781 ejusdem

1969 3806 2120 3861 urbis
2146 3813 2475 3860 venerantur
2507 3804 2723 3871 incolis,
2761 3819 2881 3873 quat
2909 3800 3101 3857 llcimo
3142 3791 3428 3872 episcopus
3459 3816 3549 3858 re-

1969 3897 2207 3960 novavit,
2245 3907 2300 3951 et
2338 3897 2595 3950 instruxit
2623 3905 2840 3966 propter
2887 3909 3042 3963 aqum
3086 3878 3549 3960 commoditatem,

1969 3993 2029 4041 ut
2058 3984 2316 4041 monialcs
2347 4001 2483 4057 quas
2512 3987 2586 4041 ibi
2630 3985 2730 4040 sub
2768 3973 3067 4039 monastica
3103 3981 3286 4055 regula
3330 3974 3550 4060 ordina-

1968 4077 2296 4144 vit,usualia
2325 4079 2505 4133 onuda
2530 4092 2627 4132 sua
2662 4078 2802 4131 intra
2849 4076 2984 4132 lines
3012 4075 3114 4132 loci
3147 4076 3317 4148 ipsius
3343 4077 3549 4148 habere

1966 4167 2199 4238 possint,
2251 4184 2339 4221 me
2368 4167 2681 4238 apostolicae
2721 4167 3068 4223 auctoritatis
3107 4144 3410 4225 munimine
3456 4168 3551 4224 lir-

1969 4272 2142 4321 mare,
2188 4271 2255 4312 ne
2297 4257 2557 4327 quidquid
2603 4256 2743 4312 idem
2792 4257 3079 4327 episcopus
3121 4252 3550 4329 cmtero‘rumque

1970 4347 2064 4403 Dei
2095 4346 2330 4401 fidelium
2357 4347 2440 4416 pia
2463 4346 2675 4402 devmio
2699 4344 2896 4403 ibidem
2920 4346 3248 4415 contulerat,
3274 4346 3342 4402 ab
3368 4346 3577 4418 aliquo.

1968 4446 2171 4494 sanctae
2217 4439 2471 4493 Ecclesiae
2520 4437 2743 4494 inimico
2793 4447 2911 4508 post
2947 4438 3064 4495 hmo
3106 4438 3295 4494 violari
3336 4440 3550 4495 contin-

276 4527 646 4595 possessioues
711 4543 833 4598 qum
898 4545 928 4583 a
997 4530 1216 4602 regibus
1275 4543 1332 4589 et
1385 4538 1723 4608 principibus
1767 4556 1861 4597 εει,
1893 4544 1941 4605 ι)
1969 4537 2110 4600 gat:
2166 4543 2253 4583 res
2297 4536 2477 4583 autem
2526 4527 2770 4584 ecclesia:
2813 4528 2991 4583 eidem
3041 4531 3375 4599 pertinentes
3414 4546 3569 4601 quas.

277 4617 607 4686 quituslibet
626 4619 828 4675 Christi
853 4620 1099 4681 fidelibus
1111 4623 1321 4682 collata:
1338 4639 1487 4695 sunt,
1512 4629 1778 4689 fuerintve
1809 4634 1863 4691 in

277 4723 574 4785 posterum,
598 4716 923 4773 inconcussa
947 4719 1243 4777 stabilitate
1271 4722 1339 4779 ad
1361 4719 1453 4791 jus
1482 4733 1538 4778 et
1565 4725 1862 4786 dominium

278 4806 447 4860 sancti
474 4804 690 4861 Nazarii
719 4809 977 4880 martyris
1015 4813 1293 4881 perpetuis
1322 4815 1658 4885 temporibus
1683 4831 1865 4886 persc-

277 4906 490 4964 verent,
518 4913 618 4951 nec
644 4898 862 4954 licentia
894 4900 986 4966 sit,
1017 4910 1078 4958 ut
1121 4903 1326 4959 dictum
1358 4914 1463 4971 est,
1494 4922 1559 4961 ex
1611 4908 1871 4966 omnibus

275 4985 514 5057 ejusdem
553 4991 868 5046 monasterii
896 4994 1294 5062 pertinentibus
1336 5001 1590 5070 cuiquam
1622 5000 1702 5055 vel
1747 5017 1863 5059 ma-

277 5095 392 5150 gnae
418 5080 505 5135 vel
552 5097 737 5152 parva:
771 5097 1018 5153 persome
1041 5085 1280 5156 diripere
1314 5089 1608 5160 quidquam
1642 5090 1724 5145 vel
1767 5108 1865 5150 au-

277 5168 437 5238 ferre,
475 5181 535 5226 ut
561 5172 808 5243 profecto
838 5175 905 5230 ad
956 5175 1047 5231 Dei
1094 5176 1309 5231 laudem
1348 5194 1602 5235 securum
1632 5188 1867 5244 ettran-

276 5262 496 5330 quillum
523 5261 672 5331 justc
702 5264 756 5318 id
782 5264 926 5335 quod
958 5263 1267 5333 subjectum
1301 5265 1410 5334 juri
1456 5278 1512 5324 et
1557 5270 1864 5339 patrocinio

1964 4619 2292 4677 confirmare
2324 4621 2644 4685 statuimus,
2690 4620 2974 4691 praesentis
3004 4622 3194 4692 pagina
3227 4624 3540 4692 descriptio—

1966 4710 2051 4766 nis
2077 4709 2413 4765 dcmoustrat
2441 4728 2454 4765 :
2502 4710 2759 4766 videlicet
2786 4711 2965 4766 villam
3015 4711 3083 4765 ad
3123 4711 3537 4768 Calvum-Motu

1965 4810 2103 4867 tetn,
2132 4812 2186 4857 et
2210 4802 2257 4856 ei
2283 4804 2463 4858 omnia
2491 4803 2856 4875 pertinentia;
2904 4804 3089 4881 villam
3130 4803 3444 4881 Marseium,
3490 4820 3545 4861 et

1963 4894 2222 4967 quidquid
2255 4896 2322 4949 ad
2351 4910 2471 4950 eam
2518 4896 2793 4968 pertinere
2839 4895 3080 4961 videtur;
3120 4885 3370 4952 Haltonis
3406 4896 3543 4955 Mas-

1964 4990 2096 5056 nile,
2124 4989 2566 5055 Castori-Villam,
2595 4990 2883 5061 Vilegium,
2913 5006 3036 5045 cum
3061 4989 3237 5046 vineis
3261 5000 3317 5047 ct
3338 4982 3549 5048 familia

1964 5079 2264 5150 Amalgisi;
2299 5080 2481 5134 villam
2512 5081 2711 5144 Adasc,
2748 5096 2874 5135 cum
2928 5080 3182 5138 onmibus
3229 5082 3336 5140 sibi
3385 5083 3554 5155 perti-

1966 5170 2260 5235 nentibus;
2297 5168 2810 5225 Gundrici-Cnrtem
2860 5169 3143 5239 similiter;
3197 5172 3274 5227 ad
3300 5172 3554 5232 Labr'tam

1966 5278 2185 5319 mansos
2211 5276 2331 5317 Vllll
2373 5277 2494 5316 cum
2537 5255 2767 5337 familia,
2821 5250 3379 5343 Bérlci-Curtcny'ad
3404 5265 3559 5324 Brio-
