4062 5352
475 387 580 444 ‘17
620 439 622 441 .

1520 387 1580 444 S.
1622 388 1868 446 LEONIS
1902 389 1967 446 115'
2010 391 2212 448 ΡΑΡΑΞ
2249 391 2636 450 OPIISCULA.

3638 370 3746 437 6-19

481 503 668 560 villam
708 516 761 558 ιι
809 516 1024 558 mansos
1066 511 1120 557 et
1159 500 1459 557 dimidium.
1503 501 1583 557 Ad
1638 502 1900 558 Tullidam
1946 520 2058 560 vuu
2088 509 2137 569 Α
2166 505 2499 570 innodatum,
2545 514 2662 560 uta
2697 520 2861 577 regno
2903 505 2994 560 Dei
3031 505 3123 560 ﬁat
3148 480 3735 574 aii.:.iiis,'3t£.u'c’t...a

477 609 699 650 mansos
731 601 784 650 et
823 593 1130 649 dimidium.
1173 591 1548 648 Petri-Villam
1588 593 1640 647 in
1684 595 1957 659 Arduena,
1998 605 2054 648 et

475 686 657 740 villain
689 699 810 754 quae
836 683 1039 739 dicitur
1068 683 1288 749 Nervia,
1318 699 1536 738 mansos
1574 699 1642 737 xx
1671 700 1794 739 cum
1825 684 2049 739 familia.

474 778 556 833 Ad
585 775 896 845 Parperiam
931 775 1194 840 decimas,
1228 790 1349 830 cum
1399 776 1653 830 omnibus
1701 775 2055 830 indominica-

475 867 633 920 turis.
660 865 718 921 In
760 864 1161 920 Trancullivilla
1205 865 1487 920 ecclesiam
1519 881 1706 919 unam.
1735 866 1814 920 Ad
1841 864 2053 935 Sampi-

474 956 690 1009 uiarum
721 969 906 1008 unam.
935 951 1016 1008 Ad
1063 951 1322 1009 Sanctum
1352 951 1622 1007 Julianttm
1661 968 1844 1006 unam.
1880 952 2052 1011 Unam

473 1045 529 1099 in
567 1043 821 1098 Mandris.
853 1043 932 1097 Ad
967 1042 1160 1099 Villam
1193 1059 1373 1098 unam.
1401 1043 1480 1097 Ad
1509 1042 1701 1099 Caslon
1737 1059 1899 1098 unam
1927 1060 2050 1098 cttm

475 1133 700 1205 capella.
764 1133 844 1188 Ad
900 1133 1154 1188 linbeiam
1207 1148 1389 1188 unam.
1442 1133 1523 1188 Ad
1575 1133 1828 1204 Trogiqu
1881 1151 1919 1190 ι.
1973 1134 2050 1189 Ad

473 1224 769 1280 Rauserias
799 1239 984 1278 unam.
1035 1224 1114 1278 Ad
1165 1223 1473 1279 Malameias
1517 1240 1700 1279 unam.
1733 1225 1811 1278 Ad
1847 1224 2054 1280 Proda-

473 1319 598 1390 gion
630 1331 816 1370 unam.
844 1316 922 1370 Aul
951 1315 1405 1381 Arberti-villam,
1436 1331 1598 1371 unam
1624 1328 1680 1371 et
1716 1318 2050 1386 quartarium

472 1422 594 1462 cum
613 1407 870 1478 piscaria.
888 1406 965 1460 Ad
984 1405 1495 1462 Domuum-Petrum
1520 1423 1702 1462 unam.
1722 1409 1799 1462 Ad
1823 1407 2048 1463 Lovum-

479 1497 712 1552 Montem
744 1513 940 1563 unam;
985 1496 1050 1550 ad
1081 1496 1303 1562 Ornam,
1335 1514 1529 1564 unam;
1565 1499 1631 1553 ad
1661 1499 1816 1572 Bras,
1854 1513 2048 1561 unam;

475 1587 542 1640 ad
577 1585 948 1651 [Iulli-villam,
978 1601 1160 1641 unam.
1207 1586 1288 1642 Ad
1334 1586 1604 1642 Romanas
1631 1605 1667 1643 ι.
1709 1589 1786 1643 Ad
1828 1587 1979 1642 Pilon
2011 1602 2048 1640 ι.

469 1673 745 1748 Capellam
775 1675 836 1732 S.
864 1675 1136 1732 Lamberti
1183 1677 1234 1731 in
1265 1677 1487 1732 civitate
1507 1718 1520 1742 ,
1553 1687 1607 1734 et
1647 1678 1706 1732 S.
1738 1678 2050 1735 Medarduut

469 1768 638 1839 ipsius
669 1767 912 1824 ecclesia:
944 1767 1178 1824 abbatis:
1200 1768 1562 1839 adjacentem.
1594 1769 1674 1824 Ad
1699 1768 1756 1824 S.
1785 1769 2048 1824 Hilarium

469 1861 762 1932 piseariam
791 1875 913 1915 cum
941 1875 1133 1915 manso
1163 1877 1202 1916 ι.
1234 1857 1291 1915 ιη
1331 1859 1652 1933 Samongeia
1682 1862 1970 1933 piseariam
2009 1878 2046 1916 I.
2082 1846 2126 1908 Β

469 1951 768 2008 Teloneum
793 2021 797 2025 Α
819 1953 872 2008 in
905 1953 1144 2008 civitate.
1174 1952 1320 2008 Infra
1352 1969 1537 2010 muros
1575 1970 1794 2010 mansos
1823 1955 2048 2010 duarum

469 2043 763 2109 librarum;
803 2044 1114 2100 molendina
1142 2045 1249 2099 duo
1277 2044 1468 2100 subtus
1498 2061 1691 2100 novum
1725 2054 1965 2116 pontem.
1992 2045 2048 2099 ln

468 2133 694 2190 Floraco
720 2150 884 2205 super
912 2134 1132 2191 ﬂuvium
1160 2136 1369 2200 Airam,
1407 2151 1626 2192 mansos
1652 2151 1727 2190 is.
1759 2135 2048 2191 Comitissa

468 2222 621 2282 Auda
657 2225 833 2282 eidem
864 2227 1128 2291 ecclesim,
1163 2228 1214 2282 in
1251 2243 1357 2296 qua
1392 2238 1444 2283 et
1471 2227 1678 2298 sepulta
1715 2238 1828 2293 est,
1861 2236 2051 2284 contu-

470 2315 551 2381 lit,
574 2325 626 2371 el
649 2317 716 2372 ad
751 2317 1009 2373 domnum
1035 2317 1338 2375 Iohannem
1371 2334 1589 2375 mansos
1610 2336 1684 2380 xu
1721 2335 1843 2377 cum
1877 2320 2049 2376 eccle-

435 2469 442 2474 _
469 2407 552 2461 sia
573 2421 738 2478 supra
767 2408 1100 2474 Cosantiam,
1122 2418 1176 2465 et
1197 2409 1458 2480 pmdium
1487 2412 1629 2481 quod
1661 2409 1965 2480 acquisivit.
1990 2409 2046 2465 In

468 2495 891 2563 Lovomontem,
939 2507 997 2554 et
1035 2499 1302 2564 Brabant,
1349 2498 1633 2555 ecclesiam
1680 2500 1733 2555 in
1782 2499 2046 2554 honorem

458 2587 685 2652 Sanctae
708 2587 919 2652 Crucis,
948 2604 1109 2659 quam
1144 2588 1334 2646 Heimo
1360 2590 1647 2661 episcopus
1675 2591 1838 2646 rebus
1880 2590 2048 2645 unde-

467 2691 682 2748 quaque
720 2679 1000 2748 acquisitis
1046 2679 1323 2744 dilatavit,
1370 2680 1648 2735 canonicis
1690 2679 1820 2736 inibi
1848 2679 2048 2734 consti-

454 2770 620 2839 tutis,
659 2770 748 2840 qozi
793 2770 1196 2826 Itebdomadarii
1222 2770 1275 2826 in
1299 2771 1412 2842 jam
1435 2771 1582 2826 dicto
1611 2770 1940 2826 monasterio
1963 2769 2046 2824 di-

465 2861 614 2916 vinis
661 2861 958 2916 inserviant
992 2859 1205 2927 ciliciis,
1237 2877 1337 2917 nec
1379 2862 1697 2918 canonicam
1723 2862 1825 2916 nisi
1857 2862 1924 2917 ab
1952 2861 2048 2917 ab-

464 2952 673 3008 batissa
724 2953 1006 3023 recipiant.
1052 2953 1250 3009 Earum
1298 2963 1479 3010 autem
1523 2968 1706 3010 rerum
1757 2954 1874 3010 haec
1919 2962 2047 3008 sunt

465 3043 709 3100 nomina.
768 3045 846 3098 Ad
901 3044 1177 3100 ltomanas
1228 3059 1445 3100 mansos
1492 3061 1573 3100 ιιιι
1626 3053 1682 3100 ct
1740 3043 2040 3107 dimidium,

463 3153 590 3194 cum
628 3138 827 3193 hanno.
874 3137 957 3192 Ad
1003 3141 1238 3193 Ascuam
1297 3137 1554 3203 baunum,
1595 3153 1718 3193 cum
1766 3137 1934 3208 sylva.
1961 3135 2042 3190 Ad

454 3228 650 3293 villam
681 3243 928 3284 mansum
959 3244 975 3284 ι
1003 3244 1126 3283 cum
1161 3228 1491 3285 molendino.
1538 3229 1618 3284 Ad
1659 3228 1888 3284 Crucem
1925 3227 2036 3283 alo-

466 3319 591 3374 dem
633 3300 756 3373 cum
801 3318 971 3388 sylva.
997 3318 1077 3372 Ad
1108 3317 1550 3376 Caston-Curtem
1597 3335 1842 3374 mansqu
1886 3319 2044 3374 dimi-

466 3394 639 3463 dium.
688 3408 770 3462 Ad
807 3406 1219 3463 Aldem-Villam
1268 3409 1520 3475 alodem;
1565 3410 1719 3481 juxta
1767 3410 2041 3466 civitatem

466 3498 786 3554 Cumminas
825 3516 906 3555 ιιι.
958 3499 1037 3553 Ad
1071 3499 1345 3554 Aldeberti
1387 3510 1598 3571 portam
1626 3515 1664 3554 ι.
1695 3499 1775 3556 Ad
1815 3498 2044 3554 Dodam-

470 3591 680 3646 Vallem
711 3607 748 3645 ι.
780 3593 858 3646 Ad
909 3591 1330 3647 Dormarvalletn
1381 3607 1419 3646 ι.
1473 3591 1552 3647 Ad
1606 3591 1792 3645 Elnam
1824 3599 2043 3660 quarta-

467 3683 582 3739 rios
617 3698 715 3748 ru,
762 3684 898 3739 intra
941 3698 1128 3739 muros
1158 3699 1197 3738 ιι
1241 3682 1447 3738 vineas.
1491 3684 1573 3737 Ad
1626 3681 2041 3738 Ronnei-villam

467 3791 692 3833 mansos
731 3791 767 3832 ιι
813 3785 869 3831 et
911 3775 1222 3846 quartarios
1268 3783 1401 3830 tres.
1457 3773 1676 3830 Mansos
1728 3775 1782 3831 in
1827 3775 2044 3830 civitate

466 3868 558 3936 qui
613 3866 933 3939 persolvunt
987 3865 1188 3922 solidos
1221 3880 1360 3930 vuu,
1391 3865 1663 3921 clibanum
1725 3881 1911 3920 unum.
1962 3865 2044 3921 Ad

468 3956 892 4032 Novam-Villam
934 3971 1198 4012 mansos:
1247 3966 1304 4013 et
1340 3956 1646 4012 dimidium.
1694 3951 1821 4011 ﬂare
1860 3956 2041 4011 omnia

450 4067 589 4122 qua:
618 4051 952 4124 ριεεεοιίνιίο
989 4060 1171 4106 nostra
1215 4051 1477 4116 continet,
1512 4059 1620 4105 tam
1650 4048 1854 4104 urbana
1881 4063 2042 4118 quam

469 4139 732 4208 ruratica,
768 4143 820 4198 in
862 4141 1129 4207 aediliciis,
1159 4142 1351 4209 vincis,
1384 4142 1576 4214 pratis,
1621 4141 1806 4213 sylvis,
1839 4141 2044 4212 campis

465 4233 629 4289 cultis
653 4243 708 4288 et
738 4235 978 4296 incultis,
1022 4235 1305 4304 utriusque
1349 4249 1513 4290 sexus
1543 4235 1849 4304 mancipiis,
1889 4234 2044 4304 aquis

465 4339 840 4394 aquarumque
865 4325 1202 4386 decursibus,
1230 4323 1574 4390 molendinis,
1600 4326 1852 4395 piscariis
1873 4323 2045 4380 eccle-

469 4416 588 4478 siis,
624 4414 868 4484 capellis,
896 4415 1051 4470 sicuti
1085 4412 1211 4484 jure
1235 4423 1293 4469 et
1329 4415 1571 4485 Iegaliter
1597 4425 1762 4485 atque
1787 4415 2045 4471 canonice

2157 597 2437 658 traditoris
2483 596 2693 652 Domini
2726 597 2896 652 nostri
2943 594 3068 650 .lesu
3100 597 3302 651 Christi
3335 596 3517 650 socius
3560 596 3613 650 in
3655 595 3740 648 in-

2163 687 2340 751 terno,
2373 696 2429 742 et
2453 685 3002 742 excommunicationi
3046 685 3345 754 sulujaceat,
3386 686 3560 741 donec
3607 686 3737 738 resi-

2153 778 2369 849 piscens
2413 777 2478 832 ad
2507 777 2935 834 satisfactionem
2971 786 3025 831 et
3066 792 3363 844 congruam
3394 776 3738 832 emendatio-

2154 882 2276 922 nem
2305 868 2532 922 venerit.
2563 867 2664 934 Qui
2695 882 2824 922 vero
2854 870 2942 937 pio
2969 868 3164 921 intuitu
3196 877 3417 922 curator
3455 876 3514 922 et
3542 867 3739 921 obser-

2155 966 2309 1011 vator
2373 957 2530 1027 hujus
2585 956 2764 1012 nostri
2818 958 3100 1027 apostolici
3148 957 3414 1028 privilegii
3441 958 3738 1021 exstiterit,

2153 1047 2548 1103 benedictionis
2573 1048 2808 1118 gratiam
2851 1057 2906 1102 et
2934 1047 3174 1104 caelestis
3219 1050 3369 1119 regni
3414 1048 3674 1119 gaudium
3707 1064 3737 1101 a

2153 1138 2382 1194 Domino
2420 1139 2531 1196 Deo
2580 1150 2766 1196 nostro
2812 1142 3066 1212 consequi
3116 1151 3388 1199 mereatur
3432 1144 3488 1198 in
3539 1142 3736 1198 secula

2152 1231 2490 1286 saeculorum.
2523 1233 2720 1287 Amen.

2146 1336 2156 1346 ·
2226 1318 2420 1375 Datum
2447 1337 2587 1376 nono
2609 1321 2884 1378 Kalendas
2901 1322 3220 1380 Novembris
3246 1339 3343 1394 per
3364 1341 3560 1379 manus
3590 1325 3734 1380 Petri

2152 1405 2390 1470 diaconi,
2429 1406 2827 1462 bibliothecarii
2861 1417 2917 1464 et
2943 1409 3252 1464 cancellarii
3278 1420 3480 1465 sancta:
3513 1421 3734 1479 aposto-

2151 1497 2268 1553 lica!
2301 1498 2468 1563 sedis,
2492 1514 2635 1554 anno
2672 1498 2879 1556 domini
2911 1500 3105 1556 Leonis
3143 1517 3295 1572 papa:
3327 1501 3392 1554 IX
3423 1502 3624 1572 primo,
3655 1503 3736 1554 iu-

2153 1590 2390 1646 dictioue
2415 1606 2496 1646 ιιι.

2859 1683 3026 1740 XXV.

2153 1793 2456 1867 S.__Lconis
2506 1793 2590 1849 ῙΧ
2634 1797 2960 1867 privilegium
3012 1814 3112 1866 quo
3164 1800 3429 1852 canonicis
3480 1805 3734 1853 ἐτάραξε

2233 1865 2574 1920 Vtrduncnsis
2635 1865 2815 1921 omnes
2880 1883 3059 1922 eorum
3125 1870 3472 1939 possessiones
3535 1875 3724 1934 con/ir-

2222 1947 2454 1990 utamur.

2734 2029 2912 2099 (Anno
2950 2028 3133 2101 1049.)

2153 2135 2401 2210 [Mabill.,
2432 2137 2587 2193 Deare
2608 2110 2851 2210 diplom.,
2907 2138 3205 2210 Supplem.,
3237 2154 3359 2209 pag.
3395 2140 3494 2210 99,
3545 2156 3608 2197 es
3638 2155 3725 2194 ar-

2469 2207 2698 2281 chetypo
2726 2209 2972 2264 ecclesia:
2988 2207 3415 2280 'Virdunensis.]

2217 2323 2330 2380 Leo
2375 2325 2690 2394 episcopus,
2731 2339 2919 2379 servus
2973 2337 3250 2379 servorqu
3287 2323 3419 2385 Dei,
3477 2324 3732 2378 neruum

2149 2413 2460 2484 primicerio
2496 2413 2770 2468 canonij
2804 2421 3005 2467 sanctm
3051 2411 3230 2466 Maria:
3282 2412 3602 2483 principalis
3631 2413 3732 2467 Ec.

2147 2505 2328 2560 clesia:
2359 2503 2732 2567 Virdunensis,
2789 2511 2952 2572 atque
2997 2501 3332 2557 Warmundo
3382 2503 3629 2566 decano,
3678 2512 3733 2557 et

2147 2612 2245 2668 per
2271 2612 2365 2652 eos
2401 2595 2615 2652 (veteris
2652 2595 2926 2651 canonicis
2951 2636 2966 2659 ,
3004 2603 3114 2649 tam
3159 2595 3517 2665 praesentibus
3567 2610 3731 2665 quam

2147 2689 2363 2754 futuris,
2394 2699 2708 2761 perpetuam
2742 2688 2793 2742 in
2825 2687 3054 2742 Domino
3088 2686 3342 2740 salutem.

2216 2777 2387 2835 ΟΙῐίιῇ
2437 2777 2606 2833 nostri
2649 2785 2735 2832 est
2779 2775 3015 2832 miseriis
3062 2782 3118 2830 et
3167 2773 3570 2829 calamitatibus
3601 2789 3733 2829 cou-

2146 2873 2496 2936 desceudere,
2524 2879 2582 2926 et
2609 2870 2869 2924 auxilium
2916 2867 3058 2937 quod
3090 2867 3331 2921 valemus
3372 2866 3730 2936 impendere;

2146 2963 2296 3032 quia,
2330 2962 2374 3017 si
2399 2961 2454 3016 in
2497 2961 2654 3017 nobis
2692 2960 2835 3015 unde
2883 2959 3175 3028 procedere
3215 2957 3377 3010 debet
3421 2957 3731 3026 exemplum

2145 3055 2381 3126 pietatis,
2427 3054 2601 3124 pietas
2638 3067 2744 3108 non
2791 3052 3087 3115 invenitur,
3132 3050 3185 3104 in
3228 3065 3336 3120 quo
3380 3049 3609 3102 inveniri
3638 3050 3733 3103 de-

2147 3146 2270 3200 beat
2296 3145 2557 3200 nescitur.
2611 3141 2978 3199 Redeuntibus
3019 3140 3183 3211 igitur
3224 3139 3377 3194 nobis
3402 3155 3430 3192 a
3459 3139 3732 3195 Remense

2144 3237 2370 3308 synodo,
2397 3235 2625 3306 contigit
2656 3233 2877 3288 \‘irduni
2904 3232 3162 3302 hospitari
3189 3241 3243 3286 et
3273 3246 3379 3285 non
3409 3229 3605 3296 lauari,
3635 3229 3731 3282 sed

2142 3331 2319 3400 potius
2360 3329 2667 3400 lacrymari.
2713 3328 3067 3398 Respcximus
3111 3327 3254 3382 enim
3305 3325 3522 3381 crudele
3574 3325 3731 3379 urbis

2143 3419 2448 3483 excidium,
2497 3419 2656 3488 quale
2711 3418 2887 3472 nullus
2945 3418 3116 3488 possit
3164 3432 3268 3472 non
3319 3417 3502 3472 dolere
3549 3415 3729 3470 homi-

2144 3529 2294 3569 num.
2335 3512 2546 3567 Etenim
2574 3520 2926 3582 tyrannorum
2971 3511 3211 3580 ingressa
3253 3509 3526 3564 civitatem
3577 3507 3731 3562 saevi-

2147 3605 2250 3670 tia,
2281 3614 2444 3659 totam
2481 3602 2647 3658 diruit
2694 3617 2791 3672 per
2826 3601 2945 3656 dira
2994 3600 3267 3663 incendia,
3319 3599 3408 3668 qui
3457 3596 3597 3667 ignis
3632 3610 3731 3651 nec

2144 3693 2247 3764 ipsi
2294 3693 2536 3749 ecclesia:
2586 3699 2789 3747 sauctzn
2833 3689 3016 3744 Mariae
3061 3689 3333 3759 pepercit,
3385 3688 3480 3742 sed
3525 3687 3728 3756 passim

2143 3794 2198 3838 et
2226 3783 2425 3854 ubique
2453 3781 2733 3836 dominans
2756 3779 3104 3851 conﬂagravit
3133 3798 3146 3834 :
3187 3794 3252 3834 ex
3291 3794 3391 3848 qua
3423 3776 3730 3845 conﬂagra-

2147 3873 2310 3937 tione,
2364 3873 2638 3941 inopinato
2666 3871 3108 3940 superveniente,
3159 3869 3515 3924 instrumenta
3565 3865 3729 3921 etiam

2145 3964 2452 4019 chartarum
2527 3971 2829 4016 vestrarum
2923 3960 3332 4030 prtebendarum
3410 3965 3727 4026 consumpta

2143 4063 2271 4110 sunt
2294 4095 2309 4116 .
2333 4043 2429 4108 ‘ita
2468 4063 2526 4106 ut
2581 4052 2783 4108 nullum
2840 4062 3158 4107 remaneret.
3188 4050 3525 4121 QuaprOpter
3554 4049 3730 4120 lacry-

2142 4147 2420 4202 mahiliter
2471 4161 2660 4201 omnes
2709 4145 2777 4199 ad
2820 4145 3044 4214 vestigia
3104 4151 3288 4197 nostra
3337 4141 3592 4211 prostrati
3635 4155 3730 4195 no-

2143 4247 2269 4308 stra-
2312 4236 2618 4306 apostolicaa
2653 4235 2994 4290 auctoritatis
3041 4234 3378 4305 privilegium
3421 4235 3578 4287 vobis
3629 4247 3724 4303 po-

2144 4328 2390 4384 stulastis
2438 4327 2554 4382 ﬁeri
2606 4327 2673 4382 de
2719 4327 2923 4381 eisdem
2971 4325 3298 4395 praebendis,
3338 4324 3523 4378 usibus
3553 4332 3727 4378 etsa-

2143 4420 2294 4478 lariis
2344 4421 2579 4485 vestris,
2633 4420 2702 4474 ab
2761 4419 2998 4488 antiquis
3059 4417 3392 4488 temporibus
3423 4416 3720 4471 concessis.

467 4508 536 4562 al
569 4509 673 4581 hoc
703 4507 1088 4561 monasterium
1125 4505 1421 4577 pertinent.
1466 4505 1540 4560 ila
1578 4506 1733 4561 vobis
1759 4520 2033 4561 Successo-
2073 4527 2120 4586 ι)
2147 4515 2314 4586 Igitur
2361 4513 2603 4569 inclinati
2659 4511 2910 4582 precibus
2955 4511 3149 4566 vestris
3174 4550 3188 4575 ,
3235 4525 3332 4580 per
3380 4510 3481 4564 hoc
3529 4517 3725 4562 nostra:

467 4600 729 4670 ribusque
757 4615 812 4653 Vt
823 4597 954 4653 stris
976 4597 1321 4652 concedimus
1345 4596 1630 4667 episcopis,
1676 4604 1732 4649 et
1756 4595 2045 4652 conﬁrma-

465 4704 588 4745 mus
617 4689 670 4746 in
701 4697 1051 4760 perpetuum;
1100 4687 1172 4742 ita
1199 4687 1342 4757 quod
1372 4687 1440 4742 ad
1468 4686 1661 4742 altaria
1691 4686 2042 4742 ecclesiarum

466 4785 524 4839 in
549 4783 824 4855 episcopio
854 4791 1035 4836 vestro
1065 4781 1326 4842 sitarum,
1361 4779 1500 4834 sicut
1539 4779 1622 4834 eis
1663 4778 2042 4844 concessistis,

467 4877 600 4931 nulli
634 4874 797 4932 liceat
823 4875 984 4930 aliam
1021 4873 1365 4930 introducere
1392 4887 1714 4943 personam,
1743 4871 1844 4928 nisi
1880 4887 2043 4942 quam

468 4985 538 5024 ex
581 4984 826 5025 sororum
855 4983 1076 5024 suarum
1129 4967 1356 5022 consilio
1400 4966 1670 5022 abbatissa
1702 4964 2043 5022 conduxerit.

464 5059 547 5072 "I.
677 5059 710 5072 Ι.
963 5058 974 5072 Ι
1001 5059 1012 5072 I
1076 5058 1109 5072 η.
1495 5057 1508 5072 Ι
1655 5056 1691 5072 ﬁ

2147 4601 2455 4676 apostolicae
2529 4603 2826 4660 sanctionis
2908 4601 3248 4673 privilegium
3339 4601 3722 4658 conﬁrmamus

2145 4705 2201 4749 et
2258 4695 2676 4749 corroboramus
2733 4692 2887 4749 vobis
2949 4692 3252 4761 vestrisque
3315 4689 3723 4746 successoribus

2148 4785 2199 4839 in
2231 4791 2546 4855 perpetuum
2592 4781 2810 4837 easdem
2861 4781 3200 4852 praebendas,
3237 4781 3336 4836 sub
3378 4779 3504 4850 jure
3553 4778 3722 4848 ipsius

2143 4873 2471 4930 beatissima:
2496 4873 2588 4929 Dei
2617 4872 2909 4929 Genitricis
2933 4889 2960 4925 a
2993 4872 3241 4926 ﬁdelibus
3284 4871 3608 4926 constitutas
3654 4865 3719 4922 ad

2145 4965 2458 5037 quotidiana
2514 4964 2816 5019 divinorum
2871 4960 3166 5017 ofﬁciorum
3222 4962 3462 5016 servitia.
3524 4961 3718 5014 Rerum
