4062 5352
292 298 392 359 ὕῖι

1282 301 1643 360 erasmus
1677 304 1762 359 ET
1795 302 2112 362 omnem
2133 290 2548 363 somn-acut:

3444 303 3558 359 630

291 428 514 471 mansos
567 421 625 471 et
682 415 961 471 dimidium
1019 429 1143 469 cum
1201 414 1379 471 hanno
1430 427 1483 472 et
1541 418 1710 483 silva;
1772 417 1877 473 Su-
1907 427 1949 482 Λ
1981 419 2289 473 conditione
2337 434 2461 473 cum
2513 417 2787 472 ctuumuui
2833 415 3059 472 consilio
3101 415 3315 472 comitis
3377 414 3572 488 Baga--

293 505 875 572 periacum-minoretn
926 519 1049 559 cum
1099 504 1326 559 ecclesia
1382 517 1436 559 et
1487 508 1641 561 silvis
1668 517 1724 560 et
1763 524 1880 561 om-

291 598 455 650 nibus
486 597 858 663 appendiciis;
891 596 1195 649 Bella-villa
1224 613 1349 651 cum
1397 597 1598 663 hanno,
1627 609 1878 666 centena,

299 686 629 740 molendiuis
682 697 739 739 et
796 686 1298 748 Mamerti-monte;
1360 690 1426 741 ad
1469 689 1566 742 Ex.
1624 691 1879 745 dimidius

295 794 516 831 mansus
537 794 664 832 cunt
697 780 1004 833 moi-eudin
1031 790 1086 832 et
1110 789 1305 849 prato;
1348 779 1502 834 Mons
1531 796 1652 836 cum
1680 782 1876 847 hanno,

290 879 546 932 ccntana,
607 872 859 933 ecclesia,
917 872 1245 926 molendiuis
1289 883 1343 926 et
1394 874 1644 928 omnibus
1681 889 1882 944 appen-

289 961 485 1020 eliciis;
523 962 890 1028 Agerici-villa
929 979 1051 1016 cum
1109 964 1286 1017 hanno
1333 972 1562 1018 eentana
1596 981 1610 1028 ;
1669 963 1880 1020 Bertlti-

289 1051 568 1112 ueawilla,
599 1050 842 1112 Porario.
876 1053 1152 1108 Pictavilla
1183 1070 1197 1118 ;
1224 1054 1646 1132 IProfundo-rivo
1691 1063 1746 1109 et
1786 1072 1879 1111 ec-

291 1141 498 1197 clesiis.
563 1141 888 1196 molendinis
939 1147 1296 1213 omnibusque
1345 1146 1714 1216 appendiciis;
1771 1147 1884 1202 Mo-

291 1233 591 1287 naldi-villa
619 1250 740 1287 cum
770 1237 971 1299 hanno,
997 1249 1251 1300 ceutana,
1275 1237 1502 1291 ecclesia
1523 1238 1881 1308 omnibusque

291 1325 675 1392 appendiciis;
733 1327 799 1380 al
858 1326 1304 1381 Munaldi-villam
1362 1343 1582 1384 mansus
1632 1331 1683 1393 l,
1737 1329 1881 1384 inter

292 1413 695 1468 Haldi-curtent
739 1425 797 1469 et
849 1414 1048 1470 Villare
1117 1432 1334 1471 manstts
1385 1417 1459 1481 ις
1519 1419 1587 1472 ad
1641 1417 1878 1472 Maroam

290 1505 462 1556 mansi
493 1503 568 1568 2;
610 1505 676 1557 ad
707 1504 976 1572 ANetium
1006 1506 1369 1560 molendinum
1395 1508 1415 1560 l
1445 1524 1462 1572 ;
1504 1509 1568 1561 ad
1595 1507 1880 1564 Grossum-

291 1596 515 1646 rubrum
570 1596 833 1649 medietas
883 1596 1042 1648 unius
1094 1595 1356 1649 ecclesiae.
1413 1596 1557 1651 Inter
1605 1598 1876 1668 Erpeiam-

288 1692 498 1735 curtem
527 1693 582 1736 ct
617 1684 726 1738 Soli
756 1684 785 1736 7
826 1686 1001 1738 mansi
1047 1699 1173 1739 cum
1215 1687 1394 1740 hanno
1415 1696 1476 1740 et
1504 1697 1773 1753 centana;
1811 1689 1879 1743 ad

288 1773 781 1829 Gislahadi-villam
835 1778 1006 1832 mansi
1066 1780 1101 1830 2
1145 1791 1268 1830 cum
1317 1778 1528 1842 hanno,
1573 1790 1798 1835 ceutana
1827 1790 1878 1836 et
1910 1761 1957 1819 Β

288 1865 642 1929 ιιιοιρηειίιιοις
700 1869 765 1920 ad
820 1868 1142 1922 Frasnidunt
1187 1868 1418 1922 ecclesia
1471 1870 1542 1934 l;
1594 1872 1662 1924 ad
1728 1871 1880 1926 Alui-

289 1957 415 2007 dum
464 1954 526 2021 ις
567 1960 634 2008 ad
684 1956 1201 2027 Domuum-Eligitur]
1236 1958 1301 2021 l;
1357 1957 1688 2014 Udesvillare
1729 1977 1880 2014 man-

287 2061 382 2099 s-:s
411 2046 472 2108 l;
513 2063 637 2100 cum
671 2047 890 2100 dimi-lio
921 2047 1154 2100 tnuleud.
1190 2047 1258 2100 ad
1286 2046 1700 2103 Bantisvacbutn
1733 2065 1884 2103 man-

290 2153 383 2189 Sus
416 2139 475 2197 l;
509 2153 633 2192 cuin
670 2141 847 2192 lsauuo
871 2179 886 2200 ,
923 2150 1150 2192 centaua
1180 2150 1234 2194 et
1260 2143 1384 2194 aliis
1414 2143 1602 2206 terris,
1635 2142 1803 2196 vineis
1828 2150 1884 2197 et

288 2228 354 2281 sil
396 2233 441 2282 is
465 2247 478 2288 ;
505 2229 897 2300 Laumerengie
923 2248 1042 2285 cum
1068 2233 1295 2287 ecclesia
1323 2243 1377 2288 et
1402 2237 1653 2291 omnibus
1677 2251 1882 2306 appen-

290 2321 479 2385 dieiis;
510 2325 902 2390 Aquae-ductus
931 2339 1052 2378 cum
1080 2340 1144 2378 ec
1180 2325 1336 2389 lesia,
1377 2327 1526 2382 silvis
1552 2336 1608 2382 et
1632 2330 1881 2384 omnibus

288 2414 673 2481 appendiciis;
731 2414 983 2470 Stadonis
1034 2415 1246 2486 (Euan)
1299 2418 1420 2472 villa
1465 2435 1591 2474 cum
1629 2420 1777 2474 silvis
1826 2431 1882 2476 et

288 2505 550 2558 onxnibus
600 2506 973 2574 appendiciis;
1028 2505 1371 2561 Miseriacum
1425 2523 1546 2562 cum
1605 2509 1876 2574 ecclesia,

293 2595 650 2659 ttmlendino,
694 2595 1048 2651 Sumomonte
1100 2613 1164 2651 ac
1223 2597 1638 2664 Losoni-curte;
1709 2600 1881 2654 Areu-

292 2687 471 2738 ceium
545 2702 668 2738 cum
724 2686 859 2740 silva
933 2697 988 2741 et
1052 2696 1246 2756 prato;
1311 2687 1706 2744 Frumisiacum
1757 2705 1878 2744 cum

293 2777 394 2830 Wa
405 2780 499 2832 rcb
516 2788 579 2834 et
601 2780 825 2834 ecclesia
848 2779 1204 2850 orantibusque
1226 2781 1590 2850 appendit-iis;
1619 2782 1881 2836 Domnus-

290 2874 481 2941 Lupus
523 2889 649 2926 cum
701 2872 930 2927 ecclesia
982 2883 1037 2928 et
1083 2875 1450 2939 molendinis;
1502 2875 1570 2928 ad
1613 2873 1878 2928 Sasleium

297 2980 475 3019 tuaus.
528 2965 599 3029 l;
644 2963 708 3015 ad
755 2961 1065 3018 Todenuatn
1117 2964 1151 3018 4
1201 2973 1383 3034 partes
1435 2965 1594 3019 unius
1640 2963 1881 3020 ecclesia:

294 3077 418 3111 cum
451 3058 635 3123 terris,
666 3057 799 3111 silva
826 3066 881 3111 et
909 3065 1064 3126 prato
1094 3074 1108 3122 ;
1162 3059 1228 3112 ad
1276 3057 1580 3112 Wauzmam
1629 3066 1876 3127 quartam

280 3159 502 3216 partem
540 3151 699 3200 lllltllS
731 3146 973 3200 ecclesia:
1012 3163 1133 3201 cum
1187 3146 1359 3201 tribus
1392 3146 1685 3217 quartariis
1716 3155 1876 3202 teme

292 3248 346 3288 ct
406 3249 610 3305 prato;
667 3236 733 3289 ad
793 3235 1046 3290 Millcium
1110 3247 1313 3307 septem
1366 3237 1672 3308 quartarios
1721 3247 1878 3292 terra!

291 3343 416 3379 cum
477 3327 608 3379 silva
664 3336 716 3380 et
774 3336 966 3396 prato;
1005 3327 1070 3380 ad
1122 3326 1482 3381 Salmoreium
1534 3327 1875 3381 medietatem

291 3416 457 3471 unius
483 3418 768 3481 ecclesiae;
815 3417 1060 3472 Liueium
1103 3434 1226 3473 cum
1273 3419 1506 3474 ecclesia
1553 3428 1608 3472 et
1654 3418 1877 3472 dimidio

295 3508 609 3561 rnuleutlinu
639 3525 654 3573 ;
684 3509 927 3562 Fontane
969 3523 1097 3565 cum
1144 3509 1374 3564 ecclesia
1420 3519 1478 3564 et
1529 3509 1874 3575 molendino;

288 3594 709 3655 ’llaraldi-utous
735 3616 856 3656 cum
891 3601 1122 3656 ecclesia
1148 3611 1205 3656 et
1224 3603 1477 3656 omnibus
1505 3601 1874 3671 appendiciis;

294 3689 696 3746 Wandersallis
719 3707 840 3746 cum
891 3692 1118 3747 ecclesia
1144 3703 1200 3746 et
1222 3693 1476 3747 omnibus
1505 3693 1872 3763 appendiciis;

289 3783 462 3838 Herla
493 3801 614 3838 cum
641 3785 894 3849 ecclesia,
942 3786 1250 3840 molendino
1291 3795 1347 3840 et
1391 3788 1641 3843 omnibus
1677 3803 1879 3859 appen-

290 3877 494 3939 diciis;
555 3875 1117 3946 Superiacum-majus
1161 3886 1216 3934 et
1255 3877 1698 3935 Subterior-villa
1752 3895 1875 3936 cum

292 3967 528 4021 ecclesia
565 4008 578 4030 ,
657 3967 984 4022 molendinis
1046 3978 1100 4022 ct
1177 3969 1428 4026 omnibus
1497 3971 1872 4041 appendiciis;

286 4058 707 4111 Consauraduut
736 4073 859 4112 cum
900 4058 1153 4125 ecclesia,
1199 4061 1519 4116 molendinis
1548 4069 1602 4116 et
1627 4062 1877 4118 omnibus

287 4149 670 4216 appenoliciis;
744 4151 810 4202 ad
860 4148 1223 4204 Braihannum
1289 4161 1494 4219 septem
1566 4152 1877 4222 quartarios

293 4254 453 4295 terra!
484 4259 601 4294 cum
628 4243 782 4296 vinea
807 4251 868 4295 et
920 4243 1051 4298 silva
1080 4259 1095 4308 ;
1132 4242 1426 4298 Moslavilla
1472 4258 1592 4298 cum
1623 4243 1875 4310 ecclesia,

289 4336 606 4388 uinlmulino
675 4345 731 4389 et
799 4337 1052 4392 omnibus
1112 4337 1504 4408 appendiciis;
1566 4337 1875 4393 Flahasium

290 4444 416 4478 cum
468 4425 744 4491 ecclesia;
803 4425 1135 4481 Haudimons
1185 4443 1306 4482 cum
1359 4428 1546 4494 silvis;
1613 4428 1679 4482 ad
1743 4425 1954 4504 Jun-9

295 4518 571 4570 .lwreium
606 4533 781 4570 mans.
815 4518 866 4582 l,
899 4533 1020 4572 cum
1052 4519 1230 4572 hanno
1263 4527 1320 4572 et
1349 4528 1575 4572 centana
1600 4535 1614 4584 ;
1641 4517 1876 4572 Anselli-

290 4627 369 4659 sui
389 4619 421 4660 ιι
447 4625 498 4660 m
531 4624 653 4661 cum
685 4607 914 4662 ecclesia
959 4617 1014 4662 et
1037 4609 1288 4664 omnibus
1313 4609 1682 4679 appendiciis;
1719 4607 1878 4664 Post-

291 4702 481 4754 villnre
533 4717 655 4756 cum
710 4701 962 4765 ecclesia,
1007 4702 1240 4756 molend.
1289 4712 1344 4757 et
1401 4703 1651 4762 omnibus
1680 4718 1878 4774 appen-

291 4795 487 4856 dit-iis;
567 4793 826 4847 Marcium
883 4810 1003 4847 cum
1067 4793 1298 4849 ecclesia
1371 4804 1422 4850 et
1480 4795 1736 4849 omnibus
1785 4808 1879 4862 ap-

292 4885 598 4953 pendiciis;
660 4886 727 4938 ad
793 4883 1013 4938 Areium
1074 4893 1336 4954 quantum
1397 4884 1470 4938 ibi
1532 4885 1693 4938 liabet
1752 4897 1874 4937 cum

293 4991 451 5046 portu
489 4987 545 5031 et
576 4977 822 5047 piscaria:
850 4993 865 5041 ;
933 4976 1172 5032 Beslaric
1208 4989 1330 5029 cum
1361 4975 1570 5031 duabus
1595 4972 1874 5037 ecclesiis;

291 5068 357 5122 ad
392 5069 781 5122 Haudicurtem
823 5069 992 5122 mansi
1041 5068 1112 5132 5;
1157 5067 1224 5120 ad
1273 5065 1547 5120 Balareias
1604 5079 1780 5118 mans.
1815 5065 1872 5129 l;

295 5162 554 5182 ..-‘J!-n-,
591 5161 736 5182 -!'_._
771 5163 934 5182 --..-.'
967 5159 1186 5182 Il--a!_:
1217 5168 1262 5182 Α.
1298 5158 1594 5182 ,-..ι.-...1..
1629 5159 1848 5182 ἔκηα-.--μ

1904 3101 1951 3166 C

1980 513 2140 564 nonis
2199 510 2539 580 aliorumque
2582 525 2800 564 suorum
2856 508 3093 564 ﬁdelium
3153 510 3410 574 fratribus
3454 510 3553 566 ιη-

1981 601 2152 655 Ιοθιιάιι
2201 600 2372 665 dedit,
2428 608 2484 654 ut
2531 600 2839 670 quicunque
2889 601 3049 654 ll0lll0
3095 600 3208 655 sive
3255 599 3445 654 mulier
3487 598 3556 652 de

1979 690 2125 744 oumi
2165 690 2488 745 Virdunensi
2523 691 2867 760 episcopatu,
2896 691 3264 760 cujuscunque
3309 689 3553 746 beneficii

1980 780 2062 834 vel
2103 781 2168 835 de
2209 794 2533 850 quacunque
2585 780 2701 850 lege
2755 789 2916 845 esset,
2973 781 3062 848 qui
3119 781 3170 834 iu
3222 781 3411 836 eadem
3459 796 3556 850 po-

1981 879 2178 925 testate
2227 885 2546 942 permanere
2600 869 2762 925 vellet
2795 911 2809 933 ,
2859 869 3114 925 l'ratrihus
3173 870 3556 941 perpetualitcr

1980 973 2142 1024 esset,
2181 975 2235 1018 et
2261 964 2327 1018 de
2353 977 2453 1016 suo
2492 962 2672 1030 capite
2710 977 2880 1014 unum
2929 961 3164 1016 modium
3196 961 3304 1016 vini
3353 959 3555 1032 persol—

1980 1053 2166 1108 visset.
2223 1053 2279 1106 Si
2324 1068 2450 1107 vero
2499 1050 2592 1105 lilii
2643 1060 2737 1105 aut
2788 1050 2911 1104 ﬁliai
2954 1064 3019 1104 ex
3068 1051 3149 1105 eis
3181 1050 3445 1120 procreati
3488 1051 3574 1104 adt

1981 1145 2116 1198 alias
2147 1145 2322 1199 redire
2357 1144 2652 1198 voluissent
2677 1151 2992 1214 potestates,
3039 1157 3067 1195 a
3110 1142 3290 1196 villico
3319 1140 3556 1210 ejusdem

1979 1240 2264 1310 potestatis
2289 1240 2560 1309 prosecuti
2605 1252 2820 1307 semper
2859 1235 3247 1306 persolvissent
3291 1249 3572 1290 summam-

1979 1346 2175 1387 eensus
2203 1329 2527 1400 praenotati:
2594 1329 2738 1398 quod
2785 1336 2844 1382 ut
2894 1327 3101 1380 ﬁrmius
3144 1326 3198 1380 in
3244 1335 3558 1396 perpetuum

1981 1434 2129 1478 stare
2158 1422 2351 1492 possit,
2381 1420 2584 1490 precati
2621 1429 2749 1474 sunt
2789 1419 2977 1473 eadem
3018 1418 3133 1488 lege
3179 1417 3504 1472 conditionis
3528 1431 3576 1472 at

1981 1511 2138 1565 nobis
2197 1509 2298 1564 sibi
2346 1509 2625 1578 privilegio
2667 1507 2867 1562 llrmari
2895 1549 2910 1572 ,
2955 1509 3096 1562 sicut
3135 1507 3424 1576 praedictus
3445 1506 3564 1575 cpi»

1983 1617 2196 1670 scopus,
2226 1601 2443 1670 quando
2469 1601 2714 1664 dederat,
2751 1600 2933 1660 facere
2961 1599 3185 1654 studuit.
3218 1598 3347 1666 Quae
3373 1598 3573 1653 omnia.

1983 1692 2230 1762 superius
2275 1690 2517 1746 seriatim
2571 1698 2757 1746 notata
2803 1706 2908 1744 non
2959 1689 3134 1746 solum
3173 1690 3326 1745 vobis
3354 1688 3566 1759 conﬁrf

1985 1798 2197 1837 mamus
2219 1789 2274 1837 et
2299 1781 2759 1845 corroboramus;
2803 1780 2897 1835 sed
2936 1779 3100 1834 etiam
3150 1791 3498 1848 quaecunque
3527 1793 3558 1830 a

1986 1871 2235 1926 ﬁdelibus
2261 1871 2586 1926 Christianis
2628 1871 2782 1925 vobis
2812 1870 3114 1938 vestrisque
3155 1868 3562 1924 successoribus

1984 1963 2178 2016 amodo
2233 1962 2435 2016 l'uerint
2489 1963 2843 2016 contrihuta:
2899 1970 3201 2017 statuentes
3265 1961 3570 2032 apostolica

1983 2068 2233 2117 censura,
2271 2054 2370 2108 suh
2411 2052 2578 2107 divini
2623 2051 2808 2120 judicii
2855 2053 3257 2122 obtestatione,
3313 2061 3368 2106 ut
3417 2050 3568 2106 nulla

1984 2145 2262 2200 hominum
2292 2160 2544 2214 persona,
2573 2161 2765 2215 magna
2815 2144 2897 2199 vel
2948 2159 3130 2215 parva,
3192 2142 3576 2212 cujuscunque

1983 2236 2055 2291 sit
2081 2235 2358 2306 dignitatis
2408 2235 2489 2289 vel
2543 2235 2769 2299 ordinis,
2799 2235 3164 2305 cujuscunque
3207 2234 3278 2290 sit
3313 2249 3476 2288 sexus
3506 2242 3565 2290 et

1977 2328 2199 2391 aetatis,
2259 2335 2448 2381 contra
2506 2327 2609 2382 hoc
2660 2327 2826 2382 nostri
2887 2326 3166 2396 apostolici
3220 2325 3565 2395 privilegium

1984 2417 2168 2473 venire
2216 2426 2508 2489 pertentet.
2561 2418 2713 2487 Quod
2762 2419 2854 2489 qui
2911 2434 3075 2480 ausus
3134 2416 3336 2483 fuerit,
3391 2414 3566 2470 nostri

1985 2499 2351 2566 anatltematis
2381 2511 2560 2583 gladio
2582 2527 2754 2582 usque
2781 2513 2848 2567 ad
2875 2513 3092 2582 dignam
3133 2511 3564 2568 satisfactionem

1981 2603 2052 2658 sit
2076 2617 2402 2671 percussus;
2454 2604 2549 2673 qui
2599 2619 2728 2659 vero
2776 2605 2903 2659 illud
2939 2605 3330 2667 observaverit.
3364 2603 3566 2658 illaesus

1980 2701 2036 2747 et
2061 2693 2115 2747 in
2141 2694 2292 2748 omni
2321 2702 2476 2763 parte
2511 2694 2886 2761 inconcussus,
2938 2695 3136 2749 divina:
3178 2693 3567 2760 benedictionis

1981 2783 2211 2853 gratiam
2267 2793 2545 2838 mereatur
2593 2794 2652 2839 et
2702 2796 2920 2840 aeterna:
2966 2785 3091 2841 vitae
3146 2785 3416 2856 particeps
3451 2784 3565 2844 επὶ-ν

1981 2875 2182 2929 ciatur.
3449 2907 3454 2912 -
3519 2891 3524 2907 ς
3553 2917 3556 2920 .

2052 2965 2163 3021 Leo
2188 2979 2348 3037 papa.
2393 2966 2575 3023 Gloria
2623 2967 2833 3025 Domini
2883 2968 3041 3040 plena
3074 2977 3160 3024 est
3207 2974 3370 3024 terra.
3420 2965 3576 3021 Bene

1981 3058 2178 3114 valete.

2051 3150 2091 3220 -ι-
2127 3151 2259 3205 Data
2305 3165 2379 3205 vu
2419 3149 2536 3206 Kal.
2584 3148 2718 3205 Nov.
2766 3162 2866 3218 per
2913 3162 3107 3203 manus
3155 3147 3304 3204 Petri
3343 3147 3567 3210 diaconi

1982 3241 2379 3298 hihliothecarii
2410 3253 2465 3299 et
2492 3241 2798 3299 cancellarii
2832 3249 3033 3296 sanctae
3057 3241 3366 3311 apostolica:
3390 3241 3559 3308 sedis,

1978 3349 2120 3390 anno
2145 3335 2325 3388 domui
2358 3334 2556 3390 Leonis
2581 3333 2704 3388 noni
2730 3347 2882 3403 papa:
2918 3331 2956 3396 i,
2981 3331 3168 3388 indict.
3196 3349 3279 3388 nt.
3530 3353 3535 3360 δ

2049 3426 2288 3494 Appensa
2315 3435 2393 3480 est
2437 3426 2676 3495 plumbea
2708 3424 2850 3480 bulla
2879 3440 3014 3480 cunt-
3039 3425 3138 3481 hac
3182 3425 3559 3495 inscriptione:

1977 3512 2176 3582 Leoms
2207 3531 2375 3570 eam.

2680 3605 2869 3663 XXVI.

1981 3714 2042 3772 S.
2077 3718 2180 3771 Leo
2207 3715 2291 3770 IX
2326 3715 2526 3772 Veteris
2557 3715 2866 3772 Monasterii
2895 3715 2951 3772 S.
2983 3715 3170 3780 Maria!
3198 3715 3564 3780 Virdunensis‘,

2147 3804 2179 3840 α
2223 3804 2332 3842 sese
2369 3789 2682 3853 consecrati,
2716 3789 3068 3858 possessiones
3099 3786 3395 3852 conﬁrmat.

2578 3879 2756 3950 (Anno
2787 3878 2972 3948 tow.)

2053 3970 2210 4045 [Dom
2243 3970 2474 4037 Calmet,
2501 3969 2733 4023 Histoire
2755 3965 3120 4045 deformi“,
3153 3965 3194 4028 lg
3230 3962 3492 4032 Pronoea,

2617 4053 2738 4108 pag.
2772 4035 2925 4108 4%.]

2048 4153 2175 4208 Lm
2189 4153 2492 4222 episcopus,
2523 4164 2714 4206 servus
2737 4162 3026 4205 servorum
3051 4147 3164 4212 Dei,
3197 4146 3350 4202 fratri
3385 4149 3565 4205 Τιιεο-

1979 4261 2174 4302 nomco
2222 4243 2548 4298 Virdunensi
2595 4241 2808 4313 prtesuli
2835 4281 2864 4307 ,τ
2903 4248 2962 4303 et
2997 4237 3109 4294 suis
3159 4241 3568 4296 successoribus

1979 4336 2032 4391 iu
2071 4343 2411 4405 perpetuum.

2070 4429 2128 4482 Si
2183 4427 2392 4482 devotis
2443 4427 2536 4481 Dei
2586 4425 2823 4481 ﬁdelium
2874 4424 3224 4496 petitionibus
3281 4437 3570 4478 assensum

1982 4520 2318 4583 dederimus,
2359 4518 2612 4573 videlicet
2651 4525 2708 4572 ut
2739 4532 2827 4572 res
2854 4528 3166 4573 sanctarum
3208 4515 3567 4575 ecclesiarum

1981 4623 2169 4665 eorum
2227 4607 2598 4678 procurationi
2646 4606 2996 4671 commissas,
3042 4607 3184 4660 unde
3233 4604 3430 4674 duplici
3467 4617 3569 4654 τρε

1980 4700 2230 4755 lectionis
2269 4707 2426 4770 pastu
2475 4697 2768 4753 sustentari
2819 4696 3014 4752 debeat
3047 4711 3178 4765 grex
3230 4694 3559 4755 Douiiuicus,

1981 4793 2151 4847 nostri
2175 4791 2456 4862 apostolici
2487 4789 2753 4859 privilegii
2777 4789 3104 4843 auctoritate
3139 4786 3558 4846 lirmaverimus,

1981 4879 2305 4936 universalis
2327 4877 2582 4933 Ecclesia:
2621 4876 2786 4932 statui
2813 4875 3168 4944 profuturum
3199 4873 3422 4926 minime
3465 4871 3564 4924 du-

1979 4971 2247 5031 bitamus,
2295 4969 2404 5022 imo
2446 4969 2516 5023 ah
2566 4968 2684 5037 ipso
2731 4965 2930 5021 divina:
2978 4962 3368 5019 misericordiae
3416 4960 3568 5015 fonte

1982 5060 2319 5116 remunerari
2361 5059 2654 5114 credimus.
2706 5056 2860 5113 Unde
2893 5053 3134 5113 omnium
3169 5055 3566 5110 catholicorum

1982 5153 2199 5182 “una..-
2247 5152 2575 5180 n‘nnnn.:nnm
2621 5148 2946 5180 nn=nnne:lnn
2997 5144 3205 5180 naval-il
3280 5145 3385 5180 inn“
3438 5144 3569 5180 ΙΙὶιιίί
