4062 5352
488 277 584 336 131

1512 277 1587 339 .S.
1629 276 1874 334 LEONIS
1910 277 1982 334 IX
2020 275 2220 332 ΡΑΡΑΕ
2258 265 2661 334 οιιιίςευωξ

3643 275 3798 332 5:2-

485 395 630 448 sniue
673 391 1034 460 confirmare;
1098 407 1167 449 ne
1211 389 1473 462 quidquid
1525 389 1730 462 lleymo
1776 391 2061 461 episcopus
2089 394 2138 450 Α
2165 390 2339 447 eidem
2367 390 2691 446 charissima
2717 390 3040 446 fiuonostro
3079 388 3321 460 Augusto
3365 389 3683 459 ejusqnesu
3718 420 3746 435 -

486 497 608 535 eum
637 481 848 536 caneris
875 481 1312 547 successoribus,
1337 480 1594 552 pratfatus
1621 481 1786 536 etiam
1817 480 2064 536 Theodo-

489 570 636 625 ricus
681 569 876 640 pra'sul
923 570 1173 634 contulit,
1221 571 1290 624 ab
1340 571 1520 640 aliquo
1561 582 1762 626 sanctae
1812 570 2067 626 Ecclesiae

483 657 707 716 inimico
749 668 869 730 post
901 660 1016 715 haec
1061 660 1326 716 violenter
1371 659 1574 715 auferri
1623 662 1924 732 contingat,
1955 672 2063 718 etc.

487 750 544 806 Si
577 751 700 822 quis
722 760 903 806 autem
935 753 1227 806 temerario
1256 767 1388 807 ausu
1415 753 1853 823 supradictarum
1885 769 2064 807 rerum

487 842 706 896 iuvasor
732 842 1028 908 exstiterit,
1070 842 1212 912 quod
1242 842 1421 899 absit!
1455 843 1594 897 sciat
1641 859 1700 898 se
1743 843 1913 897 nostri
1942 858 2068 896 ana-

485 932 741 989 thematis
795 934 1012 989 vinculo
1066 934 1414 1001 innodatum,
1484 936 1764 991 infernalis
1811 938 2072 1006 gehennze

485 1026 740 1082 incendio
775 1041 898 1082 cum
946 1027 1082 1082 Juda
1117 1029 1381 1084 traditore
1427 1029 1777 1084 cruciandunt
1799 1070 1814 1090 ,
1851 1030 1955 1085 nisi
1984 1044 2070 1084 re-

486 1117 752 1186 sipiscens
776 1117 844 1174 de
873 1119 1014 1175 male
1047 1117 1208 1176 factis
1243 1121 1507 1192 poeniteat
1526 1131 1584 1177 et
1611 1122 1900 1178 commissa
1925 1121 2070 1192 justa

487 1208 864 1266 satisfactione
884 1213 1144 1284 corrigat.
1818 1275 1832 1286 λ

563 1299 758 1356 Datum
820 1303 1051 1372 septimo
1099 1303 1368 1358 Kalendas
1416 1303 1680 1360 Novemb.
1729 1319 1827 1374 per
1879 1318 2074 1359 manus

492 1389 640 1446 Petri
703 1391 940 1457 diaconi,
996 1393 1438 1460 bibliothecarii,
1497 1395 1806 1451 cattcellarii
1871 1403 2077 1451 sanctae

493 1481 803 1551 apostolica:
847 1483 1015 1551 sedis,
1039 1500 1184 1540 anno
1213 1485 1414 1541 domini
1445 1485 1640 1541 Leonis
1665 1501 1815 1555 papa:
1843 1485 2036 1555 primo.

1172 1595 1387 1653 XXVII.

491 1704 555 1763 δ.
582 1705 685 1762 Leo
713 1705 799 1788 rx
822 1707 1092 1793 ecclesia-tn
1122 1707 1491 1793 SS.JSimonis
1519 1720 1566 1763 ct
1589 1711 1754 1793 .uda:
1773 1708 2077 1793 GoslaLien-
2113 1733 2156 1793 Β

559 1794 689 1843 sem,
715 1779 768 1831 in
795 1781 995 1848 synodo
1025 1779 1334 1849 Moguntina
1362 1797 1660 1836 concessam
1689 1783 1787 1835 sibi
1811 1782 1875 1834 ab
1917 1779 2086 1834 [lein-

563 1849 698 1921 rico_
731 1849 1067 1918 imperatore,
1123 1851 1373 1905 tuendam
1427 1853 1644 1921 suscipit
1691 1851 1906 1920 ejusque
1949 1852 2084 1904 bmm

561 1919 864 1992 conﬁrmat,
916 1921 1345 1992 advocatiantque
1396 1933 1444 1976 et
1487 1919 1886 1991 {impositorum
1933 1921 2085 1975 insti-

560 1989 877 2043 tuendorum
902 2000 1206 2058 potestatem
1236 1989 1542 2062 imperatori
1574 1989 1778 2046 tribuit.

1093 2091 1486 2175 CAnnolOlQJ

775 2211 992 2284 [Mausi,
1019 2211 1181 2267 Coac.
1210 2221 1321 2268 tom
1347 2211 1486 2277 XIX,
1514 2213 1618 2269 col.
1652 2211 1800 2286 723.]

569 2302 683 2357 Leo
730 2303 1044 2373 episcopus,
1093 2318 1284 2360 servus
1341 2319 1621 2359 servorum
1667 2305 1786 2370 Dei,
1838 2305 2090 2360 omnibus

495 2396 697 2454 Christi
729 2395 996 2454 fidelibus.
1278 2460 1283 2466 _

567 2487 754 2544 Sancti
799 2488 1060 2558 propositi
1109 2497 1293 2544 votum
1326 2504 1430 2544 non
1479 2490 1654 2545 solunt
1685 2490 1870 2548 divino
1897 2489 2088 2546 effectu

500 2578 786 2650 impletur,
814 2579 907 2634 sed
936 2578 1101 2635 etiam
1125 2580 1363 2635 humano
1401 2578 1655 2652 suffragio
1683 2581 1985 2652 adjuvatur.
2008 2581 2093 2636 Sit

498 2679 681 2728 autem
713 2679 899 2726 notum
947 2671 1199 2728 omnibus
1249 2682 1454 2727 sancta:
1483 2671 1740 2728 Ecclesia:
1786 2674 1931 2737 li'iis,
1983 2682 2089 2728 tam

497 2764 858 2835 prasentibus
878 2779 1040 2834 quam
1069 2762 1286 2830 futuris,
1313 2764 1437 2834 quia
1465 2763 1608 2819 filius
1627 2773 1810 2820 noster
1829 2765 2087 2820 charissi-

497 2871 622 2910 tnus
643 2855 913 2910 secundus
933 2853 1198 2911 llenricus
1212 2855 1506 2924 imperator
1523 2864 1784 2926 augustns
1797 2856 2088 2925 quamdam

499 2943 788 2999 ecclesiam
829 2960 858 2998 a
899 2959 957 3000 se
1010 2943 1250 3000 funditus
1299 2955 1670 3000 constructam
1722 2945 1775 3000 itt
1830 2947 2090 3002 honorem

497 3045 702 3090 sancta:
723 3035 818 3088 Dei
855 3033 1151 3090 Genitricis
1174 3035 1409 3090 dominae
1435 3046 1634 3091 nostra-
1660 3036 1884 3108 virginis
1910 3037 2090 3092 Mariae
2115 3075 2164 3139 ϐ

498 3137 556 3182 et
595 3126 700 3182 BB.
729 3125 1095 3197 apostolorum
1141 3126 1380 3182 Simonis
1409 3135 1466 3182 et
1504 3126 1675 3192 Judte,
1705 3128 1937 3195 positam
1973 3128 2091 3184 loco

501 3217 777 3280 Goslaria.
821 3217 911 3273 ubi
957 3216 1155 3272 fratres
1200 3226 1326 3271 suttt
1372 3218 1473 3272 sub
1517 3219 1776 3273 canonica
1832 3219 2090 3288 degentes

499 3309 712 3378 regula,
768 3309 965 3378 quibus
1024 3309 1316 3378 prmposuit
1379 3310 1667 3378 quemdam
1719 3311 2090 3380 presbyterum

500 3399 724 3465 nomine
746 3398 1092 3466 Ruutalduttt,
1118 3408 1224 3453 tam
1249 3415 1347 3469 pro
1365 3399 1556 3453 animm
1577 3414 1688 3454 Sua
1715 3413 1932 3468 suaeque
1961 3415 2090 3454 con-

498 3487 646 3558 jugis
690 3488 942 3558 Augusta:
992 3487 1114 3541 lilia:
1149 3495 1347 3542 nostra:
1381 3489 1606 3558 Agnetis
1653 3489 1892 3544 remedio
1929 3505 2091 3560 quant

503 3594 613 3650 pro
662 3579 836 3634 salute
897 3580 1059 3634 etiam
1110 3590 1398 3649 parentum
1467 3597 1688 3634 suorunt
1748 3581 1978 3638 Com-adi
2038 3591 2095 3636 et

503 3669 689 3726 Gisilae
730 3671 867 3724 diva:
895 3670 1190 3736 memoriar,
1218 3671 1304 3742 pio
1345 3669 1537 3727 affectu
1568 3674 1761 3741 piaque
1797 3674 2095 3730 intentione

503 3771 696 3818 sancto
716 3762 879 3818 Petro
914 3761 1138 3832 ejusque
1169 3762 1478 3834 apostolicae
1503 3765 1616 3819 sedi
1639 3780 1739 3835 per
1765 3766 2092 3835 scripturam

502 3854 720 3924 propria
755 3869 918 3908 manu
943 3855 1212 3925 signatam
1237 3857 1454 3926 penitus
1481 3858 1749 3913 concessit
1773 3873 1870 3928 per
1905 3873 2096 3912 manus

505 3955 746 4016 nostras,
768 3947 974 4003 scilicet
1006 3948 1208 4020 indigni
1241 3949 1428 4005 vicarii
1459 3950 1700 4019 ejusdem
1733 3951 2095 4020 apostolorum

502 4039 785 4108 principis,
827 4055 952 4094 cum
998 4054 1243 4095 essemus
1273 4056 1396 4096 cum
1441 4055 1508 4096 eo
1558 4041 1868 4111 Moguntina,
1917 4042 2099 4112 ibique

511 4129 776 4201 synodum
835 4131 1182 4196 haberemus,
1223 4141 1283 4186 ιιι
1330 4133 1443 4201 ipsa
1499 4133 1727 4188 ecclesia
1775 4133 1948 4204 posita
1999 4134 2100 4188 sub

511 4218 813 4288 apostolico
845 4218 970 4286 jure
1007 4221 1059 4275 in
1103 4231 1423 4292 perpetuum
1469 4222 1637 4276 libera
1669 4232 1724 4279 et
1767 4225 1946 4293 quieta
1980 4205 2101 4294 per—

507 4313 755 4367 sistatab
782 4315 929 4368 omni
968 4313 1094 4383 jure
1140 4323 1194 4368 et
1223 4314 1482 4380 dontiuin,
1524 4316 1592 4369 ab
1629 4315 1776 4370 omni
1808 4315 2023 4370 laesione
2047 4325 2102 4370 et

2167 481 2474 536 cessoribus
2499 481 2912 536 advocationem
2945 479 3113 550 ipsius
3144 482 3284 534 sat-ri
3315 480 3416 538 loci
3449 496 3514 536 ea
3546 482 3752 537 ratione

2169 575 2494 644 relinquere,
2518 583 2578 628 ut
2603 589 2816 644 semper
2839 573 2892 628 in
2909 582 3174 644 potestate
3195 574 3753 644 habeantpraapositos

2168 669 2462 722 secundum
2494 667 2661 721 Dcnm
2687 665 2965 730 ordinare,
2995 680 3100 720 non
3137 675 3319 720 autem
3342 682 3407 719 ex
3441 666 3602 720 bouis
3625 665 3753 734 ipsis

2170 757 2370 828 aliquid
2399 757 2558 812 alicui
2607 758 2662 812 in
2691 756 2966 826 proprium
2999 755 3152 820 dare,
3187 755 3302 811 sive
3340 756 3392 809 in
3433 756 3754 811 beneficium

2173 847 2430 902 tribuere.
2468 847 2557 910 At,
2597 847 2642 902 si
2672 857 2860 900 contra
2890 846 3312 916 prohibitionem
3339 855 3586 900 nostram
3612 845 3760 914 quis-

2171 953 2333 1008 quam
2357 953 2546 994 eorum
2572 938 2862 993 tentaverit
2889 952 3071 1008 agere,
3100 937 3330 993 liberum
3353 938 3611 1007 jubemus
3644 951 3761 991 esse

2173 1030 2480 1099 praeposito,
2511 1039 2566 1085 et
2591 1029 2871 1085 canonicis
2900 1030 2992 1100 qui
3027 1031 3098 1084 ibi
3126 1044 3223 1100 pro
3256 1038 3496 1098 tempore
3536 1029 3760 1093 fuerint,

2175 1121 2254 1175 sic
2280 1121 2592 1176 omnimodo
2615 1121 2682 1175 ad
2708 1120 3004 1175 Romanam
3061 1119 3346 1174 ecclesiam
3386 1119 3649 1186 deinceps
3677 1133 3763 1172 re-

2174 1211 2400 1280 spicere,
2431 1221 2489 1266 ut
2509 1210 2642 1265 nihil
2679 1218 2920 1266 metuant
2945 1210 3012 1266 de
3041 1209 3300 1279 imperiali
3332 1209 3413 1264 vel
3457 1210 3604 1279 regia
3632 1224 3764 1264 ωηο

2176 1303 2402 1358 ditione.
2451 1302 2744 1371 Episcopus
2789 1310 2969 1355 autem
3031 1302 3084 1354 itt
3133 1299 3287 1368 cujus
3332 1299 3555 1354 dioecesi
3613 1299 3768 1354 istius

2177 1394 2418 1450 ecclesia:
2463 1403 2834 1450 constructum
2876 1404 2960 1448 est
3000 1393 3412 1455 monasterium,
3441 1391 3579 1446 nihil
3610 1393 3664 1446 in
3706 1406 3770 1444 eo

2178 1487 2378 1542 habeat
2423 1485 2563 1554 juris
2604 1494 2698 1539 aut
2759 1485 3045 1556 potestatis
3089 1494 3288 1554 pnnter
3335 1483 3770 1538 ecclesiasticum

2181 1579 2442 1649 regimen,
2465 1577 2825 1633 etsecundum
2848 1577 3107 1631 canonica
3131 1576 3371 1630 instituta
3399 1572 3765 1644 episcopalem

2185 1679 2532 1742 potestatem.
2555 1670 2858 1724 Statuimus
2885 1669 3066 1740 igitur:
3073 1666 3366 1738 apostolica
3391 1681 3652 1728 censura,
3675 1666 3774 1718 sub

2183 1765 2354 1820 divini
2395 1764 2582 1833 judicii
2630 1763 3016 1826 obtestatione,
3061 1769 3122 1814 ttt
3162 1759 3306 1813 nulla
3335 1767 3580 1827 potestas
3608 1755 3776 1825 impe-

2189 1858 2335 1912 rialis
2383 1858 2465 1912 vel
2533 1856 2701 1927 regia,
2762 1853 3128 1910 ecclesiastica
3186 1852 3268 1904 vel
3327 1848 3629 1912 saecularis,
3693 1845 3773 1898 vel

2185 1950 2390 2020 qumvis
2440 1949 2718 2004 hominum
2762 1960 2991 2016 persona
3025 1958 3216 2014 magna
3249 1941 3334 1995 vel
3381 1954 3570 2011 parva,
3597 1937 3779 2006 cujus-

2187 2056 2402 2112 cunque
2431 2041 2502 2096 sit
2533 2053 2696 2100 sexus
2727 2037 2811 2092 vel
2839 2037 3035 2101 mtatis,
3067 2044 3261 2091 cont-ra
3290 2033 3392 2088 hoc
3422 2039 3622 2087 nostra:
3646 2041 3776 2098 apo-

2188 2136 2392 2192 stolicae
2422 2132 2885 2189 corroborationis
2935 2127 3277 2200 privilegium
3329 2125 3516 2180 venire
3562 2133 3778 2192 perten-

2189 2239 2286 2284 tet.
2321 2228 2579 2298 Quisquis
2599 2242 2750 2289 vero,
2779 2239 2966 2296 qtunve
2994 2221 3292 2292 quodvisve
3314 2218 3498 2281 fuerit,
3518 2230 3692 2283 usque
3713 2212 3779 2266 ad

2189 2323 2406 2392 dignam
2435 2318 2859 2374 satisfactionem
2899 2315 3066 2370 nostri
3100 2312 3376 2383 apostolici
3411 2305 3780 2364 anathematis

2190 2413 2414 2466 vulnere
2441 2410 2715 2464 sauciatus
2742 2408 2958 2462 existat.
2989 2405 3089 2472 Qui
3118 2419 3248 2458 vero
3289 2402 3356 2456 ab
3388 2399 3476 2453 hic
3497 2394 3780 2466 prohibitis

2192 2515 2250 2558 se
2278 2502 2613 2563 custodierit,
2644 2512 2698 2554 et
2724 2498 2984 2570 quidquid
3013 2498 3102 2550 hic
3133 2495 3326 2574 legitur
3355 2491 3564 2546 illibate
3592 2487 3780 2542 obser-

2189 2596 2420 2659 vaverit,
2440 2593 2649 2664 plenam
2671 2595 2863 2646 habent
2878 2608 2907 2645 a
2923 2589 3075 2645 nobis
3092 2586 3542 2644 benedictionem,
3560 2590 3616 2635 et
3630 2596 3661 2632 a
3679 2579 3784 2631 Deo

2191 2687 2575 2758 sempiternam
2604 2684 2854 2738 salutem.

2265 2781 2455 2834 Datum
2494 2793 2546 2831 tv
2574 2776 2762 2831 Kalen.
2800 2773 3059 2829 Novemb.
3113 2787 3210 2842 per
3241 2783 3434 2823 manus
3470 2764 3620 2819 Petri
3669 2761 3784 2817 dia-

2193 2873 2312 2928 coni
2340 2871 2754 2935 bibliothecarii,
2783 2880 2831 2924 et
2862 2867 3167 2924 cancellarii
3195 2863 3252 2919 S.
3284 2859 3593 2933 apostolica
3619 2855 3784 2918 sedis,

2193 2977 2335 3018 anno
2361 2961 2562 3016 domini
2596 2959 2793 3016 Leonis
2821 2960 2925 3014 PP.
2956 2977 2993 3022 ι,
3035 2958 3216 3014 indict.
3251 2971 3333 3011 ttt.

2875 3069 3107 3126 XXVIII.

2197 3166 2349 3220 Bulla
2382 3165 2441 3222 S.
2479 3164 2668 3221 Leonis
2717 3163 2835 3227 IX,
2878 3181 2970 3228 pro
3003 3163 3057 3216 S.
3097 3160 3400 3214 Deodatom
3456 3171 3794 3228 rosago.‘—-_

2268 3237 2453 3292 Πράκα
2479 3255 2510 3290 a
2539 3236 2760 3290 concilio
2791 3223 3121 3302 Moguntina,
3155 3230 3302 3286 uaria
3347 3229 3518 3282 sancti
3564 3223 3793 3279 Deodali

2199 3355 2201 3358 .
2263 3309 2533 3364 canonicis
2565 3308 2796 3361 concedit
2827 3306 3122 3373 privilegia.

2792 3396 2969 3464 (Anno
3009 3393 3190 3464 1049.)

2514 3486 2989 3562 [Martcne,'Tltes.
3021 3485 3215 3539 Anecd.
3246 3483 3290 3548 I,
3319 3479 3470 3553 I69.]

2265 3579 2380 3636 Lso
2417 3581 2747 3649 episcopus,
2809 3592 3000 3634 servus
3046 3590 3329 3631 servorum
3370 3573 3505 3635 Dei,
3553 3568 3673 3631 tibi,
3732 3567 3790 3622 S.

2198 3671 2456 3735 Deodate,
2488 3679 2544 3727 et
2576 3686 2674 3741 per
2720 3679 2771 3725 te
2810 3668 3172 3724 servientibus
3221 3666 3345 3728 tuis,
3391 3664 3705 3733 quicunque
3739 3659 3794 3713 in

2197 3763 2425 3820 ecclesia
2456 3772 2543 3817 tua
2578 3762 2672 3816 tibi
2703 3777 2799 3830 pro
2825 3769 3067 3829 tempore
3087 3757 3380 3814 servierint
3409 3756 3466 3809 in
3493 3754 3638 3809 valle
3667 3753 3793 3815 sita,

2197 3870 2318 3926 quat
2371 3855 2572 3911 dicitur
2625 3853 2844 3910 Galiltea
2876 3891 2892 3918 ,
2942 3860 3258 3922 perpetuam
3321 3848 3375 3902 in
3429 3845 3663 3902 Domino
3709 3858 3796 3899 sa-

2200 3949 2390 4004 lutetu.

2271 4037 2408 4102 Quia
2443 4034 2642 4090 divina:
2671 4032 3001 4104 dignationis
3033 4040 3189 4095 ntttu,
3211 4045 3317 4084 non
3351 4027 3554 4082 nostris
3582 4024 3797 4080 meritis

2201 4128 2562 4198 exigentibus,
2616 4126 2682 4181 de
2734 4122 2970 4180 Tttllensi
3000 4123 3128 4176 sede
3173 4119 3240 4175 ad
3294 4119 3536 4173 omnittm
3584 4116 3794 4170 sedium

2201 4221 2458 4288 primaut,
2508 4217 2759 4273 videlicet
2805 4214 3158 4285 apostolicam
3208 4209 3653 4280 demigravimus,
3699 4221 3793 4258 ne-

2203 4303 2354 4364 cesse
2392 4309 2650 4362 habemus
2692 4306 2947 4361 omnibus
2993 4302 3176 4358 omnia
3223 4315 3385 4365 esse,
3433 4298 3796 4364 omnibusque

508 4405 953 4471 molestia,suam
983 4406 1346 4475 integritatem
1371 4406 1576 4460 habens
1601 4407 1652 4459 in
1674 4406 1926 4460 omnibus
1942 4405 2102 4460 rebus
2127 4415 2180 4474 D
2206 4400 2543 4462 benefacere,
2579 4399 2671 4454 sed
2699 4397 2802 4452 illis
2834 4397 2915 4453 vel
2947 4396 3181 4450 maxime
3205 4393 3339 4447 locis
3372 4391 3464 4462 qui
3497 4393 3566 4444 ad
3586 4389 3793 4444 cultum

510 4507 568 4550 et
596 4495 968 4560 facultatibus,
1022 4511 1160 4565 quas
1205 4495 1368 4549 modo
1415 4495 1580 4550 habet
1609 4495 1660 4549 in
1691 4495 1951 4564 pracdicto
1982 4497 2101 4550 luco

510 4587 762 4644 Goslaria
790 4587 843 4642 in
877 4587 1042 4658 ligcln
1064 4597 1120 4642 et
1149 4587 1460 4654 lltereselib,
1489 4597 1544 4641 ct
1567 4588 1618 4642 itt
1653 4587 2100 4651 Scetnmenstete,

510 4687 568 4734 et
596 4678 651 4733 in
695 4677 968 4740 Gcrstete,
1011 4686 1067 4732 et
1113 4678 1166 4732 in
1213 4677 1465 4732 \‘alcutro
1504 4678 1656 4746 juxta
1693 4675 1936 4730 Rhenum
1976 4677 2099 4739 sito,

513 4769 742 4840 aliisque
777 4769 910 4825 locis
935 4778 990 4824 et
1026 4769 1189 4832 villis,
1235 4778 1291 4824 et
1320 4784 1658 4838 quacunque
1689 4769 1741 4822 iu
1783 4781 2101 4838 perpezuum

515 4862 767 4916 habitura
801 4869 905 4924 est,
933 4861 1046 4914 sive
1068 4861 1177 4914 sint
1209 4860 1426 4913 mobilia
1462 4860 1573 4913 sive
1603 4859 1920 4914 itntnoltilia.
1949 4859 2101 4926 Quod

513 4951 714 5006 donum
751 4951 818 5007 dc
857 4949 1106 5005 manibus
1125 4949 1368 5019 praedicti
1397 4948 1492 5003 lilii
1524 4949 1694 5003 nostri
1725 4949 1953 5021 Augusti
1979 4965 2101 5005 sus-

513 5041 774 5080 minionlpc

854 5039 1195 5080 denotavit-tua
1231 5055 1328 5080 nor
1385 5041 1486 5080 Imn
1541 5048 1739 5080 Itnclrm
1798 5039 2106 5080 nrtnclnlinm

2207 4492 2300 4548 Dei
2340 4501 2396 4548 et
2424 4493 2605 4547 divina
2651 4489 2824 4545 officia
2868 4505 2898 4542 a
2950 4487 3154 4542 Christi
3205 4484 3452 4538 fidelibus
3493 4490 3620 4538 sunt
3669 4495 3796 4534 eon-

2204 4590 2434 4638 strucla.
2459 4581 2820 4652 Quapropter,
2855 4593 2979 4633 cum
3021 4577 3324 4632 rediremus
3351 4589 3382 4626 a
3427 4571 3633 4644 synodo
3681 4569 3792 4622 Mo-

2205 4674 2455 4744 guntina,
2489 4687 2651 4742 quam
2684 4688 2781 4742 pro
2826 4680 2968 4727 statu
3017 4667 3352 4724 Germanica:
3405 4671 3460 4718 et
3505 4661 3796 4717 Gallicana:

2207 4765 2463 4821 Ecclesiae
2493 4765 2858 4833 disposuimus
2886 4762 3181 4822 celebrare,
3217 4759 3305 4812 ttbi
3339 4755 3565 4825 contigit
3605 4769 3702 4808 nos
3728 4751 3794 4805 ad

2207 4857 2492 4913 ecclesiam
2539 4867 2683 4911 tuam
2711 4895 2727 4922 ,
2758 4855 2818 4908 S.
2848 4854 3112 4916 Deodate,
3141 4852 3347 4915 venire,
3385 4850 3546 4904 sitam
3578 4848 3630 4901 in
3660 4845 3794 4899 valle

2209 4947 2422 5018 Vosago
2452 4963 2573 5016 qua:
2616 4947 2818 5000 dicitur
2847 4946 3087 5005 Galilaea.
3117 4944 3263 4998 dttcti
3295 4956 3483 4996 amore
3529 4950 3642 5004 tttn,
3669 4939 3790 4992 dunt

2210 5040 2384 5078 mIIttm
2436 5037 2705 5078 Tullus-teis:
2754 5037 3098 5076 nniconnnlnc
3139 5044 3351 5074 unt-arpi
3409 5034 3474 5072 alt
3518 5033 3770 5072 puicnnm
