4062 5352
195 260 302 317 633

1171 252 1651 314 EPISTOLJEET
1684 254 2004 311 DECRETA
2041 251 2447 310 PONTIFICIA-

3373 251 3482 309 63d

198 374 312 429 Deo
361 370 588 442 proprio
626 369 815 427 labore
863 368 1064 426 addere
1126 369 1420 440 potuerint,
1466 367 1662 425 amodo
1705 383 1800 424 eas
1827 375 1874 431 Λ
1976 366 2259 423 Praeclaris
2332 366 2475 420 votis
2550 364 2729 422 divina
2786 363 3131 420 miseratione
3194 373 3481 435 praistatur

196 461 510 518 oblationes
557 460 754 517 fratres
803 460 854 514 in
888 475 1173 515 commune
1222 460 1475 515 habeant.
1509 460 1594 525 Et,
1618 475 1790 529 quan-

195 552 487 621 docunque
538 550 792 621 prmlatus
826 549 1068 621 ejusdem
1122 550 1379 606 Ecclesize
1411 566 1441 603 a
1492 551 1602 605 Deo
1632 551 1795 604 fuerit

194 648 448 703 vocatus,
476 654 638 709 quem
684 638 772 691 illa
801 638 1151 710 congregatio
1183 654 1250 693 ex
1301 653 1421 693 sese
1468 639 1796 694 unanimiter

193 729 447 801 elegerit,
474 728 800 799 prapositus
832 728 1259 799 subrogetur,‘et
1295 730 1361 781 ad
1393 728 1582 782 altaria
1631 730 1795 783 bene-

193 820 424 875 dicenda
454 860 470 885 ,
524 819 609 873 vel
672 833 854 873 sacros
923 819 1143 874 ordines
1185 818 1586 890 principiendos
1634 832 1795 887 quem

191 915 468 969 voluerint
522 912 832 983 episcopum
903 921 1190 981 expetant,
1241 911 1497 978 nullaque
1558 910 1794 964 leclesia

193 1004 491 1073 quidquam
530 1017 789 1071 separare
819 1002 899 1054 vel
932 1000 1147 1056 auferre
1178 1004 1244 1057 ab
1274 1003 1355 1056 eis
1380 1009 1703 1072 przesumat,
1741 1010 1795 1053 et

193 1095 424 1160 nemini,
454 1095 563 1150 nisi
595 1094 910 1149 invitatione
942 1104 1035 1147 aut
1070 1094 1426 1163 permissiune
1477 1091 1641 1146 to‘ius
1666 1108 1796 1146 con-

192 1187 554 1258 gregationis,
587 1187 749 1242 liceat
797 1186 1113 1241 monasterii
1161 1187 1328 1256 ipsius
1374 1193 1524 1254 septa
1569 1185 1792 1241 intrare.

193 1276 344 1345 Quod
420 1277 465 1331 si
519 1276 746 1347 quilibet
784 1276 1130 1348 pontiﬁcum,
1185 1278 1255 1333 ab
1306 1276 1387 1332 eis
1435 1277 1797 1332 communiter

191 1365 525 1436 postulatus,
578 1382 676 1437 pro
721 1367 962 1438 ipsorum
1010 1367 1241 1424 utilitate
1296 1365 1608 1429 accesserit,
1647 1382 1793 1435 mox,

193 1459 494 1515 secundum
548 1458 879 1513 voluntatem
953 1459 1393 1530 congregationis
1437 1461 1649 1532 expleto
1688 1476 1792 1515 suo

194 1548 517 1615 minister‘o,
549 1549 883 1617 prandioque
914 1560 1129 1619 sumpto
1151 1550 1312 1603 abeat
1337 1550 1541 1622 absque
1567 1550 1797 1621 requisi-

194 1639 340 1695 tione
378 1639 549 1693 ullius
592 1640 853 1702 muneris,
907 1648 1171 1708 quatenus
1204 1639 1398 1695 fratres
1440 1644 1504 1696 de
1546 1652 1793 1714 pert-cpta

1892 460 2133 517 eﬂectus.
2163 461 2290 516 Inde
2314 458 2565 530 estquod
2596 458 2772 524 nobis,
2822 473 2851 511 a
2910 458 3115 527 synodo
3158 474 3317 528 quant
3368 458 3473 512 Μαι

1894 550 2091 621 guntize
2127 549 2417 604 habuimus
2451 548 2820 612 redeuntibus,
2847 548 3069 618 contigit
3095 565 3190 619 per
3238 559 3475 604 vestrum

1899 643 2290 698 monasterium
2342 642 2554 706 venire,
2604 650 2660 695 et
2706 640 2994 694 ecclesiam
3051 640 3373 694 benedicere
3414 657 3477 696 ac

1897 733 2151 788 dedicare
2182 733 2363 787 divino
2395 732 2601 785 numiui
2634 746 2795 801 quam
2849 731 3061 785 noviter
3096 742 3477 785 construxera-

1897 825 1990 889 tis,
2018 824 2113 878 sed
2145 823 2380 877 nondum
2423 822 2774 891 perfeceratis
2813 822 2880 874 ad
2910 820 3147 891 plenum,
3205 829 3258 874 et
3314 820 3478 874 etiam

1897 913 2095 969 vestris
2120 913 2371 984 precibus
2421 913 2548 967 illuc
2581 910 2877 966 transferre
2923 926 3123 980 corpus
3172 909 3342 967 beatze
3390 910 3479 965 lli-

1895 1005 2113 1060 chardte
2149 1003 2336 1074 prima:
2394 1001 2807 1057 conslructricis
2862 999 3107 1069 ejusdem
3156 996 3481 1053 venerabilis

1896 1097 2019 1161 luci,
2052 1112 2212 1167 quem
2243 1112 2338 1166 per
2358 1094 2666 1150 donationis
2689 1094 2940 1164 paginam
2966 1109 3070 1147 una
3097 1108 3219 1146 cum
3251 1092 3484 1163 conjuge

1895 1206 1995 1245 suo
2023 1189 2219 1245 Carolo
2254 1190 2588 1259 imperatore
2615 1197 2846 1257 augusto
2892 1185 3243 1241 contradidit.
3273 1184 3481 1253 Itaque,

1899 1280 2144 1335 inclinati
2218 1280 2418 1335 vestris
2475 1278 2993 1339 intercessionibus,
3052 1277 3118 1330 ad
3175 1275 3484 1346 exemplum

1897 1374 2353 1441 prmdccessorum
2383 1381 2716 1433 nostrorum,
2745 1386 2843 1442 pro
2871 1369 3325 1445 futuri_tcmporis
3348 1384 3479 1422 catt-

1899 1464 2001 1518 tela
2048 1479 2148 1519 nec
2183 1478 2290 1518 non
2322 1462 2615 1518 stabilitate
2665 1461 2908 1531 ejusdem
2961 1459 3087 1524 loci,
3128 1458 3483 1513 concedimus

1895 1562 1948 1606 et
1979 1554 2370 1608 confirmamus
2392 1552 2546 1606 vobis
2574 1551 2714 1604 idem
2742 1549 3155 1612 mouasterimn,
3189 1549 3331 1617 quod
3379 1562 3484 1618 per

1898 1646 2002 1701 hoc
2028 1654 2228 1701 nostra:
2253 1644 2567 1716 apostolicte
2590 1641 2933 1698 auctoritatis
2961 1639 3325 1712 privilegium,
3356 1654 3482 1693 eum

142 1736 149 1742 '
191 1730 395 1801 quiete,
438 1730 669 1800 juvantc
724 1728 970 1796 Omnino,
1013 1746 1111 1800 per
1150 1740 1391 1801 tempora
1420 1733 1713 1792 exsultent.
1743 1742 1791 1787 et

1900 1754 1934 1793 ο
1955 1739 2153 1792 nnihus
2212 1738 2371 1792 rebus
2408 1746 2464 1790 et
2492 1734 2837 1792 facultatibus
2865 1733 2994 1794 suis,
3030 1745 3165 1800 quas
3195 1730 3354 1783 modo
3387 1729 3487 1784 ba-

192 1842 289 1897 pro
319 1834 463 1881 statu
501 1824 755 1880 Ecclesia:
775 1825 1054 1879 cathol.ca:
1082 1825 1317 1895 quietius
1349 1826 1514 1882 Deum
1544 1839 1791 1882 exorent.

193 1915 250 1973 Si
288 1928 472 1972 autem
527 1916 763 1986 aliquam
799 1917 1283 1987 transgressionem
1336 1934 1446 1973 sua:
1486 1920 1681 1989 regula:
1726 1919 1798 1975 fe-

192 2006 390 2070 cerint.
414 2013 472 2063 et
492 2021 523 2060 a
548 2008 771 2078 proprio
811 2017 1032 2077 pastore
1065 2008 1340 2080 objurgari
1376 1991 1669 2075 noluerint,
1697 2027 1797 2066 nec

193 2111 298 2154 non
328 2098 607 2168 peclatus,
655 2097 746 2166 qui
773 2103 823 2153 et
855 2097 994 2153 idem
1021 2114 1210 2153 eorum
1240 2100 1545 2168 episcOpus,
1576 2102 1795 2157 seditio-

191 2205 315 2244 nem
362 2190 802 2260 congregationis
839 2191 1032 2246 sedare
1055 2206 1150 2262 per
1193 2207 1254 2248 se
1302 2194 1627 2263 nequiverit,
1672 2203 1796 2249 tune

192 2278 328 2333 alios
370 2278 471 2333 sub
494 2280 685 2334 eadem
734 2281 913 2352 regula
945 2283 1243 2339 servientes
1292 2288 1356 2337 ad
1408 2286 1578 2353 ipsum
1616 2300 1796 2339 munu-

193 2370 419 2424 sterium
448 2380 736 2436 convocet,
769 2373 858 2442 qui
892 2374 1163 2428 sententia
1207 2374 1440 2446 regulari
1471 2376 1787 2431 scandalum

199 2462 507 2531 deprimere
531 2473 743 2523 curent.
773 2465 924 2535 cujus
948 2466 1025 2521 rei
1053 2470 1458 2523 concess30nezn
1478 2470 1562 2524 bis
1586 2470 1789 2525 nostris

194 2552 443 2623 apicibus
495 2556 915 2611 corroboramns
966 2566 1022 2611 et
1067 2557 1476 2624 conﬁrmaums,
1525 2569 1578 2613 et
1619 2559 1786 2613 etiam

190 2653 392 2700 cetera
425 2644 589 2711 bona,
637 2655 746 2702 tam
778 2646 994 2702 inubilia
1024 2663 1187 2718 quam
1220 2649 1534 2716 immobilia,
1564 2649 1792 2705 ubicun-

194 2752 302 2803 que
330 2739 629 2805 manentia,
655 2753 780 2809 qua:
805 2739 963 2793 modo
990 2739 1150 2794 habet
1183 2749 1238 2794 et
1269 2740 1505 2810 possidet
1536 2740 1648 2811 ipsa
1679 2751 1791 2804 tua,

199 2824 261 2882 S.
296 2828 556 2893 Dcodate,
579 2828 830 2891 ecclesia,
874 2837 930 2884 et
958 2844 1131 2898 usque
1160 2830 1213 2884 in
1245 2840 1562 2900 perpetuqu
1591 2831 1793 2886 habere

196 2919 420 2989 poterit,
448 2920 529 2973 vel
577 2934 677 2989 per
707 2935 1059 2990 quoscunque
1087 2920 1289 2975 Christi
1320 2919 1521 2983 ﬁdeles,
1555 2921 1791 2991 majores

197 3009 281 3063 vel
312 3011 547 3063 m'nores
571 3008 861 3078 utriusque
891 3023 1053 3063 sexus
1078 3009 1448 3078 cujuscunque
1496 3010 1694 3074 relatis,
1730 3018 1789 3064 ut

199 3100 402 3154 nemini
445 3100 605 3155 lierat
630 3101 846 3155 auferre
872 3101 1166 3171 quidquam
1198 3100 1281 3156 vel
1310 3101 1609 3156 diminucre
1647 3118 1785 3172 quo-

199 3188 330 3243 lbet
374 3192 532 3245 modo
562 3204 630 3244 ex
685 3191 844 3246 bouis
892 3193 1045 3262 ipsis,
1084 3200 1192 3247 tam
1238 3192 1593 3262 pra-sentibus
1629 3207 1791 3262 quam

204 3280 428 3343 tuturis;
472 3288 781 3337 statuentes
817 3283 1110 3353 apostolica
1161 3297 1415 3348 censura,
1463 3282 1565 3338 sub
1622 3282 1791 3338 divini

191 3366 377 3439 iudicii
399 3373 790 3437 obtestatione,
820 3381 879 3427 ut
908 3374 1053 3428 nulla
1078 3374 1354 3429 hominum
1385 3390 1642 3445 persona,
1673 3390 1790 3428 ma-

205 3473 309 3529 gia
340 3461 417 3516 vel
450 3478 650 3533 parva,
703 3472 893 3518 contra
953 3464 1095 3519 hanc
1139 3474 1382 3519 nostram
1438 3464 1790 3534 apostolicam

202 3553 614 3609 concessionem
646 3561 702 3610 et
731 3553 1199 3610 conﬁrmationem
1232 3557 1455 3610 obviare
1499 3565 1790 3627 pertentet.

205 3641 356 3710 Quod
383 3645 699 3715 quicunque
736 3662 901 3702 ausus
933 3632 1096 3701 fuerit
1128 3662 1297 3716 usque
1351 3648 1415 3701 ad
1465 3648 1790 3717 condignam

202 3748 230 3788 s
269 3733 633 3792 tisfactionem
654 3742 822 3792 nostri
839 3738 1197 3793 anathematis
1216 3736 1493 3809 sulijaceat
1517 3737 1789 3809 periculis.

199 3824 250 3894 Ω
272 3829 303 3880 .i
337 3843 469 3882 vero
496 3838 682 3883 custos
724 3838 781 3883 et
811 3830 1130 3909 observator
1156 3829 1317 3900 hujus
1343 3837 1541 3882 nostra:
1568 3843 1793 3883 conces-

199 3920 372 3975 sonis
422 3929 476 3975 et
513 3922 976 3978 corroboratiouis
1022 3920 1208 3987 fuerit,
1238 3936 1268 3975 a
1299 3921 1626 3977 retributore
1668 3937 1788 3975 orn--

202 4012 352 4065 nium
394 4012 660 4068 bonorum
685 4014 1063 4079 benedicatur,
1089 4020 1145 4068 et
1174 4024 1434 4069 aeternam
1466 4012 1632 4067 vitam
1662 4028 1790 4069 con-

204 4101 358 4169 sequi
394 4112 686 4157 mereatur.

279 4192 478 4246 Datum
508 4209 593 4248 xvi
650 4194 771 4250 Kal.
806 4195 1118 4251 Decembris
1138 4211 1239 4267 per
1266 4209 1457 4250 manus
1493 4194 1639 4250 Petri
1673 4196 1789 4250 dia-

206 4283 326 4337 coni
360 4284 763 4342 bibliothecarii
796 4295 850 4342 et
886 4288 1194 4343 cancellarii
1227 4297 1431 4342 sancta
1480 4290 1789 4359 apostolica:

1898 1831 2026 1886 bere
2048 1831 2282 1893 videtur,
2312 1839 2367 1884 et
2394 1827 2671 1897 deinceps,
2700 1824 2994 1879 auxiliante
3024 1822 3273 1885 Domino,
3303 1822 3417 1875 sive
3446 1837 3477 1877 a

1899 1920 2140 1992 regibus,
2177 1920 2291 1974 sive
2342 1935 2374 1974 a
2414 1918 2790 1989 cujuscunque
2842 1913 3128 1985 dignitatis
3164 1923 3224 1977 ,et
3277 1911 3484 1967 ordinis

1897 2012 2230 2075 hominibus,
2262 2025 2479 2080 quoquo
2505 2016 2663 2079 pacto
2712 2006 2995 2076 acquirere
3024 2004 3224 2075 poterit
3256 2019 3271 2068 ;
3304 2002 3394 2056 sezl
3426 2009 3482 2055 et

1898 2101 1950 2156 in
1983 2102 2097 2172 ipso
2127 2102 2332 2172 majore
2357 2101 2528 2155 altare
2567 2115 2719 2153 nova:
2749 2097 2994 2153 ecclesiae
3023 2110 3053 2148 a
3085 2095 3253 2148 nobis‘
3290 2107 3482 2148 conse-

1897 2204 2072 2259 erato,
2103 2194 2455 2265 prohibemus
2477 2192 2635 2247 alicui
2657 2190 2927 2247 sacerdoti
2946 2190 3163 2245 missam
3182 2185 3481 2253 celebrare,

1897 2286 1998 2341 nisi
2051 2300 2209 2356 quem
2275 2300 2371 2340 vos
2437 2284 2711 2353 vestrique
2776 2294 3120 2336 successores
3179 2276 3476 2332 voluerint.
3532 2352 3535 2355 _

1896 2374 2075 2446 Ipsum
2112 2391 2244 2431 vero
2276 2375 2667 2430 monasterium
2702 2373 2999 2444 integrum,
3028 2370 3168 2424 sicut
3193 2368 3305 2439 jzun
3339 2382 3479 2437 pra:-

1896 2467 2155 2533 diximus,
2187 2467 2534 2522 concedimus
2566 2465 2717 2520 vobis
2748 2472 2802 2518 ct
2828 2463 3254 2525 confirmamus;
3285 2474 3348 2514 ea
3397 2475 3483 2512 ra-

1897 2561 2045 2615 tione
2096 2570 2154 2614 nt
2201 2560 2454 2614 omnibus
2506 2558 2696 2612 diebus
2738 2556 2862 2610 vitae
2912 2563 3104 2608 vestra:
3154 2551 3253 2604 sub
3301 2560 3481 2605 vestra

1896 2652 2100 2707 ditione
2129 2653 2517 2723 vilregiuzine,
2567 2650 2727 2705 sicuti
2778 2648 2930 2703 vobis
2978 2645 3273 2701 secundum
3315 2643 3481 2697 Deum

1895 2745 2069 2798 visum
2098 2744 2281 2807 fuerit,
2310 2745 2595 2813 disponere
2617 2741 2839 2795 omnino
2866 2745 3199 2809 permaneat.
3229 2735 3363 2791 Cum
3389 2750 3482 2789 au-

1897 2842 2003 2889 tem
2047 2834 2231 2887 divina
2261 2833 2545 2887 vocatione
2576 2832 2641 2886 de
2672 2831 2922 2900 prteseuti
2965 2830 3067 2882 hac
3109 2826 3228 2880 luce
3257 2827 3324 2880 ad
3368 2826 3479 2880 Do-

1900 2924 2107 2978 mintun
2148 2923 2532 2995 migraveritis,
2573 2922 2864 2975 statuimus
2911 2921 2976 2973 de
3006 2919 3224 2988 propria
3257 2931 3483 2986 cetigre-

1893 3013 2319 3082 galione,quam
2372 3011 2472 3066 sibi
2528 3010 2856 3065 unauimitas
2905 3008 3112 3079 przel'ati
3169 3007 3481 3063 munaSterii

1896 3103 2213 3156 ancillarum
2247 3102 2339 3155 Dei
2364 3101 2707 3156 concorditer
2756 3100 3003 3169 elegerit,
3061 3097 3265 3166 absque
3303 3095 3486 3166 cujus-

1877 3210 2113 3264 cunque
2164 3194 2400 3249 hominis
2452 3193 2844 3248 contrarietate
2892 3191 2974 3246 vel
3009 3189 3307 3254 obstaculo,
3363 3188 3481 3243 ﬁeri

1895 3287 2253 3353 abbatissam,
2305 3294 2598 3356 praestante
2634 3283 2886 3339 videlicet
2916 3283 3071 3338 nobis
3103 3290 3158 3335 et
3202 3295 3481 3335 successo-

1896 3378 2046 3435 ribus
2076 3380 2279 3434 nustris
2307 3379 2613 3433 annualiter
2640 3385 2751 3432 tres
2781 3390 2994 3445 pannos
3034 3373 3207 3428 lincos
3257 3369 3479 3441 pontiﬁ-

1896 3474 1998 3529 cali
2031 3473 2148 3529 usui
2180 3481 2351 3541 aptos.
2385 3470 2536 3537 Quod
2568 3470 2612 3525 si
2649 3471 2701 3523 in
2731 3467 2949 3522 biennio
2996 3476 3091 3521 aut
3142 3466 3195 3519 in
3245 3465 3481 3520 triennio

1894 3566 2225 3637 persolutum
2259 3579 2362 3617 non
2392 3561 2576 3626 fuerit,
2601 3560 2939 3616 solummodo
2969 3565 3338 3629 persdtvatur;
3374 3571 3476 3611 nec

1895 3672 1924 3712 a
1952 3654 2355 3712 successoribus
2387 3654 2584 3709 nostris
2621 3652 2821 3723 aliquid
2873 3652 3107 3722 amplius
3138 3652 3297 3706 modo
3342 3667 3478 3719 quo-

1895 3746 2026 3803 libet
2052 3747 2382 3816 requiratur.
2415 3745 2757 3814 Quapropter
2786 3743 3040 3813 prmsenli
3074 3743 3294 3797 decreto
3316 3739 3477 3810 jubee

1894 3856 2014 3895 rans
2039 3848 2099 3893 ut
2137 3839 2317 3893 nullus
2353 3838 2767 3907 imperatorum,
2810 3834 2893 3888 vel
2942 3850 3150 3905 regum,
3181 3843 3273 3888 aut
3300 3832 3474 3901 cujus-

1894 3946 2106 3999 cunque
2133 3928 2411 4000 dignitatis
2439 3926 2522 3980 vel
2553 3926 2763 3980 ordinis
2795 3924 2957 3979 bomo
2985 3925 3198 3983 audeat.
3227 3922 3325 3977 sub
3347 3938 3477 3993 quo-

1892 4020 2022 4076 libet
2045 4022 2271 4074 obtentu
2308 4019 2393 4073 vel
2424 4018 2731 4079 occasione,
2757 4015 3039 4085 praefatum
3064 4016 3473 4080 monasterium,

1892 4111 2033 4181 quod
2057 4126 2154 4182 pro
2184 4125 2369 4164 amore
2392 4108 2672 4163 beatorum
2695 4106 3062 4178 apostolorum
3079 4106 3223 4161 Petri
3247 4116 3300 4160 et
3323 4105 3475 4161 Pauli

1892 4220 1957 4259 ac
1999 4201 2330 4272 sempiterna
2385 4199 2594 4255 scilicet
2633 4199 2828 4253 animm
2883 4214 2993 4251 sum
3040 4198 3476 4253 remuneratione

1891 4294 2167 4366 przelibata
2220 4292 2613 4364 gloriosissima
2664 4290 2984 4362 imperatrix
3034 4289 3327 4352 Richarda,
3372 4304 3477 4342 una

205 4374 366 4437 sedis,
399 4390 540 4433 anno
570 4378 774 4435 domini
806 4378 1089 4435 Leonile
1108 4395 1256 4451 papa:
1278 4381 1474 4450 primo,
1497 4381 1787 4436 indictione

1894 4403 2014 4441 cum
2076 4384 2401 4440 charissima
2450 4383 2679 4455 conjuge
2744 4397 2843 4438 suo
2889 4374 3084 4437 Carolo
3128 4379 3477 4437 serenissimo

209 4466 390 4522 tertia.

912 4541 1105 4596 XXIX.

206 4619 362 4679 Bulla
392 4624 448 4681 S.
473 4625 658 4683 Leonis
684 4628 795 4694 IX,
821 4630 891 4683 ad
917 4630 1225 4684 Muthildem
1256 4635 1571 4687 abbatissam
1606 4650 1788 4688 mona-

271 4697 416 4779 sterii
450 4696 775 4779 .Fqbiant"
800 4711 858 4779 et.
896 4698 1203 4779 diritatis,
1242 4714 1344 4779 qua
1372 4705 1652 4779 conﬁrmat
1679 4722 1789 4756 mo-

275 4769 488 4822 nasterii
515 4769 674 4842 ipsius
694 4770 997 4842 privilegia,
1021 4772 1171 4840 cujus
1200 4769 1484 4826 er'clesium—
1515 4790 1788 4828 consecra-

275 4847 436 4903 τοῖσι,
462 4840 716 4896 translato
741 4840 799 4895 in
831 4840 963 4895 illud
984 4858 1199 4909 corpore
1226 4842 1284 4897 S.
1311 4843 1609 4898 Rirltardis.

805 4931 984 5002 (Anno
1007 4930 1187 5003 1049.)

214 5039 488 5112 Hancne,
516 5045 771 5104 Thesaur.
799 5046 995 5100 Anccd.
1033 5046 1073 5106 l.
1107 5044 1232 5107 I70.
1276 5063 1340 5101 ea:
1381 5048 1582 5102 schedia
1613 5044 1788 5102 Stiua-

695 5117 897 5191 gt'eusis
923 5115 1273 5189 monasterii.]

285 5206 389 5265 Leo
416 5212 715 5291 episcopus,
768 5229 958 5270 servus
1003 5229 1284 5269 servorum
1317 5216 1431 5280 Dei,
1472 5215 1682 5270 dilecta:
1728 5213 1782 5269 in

215 5291 419 5352 Christo
445 5304 555 5352 lilia!
581 5307 864 5352 Μιτιιιιιη
890 5303 1176 5352 abbatissa:
1228 5304 1551 5352 venerabilis
1597 5318 1784 5352 mona-

1895 4479 2222 4551 imperatorc
2249 4478 2516 4548 Augusto,
2541 4486 2595 4531 et
2625 4476 2768 4545 quod
2823 4474 2985 4528 beato
3027 4472 3192 4527 Petro
3243 4471 3479 4542 principi
3546 4462 3551 4469 ’

1892 4572 2258 4645 apostolorum
2306 4586 2402 4640 per
2461 4567 2771 4623 donationis
2819 4567 3073 4635 paginam
3142 4564 3474 4628 obtulerunt,

1893 4664 2196 4734 inquietare
2246 4659 2329 4715 vel
2387 4660 2730 4729 aliquatenus
2779 4656 3085 4718 molestare,
3136 4662 3227 4730 aut
3281 4652 3346 4706 ad
3385 4652 3481 4721 jus

1890 4769 2048 4809 suum
2081 4752 2163 4806 vel
2193 4751 2426 4803 alientuu
2458 4748 2777 4811 transferre,
2812 4747 2904 4801 sed
2940 4761 3118 4815 neque
3141 4744 3193 4796 in
3232 4741 3472 4798 homini-

1889 4845 1991 4901 bus
2016 4860 2079 4898 ac
2110 4841 2457 4897 facultatibus
2496 4840 2614 4910 ejus
2670 4840 2847 4907 aliqua
2901 4834 3328 4892 contradictione
3380 4844 3478 4890 aut
3550 4898 3557 4904 _

1889 4936 2172 4992 invasione
2200 4949 2417 5003 Quoquo
2450 4942 2690 5000 tempore
2720 4929 2900 4983 facere
2924 4938 3237 4998 praesumat,
3281 4927 3376 4982 scd
3405 4926 3471 4980 li-

1887 5026 2142 5096 ceatjam
2169 5022 2325 5077 dictis
2345 5022 2554 5076 ancillis
2584 5020 2675 5075 Dei
2705 5035 2826 5073 cum
2862 5017 3133 5072 abbatissa
3173 5019 3391 5089 propria
3419 5015 3479 5071 in

1886 5118 1982 5175 Dei
2020 5113 2408 5184 omnipotentis
2434 5111 2659 5167 servitio
2680 5110 2862 5179 quiete
2898 5108 3077 5162 vivere
3122 5123 3188 5161 ac
3233 5110 3336 5163 sub
3384 5108 3477 5163 de-

1887 5204 2135 5264 fensioue
2162 5212 2362 5257 sancta:
2390 5199 2703 5273 apostolicae
2738 5198 3012 5263 Ecclesim,
3037 5196 3121 5252 cui
3156 5196 3266 5253 Deo
3287 5209 3477 5255 aucto-

1886 5315 1946 5352 re
1982 5292 2341 5352 deservimus,
2387 5292 2585 5352 degere
2632 5288 3009 5352 securiterque
3039 5302 3381 5352 permanere.
3417 5287 3475 5343 Si

3518 595 3533 619 3
