4062 5352
559 320 668 391 ua

1633 335 1691 394 S.
1735 338 1978 397 LEONIS
2014 336 2084 395 IX
2120 338 2318 397 ΡᾹΡᾸῖ
2357 339 2748 400 OPUSCULA.

3703 343 3816 405 σεδ

563 451 701 513 Iuda
728 452 1002 517 traditore,
1033 451 1135 508 nisi
1164 452 1470 524 resipuerit,
1497 463 1712 510 maneat
1740 432 2144 509 condemnatus.
2174 459 2223 517 Λ
2251 465 2447 510 nostra:
2471 455 2762 525 parentela:
2792 463 3093 517 recurrant,
3127 453 3354 524 indeque
3383 452 3485 509 sibi
3524 436 3836 526 quemcua-i

566 546 668 616 Qui
697 559 875 604 autem
906 562 1061 601 verus
1082 558 1265 602 custos
1293 564 1356 603 ac
1396 549 1716 604 observator
1743 548 2031 610 exstiterit,
2058 546 2142 600 be-

567 643 889 699 nedictionis
919 643 1150 709 gratiam
1177 658 1240 695 ac
1271 643 1699 698 misericordiam
1727 657 1758 697 a
1786 642 2012 695 Domino
2038 640 2148 694 Deo

569 745 755 795 nostro
776 738 1028 806 consequi
1056 746 1345 791 mereatur.

1264 824 1431 881 XXX.

571 937 630 993 S.
669 938 768 992 Leo
807 937 889 992 IX
914 940 1279 1003 part/renonum
1307 938 1369 993 S.
1393 938 1575 992 (Truris
1598 936 2143 1007 Wo/fenlteimensrm,

640 1009 704 1065 ab
734 1007 982 1078 Hugonr,
1025 1028 1118 1061 sun
1156 1022 1331 1077 patre,
1380 1007 1755 1077 Heliwigdique
1782 1020 1946 1060 7"!!er
1971 1008 2151 1061 condi-

643 1091 774 1141 tum,
798 1081 909 1131 sedi
940 1080 1237 1147 apostolicir
1262 1079 1467 1149 subjirit
1492 1078 1876 1148 privilegiisque
1898 1088 2076 1131 ornat.

1060 1198 1063 1201 ⁷
1158 1190 1348 1259 (Auno
1384 1189 1565 1258 1049.)

646 1301 810 1374 [Dom
838 1300 1066 1366 Cahnet,
1098 1297 1332 1357 Histoire
1368 1303 1431 1374 de
1459 1299 1735 1374 Lorraine,
1756 1302 1795 1368 l,
1837 1300 2058 1358 Preuves

1210 1388 1332 1442 pag.
1366 1372 1519 1445 425.]

643 1466 754 1521 Ι.ιο
785 1466 1098 1536 episcopus,
1127 1481 1320 1521 servus
1349 1482 1629 1521 servorum
1666 1467 1781 1521 Dei.

643 1559 687 1613 Ο
715 1566 901 1611 sancta
926 1566 980 1612 et
1006 1557 1343 1612 admirabilis
1368 1572 1523 1622 crux,
1552 1558 1592 1627 -ι-
1615 1558 1668 1612 ἰιι
1690 1573 1797 1627 qua
1822 1556 1982 1613 Iesus
2005 1555 2158 1612 Chri-

574 1658 690 1702 stus
724 1648 983 1703 Dominus
1014 1656 1195 1703 noster
1222 1649 1506 1719 pependit!
1534 1649 1787 1703 Devictus
1816 1663 2019 1712 amore,
2050 1647 2156 1701 imo

574 1738 903 1792 Constrictus
927 1737 1127 1803 debito,
1163 1738 1448 1793 ecclesiam
1477 1739 1652 1809 patris
1685 1738 1789 1794 ιιιρί
1818 1729 2074 1809 llugonis,
2103 1745 2158 1791 et

579 1830 768 1882 matris
844 1844 980 1882 nocte
1040 1827 1401 1900 Hlilwilgdis,
1473 1830 1863 1899 amborumque
1926 1826 2156 1883 fratrum

576 1938 819 1976 meorum
849 1922 1075 1977 Gerardi
1104 1931 1158 1975 et
1185 1921 1427 1993 Hugonis
1454 1922 1705 1977 videlicet
1736 1921 1848 1991 jam
1876 1919 2157 1975 defuncto-

574 2030 718 2080 rum,
761 2016 972 2085 meique
1019 2030 1227 2093 memor
1265 2017 1442 2071 adhuc
1474 2017 1726 2082 viventis,
1776 2026 1831 2071 et
1870 2014 2160 2086 apostolica

576 2107 724 2168 sedc,
757 2105 881 2160 licet
908 2105 1311 2176 indignissime,
1340 2116 1518 2163 tamen
1547 2108 1814 2171 sedentis,
1859 2107 1927 2161 ab
1956 2106 2159 2162 eisdem

578 2195 713 2248 meis
743 2195 1058 2264 parentibus
1084 2194 1388 2260 fundatam,
1419 2205 1475 2251 et
1500 2212 1599 2253 suo
1625 2198 1803 2253 studio
1831 2197 2158 2262 dedicatam,

577 2285 956 2356 mihiquejure
980 2287 1323 2343 haereditario
1347 2287 1670 2359 delegatam,
1692 2288 1950 2358 praeditus
1975 2287 2162 2359 legalis

532 2376 535 2381 ί
578 2376 943 2431 successionis
976 2376 1133 2447 jure,
1173 2389 1375 2433 nostra:
1402 2380 1714 2450 apostolicae
1748 2380 1862 2435 sedi
1895 2380 2162 2436 substituo

579 2474 633 2520 et
656 2464 1084 2521 substitueudam
1114 2469 1423 2538 perenniter
1458 2473 1524 2525 ad
1557 2470 1947 2526 defendendam
1971 2476 2161 2526 contra

581 2571 772 2612 omnes
805 2558 1052 2613 homines
1077 2559 1126 2612 ei
1157 2559 1544 2616 adversaturos
1576 2562 1657 2615 vel
1688 2561 1964 2617 adversari
1996 2556 2162 2617 cena-

583 2658 757 2714 turos,
797 2662 855 2704 ut
902 2651 1113 2705 scilicet
1145 2651 1289 2706 nulla
1320 2653 1684 2721 quorumlibet
1723 2654 1999 2708 hominum
2039 2667 2159 2722 per-

579 2755 711 2795 sona
738 2740 1033 2811 quidquam
1064 2742 1146 2795 vel
1189 2742 1507 2798 exercenda
1550 2744 1832 2812 potestatis
1872 2746 1924 2799 in
1969 2744 2158 2799 eodem

582 2832 701 2887 loco
744 2834 903 2902 eique
953 2836 1382 2905 appendenlibus
1432 2835 1565 2891 locis
1612 2836 1713 2890 sibi
1776 2845 2026 2906 usurpet,
2067 2835 2161 2892 sed

580 2928 762 2997 quiete
791 2937 845 2981 et
870 2927 1037 2983 libere
1062 2937 1172 2982 tam
1204 2930 1272 2983 ab
1304 2929 1451 2984 omni
1477 2931 1601 3001 jure
1630 2931 1867 2985 humano
1897 2946 2057 3000 quam
2096 2931 2164 2986 ab

582 3020 727 3074 ouuui
758 3019 1105 3076 infestatione
1137 3036 1353 3090 semper
1378 3033 1592 3077 maneat
1617 3039 1727 3078 suae
1754 3024 1978 3095 integrae
2003 3023 2164 3079 liber-

584 3114 681 3168 tati
720 3115 974 3182 donatus,
1017 3115 1255 3185 nullique
1299 3115 1404 3169 nisi
1452 3123 1652 3169 nostra:
1692 3114 2002 3183 apostolica:
2047 3114 2161 3170 sedi
2190 3137 2234 3197 ρ

583 3205 878 3274 subjectis.
910 3207 965 3259 Si
1000 3215 1177 3261 autem
1208 3208 1516 3276 episcopus,
1548 3206 1600 3259 in
1630 3205 1783 3274 cujus
1805 3205 2025 3260 dioecesi
2057 3214 2163 3270 est,

585 3298 1025 3351 consecrationcs
1057 3297 1310 3351 altarium
1344 3314 1437 3351 seu
1479 3297 1971 3352 sanctimonialium
1995 3298 2166 3369 gratis

587 3388 767 3442 facere
807 3387 1056 3453 voluerit,
1101 3389 1294 3455 faciat;
1334 3372 1571 3458 alioquin
1622 3404 1650 3443 a
1681 3403 2004 3458 quocunque
2043 3389 2165 3458 epi-

586 3492 751 3546 smpu
786 3477 913 3532 velit
954 3478 1248 3543 abbatissa,
1293 3480 1583 3540 ecclesias,
1626 3488 1680 3535 et
1721 3460 2166 3534 sanctimoniales

587 3583 713 3622 s'ms
743 3567 985 3622 benedici
1019 3568 1202 3633 faciat,
1234 3584 1300 3623 eo
1332 3578 1510 3624 tamen
1539 3568 1743 3623 foedere
1771 3578 1849 3633 ut,
1868 3572 1982 3623 'nec
2008 3556 2166 3637 hujus

586 3657 852 3712 libertatis
894 3673 995 3713 nec
1024 3657 1251 3729 alicujus
1289 3659 1516 3716 alterius
1551 3660 1628 3716 rei
1665 3662 1973 3726 occasione,
2006 3659 2168 3715 liccat

586 3747 721 3818 regi,
773 3747 857 3801 vel
904 3749 1239 3818 imperatori,
1280 3750 1554 3821 episcopo,
1603 3750 1686 3806 vel
1737 3739 2163 3822 archiepiscopo,

587 3850 679 3895 aut
711 3840 938 3911 alicujus
973 3842 1111 3898 alius
1141 3842 1418 3916 dignitatis
1462 3843 1543 3900 vel
1574 3843 1902 3907 conditionis
1936 3845 2164 3910 homini,

586 3930 693 4002 al’q
734 3933 786 3987 i.l
837 3935 1057 3989 t'ominii
1105 3935 1158 3989 in
1206 3937 1396 3991 eodem
1445 3935 1583 4004 loco,
1634 3935 1793 4007 inque
1845 3938 2009 3993 rebus
2051 3936 2167 4006 ejus

586 4038 866 4089 exercere,
915 4040 1009 4080 seu
1053 4025 1463 4083 advocationem
1513 4027 1745 4107 aliquam
1786 4028 2017 4094 habere;
2071 4028 2166 4083 sed

588 4118 703 4187 ipsa
730 4118 1030 4183 advocatia,
1064 4120 1203 4175 sicut
1238 4136 1381 4176 nunc
1410 4135 1529 4176 eam
1553 4112 1800 4176 cummisi
1834 4119 2013 4192 nepoti
2045 4134 2167 4176 meo

589 4208 822 4263 llcnrico
854 4220 1094 4265 castrum
1142 4209 1498 4281 Hegensheim
1544 4212 1789 4279 habenti,
1837 4213 1909 4268 ita
1953 4226 2168 4283 semper

587 4299 715 4353 dum
742 4300 936 4355 vixerit
959 4302 1012 4354 in
1040 4316 1104 4355 eo
1126 4303 1408 4367 consistat,
1434 4316 1535 4357 nec
1557 4318 1653 4372 pro
1674 4304 1788 4373 ipsa
1811 4304 2167 4359 advocatione

587 4395 708 4463 plus
752 4395 850 4449 nisi
891 4396 1033 4464 quod
1081 4395 1147 4450 de
1184 4395 1513 4450 villicatione
1559 4410 1679 4466 quae
1708 4394 1907 4451 dicitur
1950 4394 2164 4461 Orbeis,

2248 562 2354 616 que
2380 547 2821 616 prepinquiorem
2853 545 3016 600 velint
3043 547 3362 600 advocatum
3399 548 3697 614 suscipiant
3717 590 3732 611 ,
3761 558 3821 602 ut

2247 650 2461 703 semper
2507 638 2618 706 ipsa
2665 637 2943 690 advocatia
2997 647 3211 690 maneat
3256 638 3307 691 iu
3367 648 3553 691 nostro
3601 653 3816 707 genere.

2248 724 2512 782 Praeterea
2542 728 2655 781 sive
2681 728 2780 781 sub
2818 726 2917 781 hoc
2953 726 3183 781 Henrico
3213 739 3406 798 nepote
3437 745 3579 790 unco,
3608 731 3692 783 vel
3724 731 3822 786 sub

2248 816 2489 886 quolibet
2530 818 2914 870 advocatorum
2968 815 3304 880 futurorum,
3353 818 3525 886 ipsum
3564 819 3616 870 iu
3664 820 3825 873 rebus

2249 907 2480 976 amplius
2502 908 2731 963 creverit
2768 910 3174 970 monasterium,
3201 909 3508 978 quicunque
3527 910 3826 965 advocatus

2250 996 2445 1061 fuerit,
2495 1007 2723 1067 excepto
2776 997 3119 1053 villicatiouis
3161 999 3310 1052 lucro
3351 998 3491 1053 villze
3534 1000 3825 1069 przedictaz,

2253 1103 2358 1142 non
2389 1088 2508 1157 plus
2546 1088 2891 1143 emolumenti
2922 1103 2988 1143 ex
3021 1090 3136 1158 ipso
3182 1089 3518 1144 incremento
3554 1090 3661 1143 sibi
3706 1105 3828 1143 veno

2251 1177 2435 1232 dicare
2464 1178 2658 1232 audeat
2688 1193 2850 1247 quam
2881 1177 3253 1232 duodecimam
3283 1188 3531 1248 partem;
3567 1179 3641 1232 ita
3674 1188 3755 1244 ut,
3786 1180 3828 1233 si

2254 1270 2437 1325 minus
2482 1285 2642 1339 quam
2675 1270 2957 1324 duodecim
2990 1271 3164 1325 mansi
3211 1270 3337 1331 sint,
3374 1279 3485 1326 tam
3524 1270 3619 1325 diu
3666 1274 3831 1326 διιειί-

2255 1371 2380 1417 neat
2412 1361 2718 1417 "advocatus
2776 1362 2948 1417 donec
3008 1361 3293 1432 impleatur
3330 1378 3591 1418 numerus
3632 1364 3838 1417 duode-

2254 1452 2449 1519 cimus,
2474 1460 2529 1508 et
2562 1461 2688 1507 tunc
2719 1453 2879 1508 talem
2927 1469 3174 1510 mansum
3223 1453 3459 1523 acciplat
3498 1453 3717 1525 qualem
3744 1455 3836 1508 ab-

2254 1542 2458 1599 batissa
2488 1543 2536 1598 ei
2575 1543 2807 1608 dederit,
2858 1544 2972 1599 sive
3023 1543 3076 1598 in
3125 1544 3241 1614 ipso
3288 1543 3408 1598 loco
3452 1543 3569 1598 sive
3610 1545 3662 1597 iu
3709 1544 3834 1607 alio.

2256 1633 2497 1705 ejusdem
2547 1635 2818 1691 utilitatis.
2868 1634 2981 1691 Hoc
3027 1635 3191 1690 etlam
3241 1634 3356 1690 sit:
3393 1634 3436 1690 si
3495 1635 3617 1705 plus
3676 1651 3837 1705 quam

2258 1727 2541 1783 duodecim
2581 1727 2783 1782 fuerint
2813 1728 2866 1782 in
2898 1727 2964 1782 iis
2991 1741 3110 1797 quae
3137 1734 3428 1796 supersunt
3451 1727 3519 1779 ad
3549 1725 3838 1780 duodecim

2261 1832 2486 1887 quaeque
2519 1831 2605 1873 res
2643 1817 2785 1882 sint,
2835 1817 2950 1871 sive
2998 1816 3050 1871 in
3084 1815 3247 1878 villis,
3291 1815 3406 1871 sive
3456 1818 3510 1870 in
3561 1815 3727 1870 terris
3774 1830 3840 1868 ac

2260 1908 2455 1975 vineis,
2488 1908 2705 1963 interim
2743 1914 3021 1979 exspectet
3043 1920 3213 1976 usque
3236 1907 3361 1961 dum
3384 1905 3727 1976 compleatur
3746 1923 3842 1959 nu-

2261 2018 2464 2059 meros.
2495 2001 2554 2058 Si
2585 2010 2767 2057 autem
2796 2003 2861 2056 de
2886 2001 3140 2057 omnibus
3176 2000 3487 2055 monasterii
3517 1998 3702 2064 rebus,
3729 2000 3847 2052 sive

2260 2094 2552 2151 mobilibus
2586 2095 2700 2150 sive
2728 2093 3114 2158 immobilibus,
3145 2093 3266 2163 plus
3295 2109 3454 2162 quam
3485 2093 3844 2148 constitutmu

2262 2199 2347 2245 est
2369 2188 2470 2244 sibi
2511 2202 2773 2257 usurpare
2812 2187 3242 2258 praesumpserit,
3282 2195 3337 2240 et
3382 2184 3522 2239 infra
3554 2183 3845 2238 duodecim

2261 2278 2631 2335 hebdomadas
2675 2286 2760 2333 est
2800 2278 3130 2342 admonitus,
3174 2286 3268 2332 aut
3302 2276 3547 2333 eamdem
3586 2290 3704 2329 rem
3763 2273 3851 2326 vel

2263 2370 2888 2436 aliam,existimationis
2924 2369 3164 2439 ejusdem
3214 2369 3314 2441 ipsi
3360 2367 3659 2423 venerabili
3706 2367 3845 2427 loco.

2262 2461 2631 2519 sacratissima
2678 2476 2811 2517 crux
2855 2460 2916 2531 1-,
2967 2476 3074 2515 non
3125 2460 3450 2523 reddiderit,
3506 2467 3638 2514 tunc
3692 2459 3854 2513 licunt

2262 2556 2551 2611 abbatissae
2573 2561 2815 2610 nostram
2845 2554 3027 2609 sedem
3058 2553 3351 2624 appellare,
3378 2559 3433 2608 et
3465 2554 3606 2622 apud
3640 2552 3849 2607 Roma-

2263 2662 2393 2702 num
2417 2660 2612 2717 papam
2639 2645 2910 2714 deponere
2936 2643 3335 2713 querimoniam
3367 2658 3529 2713 super
3568 2642 3852 2710 injustitiis

2264 2736 2590 2793 monasterio
2624 2750 2722 2791 suo
2754 2735 2823 2791 ab
2864 2735 3125 2791 advocato
3153 2734 3338 2790 illatis.
3380 2733 3534 2802 Quod
3577 2735 3625 2790 si
3681 2735 3853 2789 advoo

2263 2835 2416 2881 catus
2459 2841 2609 2897 papa:
2644 2824 2850 2894 judicio
2901 2824 3048 2895 juste
3102 2839 3216 2877 rem
3272 2822 3582 2879 inclinantis
3635 2821 3853 2892 culpam

2265 2918 2580 2981 correxerit,
2618 2915 2898 2972 advocatia
2924 2914 2976 2969 in
3009 2931 3075 2971 eo
3114 2924 3421 2980 remaneat;
3464 2915 3507 2969 si
3544 2930 3679 2970 vero
3706 2913 3850 2969 refo-

2267 3008 2497 3072 taverit,
2532 3008 2690 3064 liceat
2731 3007 3020 3063 abbatissae
3061 3005 3286 3076 ejusque
3323 3005 3737 3077 congregationi
3783 3006 3852 3059 de

2265 3110 2452 3156 nostro
2487 3115 2688 3171 genere
2726 3098 3209 3169 propinquiorem,
3249 3097 3342 3168 qui
3398 3096 3570 3168 magis
3624 3096 3854 3151 idoneus

2266 3191 2436 3262 possit
2475 3190 2729 3257 inveniri,
2757 3189 3080 3246 advocatum
3102 3188 3387 3257 acquirere
3415 3187 3583 3242 alium
3611 3186 3742 3242 sibi.
3772 3185 3849 3240 De

2265 3281 2527 3337 electione
2538 3295 2667 3335 vero
2679 3280 2983 3342 abbatissa,
3000 3290 3121 3350 post
3137 3287 3365 3334 mortem
3384 3278 3551 3349 ipsius
3569 3277 3849 3340 Kuemw,

2265 3386 2425 3442 quam
2466 3387 2562 3442 per
2585 3387 2687 3428 nos
2724 3371 2828 3443 ipsi
2868 3371 3269 3437 benediximus,
3308 3372 3409 3426 ista
3443 3370 3851 3435 constituimus,

2266 3471 2323 3517 ut
2357 3463 2428 3519 sit
2460 3466 2512 3519 in
2551 3463 2789 3534 ipsarum
2834 3479 3083 3520 sororum
3132 3463 3358 3519 arbitrio
3396 3478 3560 3534 quam
3609 3463 3754 3517 inter
3794 3475 3854 3516 se

2266 3555 2484 3620 eligere,
2518 3554 2727 3624 sibique
2758 3555 3050 3610 secundum
3092 3555 3262 3609 Deum
3304 3567 3622 3625 pra-ponere
3661 3552 3850 3617 velint,

2268 3645 2312 3699 si
2341 3645 2481 3701 inter
2504 3642 2817 3701 eas'idouea
2857 3646 3319 3723 possit_.inveniri;
3351 3643 3594 3716 alioquin
3637 3643 3851 3698 aliunde

2268 3737 2369 3792 sibi
2405 3732 2664 3806 expetant
2699 3751 3080 3808 quamcunque
3123 3735 3401 3791 meliorem
3454 3734 3706 3790 invenire
3754 3749 3850 3787 va-

2270 3827 2435 3882 leant.
2473 3826 2906 3883 Benedictionem
2934 3842 3062 3882 vero
3089 3828 3379 3881 abbatissae
3398 3834 3455 3880 et
3486 3826 3694 3880 domum
3721 3824 3850 3880 nulli

2268 3918 2359 3974 alii
2393 3919 2493 3973 nisi
2531 3918 2842 3989 apostolicae
2877 3927 3080 3973 nostra:
3108 3917 3221 3972 sedi
3265 3916 3650 3982 concedimus;
3697 3927 3756 3970 et
3796 3915 3854 3969 in

2267 4010 2677 4066 consecratione
2722 4010 3047 4071 abbatissae,
3100 4009 3147 4064 si
3193 4009 3374 4080 aliqua
3404 4008 3741 4079 negligentia
3784 4008 3855 4065 de

2269 4117 2439 4173 penso
2483 4103 2675 4157 subtus
2721 4101 2997 4157 nominato
3048 4100 3252 4167 fuerit,
3299 4101 3546 4156 districte
3590 4100 3854 4157 determi-

2269 4202 2443 4247 uetur.
2510 4191 2616 4246 Pro
2665 4192 2957 4246 donatione
3017 4192 3183 4264 igitur
3241 4190 3509 4247 libertatis
3567 4191 3762 4258 istius,
3817 4204 3855 4245 ο

2267 4299 2400 4340 crux
2430 4282 2473 4355 -ι-
2503 4283 2621 4353 ipso
2657 4282 2774 4338 sole
2817 4281 3056 4344 nitidior,
3117 4282 3437 4353 cunctisque
3485 4283 3692 4337 creatis
3730 4295 3854 4352 pre-

2269 4377 2480 4441 tiosior,
2528 4374 2689 4429 Petro
2737 4374 2981 4445 apostolo
3030 4375 3146 4445 ipso
3202 4382 3296 4429 tuo
3343 4373 3675 4427 monasterio
3721 4386 3855 4427 con-

583 4484 731 4553 jnste
768 4485 1060 4554 suscipiat;
1095 4485 1168 4538 ita
1220 4494 1397 4540 tamen
1427 4495 1484 4540 ut
1525 4501 1664 4540 unus
1694 4485 1924 4540 villanus
1954 4501 2163 4557 semper

2270 4483 2426 4525 cesso
2472 4482 2570 4537 pro
2605 4466 2779 4522 salute
2805 4467 3000 4521 animae
3048 4481 3212 4530 meae,
3256 4479 3611 4536 meorumque
3656 4479 3854 4535 paren-

590 4583 869 4630 remaueat
905 4576 1130 4630 idoneus
1174 4591 1295 4629 cum
1341 4575 1605 4631 beneficio
1631 4591 1749 4642 suo,
1794 4576 1883 4644 qui
1931 4577 2167 4632 decimas

587 4666 834 4721 ecclesia:
865 4666 1003 4719 villae
1034 4667 1202 4736 ipsius
1230 4666 1508 4736 ipsamque
1554 4665 1839 4721 ecclesiam
1868 4668 2163 4733 custodiat,

588 4759 688 4829 ipsi
731 4770 823 4814 tuo
866 4757 1163 4815 venerabili
1210 4756 1328 4812 loro
1368 4765 1556 4811 sancta
1597 4772 1663 4811 ac
1694 4757 1905 4812 vivifica
1939 4773 2072 4813 crux
2103 4759 2164 4830 ᾖ,

588 4851 679 4920 qui
728 4849 891 4905 etiam
925 4848 994 4903 ab
1023 4848 1166 4902 omni
1205 4847 1452 4902 advocati
1500 4846 1705 4903 ditione
1747 4847 1818 4902 sit
1862 4845 2163 4915 absolutus,

588 4952 649 4997 ut
675 4958 830 4998 suum
868 4955 1059 4997 secure
1105 4937 1373 5010 persolvat
1414 4937 1670 4994 cilicium.
1717 4938 2007 5010 Postquam
2038 4955 2168 4996 vero

593 5031 856 5078 Ηρηι-ἰριις
883 5047 1049 5078 nanos
1078 5047 1230 5078 mens
1260 5030 1399 5078 diem
1430 5030 2030 5078 elauseritovtrnmnm-
2063 5032 2165 5078 inci

2271 4570 2403 4621 tum,
2459 4560 2658 4614 ibidem
2706 4559 2759 4613 in
2808 4557 3028 4614 Christo
3078 4568 3169 4613 tuo
3208 4558 3437 4613 Domino
3486 4567 3679 4612 nostro
3726 4556 3854 4612 dor-

2268 4651 2585 4715 mientium,
2658 4664 2826 4719 penso
2890 4650 3168 4705 annuatim
3241 4649 3567 4704 constituto-
3608 4658 3854 4718 tempore

2269 4749 2469 4796 nostra:
2503 4738 2813 4810 apostolica:
2844 4740 2957 4794 sedi
2993 4742 3062 4794 ab
3094 4740 3368 4794 abbatissa
3409 4739 3580 4809 ipsius
3610 4738 3712 4792 loci
3746 4738 3856 4791 sol-

2269 4832 2521 4896 vendam,
2577 4828 2777 4884 Rosam
2827 4829 3074 4884 videlicet
3120 4846 3364 4894 auream,
3406 4844 3578 4898 penso
3621 4829 3850 4882 duarum

2271 4923 2637 4979 Romanarum
2663 4922 2970 4986 unciarum,
3007 4931 3101 4975 aut
3131 4920 3327 4976 factam
3357 4922 3499 4975 sicut
3536 4919 3655 4974 fieri
3691 4919 3848 4982 solet,

2268 5027 2364 5072 aut
2403 5016 2738 5071 tantumdem
2786 5019 2853 5069 ad
2902 5013 3202 5068 faciendam
3259 5027 3498 5078 tempore
3539 5013 3855 5078 Quadi-age-
