  <div class='ocr_page' id='page_1' title='image "/cluster/home/n/w/nwhite01/storage/ocr_20150623/143/hvd.32044015471816/322.png"; bbox 0 0 4062 5352; ppageno 0'>
   <div class='ocr_carea' id='block_1_1' title="bbox 191 226 299 282">
    <p class='ocr_par' dir='ltr' id='par_1_1' title="bbox 191 226 299 282">
     <span class='ocr_line' id='line_1_1' title="bbox 191 226 299 282; baseline -0.037 0"><span class='ocrx_word' id='word_1_1' title='bbox 191 226 299 282; x_wconf 61' lang='grc'><strong>657</strong></span> 
     </span>
    </p>
   </div>
   <div class='ocr_carea' id='block_1_2' title="bbox 1201 226 2470 288">
    <p class='ocr_par' dir='ltr' id='par_1_2' title="bbox 1201 226 2470 288">
     <span class='ocr_line' id='line_1_2' title="bbox 1201 226 2470 288; baseline 0.005 -6"><span class='ocrx_word' id='word_1_2' title='bbox 1201 226 1560 285; x_wconf 56' lang='grc' dir='ltr'><strong>Εριδτῦιαε</strong></span> <span class='ocrx_word' id='word_1_3' title='bbox 1601 229 1687 284; x_wconf 77' lang='grc' dir='ltr'><strong>ΕΤ</strong></span> <span class='ocrx_word' id='word_1_4' title='bbox 1728 227 2045 284; x_wconf 74' lang='lat' dir='ltr'><strong>DECRETA</strong></span> <span class='ocrx_word' id='word_1_5' title='bbox 2087 230 2470 288; x_wconf 69' lang='lat' dir='ltr'><strong>PONTIFICIA</strong></span> 
     </span>
    </p>
   </div>
   <div class='ocr_carea' id='block_1_3' title="bbox 3345 236 3453 290">
    <p class='ocr_par' dir='ltr' id='par_1_3' title="bbox 3345 236 3453 290">
     <span class='ocr_line' id='line_1_3' title="bbox 3345 236 3453 290; baseline -0.009 -1"><span class='ocrx_word' id='word_1_6' title='bbox 3345 236 3453 290; x_wconf 59' lang='grc' dir='ltr'><strong>ηδε</strong></span> 
     </span>
    </p>
   </div>
   <div class='ocr_carea' id='block_1_4' title="bbox 189 339 3462 414">
    <p class='ocr_par' dir='ltr' id='par_1_4' title="bbox 189 339 3462 414">
     <span class='ocr_line' id='line_1_4' title="bbox 189 339 3462 414; baseline 0.002 -18"><span class='ocrx_word' id='word_1_7' title='bbox 189 354 340 396; x_wconf 77' lang='lat' dir='ltr'><strong>nunc</strong></span> <span class='ocrx_word' id='word_1_8' title='bbox 363 341 672 410; x_wconf 77' lang='lat' dir='ltr'><strong>appetenda</strong></span> <span class='ocrx_word' id='word_1_9' title='bbox 698 347 752 396; x_wconf 89' lang='lat' dir='ltr'><strong>et</strong></span> <span class='ocrx_word' id='word_1_10' title='bbox 781 339 1024 396; x_wconf 87' lang='lat' dir='ltr'><strong>colenda.</strong></span> <span class='ocrx_word' id='word_1_11' title='bbox 1066 339 1165 397; x_wconf 85' lang='lat' dir='ltr'><strong>Tui</strong></span> <span class='ocrx_word' id='word_1_12' title='bbox 1207 357 1423 412; x_wconf 90' lang='lat' dir='ltr'><strong>quoque</strong></span> <span class='ocrx_word' id='word_1_13' title='bbox 1466 340 1779 396; x_wconf 74' lang='lat' dir='ltr'><strong>monasterii</strong></span> <span class='ocrx_word' id='word_1_14' title='bbox 1809 341 1860 401; x_wconf 77' lang='grc' dir='ltr'><strong>Α</strong></span> <span class='ocrx_word' id='word_1_15' title='bbox 1887 355 2016 395; x_wconf 89' lang='lat' dir='ltr'><strong>nera</strong></span> <span class='ocrx_word' id='word_1_16' title='bbox 2046 361 2064 393; x_wconf 76' lang='grc' dir='ltr'><strong>ι</strong></span> <span class='ocrx_word' id='word_1_17' title='bbox 2095 357 2109 394; x_wconf 88' lang='lat'><strong>:</strong></span> <span class='ocrx_word' id='word_1_18' title='bbox 2137 357 2233 396; x_wconf 91' lang='lat' dir='ltr'><strong>nos</strong></span> <span class='ocrx_word' id='word_1_19' title='bbox 2261 359 2290 396; x_wconf 89' lang='lat' dir='ltr'><strong>a</strong></span> <span class='ocrx_word' id='word_1_20' title='bbox 2323 342 2626 412; x_wconf 83' lang='lat' dir='ltr'><strong>Maguntina</strong></span> <span class='ocrx_word' id='word_1_21' title='bbox 2657 344 2863 414; x_wconf 71' lang='lat' dir='ltr'><strong>synodo</strong></span> <span class='ocrx_word' id='word_1_22' title='bbox 2899 343 3125 401; x_wconf 82' lang='lat' dir='ltr'><strong>Romam</strong></span> <span class='ocrx_word' id='word_1_23' title='bbox 3151 363 3341 403; x_wconf 87' lang='lat' dir='ltr'><strong>versus</strong></span> <span class='ocrx_word' id='word_1_24' title='bbox 3375 365 3462 404; x_wconf 91' lang='lat' dir='ltr'><strong>rc-</strong></span> 
     </span>
    </p>
   </div>
   <div class='ocr_carea' id='block_1_5' title="bbox 193 431 1782 500">
    <p class='ocr_par' dir='ltr' id='par_1_5' title="bbox 193 431 1782 500">
     <span class='ocr_line' id='line_1_5' title="bbox 193 431 1782 500; baseline 0.002 -16"><span class='ocrx_word' id='word_1_25' title='bbox 193 431 250 485; x_wconf 82' lang='lat' dir='ltr'><strong>io</strong></span> <span class='ocrx_word' id='word_1_26' title='bbox 275 447 399 485; x_wconf 86' lang='lat' dir='ltr'><strong>meo</strong></span> <span class='ocrx_word' id='word_1_27' title='bbox 423 433 754 500; x_wconf 80' lang='lat' dir='ltr'><strong>patrimonio</strong></span> <span class='ocrx_word' id='word_1_28' title='bbox 785 434 896 496; x_wconf 91' lang='lat' dir='ltr'><strong>siti,</strong></span> <span class='ocrx_word' id='word_1_29' title='bbox 928 443 980 488; x_wconf 89' lang='lat' dir='ltr'><strong>et</strong></span> <span class='ocrx_word' id='word_1_30' title='bbox 1003 449 1034 488; x_wconf 77' lang='grc' dir='ltr'>ιι</span> <span class='ocrx_word' id='word_1_31' title='bbox 1064 447 1148 487; x_wconf 89' lang='lat' dir='ltr'><strong>me</strong></span> <span class='ocrx_word' id='word_1_32' title='bbox 1178 435 1485 488; x_wconf 78' lang='lat' dir='ltr'><strong>omnimodo</strong></span> <span class='ocrx_word' id='word_1_33' title='bbox 1512 433 1782 498; x_wconf 77' lang='lat' dir='ltr'><strong>libertate,</strong></span> 
     </span>
    </p>
   </div>
   <div class='ocr_carea' id='block_1_6' title="bbox 192 523 1786 591">
    <p class='ocr_par' dir='ltr' id='par_1_6' title="bbox 192 523 1786 591">
     <span class='ocr_line' id='line_1_6' title="bbox 192 523 1786 591; baseline 0.002 -16"><span class='ocrx_word' id='word_1_34' title='bbox 192 532 251 575; x_wconf 83' lang='lat' dir='ltr'><strong>ut</strong></span> <span class='ocrx_word' id='word_1_35' title='bbox 279 523 534 591; x_wconf 80' lang='lat' dir='ltr'><strong>superius</strong></span> <span class='ocrx_word' id='word_1_36' title='bbox 561 525 762 580; x_wconf 90' lang='lat' dir='ltr'><strong>dictum</strong></span> <span class='ocrx_word' id='word_1_37' title='bbox 787 534 889 588; x_wconf 84' lang='lat' dir='ltr'><strong>est,</strong></span> <span class='ocrx_word' id='word_1_38' title='bbox 920 525 1128 590; x_wconf 86' lang='lat' dir='ltr'><strong>donati,</strong></span> <span class='ocrx_word' id='word_1_39' title='bbox 1167 525 1354 580; x_wconf 69' lang='lat' dir='ltr'><strong>Romae</strong></span> <span class='ocrx_word' id='word_1_40' title='bbox 1399 541 1506 579; x_wconf 94' lang='lat' dir='ltr'><strong>non</strong></span> <span class='ocrx_word' id='word_1_41' title='bbox 1531 524 1623 578; x_wconf 86' lang='lat' dir='ltr'><strong>ﬁat</strong></span> <span class='ocrx_word' id='word_1_42' title='bbox 1648 524 1786 578; x_wconf 85' lang='lat' dir='ltr'><strong>obii-</strong></span> 
     </span>
    </p>
   </div>
   <div class='ocr_carea' id='block_1_7' title="bbox 189 615 1782 687">
    <p class='ocr_par' dir='ltr' id='par_1_7' title="bbox 189 615 1782 687">
     <span class='ocr_line' id='line_1_7' title="bbox 189 615 1782 687; baseline 0.001 -20"><span class='ocrx_word' id='word_1_43' title='bbox 189 615 302 677; x_wconf 75' lang='lat' dir='ltr'><strong>vio,</strong></span> <span class='ocrx_word' id='word_1_44' title='bbox 361 616 451 670; x_wconf 92' lang='lat' dir='ltr'><strong>ubi</strong></span> <span class='ocrx_word' id='word_1_45' title='bbox 504 626 670 687; x_wconf 80' lang='lat' dir='ltr'><strong>caput</strong></span> <span class='ocrx_word' id='word_1_46' title='bbox 721 617 822 670; x_wconf 82' lang='lat' dir='ltr'><strong>sibi</strong></span> <span class='ocrx_word' id='word_1_47' title='bbox 873 617 1114 672; x_wconf 76' lang='lat' dir='ltr'><strong>vindicat</strong></span> <span class='ocrx_word' id='word_1_48' title='bbox 1161 619 1337 671; x_wconf 89' lang='lat' dir='ltr'><strong>omnis</strong></span> <span class='ocrx_word' id='word_1_49' title='bbox 1373 617 1580 687; x_wconf 75' lang='lat' dir='ltr'><strong>religio,</strong></span> <span class='ocrx_word' id='word_1_50' title='bbox 1611 623 1666 670; x_wconf 90' lang='lat' dir='ltr'><strong>et</strong></span> <span class='ocrx_word' id='word_1_51' title='bbox 1695 615 1782 668; x_wconf 89' lang='lat' dir='ltr'><strong>ubi</strong></span> 
     </span>
    </p>
   </div>
   <div class='ocr_carea' id='block_1_8' title="bbox 194 707 1784 777">
    <p class='ocr_par' dir='ltr' id='par_1_8' title="bbox 194 707 1784 777">
     <span class='ocr_line' id='line_1_8' title="bbox 194 707 1784 777; baseline 0.001 -19"><span class='ocrx_word' id='word_1_52' title='bbox 194 707 504 761; x_wconf 84' lang='lat' dir='ltr'><strong>immeritus</strong></span> <span class='ocrx_word' id='word_1_53' title='bbox 545 707 721 762; x_wconf 80' lang='lat' dir='ltr'><strong>vicem</strong></span> <span class='ocrx_word' id='word_1_54' title='bbox 769 709 972 777; x_wconf 79' lang='lat' dir='ltr'><strong>sumpsi</strong></span> <span class='ocrx_word' id='word_1_55' title='bbox 1027 709 1380 777; x_wconf 79' lang='lat' dir='ltr'><strong>apostolatus.</strong></span> <span class='ocrx_word' id='word_1_56' title='bbox 1424 715 1492 762; x_wconf 87' lang='lat' dir='ltr'><strong>Ut</strong></span> <span class='ocrx_word' id='word_1_57' title='bbox 1533 723 1663 762; x_wconf 89' lang='lat' dir='ltr'><strong>vero</strong></span> <span class='ocrx_word' id='word_1_58' title='bbox 1692 708 1784 760; x_wconf 82' lang='lat' dir='ltr'><strong>lir-</strong></span> 
     </span>
    </p>
   </div>
   <div class='ocr_carea' id='block_1_9' title="bbox 190 800 1781 856">
    <p class='ocr_par' dir='ltr' id='par_1_9' title="bbox 190 800 1781 856">
     <span class='ocr_line' id='line_1_9' title="bbox 190 800 1781 856; baseline -0.001 -2"><span class='ocrx_word' id='word_1_59' title='bbox 190 815 340 854; x_wconf 85' lang='lat' dir='ltr'><strong>mum</strong></span> <span class='ocrx_word' id='word_1_60' title='bbox 368 810 421 852; x_wconf 85' lang='lat' dir='ltr'><strong>et</strong></span> <span class='ocrx_word' id='word_1_61' title='bbox 453 800 838 855; x_wconf 85' lang='lat' dir='ltr'><strong>inconcussum</strong></span> <span class='ocrx_word' id='word_1_62' title='bbox 871 811 1071 854; x_wconf 74' lang='lat' dir='ltr'><strong>nostra:</strong></span> <span class='ocrx_word' id='word_1_63' title='bbox 1093 800 1458 856; x_wconf 82' lang='lat' dir='ltr'><strong>ordinationis</strong></span> <span class='ocrx_word' id='word_1_64' title='bbox 1505 801 1781 854; x_wconf 89' lang='lat' dir='ltr'><strong>decretum</strong></span> 
     </span>
    </p>
   </div>
   <div class='ocr_carea' id='block_1_10' title="bbox 190 889 1782 960">
    <p class='ocr_par' dir='ltr' id='par_1_10' title="bbox 190 889 1782 960">
     <span class='ocr_line' id='line_1_10' title="bbox 190 889 1782 960; baseline 0.001 -18"><span class='ocrx_word' id='word_1_65' title='bbox 190 900 537 958; x_wconf 76' lang='lat' dir='ltr'><strong>perseveret,</strong></span> <span class='ocrx_word' id='word_1_66' title='bbox 596 901 794 944; x_wconf 77' lang='lat' dir='ltr'><strong>nostrze</strong></span> <span class='ocrx_word' id='word_1_67' title='bbox 849 889 1157 960; x_wconf 58' lang='lat' dir='ltr'><strong>apostolica‘</strong></span> <span class='ocrx_word' id='word_1_68' title='bbox 1187 889 1525 944; x_wconf 85' lang='lat' dir='ltr'><strong>auctoritatis</strong></span> <span class='ocrx_word' id='word_1_69' title='bbox 1553 905 1782 944; x_wconf 81' lang='lat' dir='ltr'><strong>censura</strong></span> 
     </span>
    </p>
   </div>
   <div class='ocr_carea' id='block_1_11' title="bbox 191 980 1782 1052">
    <p class='ocr_par' dir='ltr' id='par_1_11' title="bbox 191 980 1782 1052">
     <span class='ocr_line' id='line_1_11' title="bbox 191 980 1782 1052; baseline 0 -17"><span class='ocrx_word' id='word_1_70' title='bbox 191 982 488 1036; x_wconf 73' lang='lat' dir='ltr'><strong>statuimus</strong></span> <span class='ocrx_word' id='word_1_71' title='bbox 540 997 608 1035; x_wconf 89' lang='lat' dir='ltr'><strong>ne</strong></span> <span class='ocrx_word' id='word_1_72' title='bbox 636 983 758 1051; x_wconf 85' lang='lat' dir='ltr'><strong>quis</strong></span> <span class='ocrx_word' id='word_1_73' title='bbox 785 997 1024 1052; x_wconf 80' lang='lat' dir='ltr'><strong>unquam</strong></span> <span class='ocrx_word' id='word_1_74' title='bbox 1052 983 1251 1036; x_wconf 81' lang='lat' dir='ltr'><strong>audeat</strong></span> <span class='ocrx_word' id='word_1_75' title='bbox 1275 980 1621 1052; x_wconf 78' lang='lat' dir='ltr'><strong>przetergrcdi</strong></span> <span class='ocrx_word' id='word_1_76' title='bbox 1643 980 1782 1035; x_wconf 87' lang='lat' dir='ltr'><strong>ultra</strong></span> 
     </span>
    </p>
   </div>
   <div class='ocr_carea' id='block_1_12' title="bbox 191 1071 1780 1142">
    <p class='ocr_par' dir='ltr' id='par_1_12' title="bbox 191 1071 1780 1142">
     <span class='ocr_line' id='line_1_12' title="bbox 191 1071 1780 1142; baseline 0.002 -21"><span class='ocrx_word' id='word_1_77' title='bbox 191 1087 357 1140; x_wconf 83' lang='lat' dir='ltr'><strong>quam</strong></span> <span class='ocrx_word' id='word_1_78' title='bbox 402 1071 494 1125; x_wconf 85' lang='lat' dir='ltr'><strong>hic</strong></span> <span class='ocrx_word' id='word_1_79' title='bbox 524 1072 790 1142; x_wconf 89' lang='lat' dir='ltr'><strong>scriptum</strong></span> <span class='ocrx_word' id='word_1_80' title='bbox 823 1073 1074 1137; x_wconf 85' lang='lat' dir='ltr'><strong>habetur,</strong></span> <span class='ocrx_word' id='word_1_81' title='bbox 1103 1080 1247 1128; x_wconf 89' lang='lat' dir='ltr'><strong>etne</strong></span> <span class='ocrx_word' id='word_1_82' title='bbox 1275 1087 1512 1142; x_wconf 85' lang='lat' dir='ltr'><strong>unquam</strong></span> <span class='ocrx_word' id='word_1_83' title='bbox 1536 1071 1659 1141; x_wconf 91' lang='lat' dir='ltr'><strong>quis</strong></span> <span class='ocrx_word' id='word_1_84' title='bbox 1683 1072 1780 1125; x_wconf 85' lang='lat' dir='ltr'><strong>im-</strong></span> 
     </span>
    </p>
   </div>
   <div class='ocr_carea' id='block_1_13' title="bbox 191 1162 1783 1232">
    <p class='ocr_par' dir='ltr' id='par_1_13' title="bbox 191 1162 1783 1232">
     <span class='ocr_line' id='line_1_13' title="bbox 191 1162 1783 1232; baseline 0.003 -21"><span class='ocrx_word' id='word_1_85' title='bbox 191 1162 318 1228; x_wconf 84' lang='lat' dir='ltr'><strong>pius</strong></span> <span class='ocrx_word' id='word_1_86' title='bbox 373 1169 676 1216; x_wconf 83' lang='lat' dir='ltr'><strong>temerator</strong></span> <span class='ocrx_word' id='word_1_87' title='bbox 730 1162 1012 1232; x_wconf 87' lang='lat' dir='ltr'><strong>tyrannico</strong></span> <span class='ocrx_word' id='word_1_88' title='bbox 1064 1177 1198 1216; x_wconf 90' lang='lat' dir='ltr'><strong>ausu</strong></span> <span class='ocrx_word' id='word_1_89' title='bbox 1244 1162 1541 1232; x_wconf 87' lang='lat' dir='ltr'><strong>quidquam</strong></span> <span class='ocrx_word' id='word_1_90' title='bbox 1591 1176 1783 1231; x_wconf 88' lang='lat' dir='ltr'><strong>rapere</strong></span> 
     </span>
    </p>
   </div>
   <div class='ocr_carea' id='block_1_14' title="bbox 191 1249 1774 1324">
    <p class='ocr_par' dir='ltr' id='par_1_14' title="bbox 191 1249 1774 1324">
     <span class='ocr_line' id='line_1_14' title="bbox 191 1249 1774 1324; baseline 0.004 -22"><span class='ocrx_word' id='word_1_91' title='bbox 191 1249 404 1318; x_wconf 78' lang='lat' dir='ltr'><strong>sibique</strong></span> <span class='ocrx_word' id='word_1_92' title='bbox 432 1265 704 1321; x_wconf 88' lang='lat' dir='ltr'><strong>usurpare</strong></span> <span class='ocrx_word' id='word_1_93' title='bbox 732 1253 796 1307; x_wconf 91' lang='lat' dir='ltr'><strong>de</strong></span> <span class='ocrx_word' id='word_1_94' title='bbox 835 1252 998 1308; x_wconf 84' lang='lat' dir='ltr'><strong>rebus</strong></span> <span class='ocrx_word' id='word_1_95' title='bbox 1048 1251 1290 1321; x_wconf 78' lang='lat' dir='ltr'><strong>ejusdem</strong></span> <span class='ocrx_word' id='word_1_96' title='bbox 1321 1253 1584 1318; x_wconf 67' lang='lat' dir='ltr'><strong>ecclesiae,</strong></span> <span class='ocrx_word' id='word_1_97' title='bbox 1637 1269 1774 1324; x_wconf 86' lang='lat' dir='ltr'><strong>quas</strong></span> 
     </span>
    </p>
   </div>
   <div class='ocr_carea' id='block_1_15' title="bbox 192 1342 1776 1412">
    <p class='ocr_par' dir='ltr' id='par_1_15' title="bbox 192 1342 1776 1412">
     <span class='ocr_line' id='line_1_15' title="bbox 192 1342 1776 1412; baseline 0.001 -17"><span class='ocrx_word' id='word_1_98' title='bbox 192 1343 241 1396; x_wconf 85' lang='lat' dir='ltr'><strong>ei</strong></span> <span class='ocrx_word' id='word_1_99' title='bbox 273 1342 356 1394; x_wconf 90' lang='lat' dir='ltr'><strong>vel</strong></span> <span class='ocrx_word' id='word_1_100' title='bbox 385 1343 490 1396; x_wconf 89' lang='lat' dir='ltr'><strong>mei</strong></span> <span class='ocrx_word' id='word_1_101' title='bbox 537 1353 795 1412; x_wconf 88' lang='lat' dir='ltr'><strong>parentes</strong></span> <span class='ocrx_word' id='word_1_102' title='bbox 843 1344 1214 1409; x_wconf 89' lang='lat' dir='ltr'><strong>contulerunt,</strong></span> <span class='ocrx_word' id='word_1_103' title='bbox 1261 1344 1342 1397; x_wconf 95' lang='lat' dir='ltr'><strong>vel</strong></span> <span class='ocrx_word' id='word_1_104' title='bbox 1399 1345 1513 1412; x_wconf 87' lang='lat' dir='ltr'><strong>ipse</strong></span> <span class='ocrx_word' id='word_1_105' title='bbox 1553 1344 1776 1404; x_wconf 89' lang='lat' dir='ltr'><strong>contuli.</strong></span> 
     </span>
    </p>
   </div>
   <div class='ocr_carea' id='block_1_16' title="bbox 193 1432 1782 1506">
    <p class='ocr_par' dir='ltr' id='par_1_16' title="bbox 193 1432 1782 1506">
     <span class='ocr_line' id='line_1_16' title="bbox 193 1432 1782 1506; baseline 0.004 -22"><span class='ocrx_word' id='word_1_106' title='bbox 193 1442 289 1485; x_wconf 74' lang='lat' dir='ltr'><strong>aut</strong></span> <span class='ocrx_word' id='word_1_107' title='bbox 325 1432 564 1502; x_wconf 84' lang='lat' dir='ltr'><strong>quilibet</strong></span> <span class='ocrx_word' id='word_1_108' title='bbox 609 1433 1042 1488; x_wconf 80' lang='lat' dir='ltr'><strong>Christianorum</strong></span> <span class='ocrx_word' id='word_1_109' title='bbox 1073 1435 1143 1488; x_wconf 90' lang='lat' dir='ltr'><strong>ibi</strong></span> <span class='ocrx_word' id='word_1_110' title='bbox 1173 1435 1465 1490; x_wconf 80' lang='lat' dir='ltr'><strong>collaturus</strong></span> <span class='ocrx_word' id='word_1_111' title='bbox 1510 1443 1613 1499; x_wconf 90' lang='lat' dir='ltr'><strong>est,</strong></span> <span class='ocrx_word' id='word_1_112' title='bbox 1645 1451 1782 1506; x_wconf 74' lang='lat' dir='ltr'><strong>pra:-</strong></span> 
     </span>
    </p>
   </div>
   <div class='ocr_carea' id='block_1_17' title="bbox 193 1524 1779 1597">
    <p class='ocr_par' dir='ltr' id='par_1_17' title="bbox 193 1524 1779 1597">
     <span class='ocr_line' id='line_1_17' title="bbox 193 1524 1779 1597; baseline 0.002 -21"><span class='ocrx_word' id='word_1_113' title='bbox 193 1533 391 1577; x_wconf 80' lang='lat' dir='ltr'><strong>sumat.</strong></span> <span class='ocrx_word' id='word_1_114' title='bbox 421 1524 576 1590; x_wconf 84' lang='lat' dir='ltr'><strong>Quod</strong></span> <span class='ocrx_word' id='word_1_115' title='bbox 598 1525 926 1595; x_wconf 87' lang='lat' dir='ltr'><strong>quicumque</strong></span> <span class='ocrx_word' id='word_1_116' title='bbox 959 1526 1267 1592; x_wconf 86' lang='lat' dir='ltr'><strong>tentaverit,</strong></span> <span class='ocrx_word' id='word_1_117' title='bbox 1290 1526 1354 1579; x_wconf 90' lang='lat' dir='ltr'><strong>ad</strong></span> <span class='ocrx_word' id='word_1_118' title='bbox 1373 1539 1542 1595; x_wconf 90' lang='lat' dir='ltr'><strong>usque</strong></span> <span class='ocrx_word' id='word_1_119' title='bbox 1562 1526 1779 1597; x_wconf 87' lang='lat' dir='ltr'><strong>dignam</strong></span> 
     </span>
    </p>
   </div>
   <div class='ocr_carea' id='block_1_18' title="bbox 191 1612 1782 1687">
    <p class='ocr_par' dir='ltr' id='par_1_18' title="bbox 191 1612 1782 1687">
     <span class='ocr_line' id='line_1_18' title="bbox 191 1612 1782 1687; baseline 0.001 -19"><span class='ocrx_word' id='word_1_120' title='bbox 191 1612 652 1679; x_wconf 77' lang='lat' dir='ltr'><strong>satisfactionem,</strong></span> <span class='ocrx_word' id='word_1_121' title='bbox 677 1615 848 1670; x_wconf 83' lang='lat' dir='ltr'><strong>nostri</strong></span> <span class='ocrx_word' id='word_1_122' title='bbox 875 1615 1156 1684; x_wconf 74' lang='lat' dir='ltr'><strong>apostolici</strong></span> <span class='ocrx_word' id='word_1_123' title='bbox 1184 1617 1552 1672; x_wconf 87' lang='lat' dir='ltr'><strong>anathematis</strong></span> <span class='ocrx_word' id='word_1_124' title='bbox 1573 1617 1782 1687; x_wconf 83' lang='lat' dir='ltr'><strong>obliga-</strong></span> 
     </span>
    </p>
   </div>
   <div class='ocr_carea' id='block_1_19' title="bbox 1886 435 3460 507">
    <p class='ocr_par' dir='ltr' id='par_1_19' title="bbox 1886 435 3460 507">
     <span class='ocr_line' id='line_1_19' title="bbox 1886 435 3460 507; baseline 0.004 -19"><span class='ocrx_word' id='word_1_125' title='bbox 1886 435 2142 499; x_wconf 87' lang='lat' dir='ltr'><strong>deuntes,</strong></span> <span class='ocrx_word' id='word_1_126' title='bbox 2181 436 2247 489; x_wconf 90' lang='lat' dir='ltr'><strong>ad</strong></span> <span class='ocrx_word' id='word_1_127' title='bbox 2289 437 2464 506; x_wconf 91' lang='lat' dir='ltr'><strong>ipsum</strong></span> <span class='ocrx_word' id='word_1_128' title='bbox 2517 436 2608 488; x_wconf 88' lang='lat' dir='ltr'><strong>Dei</strong></span> <span class='ocrx_word' id='word_1_129' title='bbox 2661 437 2915 505; x_wconf 84' lang='lat' dir='ltr'><strong>templum</strong></span> <span class='ocrx_word' id='word_1_130' title='bbox 2965 439 3148 492; x_wconf 90' lang='lat' dir='ltr'><strong>venire</strong></span> <span class='ocrx_word' id='word_1_131' title='bbox 3193 441 3460 507; x_wconf 79' lang='lat' dir='ltr'><strong>invitavit,</strong></span> 
     </span>
    </p>
   </div>
   <div class='ocr_carea' id='block_1_20' title="bbox 1885 524 3462 592">
    <p class='ocr_par' dir='ltr' id='par_1_20' title="bbox 1885 524 3462 592">
     <span class='ocr_line' id='line_1_20' title="bbox 1885 524 3462 592; baseline 0.005 -16"><span class='ocrx_word' id='word_1_132' title='bbox 1885 526 2026 592; x_wconf 85' lang='lat' dir='ltr'><strong>quod</strong></span> <span class='ocrx_word' id='word_1_133' title='bbox 2051 541 2079 576; x_wconf 90' lang='lat' dir='ltr'><strong>a</strong></span> <span class='ocrx_word' id='word_1_134' title='bbox 2117 526 2271 580; x_wconf 88' lang='lat' dir='ltr'><strong>nobis</strong></span> <span class='ocrx_word' id='word_1_135' title='bbox 2302 543 2356 579; x_wconf 90' lang='lat' dir='ltr'><strong>Ill</strong></span> <span class='ocrx_word' id='word_1_136' title='bbox 2393 524 2528 579; x_wconf 85' lang='lat' dir='ltr'><strong>Non.</strong></span> <span class='ocrx_word' id='word_1_137' title='bbox 2566 527 2817 580; x_wconf 75' lang='lat' dir='ltr'><strong>Deceml).</strong></span> <span class='ocrx_word' id='word_1_138' title='bbox 2858 529 3052 582; x_wconf 89' lang='lat' dir='ltr'><strong>merito</strong></span> <span class='ocrx_word' id='word_1_139' title='bbox 3081 529 3283 583; x_wconf 91' lang='lat' dir='ltr'><strong>honore</strong></span> <span class='ocrx_word' id='word_1_140' title='bbox 3313 531 3462 586; x_wconf 84' lang='lat' dir='ltr'><strong>dedi-</strong></span> 
     </span>
    </p>
   </div>
   <div class='ocr_carea' id='block_1_21' title="bbox 1885 615 3462 686">
    <p class='ocr_par' dir='ltr' id='par_1_21' title="bbox 1885 615 3462 686">
     <span class='ocr_line' id='line_1_21' title="bbox 1885 615 3462 686; baseline 0.004 -18"><span class='ocrx_word' id='word_1_141' title='bbox 1885 626 2089 678; x_wconf 90' lang='lat' dir='ltr'><strong>catum,</strong></span> <span class='ocrx_word' id='word_1_142' title='bbox 2118 617 2198 670; x_wconf 87' lang='lat' dir='ltr'><strong>sic</strong></span> <span class='ocrx_word' id='word_1_143' title='bbox 2227 617 2441 670; x_wconf 78' lang='lat' dir='ltr'><strong>tandem</strong></span> <span class='ocrx_word' id='word_1_144' title='bbox 2467 616 2576 686; x_wconf 89' lang='lat' dir='ltr'><strong>juri</strong></span> <span class='ocrx_word' id='word_1_145' title='bbox 2609 617 2664 669; x_wconf 91' lang='lat' dir='ltr'><strong>S.</strong></span> <span class='ocrx_word' id='word_1_146' title='bbox 2694 615 2758 668; x_wconf 79' lang='lat' dir='ltr'><strong>R.</strong></span> <span class='ocrx_word' id='word_1_147' title='bbox 2789 616 2849 669; x_wconf 85' lang='grc' dir='ltr'><strong>Ε.</strong></span> <span class='ocrx_word' id='word_1_148' title='bbox 2886 626 2938 670; x_wconf 91' lang='lat' dir='ltr'><strong>et</strong></span> <span class='ocrx_word' id='word_1_149' title='bbox 2964 618 3274 672; x_wconf 83' lang='lat' dir='ltr'><strong>beatissimo</strong></span> <span class='ocrx_word' id='word_1_150' title='bbox 3301 620 3462 675; x_wconf 79' lang='lat' dir='ltr'><strong>Petro</strong></span> 
     </span>
    </p>
   </div>
   <div class='ocr_carea' id='block_1_22' title="bbox 1885 706 3457 778">
    <p class='ocr_par' dir='ltr' id='par_1_22' title="bbox 1885 706 3457 778">
     <span class='ocr_line' id='line_1_22' title="bbox 1885 706 3457 778; baseline 0.002 -18"><span class='ocrx_word' id='word_1_151' title='bbox 1885 707 2130 776; x_wconf 85' lang='lat' dir='ltr'><strong>apostolo</strong></span> <span class='ocrx_word' id='word_1_152' title='bbox 2153 716 2409 776; x_wconf 74' lang='lat' dir='ltr'><strong>prompto</strong></span> <span class='ocrx_word' id='word_1_153' title='bbox 2452 707 2672 759; x_wconf 87' lang='lat' dir='ltr'><strong>donavit</strong></span> <span class='ocrx_word' id='word_1_154' title='bbox 2713 715 2764 758; x_wconf 90' lang='lat' dir='ltr'><strong>et</strong></span> <span class='ocrx_word' id='word_1_155' title='bbox 2809 706 3002 758; x_wconf 86' lang='lat' dir='ltr'><strong>obtulit</strong></span> <span class='ocrx_word' id='word_1_156' title='bbox 3053 709 3262 770; x_wconf 87' lang='lat' dir='ltr'><strong>animo,</strong></span> <span class='ocrx_word' id='word_1_157' title='bbox 3300 718 3457 778; x_wconf 82' lang='lat' dir='ltr'><strong>teque</strong></span> 
     </span>
    </p>
   </div>
   <div class='ocr_carea' id='block_1_23' title="bbox 1887 797 3459 866">
    <p class='ocr_par' dir='ltr' id='par_1_23' title="bbox 1887 797 3459 866">
     <span class='ocr_line' id='line_1_23' title="bbox 1887 797 3459 866; baseline 0 -14"><span class='ocrx_word' id='word_1_158' title='bbox 1887 799 2048 852; x_wconf 85' lang='lat' dir='ltr'><strong>tiliam</strong></span> <span class='ocrx_word' id='word_1_159' title='bbox 2077 813 2253 862; x_wconf 88' lang='lat' dir='ltr'><strong>suam,</strong></span> <span class='ocrx_word' id='word_1_160' title='bbox 2286 813 2448 866; x_wconf 85' lang='lat' dir='ltr'><strong>quam</strong></span> <span class='ocrx_word' id='word_1_161' title='bbox 2475 797 2584 864; x_wconf 89' lang='lat' dir='ltr'><strong>jam</strong></span> <span class='ocrx_word' id='word_1_162' title='bbox 2620 797 2725 850; x_wconf 81' lang='lat' dir='ltr'><strong>Deo</strong></span> <span class='ocrx_word' id='word_1_163' title='bbox 2757 798 2806 849; x_wconf 91' lang='lat' dir='ltr'><strong>in</strong></span> <span class='ocrx_word' id='word_1_164' title='bbox 2840 799 3136 851; x_wconf 86' lang='lat' dir='ltr'><strong>monastica</strong></span> <span class='ocrx_word' id='word_1_165' title='bbox 3170 814 3459 853; x_wconf 58' lang='lat' dir='ltr'><strong>conversae</strong></span> 
     </span>
    </p>
   </div>
   <div class='ocr_carea' id='block_1_24' title="bbox 1887 887 3460 956">
    <p class='ocr_par' dir='ltr' id='par_1_24' title="bbox 1887 887 3460 956">
     <span class='ocr_line' id='line_1_24' title="bbox 1887 887 3460 956; baseline 0.001 -16"><span class='ocrx_word' id='word_1_166' title='bbox 1887 890 2030 943; x_wconf 90' lang='lat' dir='ltr'><strong>tione</strong></span> <span class='ocrx_word' id='word_1_167' title='bbox 2057 898 2110 942; x_wconf 89' lang='lat' dir='ltr'><strong>et</strong></span> <span class='ocrx_word' id='word_1_168' title='bbox 2137 889 2321 942; x_wconf 88' lang='lat' dir='ltr'><strong>habitu</strong></span> <span class='ocrx_word' id='word_1_169' title='bbox 2346 897 2676 949; x_wconf 77' lang='lat' dir='ltr'><strong>sacraverat,</strong></span> <span class='ocrx_word' id='word_1_170' title='bbox 2730 887 2969 956; x_wconf 80' lang='lat' dir='ltr'><strong>ejusdem</strong></span> <span class='ocrx_word' id='word_1_171' title='bbox 3012 890 3220 956; x_wconf 78' lang='lat' dir='ltr'><strong>rogavit</strong></span> <span class='ocrx_word' id='word_1_172' title='bbox 3247 904 3275 939; x_wconf 93' lang='lat' dir='ltr'><strong>a</strong></span> <span class='ocrx_word' id='word_1_173' title='bbox 3309 889 3460 942; x_wconf 88' lang='lat' dir='ltr'><strong>nobis</strong></span> 
     </span>
    </p>
   </div>
   <div class='ocr_carea' id='block_1_25' title="bbox 1886 977 3458 1045">
    <p class='ocr_par' dir='ltr' id='par_1_25' title="bbox 1886 977 3458 1045">
     <span class='ocr_line' id='line_1_25' title="bbox 1886 977 3458 1045; baseline 0.001 -13"><span class='ocrx_word' id='word_1_174' title='bbox 1886 978 2002 1034; x_wconf 88' lang='lat' dir='ltr'><strong>ﬁeri</strong></span> <span class='ocrx_word' id='word_1_175' title='bbox 2063 978 2398 1032; x_wconf 85' lang='lat' dir='ltr'><strong>abbatissam</strong></span> <span class='ocrx_word' id='word_1_176' title='bbox 2453 977 2579 1032; x_wconf 89' lang='lat' dir='ltr'><strong>loci.</strong></span> <span class='ocrx_word' id='word_1_177' title='bbox 2633 977 2688 1030; x_wconf 90' lang='lat' dir='ltr'><strong>ld</strong></span> <span class='ocrx_word' id='word_1_178' title='bbox 2757 978 2976 1045; x_wconf 88' lang='lat' dir='ltr'><strong>auspice</strong></span> <span class='ocrx_word' id='word_1_179' title='bbox 3023 977 3162 1041; x_wconf 88' lang='lat' dir='ltr'><strong>Deo,</strong></span> <span class='ocrx_word' id='word_1_180' title='bbox 3203 977 3458 1042; x_wconf 79' lang='lat' dir='ltr'><strong>ferimus,</strong></span> 
     </span>
    </p>
   </div>
   <div class='ocr_carea' id='block_1_26' title="bbox 1884 1068 3460 1137">
    <p class='ocr_par' dir='ltr' id='par_1_26' title="bbox 1884 1068 3460 1137">
     <span class='ocr_line' id='line_1_26' title="bbox 1884 1068 3460 1137; baseline 0 -15"><span class='ocrx_word' id='word_1_181' title='bbox 1884 1069 2222 1122; x_wconf 88' lang='lat' dir='ltr'><strong>attendentes</strong></span> <span class='ocrx_word' id='word_1_182' title='bbox 2273 1068 2324 1122; x_wconf 94' lang='lat' dir='ltr'><strong>in</strong></span> <span class='ocrx_word' id='word_1_183' title='bbox 2370 1078 2450 1132; x_wconf 88' lang='lat' dir='ltr'><strong>te,</strong></span> <span class='ocrx_word' id='word_1_184' title='bbox 2506 1077 2767 1136; x_wconf 87' lang='lat' dir='ltr'><strong>quantum</strong></span> <span class='ocrx_word' id='word_1_185' title='bbox 2821 1068 3022 1122; x_wconf 90' lang='lat' dir='ltr'><strong>homini</strong></span> <span class='ocrx_word' id='word_1_186' title='bbox 3061 1078 3140 1121; x_wconf 85' lang='lat' dir='ltr'><strong>est</strong></span> <span class='ocrx_word' id='word_1_187' title='bbox 3185 1070 3460 1137; x_wconf 78' lang='lat' dir='ltr'><strong>possibile,</strong></span> 
     </span>
    </p>
   </div>
   <div class='ocr_carea' id='block_1_27' title="bbox 1888 1159 3466 1228">
    <p class='ocr_par' dir='ltr' id='par_1_27' title="bbox 1888 1159 3466 1228">
     <span class='ocr_line' id='line_1_27' title="bbox 1888 1159 3466 1228; baseline -0.001 -13"><span class='ocrx_word' id='word_1_188' title='bbox 1888 1160 2137 1215; x_wconf 88' lang='lat' dir='ltr'><strong>timorem</strong></span> <span class='ocrx_word' id='word_1_189' title='bbox 2171 1159 2284 1219; x_wconf 88' lang='lat' dir='ltr'><strong>Dei,</strong></span> <span class='ocrx_word' id='word_1_190' title='bbox 2314 1159 2494 1214; x_wconf 89' lang='lat' dir='ltr'><strong>cordis</strong></span> <span class='ocrx_word' id='word_1_191' title='bbox 2531 1159 3023 1228; x_wconf 84' lang='lat' dir='ltr'><strong>compunctionetn,</strong></span> <span class='ocrx_word' id='word_1_192' title='bbox 3064 1161 3259 1213; x_wconf 89' lang='lat' dir='ltr'><strong>mentis</strong></span> <span class='ocrx_word' id='word_1_193' title='bbox 3290 1162 3466 1214; x_wconf 84' lang='lat' dir='ltr'><strong>humi-</strong></span> 
     </span>
    </p>
   </div>
   <div class='ocr_carea' id='block_1_28' title="bbox 1885 1237 3464 1320">
    <p class='ocr_par' dir='ltr' id='par_1_28' title="bbox 1885 1237 3464 1320">
     <span class='ocr_line' id='line_1_28' title="bbox 1885 1237 3464 1320; baseline 0.001 -15"><span class='ocrx_word' id='word_1_194' title='bbox 1885 1253 2110 1315; x_wconf 90' lang='lat' dir='ltr'><strong>litatcm,</strong></span> <span class='ocrx_word' id='word_1_195' title='bbox 2142 1268 2350 1305; x_wconf 89' lang='lat' dir='ltr'><strong>morum</strong></span> <span class='ocrx_word' id='word_1_196' title='bbox 2384 1253 2726 1320; x_wconf 84' lang='lat' dir='ltr'><strong>gravitatem,</strong></span> <span class='ocrx_word' id='word_1_197' title='bbox 2760 1237 3274 1305; x_wconf 12' lang='lat' dir='ltr'><strong>iniadolescentibus</strong></span> <span class='ocrx_word' id='word_1_198' title='bbox 3306 1269 3464 1306; x_wconf 90' lang='lat' dir='ltr'><strong>mem-</strong></span> 
     </span>
    </p>
   </div>
   <div class='ocr_carea' id='block_1_29' title="bbox 1865 1337 3464 1414">
    <p class='ocr_par' dir='ltr' id='par_1_29' title="bbox 1865 1337 3464 1414">
     <span class='ocr_line' id='line_1_29' title="bbox 1865 1337 3464 1414; baseline 0.001 -17"><span class='ocrx_word' id='word_1_199' title='bbox 1865 1337 1996 1398; x_wconf 57' lang='lat' dir='ltr'><strong>&#39;bris</strong></span> <span class='ocrx_word' id='word_1_200' title='bbox 2018 1343 2436 1414; x_wconf 64' lang='lat' dir='ltr'><strong>prmtendentem</strong></span> <span class='ocrx_word' id='word_1_201' title='bbox 2455 1343 2570 1414; x_wconf 91' lang='lat' dir='ltr'><strong>jam</strong></span> <span class='ocrx_word' id='word_1_202' title='bbox 2609 1351 2963 1397; x_wconf 90' lang='lat' dir='ltr'><strong>senectutem.</strong></span> <span class='ocrx_word' id='word_1_203' title='bbox 2987 1341 3054 1397; x_wconf 86' lang='lat' dir='ltr'><strong>Et</strong></span> <span class='ocrx_word' id='word_1_204' title='bbox 3074 1345 3464 1398; x_wconf 90' lang='lat' dir='ltr'><strong>constituentes</strong></span> 
     </span>
    </p>
   </div>
   <div class='ocr_carea' id='block_1_30' title="bbox 1881 1437 3461 1506">
    <p class='ocr_par' dir='ltr' id='par_1_30' title="bbox 1881 1437 3461 1506">
     <span class='ocr_line' id='line_1_30' title="bbox 1881 1437 3461 1506; baseline -0.001 -14"><span class='ocrx_word' id='word_1_205' title='bbox 1881 1437 2130 1492; x_wconf 90' lang='lat' dir='ltr'><strong>eumdem</strong></span> <span class='ocrx_word' id='word_1_206' title='bbox 2180 1437 2354 1492; x_wconf 92' lang='lat' dir='ltr'><strong>locum</strong></span> <span class='ocrx_word' id='word_1_207' title='bbox 2390 1451 2510 1492; x_wconf 86' lang='lat' dir='ltr'><strong>esse</strong></span> <span class='ocrx_word' id='word_1_208' title='bbox 2561 1438 2612 1490; x_wconf 92' lang='lat' dir='ltr'><strong>in</strong></span> <span class='ocrx_word' id='word_1_209' title='bbox 2648 1445 2966 1506; x_wconf 88' lang='lat' dir='ltr'><strong>perpetuum</strong></span> <span class='ocrx_word' id='word_1_210' title='bbox 3014 1437 3331 1490; x_wconf 89' lang='lat' dir='ltr'><strong>ancillarum</strong></span> <span class='ocrx_word' id='word_1_211' title='bbox 3365 1437 3461 1491; x_wconf 87' lang='lat' dir='ltr'><strong>Dei</strong></span> 
     </span>
    </p>
   </div>
   <div class='ocr_carea' id='block_1_31' title="bbox 1884 1526 3463 1595">
    <p class='ocr_par' dir='ltr' id='par_1_31' title="bbox 1884 1526 3463 1595">
     <span class='ocr_line' id='line_1_31' title="bbox 1884 1526 3463 1595; baseline -0.001 -13"><span class='ocrx_word' id='word_1_212' title='bbox 1884 1528 2292 1591; x_wconf 89' lang='lat' dir='ltr'><strong>monasterium,</strong></span> <span class='ocrx_word' id='word_1_213' title='bbox 2326 1527 2414 1580; x_wconf 94' lang='lat' dir='ltr'><strong>ubi</strong></span> <span class='ocrx_word' id='word_1_214' title='bbox 2446 1537 2500 1580; x_wconf 96' lang='lat' dir='ltr'><strong>tu</strong></span> <span class='ocrx_word' id='word_1_215' title='bbox 2530 1528 2594 1580; x_wconf 90' lang='lat' dir='ltr'><strong>de</strong></span> <span class='ocrx_word' id='word_1_216' title='bbox 2628 1536 2772 1595; x_wconf 81' lang='lat' dir='ltr'><strong>teet</strong></span> <span class='ocrx_word' id='word_1_217' title='bbox 2811 1527 3093 1580; x_wconf 87' lang='lat' dir='ltr'><strong>sororibus</strong></span> <span class='ocrx_word' id='word_1_218' title='bbox 3126 1527 3231 1580; x_wconf 90' lang='lat' dir='ltr'><strong>tuis</strong></span> <span class='ocrx_word' id='word_1_219' title='bbox 3259 1526 3463 1595; x_wconf 84' lang='lat' dir='ltr'><strong>primas</strong></span> 
     </span>
    </p>
   </div>
   <div class='ocr_carea' id='block_1_32' title="bbox 1888 1594 3461 1688">
    <p class='ocr_par' dir='ltr' id='par_1_32' title="bbox 1888 1594 3461 1688">
     <span class='ocr_line' id='line_1_32' title="bbox 1888 1594 3461 1688; baseline -0.002 -17"><span class='ocrx_word' id='word_1_220' title='bbox 1888 1619 2000 1673; x_wconf 85' lang='lat' dir='ltr'><strong>Deo</strong></span> <span class='ocrx_word' id='word_1_221' title='bbox 2039 1618 2309 1688; x_wconf 82' lang='lat' dir='ltr'><strong>primitias</strong></span> <span class='ocrx_word' id='word_1_222' title='bbox 2361 1616 2560 1671; x_wconf 73' lang='lat' dir='ltr'><strong>offeras</strong></span> <span class='ocrx_word' id='word_1_223' title='bbox 2608 1594 2914 1688; x_wconf 56' lang='lat' dir='ltr'><strong>religioni,</strong></span> <span class='ocrx_word' id='word_1_224' title='bbox 2945 1616 3135 1670; x_wconf 87' lang='lat' dir='ltr'><strong>merita</strong></span> <span class='ocrx_word' id='word_1_225' title='bbox 3170 1594 3461 1680; x_wconf 79' lang='lat' dir='ltr'><strong>castitatis,</strong></span> 
     </span>
    </p>
   </div>
   <div class='ocr_carea' id='block_1_33' title="bbox 193 1681 2491 1779">
    <p class='ocr_par' dir='ltr' id='par_1_33' title="bbox 193 1681 2491 1779">
     <span class='ocr_line' id='line_1_33' title="bbox 193 1681 2491 1779; baseline 0.002 -21"><span class='ocrx_word' id='word_1_226' title='bbox 193 1705 398 1760; x_wconf 83' lang='lat' dir='ltr'><strong>tionem</strong></span> <span class='ocrx_word' id='word_1_227' title='bbox 433 1707 700 1771; x_wconf 86' lang='lat' dir='ltr'><strong>incurrat,</strong></span> <span class='ocrx_word' id='word_1_228' title='bbox 729 1715 784 1761; x_wconf 92' lang='lat' dir='ltr'><strong>et</strong></span> <span class='ocrx_word' id='word_1_229' title='bbox 813 1721 843 1760; x_wconf 89' lang='lat' dir='ltr'><strong>a</strong></span> <span class='ocrx_word' id='word_1_230' title='bbox 873 1715 942 1770; x_wconf 91' lang='lat' dir='ltr'><strong>te,</strong></span> <span class='ocrx_word' id='word_1_231' title='bbox 969 1722 1002 1761; x_wconf 91' lang='grc' dir='ltr'>ο</span> <span class='ocrx_word' id='word_1_232' title='bbox 1031 1722 1166 1762; x_wconf 78' lang='lat' dir='ltr'><strong>crux</strong></span> <span class='ocrx_word' id='word_1_233' title='bbox 1190 1709 1230 1776; x_wconf 64' lang='grc' dir='ltr'><strong>σι’</strong></span> <span class='ocrx_word' id='word_1_234' title='bbox 1253 1709 1558 1772; x_wconf 89' lang='lat' dir='ltr'><strong>metuenda,</strong></span> <span class='ocrx_word' id='word_1_235' title='bbox 1615 1709 1786 1764; x_wconf 88' lang='lat' dir='ltr'><strong>male-</strong></span> <span class='ocrx_word' id='word_1_236' title='bbox 1817 1681 1859 1738; x_wconf 68' lang='grc' dir='ltr'><strong>Β</strong></span> <span class='ocrx_word' id='word_1_237' title='bbox 1886 1711 2170 1779; x_wconf 87' lang='lat' dir='ltr'><strong>omnisque</strong></span> <span class='ocrx_word' id='word_1_238' title='bbox 2207 1709 2491 1763; x_wconf 88' lang='lat' dir='ltr'><strong>bonitatis.</strong></span> 
     </span>
    </p>
   </div>
   <div class='ocr_carea' id='block_1_34' title="bbox 193 1797 1781 1869">
    <p class='ocr_par' dir='ltr' id='par_1_34' title="bbox 193 1797 1781 1869">
     <span class='ocr_line' id='line_1_34' title="bbox 193 1797 1781 1869; baseline 0.005 -19"><span class='ocrx_word' id='word_1_239' title='bbox 193 1797 521 1852; x_wconf 88' lang='lat' dir='ltr'><strong>dictionem:</strong></span> <span class='ocrx_word' id='word_1_240' title='bbox 552 1799 645 1869; x_wconf 88' lang='lat' dir='ltr'><strong>qui</strong></span> <span class='ocrx_word' id='word_1_241' title='bbox 693 1813 820 1854; x_wconf 90' lang='lat' dir='ltr'><strong>vero</strong></span> <span class='ocrx_word' id='word_1_242' title='bbox 851 1800 919 1855; x_wconf 87' lang='lat' dir='ltr'><strong>ab</strong></span> <span class='ocrx_word' id='word_1_243' title='bbox 967 1801 1068 1855; x_wconf 90' lang='lat' dir='ltr'><strong>hac</strong></span> <span class='ocrx_word' id='word_1_244' title='bbox 1097 1802 1399 1856; x_wconf 85' lang='lat' dir='ltr'><strong>temeritate</strong></span> <span class='ocrx_word' id='word_1_245' title='bbox 1429 1801 1656 1858; x_wconf 92' lang='lat' dir='ltr'><strong>consilio</strong></span> <span class='ocrx_word' id='word_1_246' title='bbox 1689 1819 1781 1858; x_wconf 87' lang='lat' dir='ltr'><strong>sa-</strong></span> 
     </span>
    </p>
   </div>
   <div class='ocr_carea' id='block_1_35' title="bbox 194 1889 1784 1955">
    <p class='ocr_par' dir='ltr' id='par_1_35' title="bbox 194 1889 1784 1955">
     <span class='ocr_line' id='line_1_35' title="bbox 194 1889 1784 1955; baseline 0.004 -14"><span class='ocrx_word' id='word_1_247' title='bbox 194 1889 336 1944; x_wconf 89' lang='lat' dir='ltr'><strong>niori</strong></span> <span class='ocrx_word' id='word_1_248' title='bbox 387 1904 449 1944; x_wconf 82' lang='lat' dir='ltr'><strong>se</strong></span> <span class='ocrx_word' id='word_1_249' title='bbox 473 1891 795 1955; x_wconf 78' lang='lat' dir='ltr'><strong>servaverit,</strong></span> <span class='ocrx_word' id='word_1_250' title='bbox 823 1891 910 1946; x_wconf 89' lang='lat' dir='ltr'><strong>hic</strong></span> <span class='ocrx_word' id='word_1_251' title='bbox 936 1900 1133 1946; x_wconf 59' lang='lat' dir='ltr'><strong>nostra</strong></span> <span class='ocrx_word' id='word_1_252' title='bbox 1164 1892 1561 1949; x_wconf 87' lang='lat' dir='ltr'><strong>benedictionis</strong></span> <span class='ocrx_word' id='word_1_253' title='bbox 1611 1895 1784 1950; x_wconf 86' lang='lat' dir='ltr'><strong>abun-</strong></span> 
     </span>
    </p>
   </div>
   <div class='ocr_carea' id='block_1_36' title="bbox 195 1976 1780 2056">
    <p class='ocr_par' dir='ltr' id='par_1_36' title="bbox 195 1976 1780 2056">
     <span class='ocr_line' id='line_1_36' title="bbox 195 1976 1780 2056; baseline 0.005 -22"><span class='ocrx_word' id='word_1_254' title='bbox 195 1976 381 2035; x_wconf 83' lang='lat' dir='ltr'><strong>dantia</strong></span> <span class='ocrx_word' id='word_1_255' title='bbox 407 1981 605 2052; x_wconf 78' lang='lat' dir='ltr'><strong>dignus</strong></span> <span class='ocrx_word' id='word_1_256' title='bbox 631 1982 760 2048; x_wconf 89' lang='lat' dir='ltr'><strong>erit,</strong></span> <span class='ocrx_word' id='word_1_257' title='bbox 799 1990 855 2038; x_wconf 88' lang='lat' dir='ltr'><strong>et</strong></span> <span class='ocrx_word' id='word_1_258' title='bbox 891 1983 1276 2053; x_wconf 88' lang='lat' dir='ltr'><strong>omnipotentis</strong></span> <span class='ocrx_word' id='word_1_259' title='bbox 1305 1983 1398 2038; x_wconf 90' lang='lat' dir='ltr'><strong>Dei</strong></span> <span class='ocrx_word' id='word_1_260' title='bbox 1449 1988 1623 2056; x_wconf 86' lang='lat' dir='ltr'><strong>gratia</strong></span> <span class='ocrx_word' id='word_1_261' title='bbox 1675 2003 1780 2042; x_wconf 90' lang='lat' dir='ltr'><strong>non</strong></span> 
     </span>
    </p>
   </div>
   <div class='ocr_carea' id='block_1_37' title="bbox 196 2071 1772 2127">
    <p class='ocr_par' dir='ltr' id='par_1_37' title="bbox 196 2071 1772 2127">
     <span class='ocr_line' id='line_1_37' title="bbox 196 2071 1772 2127; baseline -0.001 -1"><span class='ocrx_word' id='word_1_262' title='bbox 196 2071 428 2127; x_wconf 64' lang='lat' dir='ltr'><strong>carem.</strong></span> <span class='ocrx_word' id='word_1_263' title='bbox 1769 2092 1772 2094; x_wconf 48' lang='grc' dir='ltr'><strong>ν</strong></span> 
     </span>
    </p>
   </div>
   <div class='ocr_carea' id='block_1_38' title="bbox 269 2162 1786 2241">
    <p class='ocr_par' dir='ltr' id='par_1_38' title="bbox 269 2162 1786 2241">
     <span class='ocr_line' id='line_1_38' title="bbox 269 2162 1786 2241; baseline 0.007 -27"><span class='ocrx_word' id='word_1_264' title='bbox 269 2162 463 2216; x_wconf 85' lang='lat' dir='ltr'><strong>Datum</strong></span> <span class='ocrx_word' id='word_1_265' title='bbox 501 2163 718 2220; x_wconf 89' lang='lat' dir='ltr'><strong>decimo</strong></span> <span class='ocrx_word' id='word_1_266' title='bbox 743 2175 936 2235; x_wconf 87' lang='lat' dir='ltr'><strong>quarto</strong></span> <span class='ocrx_word' id='word_1_267' title='bbox 985 2167 1259 2222; x_wconf 83' lang='lat' dir='ltr'><strong>Kalendas</strong></span> <span class='ocrx_word' id='word_1_268' title='bbox 1309 2169 1636 2236; x_wconf 80' lang='lat' dir='ltr'><strong>Decembris,</strong></span> <span class='ocrx_word' id='word_1_269' title='bbox 1688 2188 1786 2241; x_wconf 85' lang='lat' dir='ltr'><strong>per</strong></span> 
     </span>
    </p>
   </div>
   <div class='ocr_carea' id='block_1_39' title="bbox 196 2253 1779 2321">
    <p class='ocr_par' dir='ltr' id='par_1_39' title="bbox 196 2253 1779 2321">
     <span class='ocr_line' id='line_1_39' title="bbox 196 2253 1779 2321; baseline 0.008 -16"><span class='ocrx_word' id='word_1_270' title='bbox 196 2267 391 2306; x_wconf 85' lang='lat' dir='ltr'><strong>manus</strong></span> <span class='ocrx_word' id='word_1_271' title='bbox 460 2253 608 2309; x_wconf 87' lang='lat' dir='ltr'><strong>Petri</strong></span> <span class='ocrx_word' id='word_1_272' title='bbox 653 2257 884 2321; x_wconf 90' lang='lat' dir='ltr'><strong>diaconi,</strong></span> <span class='ocrx_word' id='word_1_273' title='bbox 936 2256 1329 2314; x_wconf 87' lang='lat' dir='ltr'><strong>bibliothecarii</strong></span> <span class='ocrx_word' id='word_1_274' title='bbox 1381 2269 1434 2315; x_wconf 90' lang='lat' dir='ltr'><strong>et</strong></span> <span class='ocrx_word' id='word_1_275' title='bbox 1473 2262 1779 2316; x_wconf 59' lang='lat' dir='ltr'><strong>cancellat‘ii</strong></span> 
     </span>
    </p>
   </div>
   <div class='ocr_carea' id='block_1_40' title="bbox 197 2348 1783 2424">
    <p class='ocr_par' dir='ltr' id='par_1_40' title="bbox 197 2348 1783 2424">
     <span class='ocr_line' id='line_1_40' title="bbox 197 2348 1783 2424; baseline 0.008 -28"><span class='ocrx_word' id='word_1_276' title='bbox 197 2352 400 2399; x_wconf 73' lang='lat' dir='ltr'><strong>sancta:</strong></span> <span class='ocrx_word' id='word_1_277' title='bbox 436 2348 748 2414; x_wconf 63' lang='lat' dir='ltr'><strong>apostolicae</strong></span> <span class='ocrx_word' id='word_1_278' title='bbox 779 2349 944 2413; x_wconf 82' lang='lat' dir='ltr'><strong>sedis,</strong></span> <span class='ocrx_word' id='word_1_279' title='bbox 979 2365 1121 2405; x_wconf 87' lang='lat' dir='ltr'><strong>anno</strong></span> <span class='ocrx_word' id='word_1_280' title='bbox 1148 2352 1348 2407; x_wconf 88' lang='lat' dir='ltr'><strong>domini</strong></span> <span class='ocrx_word' id='word_1_281' title='bbox 1393 2353 1591 2408; x_wconf 86' lang='lat' dir='ltr'><strong>Leonis</strong></span> <span class='ocrx_word' id='word_1_282' title='bbox 1628 2369 1783 2424; x_wconf 67' lang='lat' dir='ltr'><strong>papze</strong></span> 
     </span>
    </p>
   </div>
   <div class='ocr_carea' id='block_1_41' title="bbox 197 2433 931 2501">
    <p class='ocr_par' dir='ltr' id='par_1_41' title="bbox 197 2433 931 2501">
     <span class='ocr_line' id='line_1_41' title="bbox 197 2433 931 2501; baseline 0.012 -16"><span class='ocrx_word' id='word_1_283' title='bbox 197 2433 400 2501; x_wconf 86' lang='lat' dir='ltr'><strong>primo,</strong></span> <span class='ocrx_word' id='word_1_284' title='bbox 433 2436 727 2493; x_wconf 85' lang='lat' dir='ltr'><strong>indictione</strong></span> <span class='ocrx_word' id='word_1_285' title='bbox 755 2441 931 2494; x_wconf 85' lang='lat' dir='ltr'><strong>tertia.</strong></span> 
     </span>
    </p>
   </div>
   <div class='ocr_carea' id='block_1_42' title="bbox 891 2530 1081 2586">
    <p class='ocr_par' dir='ltr' id='par_1_42' title="bbox 891 2530 1081 2586">
     <span class='ocr_line' id='line_1_42' title="bbox 891 2530 1081 2586; baseline 0 0"><span class='ocrx_word' id='word_1_286' title='bbox 891 2530 1081 2586; x_wconf 81' lang='lat' dir='ltr'><strong>XXXI.</strong></span> 
     </span>
    </p>
   </div>
   <div class='ocr_carea' id='block_1_43' title="bbox 199 2611 1780 2697">
    <p class='ocr_par' dir='ltr' id='par_1_43' title="bbox 199 2611 1780 2697">
     <span class='ocr_line' id='line_1_43' title="bbox 199 2611 1780 2697; baseline 0.009 -29"><span class='ocrx_word' id='word_1_287' title='bbox 199 2611 264 2668; x_wconf 84' lang='lat' dir='ltr'><strong>S.</strong></span> <span class='ocrx_word' id='word_1_288' title='bbox 295 2612 499 2697; x_wconf 77' lang='lat' dir='ltr'><strong>L¢o_IX</strong></span> <span class='ocrx_word' id='word_1_289' title='bbox 528 2621 834 2697; x_wconf 60' lang='lat' dir='ltr'><strong>monasterii</strong></span> <span class='ocrx_word' id='word_1_290' title='bbox 860 2621 1186 2697; x_wconf 61' lang='lat' dir='ltr'><strong>Alter/ierim</strong></span> <span class='ocrx_word' id='word_1_291' title='bbox 1215 2624 1268 2697; x_wconf 73' lang='lat' dir='ltr'><strong>in</strong></span> <span class='ocrx_word' id='word_1_292' title='bbox 1291 2624 1494 2678; x_wconf 77' lang='lat' dir='ltr'><strong>Alsalia</strong></span> <span class='ocrx_word' id='word_1_293' title='bbox 1521 2626 1780 2695; x_wconf 76' lang='lat' dir='ltr'><strong>inferiori,</strong></span> 
     </span>
    </p>
   </div>
   <div class='ocr_carea' id='block_1_44' title="bbox 267 2690 1780 2765">
    <p class='ocr_par' dir='ltr' id='par_1_44' title="bbox 267 2690 1780 2765">
     <span class='ocr_line' id='line_1_44' title="bbox 267 2690 1780 2765; baseline 0.01 -28"><span class='ocrx_word' id='word_1_294' title='bbox 267 2703 308 2765; x_wconf 40' lang='grc' dir='ltr'><strong>ᾳ,</strong></span> <span class='ocrx_word' id='word_1_295' title='bbox 331 2690 442 2765; x_wconf 62' lang='lat' dir='ltr'><strong>suis</strong></span> <span class='ocrx_word' id='word_1_296' title='bbox 467 2690 770 2765; x_wconf 54' lang='lat' dir='ltr'><strong>parentibus</strong></span> <span class='ocrx_word' id='word_1_297' title='bbox 797 2690 1175 2765; x_wconf 62' lang='lat' dir='ltr'><strong>goud_iti,_bona</strong></span> <span class='ocrx_word' id='word_1_298' title='bbox 1197 2695 1429 2765; x_wconf 80' lang='lat' dir='ltr'><strong>juraque</strong></span> <span class='ocrx_word' id='word_1_299' title='bbox 1453 2690 1780 2762; x_wconf 77' lang='lat' dir='ltr'><strong>corroborat,</strong></span> 
     </span>
    </p>
   </div>
   <div class='ocr_carea' id='block_1_45' title="bbox 268 2755 1786 2880">
    <p class='ocr_par' dir='ltr' id='par_1_45' title="bbox 268 2755 1786 2880">
     <span class='ocr_line' id='line_1_45' title="bbox 268 2755 1786 2880; baseline 0.012 -76"><span class='ocrx_word' id='word_1_300' title='bbox 268 2755 653 2880; x_wconf 55' lang='lat' dir='ltr'><strong>:zizu‘e‘sgltare</strong></span> <span class='ocrx_word' id='word_1_301' title='bbox 689 2758 749 2814; x_wconf 88' lang='lat' dir='ltr'><strong>S.</strong></span> <span class='ocrx_word' id='word_1_302' title='bbox 787 2758 1040 2831; x_wconf 77' lang='lat' dir='ltr'><strong>Stephani</strong></span> <span class='ocrx_word' id='word_1_303' title='bbox 1070 2755 1318 2818; x_wconf 68' lang='lat' dir='ltr'><strong>memorat</strong></span> <span class='ocrx_word' id='word_1_304' title='bbox 1343 2755 1389 2819; x_wconf 81' lang='grc' dir='ltr'><em>ἀ</em></span> <span class='ocrx_word' id='word_1_305' title='bbox 1427 2783 1536 2820; x_wconf 74' lang='lat' dir='ltr'><strong>sese</strong></span> <span class='ocrx_word' id='word_1_306' title='bbox 1580 2755 1786 2822; x_wconf 55' lang='lat' dir='ltr'><strong>dedica;</strong></span> 
     </span>
    </p>
   </div>
   <div class='ocr_carea' id='block_1_46' title="bbox 799 2920 1194 2994">
    <p class='ocr_par' dir='ltr' id='par_1_46' title="bbox 799 2920 1194 2994">
     <span class='ocr_line' id='line_1_46' title="bbox 799 2920 1194 2994; baseline 0.013 -20"><span class='ocrx_word' id='word_1_307' title='bbox 799 2920 975 2992; x_wconf 78' lang='lat' dir='ltr'><strong>(Anno</strong></span> <span class='ocrx_word' id='word_1_308' title='bbox 1013 2923 1194 2994; x_wconf 77' lang='lat' dir='ltr'><strong>tota.)</strong></span> 
     </span>
    </p>
   </div>
   <div class='ocr_carea' id='block_1_47' title="bbox 201 3003 1852 3089">
    <p class='ocr_par' dir='ltr' id='par_1_47' title="bbox 201 3003 1852 3089">
     <span class='ocr_line' id='line_1_47' title="bbox 201 3003 1852 3089; baseline 0.012 -29"><span class='ocrx_word' id='word_1_309' title='bbox 201 3003 569 3089; x_wconf 42' lang='lat' dir='ltr'><strong>{Grandi-(ﬁer,</strong></span> <span class='ocrx_word' id='word_1_310' title='bbox 602 3010 838 3089; x_wconf 66' lang='lat' dir='ltr'><strong>ﬂistoire</strong></span> <span class='ocrx_word' id='word_1_311' title='bbox 868 3015 1128 3089; x_wconf 26' lang='lat' dir='ltr'><strong>rl’Als‘ece,</strong></span> <span class='ocrx_word' id='word_1_312' title='bbox 1148 3017 1186 3079; x_wconf 84' lang='grc' dir='ltr'><strong>Ι,</strong></span> <span class='ocrx_word' id='word_1_313' title='bbox 1211 3017 1337 3089; x_wconf 75' lang='grc'><strong>255.</strong></span> <span class='ocrx_word' id='word_1_314' title='bbox 1375 3029 1426 3074; x_wconf 90' lang='lat' dir='ltr'><strong>et</strong></span> <span class='ocrx_word' id='word_1_315' title='bbox 1459 3020 1777 3089; x_wconf 76' lang='lat' dir='ltr'><strong>Schmpﬂin.</strong></span> <span class='ocrx_word' id='word_1_316' title='bbox 1808 3019 1852 3079; x_wconf 71' lang='grc' dir='ltr'><strong>(ἶ</strong></span> 
     </span>
    </p>
   </div>
   <div class='ocr_carea' id='block_1_48' title="bbox 271 3077 1785 3152">
    <p class='ocr_par' dir='ltr' id='par_1_48' title="bbox 271 3077 1785 3152">
     <span class='ocr_line' id='line_1_48' title="bbox 271 3077 1785 3152; baseline 0.011 -23"><span class='ocrx_word' id='word_1_317' title='bbox 271 3077 475 3152; x_wconf 68' lang='grc' dir='ltr'><strong>ᾼιεαιὶῃ</strong></span> <span class='ocrx_word' id='word_1_318' title='bbox 503 3081 862 3150; x_wconf 81' lang='lat' dir='ltr'><strong>diplomatica,</strong></span> <span class='ocrx_word' id='word_1_319' title='bbox 891 3086 929 3150; x_wconf 94' lang='lat' dir='ltr'><strong>l,</strong></span> <span class='ocrx_word' id='word_1_320' title='bbox 958 3087 1082 3152; x_wconf 64' lang='lat'><strong>165,</strong></span> <span class='ocrx_word' id='word_1_321' title='bbox 1113 3077 1248 3144; x_wconf 71' lang='lat' dir='ltr'><strong>teSte</strong></span> <span class='ocrx_word' id='word_1_322' title='bbox 1269 3077 1420 3146; x_wconf 72' lang='lat' dir='ltr'><strong>Jaﬂ&#39;e.</strong></span> <span class='ocrx_word' id='word_1_323' title='bbox 1453 3122 1523 3132; x_wconf 95' lang='lat'><strong>—</strong></span> <span class='ocrx_word' id='word_1_324' title='bbox 1545 3111 1563 3143; x_wconf 74' lang='grc' dir='ltr'>ι</span> <span class='ocrx_word' id='word_1_325' title='bbox 1603 3077 1785 3146; x_wconf 62' lang='lat' dir='ltr'><strong>Sacra:</strong></span> 
     </span>
    </p>
   </div>
   <div class='ocr_carea' id='block_1_49' title="bbox 270 3149 1144 3225">
    <p class='ocr_par' dir='ltr' id='par_1_49' title="bbox 270 3149 1144 3225">
     <span class='ocr_line' id='line_1_49' title="bbox 270 3149 1144 3225; baseline 0.002 -22"><span class='ocrx_word' id='word_1_326' title='bbox 270 3149 596 3206; x_wconf 77' lang='lat' dir='ltr'><strong>devotionis.</strong></span> <span class='ocrx_word' id='word_1_327' title='bbox 635 3152 684 3225; x_wconf 76' lang='grc' dir='ltr'><strong>ι]</strong></span> <span class='ocrx_word' id='word_1_328' title='bbox 850 3149 853 3150; x_wconf 58' lang='grc'><strong><em>⁷</em></strong></span> <span class='ocrx_word' id='word_1_329' title='bbox 1068 3149 1075 3152; x_wconf 81' lang='grc'><em>’</em></span> <span class='ocrx_word' id='word_1_330' title='bbox 1137 3181 1144 3186; x_wconf 80' lang='lat'><strong>~</strong></span> 
     </span>
    </p>
   </div>
   <div class='ocr_carea' id='block_1_50' title="bbox 882 3247 1096 3305">
    <p class='ocr_par' dir='ltr' id='par_1_50' title="bbox 882 3247 1096 3305">
     <span class='ocr_line' id='line_1_50' title="bbox 882 3247 1096 3305; baseline 0.009 -2"><span class='ocrx_word' id='word_1_331' title='bbox 882 3247 1096 3305; x_wconf 78' lang='lat' dir='ltr'><strong>XXXII.</strong></span> 
     </span>
    </p>
   </div>
   <div class='ocr_carea' id='block_1_51' title="bbox 199 3349 1786 3426">
    <p class='ocr_par' dir='ltr' id='par_1_51' title="bbox 199 3349 1786 3426">
     <span class='ocr_line' id='line_1_51' title="bbox 199 3349 1786 3426; baseline 0.006 -19"><span class='ocrx_word' id='word_1_332' title='bbox 199 3349 256 3407; x_wconf 83' lang='lat' dir='ltr'><strong>S.</strong></span> <span class='ocrx_word' id='word_1_333' title='bbox 277 3350 381 3408; x_wconf 74' lang='lat' dir='ltr'><strong>Leo</strong></span> <span class='ocrx_word' id='word_1_334' title='bbox 407 3352 490 3408; x_wconf 79' lang='lat' dir='ltr'><strong>IX</strong></span> <span class='ocrx_word' id='word_1_335' title='bbox 513 3357 789 3424; x_wconf 79' lang='lat' dir='ltr'><strong>conﬁrmat</strong></span> <span class='ocrx_word' id='word_1_336' title='bbox 811 3359 1170 3426; x_wconf 63' lang='lat' dir='ltr'><strong>[tractationem</strong></span> <span class='ocrx_word' id='word_1_337' title='bbox 1189 3371 1238 3415; x_wconf 82' lang='lat' dir='ltr'><strong>et</strong></span> <span class='ocrx_word' id='word_1_338' title='bbox 1259 3363 1586 3416; x_wconf 76' lang='lat' dir='ltr'><strong>advocationi</strong></span> <span class='ocrx_word' id='word_1_339' title='bbox 1603 3380 1786 3416; x_wconf 83' lang='lat' dir='ltr'><strong>mona-</strong></span> 
     </span>
    </p>
   </div>
   <div class='ocr_carea' id='block_1_52' title="bbox 601 3429 1394 3486">
    <p class='ocr_par' dir='ltr' id='par_1_52' title="bbox 601 3429 1394 3486">
     <span class='ocr_line' id='line_1_52' title="bbox 601 3429 1394 3486; baseline 0.008 -6"><span class='ocrx_word' id='word_1_340' title='bbox 601 3429 749 3482; x_wconf 75' lang='lat' dir='ltr'><strong>sterii</strong></span> <span class='ocrx_word' id='word_1_341' title='bbox 783 3429 844 3484; x_wconf 82' lang='lat' dir='ltr'><strong>S.</strong></span> <span class='ocrx_word' id='word_1_342' title='bbox 868 3429 1052 3484; x_wconf 71' lang='lat' dir='ltr'><strong>Cruci:</strong></span> <span class='ocrx_word' id='word_1_343' title='bbox 1072 3433 1123 3484; x_wconf 85' lang='lat' dir='ltr'><strong>iu</strong></span> <span class='ocrx_word' id='word_1_344' title='bbox 1152 3429 1394 3486; x_wconf 80' lang='lat' dir='ltr'><strong>Werdea.</strong></span> 
     </span>
    </p>
   </div>
   <div class='ocr_carea' id='block_1_53' title="bbox 801 3518 1184 3591">
    <p class='ocr_par' dir='ltr' id='par_1_53' title="bbox 801 3518 1184 3591">
     <span class='ocr_line' id='line_1_53' title="bbox 801 3518 1184 3591; baseline 0.008 -19"><span class='ocrx_word' id='word_1_345' title='bbox 801 3518 976 3589; x_wconf 83' lang='lat' dir='ltr'><strong>(Anno</strong></span> <span class='ocrx_word' id='word_1_346' title='bbox 1003 3519 1184 3591; x_wconf 70' lang='grc'><strong>1049.)</strong></span> 
     </span>
    </p>
   </div>
   <div class='ocr_carea' id='block_1_54' title="bbox 321 3606 1675 3688">
    <p class='ocr_par' dir='ltr' id='par_1_54' title="bbox 321 3606 1675 3688">
     <span class='ocr_line' id='line_1_54' title="bbox 321 3606 1675 3688; baseline 0.006 -27"><span class='ocrx_word' id='word_1_347' title='bbox 321 3606 727 3679; x_wconf 76' lang='lat' dir='ltr'><strong>{Cocqnelines,</strong></span> <span class='ocrx_word' id='word_1_348' title='bbox 761 3610 967 3666; x_wconf 81' lang='lat' dir='ltr'><strong>Bullar.</strong></span> <span class='ocrx_word' id='word_1_349' title='bbox 995 3612 1153 3683; x_wconf 81' lang='lat' dir='ltr'><strong>ampl.</strong></span> <span class='ocrx_word' id='word_1_350' title='bbox 1179 3612 1416 3678; x_wconf 64' lang='grc' dir='ltr'><strong>ϐοηθοίη</strong></span> <span class='ocrx_word' id='word_1_351' title='bbox 1454 3616 1496 3680; x_wconf 91' lang='lat' dir='ltr'><strong>l,</strong></span> <span class='ocrx_word' id='word_1_352' title='bbox 1524 3615 1675 3688; x_wconf 78' lang='lat'><strong>366.]</strong></span> 
     </span>
    </p>
   </div>
   <div class='ocr_carea' id='block_1_55' title="bbox 267 3698 1778 3778">
    <p class='ocr_par' dir='ltr' id='par_1_55' title="bbox 267 3698 1778 3778">
     <span class='ocr_line' id='line_1_55' title="bbox 267 3698 1778 3778; baseline 0.004 -23"><span class='ocrx_word' id='word_1_353' title='bbox 267 3698 383 3755; x_wconf 71' lang='lat' dir='ltr'><strong>Leo</strong></span> <span class='ocrx_word' id='word_1_354' title='bbox 411 3700 928 3770; x_wconf 86' lang='lat' dir='ltr'><strong>episcopus,servus</strong></span> <span class='ocrx_word' id='word_1_355' title='bbox 954 3719 1232 3758; x_wconf 89' lang='lat' dir='ltr'><strong>servorum</strong></span> <span class='ocrx_word' id='word_1_356' title='bbox 1258 3704 1376 3769; x_wconf 90' lang='lat' dir='ltr'><strong>Dei,</strong></span> <span class='ocrx_word' id='word_1_357' title='bbox 1395 3705 1778 3778; x_wconf 57' lang='lat' dir='ltr'><strong>Quam-manna</strong></span> 
     </span>
    </p>
   </div>
   <div class='ocr_carea' id='block_1_56' title="bbox 197 3791 1786 3850">
    <p class='ocr_par' dir='ltr' id='par_1_56' title="bbox 197 3791 1786 3850">
     <span class='ocr_line' id='line_1_56' title="bbox 197 3791 1786 3850; baseline 0.003 -4"><span class='ocrx_word' id='word_1_358' title='bbox 197 3791 413 3846; x_wconf 69' lang='lat' dir='ltr'><strong>dilectae</strong></span> <span class='ocrx_word' id='word_1_359' title='bbox 450 3792 503 3845; x_wconf 95' lang='lat' dir='ltr'><strong>in</strong></span> <span class='ocrx_word' id='word_1_360' title='bbox 543 3791 762 3847; x_wconf 91' lang='lat' dir='ltr'><strong>Christo</strong></span> <span class='ocrx_word' id='word_1_361' title='bbox 799 3793 920 3846; x_wconf 79' lang='lat' dir='ltr'><strong>ﬁlia:</strong></span> <span class='ocrx_word' id='word_1_362' title='bbox 955 3809 984 3846; x_wconf 90' lang='lat' dir='ltr'><strong>a</strong></span> <span class='ocrx_word' id='word_1_363' title='bbox 1011 3794 1168 3849; x_wconf 91' lang='lat' dir='ltr'><strong>nobis</strong></span> <span class='ocrx_word' id='word_1_364' title='bbox 1207 3796 1468 3850; x_wconf 75' lang='lat' dir='ltr'><strong>ordinata:</strong></span> <span class='ocrx_word' id='word_1_365' title='bbox 1510 3805 1566 3850; x_wconf 90' lang='lat' dir='ltr'><strong>et</strong></span> <span class='ocrx_word' id='word_1_366' title='bbox 1597 3811 1786 3850; x_wconf 89' lang='lat' dir='ltr'><strong>conse-</strong></span> 
     </span>
    </p>
   </div>
   <div class='ocr_carea' id='block_1_57' title="bbox 198 3885 1785 3958">
    <p class='ocr_par' dir='ltr' id='par_1_57' title="bbox 198 3885 1785 3958">
     <span class='ocr_line' id='line_1_57' title="bbox 198 3885 1785 3958; baseline 0.001 -17"><span class='ocrx_word' id='word_1_367' title='bbox 198 3894 369 3941; x_wconf 57' lang='lat' dir='ltr'><strong>cratae</strong></span> <span class='ocrx_word' id='word_1_368' title='bbox 400 3886 632 3948; x_wconf 87' lang='lat' dir='ltr'><strong>noviter,</strong></span> <span class='ocrx_word' id='word_1_369' title='bbox 659 3885 803 3941; x_wconf 80' lang='lat' dir='ltr'><strong>facto</strong></span> <span class='ocrx_word' id='word_1_370' title='bbox 824 3902 853 3940; x_wconf 87' lang='lat' dir='ltr'><strong>a</strong></span> <span class='ocrx_word' id='word_1_371' title='bbox 881 3895 1030 3955; x_wconf 86' lang='lat' dir='ltr'><strong>patre</strong></span> <span class='ocrx_word' id='word_1_372' title='bbox 1057 3897 1147 3940; x_wconf 88' lang='lat' dir='ltr'><strong>tuo</strong></span> <span class='ocrx_word' id='word_1_373' title='bbox 1173 3887 1487 3958; x_wconf 79' lang='lat' dir='ltr'><strong>Manegoldo</strong></span> <span class='ocrx_word' id='word_1_374' title='bbox 1513 3887 1566 3941; x_wconf 90' lang='lat' dir='ltr'><strong>S.</strong></span> <span class='ocrx_word' id='word_1_375' title='bbox 1595 3887 1785 3943; x_wconf 83' lang='lat' dir='ltr'><strong>Crucis</strong></span> 
     </span>
    </p>
   </div>
   <div class='ocr_carea' id='block_1_58' title="bbox 197 3977 1780 4049">
    <p class='ocr_par' dir='ltr' id='par_1_58' title="bbox 197 3977 1780 4049">
     <span class='ocr_line' id='line_1_58' title="bbox 197 3977 1780 4049; baseline 0 -17"><span class='ocrx_word' id='word_1_376' title='bbox 197 3977 549 4043; x_wconf 79' lang='lat' dir='ltr'><strong>monasterio,</strong></span> <span class='ocrx_word' id='word_1_377' title='bbox 573 3977 777 4048; x_wconf 84' lang='lat' dir='ltr'><strong>tibique</strong></span> <span class='ocrx_word' id='word_1_378' title='bbox 797 3979 1129 4033; x_wconf 89' lang='lat' dir='ltr'><strong>successuris</strong></span> <span class='ocrx_word' id='word_1_379' title='bbox 1141 3979 1452 4049; x_wconf 89' lang='lat' dir='ltr'><strong>perenniter</strong></span> <span class='ocrx_word' id='word_1_380' title='bbox 1473 3979 1780 4043; x_wconf 85' lang='lat' dir='ltr'><strong>abbatissis,</strong></span> 
     </span>
    </p>
   </div>
   <div class='ocr_carea' id='block_1_59' title="bbox 197 4069 1130 4140">
    <p class='ocr_par' dir='ltr' id='par_1_59' title="bbox 197 4069 1130 4140">
     <span class='ocr_line' id='line_1_59' title="bbox 197 4069 1130 4140; baseline 0 -16"><span class='ocrx_word' id='word_1_381' title='bbox 197 4080 518 4140; x_wconf 82' lang='lat' dir='ltr'><strong>perpetuam</strong></span> <span class='ocrx_word' id='word_1_382' title='bbox 554 4070 606 4124; x_wconf 90' lang='lat' dir='ltr'><strong>in</strong></span> <span class='ocrx_word' id='word_1_383' title='bbox 633 4069 859 4124; x_wconf 86' lang='lat' dir='ltr'><strong>Domino</strong></span> <span class='ocrx_word' id='word_1_384' title='bbox 884 4070 1130 4126; x_wconf 87' lang='lat' dir='ltr'><strong>salutem.</strong></span> 
     </span>
    </p>
   </div>
   <div class='ocr_carea' id='block_1_60' title="bbox 267 4159 1782 4231">
    <p class='ocr_par' dir='ltr' id='par_1_60' title="bbox 267 4159 1782 4231">
     <span class='ocr_line' id='line_1_60' title="bbox 267 4159 1782 4231; baseline 0.001 -17"><span class='ocrx_word' id='word_1_385' title='bbox 267 4159 453 4214; x_wconf 76' lang='lat' dir='ltr'><strong>Sacra:</strong></span> <span class='ocrx_word' id='word_1_386' title='bbox 478 4160 782 4215; x_wconf 85' lang='lat' dir='ltr'><strong>devotionis</strong></span> <span class='ocrx_word' id='word_1_387' title='bbox 810 4160 979 4224; x_wconf 85' lang='lat' dir='ltr'><strong>labor,</strong></span> <span class='ocrx_word' id='word_1_388' title='bbox 1007 4162 1130 4231; x_wconf 86' lang='lat' dir='ltr'><strong>quia</strong></span> <span class='ocrx_word' id='word_1_389' title='bbox 1157 4177 1371 4231; x_wconf 86' lang='lat' dir='ltr'><strong>semper</strong></span> <span class='ocrx_word' id='word_1_390' title='bbox 1395 4161 1578 4216; x_wconf 85' lang='lat' dir='ltr'><strong>divino</strong></span> <span class='ocrx_word' id='word_1_391' title='bbox 1600 4161 1782 4215; x_wconf 87' lang='lat' dir='ltr'><strong>favore</strong></span> 
     </span>
    </p>
   </div>
   <div class='ocr_carea' id='block_1_61' title="bbox 193 4249 1778 4319">
    <p class='ocr_par' dir='ltr' id='par_1_61' title="bbox 193 4249 1778 4319">
     <span class='ocr_line' id='line_1_61' title="bbox 193 4249 1778 4319; baseline 0.003 -17"><span class='ocrx_word' id='word_1_392' title='bbox 193 4249 433 4319; x_wconf 80' lang='lat' dir='ltr'><strong>juvatur,</strong></span> <span class='ocrx_word' id='word_1_393' title='bbox 467 4265 684 4319; x_wconf 84' lang='lat' dir='ltr'><strong>semper</strong></span> <span class='ocrx_word' id='word_1_394' title='bbox 724 4259 906 4319; x_wconf 86' lang='lat' dir='ltr'><strong>optata</strong></span> <span class='ocrx_word' id='word_1_395' title='bbox 942 4253 1046 4306; x_wconf 90' lang='lat' dir='ltr'><strong>ﬁne</strong></span> <span class='ocrx_word' id='word_1_396' title='bbox 1075 4254 1417 4308; x_wconf 86' lang='lat' dir='ltr'><strong>terminatur.</strong></span> <span class='ocrx_word' id='word_1_397' title='bbox 1455 4255 1607 4318; x_wconf 90' lang='lat' dir='ltr'><strong>Ideo,</strong></span> <span class='ocrx_word' id='word_1_398' title='bbox 1648 4253 1778 4316; x_wconf 89' lang='lat' dir='ltr'><strong>lilia,</strong></span> 
     </span>
    </p>
   </div>
   <div class='ocr_carea' id='block_1_62' title="bbox 1953 1800 3465 1871">
    <p class='ocr_par' dir='ltr' id='par_1_62' title="bbox 1953 1800 3465 1871">
     <span class='ocr_line' id='line_1_62' title="bbox 1953 1800 3465 1871; baseline -0.003 -12"><span class='ocrx_word' id='word_1_399' title='bbox 1953 1805 1987 1859; x_wconf 82' lang='grc'><strong>5</strong></span> <span class='ocrx_word' id='word_1_400' title='bbox 2038 1805 2148 1859; x_wconf 89' lang='lat' dir='ltr'><strong>Hoc</strong></span> <span class='ocrx_word' id='word_1_401' title='bbox 2164 1816 2339 1859; x_wconf 87' lang='lat' dir='ltr'><strong>tamen</strong></span> <span class='ocrx_word' id='word_1_402' title='bbox 2356 1803 2571 1857; x_wconf 88' lang='lat' dir='ltr'><strong>nomine</strong></span> <span class='ocrx_word' id='word_1_403' title='bbox 2587 1809 2784 1856; x_wconf 65' lang='lat' dir='ltr'><strong>nostra:</strong></span> <span class='ocrx_word' id='word_1_404' title='bbox 2804 1801 3112 1871; x_wconf 77' lang='lat' dir='ltr'><strong>apostolica:</strong></span> <span class='ocrx_word' id='word_1_405' title='bbox 3137 1800 3248 1855; x_wconf 86' lang='lat' dir='ltr'><strong>sedi</strong></span> <span class='ocrx_word' id='word_1_406' title='bbox 3271 1816 3332 1869; x_wconf 88' lang='lat' dir='ltr'><strong>pa</strong></span> <span class='ocrx_word' id='word_1_407' title='bbox 3343 1814 3465 1854; x_wconf 89' lang='lat' dir='ltr'><strong>rens</strong></span> 
     </span>
    </p>
   </div>
   <div class='ocr_carea' id='block_1_63' title="bbox 1887 1889 3462 1959">
    <p class='ocr_par' dir='ltr' id='par_1_63' title="bbox 1887 1889 3462 1959">
     <span class='ocr_line' id='line_1_63' title="bbox 1887 1889 3462 1959; baseline -0.004 -10"><span class='ocrx_word' id='word_1_408' title='bbox 1887 1905 2008 1949; x_wconf 91' lang='lat' dir='ltr'><strong>tuus</strong></span> <span class='ocrx_word' id='word_1_409' title='bbox 2048 1896 2293 1950; x_wconf 87' lang='lat' dir='ltr'><strong>eamdem</strong></span> <span class='ocrx_word' id='word_1_410' title='bbox 2331 1893 2460 1948; x_wconf 87' lang='lat' dir='ltr'><strong>fecit</strong></span> <span class='ocrx_word' id='word_1_411' title='bbox 2498 1893 2844 1955; x_wconf 88' lang='lat' dir='ltr'><strong>oblationem,</strong></span> <span class='ocrx_word' id='word_1_412' title='bbox 2878 1901 2956 1956; x_wconf 93' lang='lat' dir='ltr'><strong>ut,</strong></span> <span class='ocrx_word' id='word_1_413' title='bbox 2985 1893 3109 1944; x_wconf 91' lang='lat' dir='ltr'><strong>dum</strong></span> <span class='ocrx_word' id='word_1_414' title='bbox 3160 1891 3273 1959; x_wconf 87' lang='lat' dir='ltr'><strong>ipse</strong></span> <span class='ocrx_word' id='word_1_415' title='bbox 3305 1889 3462 1952; x_wconf 88' lang='lat' dir='ltr'><strong>vivit,</strong></span> 
     </span>
    </p>
   </div>
   <div class='ocr_carea' id='block_1_64' title="bbox 1885 1981 3466 2056">
    <p class='ocr_par' dir='ltr' id='par_1_64' title="bbox 1885 1981 3466 2056">
     <span class='ocr_line' id='line_1_64' title="bbox 1885 1981 3466 2056; baseline -0.005 -16"><span class='ocrx_word' id='word_1_416' title='bbox 1885 1987 2054 2056; x_wconf 88' lang='lat' dir='ltr'><strong>ipsius</strong></span> <span class='ocrx_word' id='word_1_417' title='bbox 2106 1986 2208 2039; x_wconf 92' lang='lat' dir='ltr'><strong>loci</strong></span> <span class='ocrx_word' id='word_1_418' title='bbox 2259 1984 2599 2038; x_wconf 87' lang='lat' dir='ltr'><strong>advocatiam</strong></span> <span class='ocrx_word' id='word_1_419' title='bbox 2659 1983 2883 2047; x_wconf 86' lang='lat' dir='ltr'><strong>habeat;</strong></span> <span class='ocrx_word' id='word_1_420' title='bbox 2936 1981 3188 2035; x_wconf 87' lang='lat' dir='ltr'><strong>similiter</strong></span> <span class='ocrx_word' id='word_1_421' title='bbox 3233 1991 3309 2042; x_wconf 88' lang='lat' dir='ltr'><strong>et,</strong></span> <span class='ocrx_word' id='word_1_422' title='bbox 3345 1989 3466 2048; x_wconf 87' lang='lat' dir='ltr'><strong>post</strong></span> 
     </span>
    </p>
   </div>
   <div class='ocr_carea' id='block_1_65' title="bbox 1886 2073 3466 2148">
    <p class='ocr_par' dir='ltr' id='par_1_65' title="bbox 1886 2073 3466 2148">
     <span class='ocr_line' id='line_1_65' title="bbox 1886 2073 3466 2148; baseline -0.006 -16"><span class='ocrx_word' id='word_1_423' title='bbox 1886 2087 2110 2132; x_wconf 88' lang='lat' dir='ltr'><strong>mortem</strong></span> <span class='ocrx_word' id='word_1_424' title='bbox 2148 2078 2336 2148; x_wconf 89' lang='lat' dir='ltr'><strong>ipsius,</strong></span> <span class='ocrx_word' id='word_1_425' title='bbox 2373 2091 2532 2146; x_wconf 90' lang='lat' dir='ltr'><strong>quem</strong></span> <span class='ocrx_word' id='word_1_426' title='bbox 2573 2090 2714 2129; x_wconf 90' lang='lat' dir='ltr'><strong>nunc</strong></span> <span class='ocrx_word' id='word_1_427' title='bbox 2761 2075 2921 2128; x_wconf 88' lang='lat' dir='ltr'><strong>habet</strong></span> <span class='ocrx_word' id='word_1_428' title='bbox 2965 2075 3126 2128; x_wconf 91' lang='lat' dir='ltr'><strong>ﬁlius.</strong></span> <span class='ocrx_word' id='word_1_429' title='bbox 3173 2073 3273 2140; x_wconf 92' lang='lat' dir='ltr'><strong>Qui</strong></span> <span class='ocrx_word' id='word_1_430' title='bbox 3326 2073 3466 2125; x_wconf 87' lang='lat' dir='ltr'><strong>lilius</strong></span> 
     </span>
    </p>
   </div>
   <div class='ocr_carea' id='block_1_66' title="bbox 1884 2162 3465 2235">
    <p class='ocr_par' dir='ltr' id='par_1_66' title="bbox 1884 2162 3465 2235">
     <span class='ocr_line' id='line_1_66' title="bbox 1884 2162 3465 2235; baseline -0.006 -11"><span class='ocrx_word' id='word_1_431' title='bbox 1884 2170 1931 2224; x_wconf 88' lang='lat' dir='ltr'><strong>si</strong></span> <span class='ocrx_word' id='word_1_432' title='bbox 1958 2170 2223 2224; x_wconf 75' lang='lat' dir='ltr'><strong>bzeredetn</strong></span> <span class='ocrx_word' id='word_1_433' title='bbox 2267 2168 2545 2230; x_wconf 85' lang='lat' dir='ltr'><strong>habuerit,</strong></span> <span class='ocrx_word' id='word_1_434' title='bbox 2579 2167 2691 2235; x_wconf 92' lang='lat' dir='ltr'><strong>ipse</strong></span> <span class='ocrx_word' id='word_1_435' title='bbox 2717 2181 2930 2235; x_wconf 85' lang='lat' dir='ltr'><strong>quoque</strong></span> <span class='ocrx_word' id='word_1_436' title='bbox 2960 2166 3256 2219; x_wconf 84' lang='lat' dir='ltr'><strong>advocatus</strong></span> <span class='ocrx_word' id='word_1_437' title='bbox 3282 2165 3373 2218; x_wconf 89' lang='lat' dir='ltr'><strong>sit.</strong></span> <span class='ocrx_word' id='word_1_438' title='bbox 3408 2162 3465 2215; x_wconf 84' lang='lat' dir='ltr'><strong>Si</strong></span> 
     </span>
    </p>
   </div>
   <div class='ocr_carea' id='block_1_67' title="bbox 1883 2255 3467 2331">
    <p class='ocr_par' dir='ltr' id='par_1_67' title="bbox 1883 2255 3467 2331">
     <span class='ocr_line' id='line_1_67' title="bbox 1883 2255 3467 2331; baseline -0.005 -15"><span class='ocrx_word' id='word_1_439' title='bbox 1883 2278 2014 2316; x_wconf 90' lang='lat' dir='ltr'><strong>vero</strong></span> <span class='ocrx_word' id='word_1_440' title='bbox 2042 2262 2125 2314; x_wconf 86' lang='lat' dir='ltr'><strong>vel</strong></span> <span class='ocrx_word' id='word_1_441' title='bbox 2175 2260 2274 2331; x_wconf 89' lang='lat' dir='ltr'><strong>ipsi</strong></span> <span class='ocrx_word' id='word_1_442' title='bbox 2316 2258 2660 2327; x_wconf 76' lang='lat' dir='ltr'><strong>Manegoldo,</strong></span> <span class='ocrx_word' id='word_1_443' title='bbox 2691 2257 2770 2312; x_wconf 87' lang='lat' dir='ltr'><strong>vel</strong></span> <span class='ocrx_word' id='word_1_444' title='bbox 2793 2257 2909 2327; x_wconf 89' lang='lat' dir='ltr'><strong>ejus</strong></span> <span class='ocrx_word' id='word_1_445' title='bbox 2945 2257 3107 2310; x_wconf 91' lang='lat' dir='ltr'><strong>ﬁliolo</strong></span> <span class='ocrx_word' id='word_1_446' title='bbox 3140 2271 3297 2310; x_wconf 89' lang='lat' dir='ltr'><strong>nemo</strong></span> <span class='ocrx_word' id='word_1_447' title='bbox 3328 2255 3467 2308; x_wconf 90' lang='lat' dir='ltr'><strong>ﬁlius</strong></span> 
     </span>
    </p>
   </div>
   <div class='ocr_carea' id='block_1_68' title="bbox 1884 2346 3467 2424">
    <p class='ocr_par' dir='ltr' id='par_1_68' title="bbox 1884 2346 3467 2424">
     <span class='ocr_line' id='line_1_68' title="bbox 1884 2346 3467 2424; baseline -0.007 -17"><span class='ocrx_word' id='word_1_448' title='bbox 1884 2362 2160 2424; x_wconf 87' lang='lat' dir='ltr'><strong>superstes</strong></span> <span class='ocrx_word' id='word_1_449' title='bbox 2203 2350 2496 2413; x_wconf 83' lang='lat' dir='ltr'><strong>exstiterit,</strong></span> <span class='ocrx_word' id='word_1_450' title='bbox 2532 2359 2659 2402; x_wconf 91' lang='lat' dir='ltr'><strong>tunc</strong></span> <span class='ocrx_word' id='word_1_451' title='bbox 2712 2347 2869 2402; x_wconf 87' lang='lat' dir='ltr'><strong>liccat</strong></span> <span class='ocrx_word' id='word_1_452' title='bbox 2922 2347 3212 2402; x_wconf 69' lang='lat' dir='ltr'><strong>abbatissae</strong></span> <span class='ocrx_word' id='word_1_453' title='bbox 3259 2346 3467 2416; x_wconf 88' lang='lat' dir='ltr'><strong>ipsique</strong></span> 
     </span>
    </p>
   </div>
   <div class='ocr_carea' id='block_1_69' title="bbox 1884 2433 3465 2512">
    <p class='ocr_par' dir='ltr' id='par_1_69' title="bbox 1884 2433 3465 2512">
     <span class='ocr_line' id='line_1_69' title="bbox 1884 2433 3465 2512; baseline -0.009 -13"><span class='ocrx_word' id='word_1_454' title='bbox 1884 2441 2285 2512; x_wconf 87' lang='lat' dir='ltr'><strong>congregationi</strong></span> <span class='ocrx_word' id='word_1_455' title='bbox 2326 2441 2642 2495; x_wconf 87' lang='lat' dir='ltr'><strong>advocatum</strong></span> <span class='ocrx_word' id='word_1_456' title='bbox 2689 2438 2787 2492; x_wconf 89' lang='lat' dir='ltr'><strong>sibi</strong></span> <span class='ocrx_word' id='word_1_457' title='bbox 2819 2437 3111 2491; x_wconf 84' lang='lat' dir='ltr'><strong>secundmn</strong></span> <span class='ocrx_word' id='word_1_458' title='bbox 3160 2434 3327 2489; x_wconf 85' lang='lat' dir='ltr'><strong>Deutn</strong></span> <span class='ocrx_word' id='word_1_459' title='bbox 3363 2433 3465 2488; x_wconf 92' lang='lat' dir='ltr'><strong>cli-</strong></span> 
     </span>
    </p>
   </div>
   <div class='ocr_carea' id='block_1_70' title="bbox 1883 2530 3410 2609">
    <p class='ocr_par' dir='ltr' id='par_1_70' title="bbox 1883 2530 3410 2609">
     <span class='ocr_line' id='line_1_70' title="bbox 1883 2530 3410 2609; baseline -0.009 -19"><span class='ocrx_word' id='word_1_460' title='bbox 1883 2552 2030 2609; x_wconf 85' lang='lat' dir='ltr'><strong>gcre,</strong></span> <span class='ocrx_word' id='word_1_461' title='bbox 2073 2536 2358 2604; x_wconf 88' lang='lat' dir='ltr'><strong>petendum</strong></span> <span class='ocrx_word' id='word_1_462' title='bbox 2392 2543 2568 2586; x_wconf 88' lang='lat' dir='ltr'><strong>tamen</strong></span> <span class='ocrx_word' id='word_1_463' title='bbox 2610 2532 2678 2586; x_wconf 86' lang='lat' dir='ltr'><strong>ab</strong></span> <span class='ocrx_word' id='word_1_464' title='bbox 2706 2530 3001 2600; x_wconf 88' lang='lat' dir='ltr'><strong>apostolica</strong></span> <span class='ocrx_word' id='word_1_465' title='bbox 3035 2530 3180 2582; x_wconf 78' lang='lat' dir='ltr'><strong>sede.</strong></span> <span class='ocrx_word' id='word_1_466' title='bbox 3403 2605 3410 2609; x_wconf 20' lang='grc' dir='ltr'>ι</span> 
     </span>
    </p>
   </div>
   <div class='ocr_carea' id='block_1_71' title="bbox 1953 2614 3465 2687">
    <p class='ocr_par' dir='ltr' id='par_1_71' title="bbox 1953 2614 3465 2687">
     <span class='ocr_line' id='line_1_71' title="bbox 1953 2614 3465 2687; baseline -0.011 -6"><span class='ocrx_word' id='word_1_467' title='bbox 1953 2627 2008 2681; x_wconf 76' lang='grc'><strong>4.</strong></span> <span class='ocrx_word' id='word_1_468' title='bbox 2040 2625 2146 2680; x_wconf 75' lang='lat' dir='ltr'><strong>Lex</strong></span> <span class='ocrx_word' id='word_1_469' title='bbox 2193 2640 2321 2678; x_wconf 85' lang='lat' dir='ltr'><strong>vero</strong></span> <span class='ocrx_word' id='word_1_470' title='bbox 2350 2624 2590 2676; x_wconf 87' lang='lat' dir='ltr'><strong>omnium</strong></span> <span class='ocrx_word' id='word_1_471' title='bbox 2620 2623 3002 2674; x_wconf 68' lang='lat' dir='ltr'><strong>advocatorum</strong></span> <span class='ocrx_word' id='word_1_472' title='bbox 3045 2626 3164 2687; x_wconf 82' lang='lat' dir='ltr'><strong>post</strong></span> <span class='ocrx_word' id='word_1_473' title='bbox 3196 2614 3465 2683; x_wconf 79' lang='lat' dir='ltr'><strong>Mauegol-</strong></span> 
     </span>
    </p>
   </div>
   <div class='ocr_carea' id='block_1_72' title="bbox 1885 2706 3466 2782">
    <p class='ocr_par' dir='ltr' id='par_1_72' title="bbox 1885 2706 3466 2782">
     <span class='ocr_line' id='line_1_72' title="bbox 1885 2706 3466 2782; baseline -0.01 -9"><span class='ocrx_word' id='word_1_474' title='bbox 1885 2719 2012 2774; x_wconf 88' lang='lat' dir='ltr'><strong>dttm</strong></span> <span class='ocrx_word' id='word_1_475' title='bbox 2033 2717 2154 2770; x_wconf 90' lang='lat' dir='ltr'><strong>talis</strong></span> <span class='ocrx_word' id='word_1_476' title='bbox 2179 2717 2279 2770; x_wconf 87' lang='lat' dir='ltr'><strong>erit</strong></span> <span class='ocrx_word' id='word_1_477' title='bbox 2313 2732 2325 2768; x_wconf 93' lang='lat'>:</span> <span class='ocrx_word' id='word_1_478' title='bbox 2354 2723 2410 2768; x_wconf 94' lang='lat' dir='ltr'><strong>ut</strong></span> <span class='ocrx_word' id='word_1_479' title='bbox 2437 2714 2684 2782; x_wconf 82' lang='lat' dir='ltr'><strong>quisquis</strong></span> <span class='ocrx_word' id='word_1_480' title='bbox 2713 2729 2898 2766; x_wconf 89' lang='lat' dir='ltr'><strong>eorum</strong></span> <span class='ocrx_word' id='word_1_481' title='bbox 2930 2711 3089 2778; x_wconf 85' lang='lat' dir='ltr'><strong>digne</strong></span> <span class='ocrx_word' id='word_1_482' title='bbox 3107 2724 3210 2763; x_wconf 92' lang='lat' dir='ltr'><strong>non</strong></span> <span class='ocrx_word' id='word_1_483' title='bbox 3239 2706 3466 2760; x_wconf 86' lang='lat' dir='ltr'><strong>admini-</strong></span> 
     </span>
    </p>
   </div>
   <div class='ocr_carea' id='block_1_73' title="bbox 1885 2796 3464 2865">
    <p class='ocr_par' dir='ltr' id='par_1_73' title="bbox 1885 2796 3464 2865">
     <span class='ocr_line' id='line_1_73' title="bbox 1885 2796 3464 2865; baseline -0.009 -2"><span class='ocrx_word' id='word_1_484' title='bbox 1885 2807 2142 2864; x_wconf 85' lang='lat' dir='ltr'><strong>straverit</strong></span> <span class='ocrx_word' id='word_1_485' title='bbox 2172 2805 2542 2860; x_wconf 86' lang='lat' dir='ltr'><strong>advocationis</strong></span> <span class='ocrx_word' id='word_1_486' title='bbox 2566 2803 2820 2865; x_wconf 83' lang='lat' dir='ltr'><strong>ollicium,</strong></span> <span class='ocrx_word' id='word_1_487' title='bbox 2848 2801 3004 2854; x_wconf 91' lang='lat' dir='ltr'><strong>liceat</strong></span> <span class='ocrx_word' id='word_1_488' title='bbox 3027 2798 3315 2853; x_wconf 73' lang='lat' dir='ltr'><strong>abbatissa:</strong></span> <span class='ocrx_word' id='word_1_489' title='bbox 3343 2796 3464 2864; x_wconf 88' lang='lat' dir='ltr'><strong>ipsi-</strong></span> 
     </span>
    </p>
   </div>
   <div class='ocr_carea' id='block_1_74' title="bbox 1883 2885 3454 2971">
    <p class='ocr_par' dir='ltr' id='par_1_74' title="bbox 1883 2885 3454 2971">
     <span class='ocr_line' id='line_1_74' title="bbox 1883 2885 3454 2971; baseline -0.011 -16"><span class='ocrx_word' id='word_1_490' title='bbox 1883 2897 2398 2971; x_wconf 87' lang='lat' dir='ltr'><strong>quecongregationi</strong></span> <span class='ocrx_word' id='word_1_491' title='bbox 2431 2896 2497 2949; x_wconf 90' lang='lat' dir='ltr'><strong>de</strong></span> <span class='ocrx_word' id='word_1_492' title='bbox 2523 2894 2738 2964; x_wconf 86' lang='lat' dir='ltr'><strong>e0apud</strong></span> <span class='ocrx_word' id='word_1_493' title='bbox 2765 2907 2956 2962; x_wconf 90' lang='lat' dir='ltr'><strong>papam</strong></span> <span class='ocrx_word' id='word_1_494' title='bbox 2978 2889 3254 2958; x_wconf 89' lang='lat' dir='ltr'><strong>conqueri.</strong></span> <span class='ocrx_word' id='word_1_495' title='bbox 3282 2886 3383 2953; x_wconf 86' lang='lat' dir='ltr'><strong>Qui</strong></span> <span class='ocrx_word' id='word_1_496' title='bbox 3407 2885 3454 2940; x_wconf 90' lang='lat' dir='ltr'><strong>si</strong></span> 
     </span>
    </p>
   </div>
   <div class='ocr_carea' id='block_1_75' title="bbox 1883 2979 3466 3043">
    <p class='ocr_par' dir='ltr' id='par_1_75' title="bbox 1883 2979 3466 3043">
     <span class='ocr_line' id='line_1_75' title="bbox 1883 2979 3466 3043; baseline -0.008 0"><span class='ocrx_word' id='word_1_497' title='bbox 1883 2999 2107 3043; x_wconf 86' lang='lat' dir='ltr'><strong>vocatus</strong></span> <span class='ocrx_word' id='word_1_498' title='bbox 2130 2988 2196 3040; x_wconf 88' lang='lat' dir='ltr'><strong>ab</strong></span> <span class='ocrx_word' id='word_1_499' title='bbox 2218 3002 2282 3040; x_wconf 87' lang='lat' dir='ltr'><strong>eo</strong></span> <span class='ocrx_word' id='word_1_500' title='bbox 2305 2986 2462 3040; x_wconf 88' lang='lat' dir='ltr'><strong>fuerit</strong></span> <span class='ocrx_word' id='word_1_501' title='bbox 2489 2996 2541 3037; x_wconf 79' lang='lat' dir='ltr'><strong>et</strong></span> <span class='ocrx_word' id='word_1_502' title='bbox 2567 2982 2896 3038; x_wconf 90' lang='lat' dir='ltr'><strong>monasterio</strong></span> <span class='ocrx_word' id='word_1_503' title='bbox 2925 2980 3271 3042; x_wconf 75' lang='lat' dir='ltr'><strong>satisfecerit,</strong></span> <span class='ocrx_word' id='word_1_504' title='bbox 3301 2979 3466 3031; x_wconf 87' lang='lat' dir='ltr'><strong>advo-</strong></span> 
     </span>
    </p>
   </div>
   <div class='ocr_carea' id='block_1_76' title="bbox 1887 3069 3461 3142">
    <p class='ocr_par' dir='ltr' id='par_1_76' title="bbox 1887 3069 3461 3142">
     <span class='ocr_line' id='line_1_76' title="bbox 1887 3069 3461 3142; baseline -0.007 -8"><span class='ocrx_word' id='word_1_505' title='bbox 1887 3080 2158 3134; x_wconf 84' lang='lat' dir='ltr'><strong>Cationettt</strong></span> <span class='ocrx_word' id='word_1_506' title='bbox 2209 3093 2360 3132; x_wconf 88' lang='lat' dir='ltr'><strong>suam</strong></span> <span class='ocrx_word' id='word_1_507' title='bbox 2411 3076 2664 3129; x_wconf 81' lang='lat' dir='ltr'><strong>retineat.</strong></span> <span class='ocrx_word' id='word_1_508' title='bbox 2696 3075 2846 3142; x_wconf 88' lang='lat' dir='ltr'><strong>Quod</strong></span> <span class='ocrx_word' id='word_1_509' title='bbox 2885 3073 2928 3126; x_wconf 89' lang='lat' dir='ltr'><strong>si</strong></span> <span class='ocrx_word' id='word_1_510' title='bbox 2959 3071 3140 3124; x_wconf 87' lang='lat' dir='ltr'><strong>venire</strong></span> <span class='ocrx_word' id='word_1_511' title='bbox 3173 3069 3461 3130; x_wconf 82' lang='lat' dir='ltr'><strong>distulerit,</strong></span> 
     </span>
    </p>
   </div>
   <div class='ocr_carea' id='block_1_77' title="bbox 1885 3159 3466 3224">
    <p class='ocr_par' dir='ltr' id='par_1_77' title="bbox 1885 3159 3466 3224">
     <span class='ocr_line' id='line_1_77' title="bbox 1885 3159 3466 3224; baseline -0.009 -1"><span class='ocrx_word' id='word_1_512' title='bbox 1885 3179 1982 3223; x_wconf 88' lang='lat' dir='ltr'><strong>aut</strong></span> <span class='ocrx_word' id='word_1_513' title='bbox 2009 3169 2052 3222; x_wconf 91' lang='lat' dir='ltr'><strong>si</strong></span> <span class='ocrx_word' id='word_1_514' title='bbox 2087 3168 2294 3223; x_wconf 90' lang='lat' dir='ltr'><strong>venerit</strong></span> <span class='ocrx_word' id='word_1_515' title='bbox 2340 3175 2395 3220; x_wconf 89' lang='lat' dir='ltr'><strong>et</strong></span> <span class='ocrx_word' id='word_1_516' title='bbox 2440 3183 2544 3220; x_wconf 91' lang='lat' dir='ltr'><strong>non</strong></span> <span class='ocrx_word' id='word_1_517' title='bbox 2575 3163 2930 3224; x_wconf 79' lang='lat' dir='ltr'><strong>satisfecerit,</strong></span> <span class='ocrx_word' id='word_1_518' title='bbox 2962 3172 3086 3215; x_wconf 88' lang='lat' dir='ltr'><strong>tunc</strong></span> <span class='ocrx_word' id='word_1_519' title='bbox 3119 3159 3276 3214; x_wconf 78' lang='lat' dir='ltr'><strong>liccat</strong></span> <span class='ocrx_word' id='word_1_520' title='bbox 3300 3159 3466 3210; x_wconf 86' lang='lat' dir='ltr'><strong>abha-</strong></span> 
     </span>
    </p>
   </div>
   <div class='ocr_carea' id='block_1_78' title="bbox 1889 3249 3464 3329">
    <p class='ocr_par' dir='ltr' id='par_1_78' title="bbox 1889 3249 3464 3329">
     <span class='ocr_line' id='line_1_78' title="bbox 1889 3249 3464 3329; baseline -0.008 -16"><span class='ocrx_word' id='word_1_521' title='bbox 1889 3261 2033 3315; x_wconf 72' lang='lat' dir='ltr'><strong>tissze</strong></span> <span class='ocrx_word' id='word_1_522' title='bbox 2063 3259 2272 3329; x_wconf 88' lang='lat' dir='ltr'><strong>ipsique</strong></span> <span class='ocrx_word' id='word_1_523' title='bbox 2303 3255 2706 3326; x_wconf 84' lang='lat' dir='ltr'><strong>congregationi</strong></span> <span class='ocrx_word' id='word_1_524' title='bbox 2739 3269 2804 3308; x_wconf 86' lang='lat' dir='ltr'><strong>ex</strong></span> <span class='ocrx_word' id='word_1_525' title='bbox 2833 3268 3098 3308; x_wconf 90' lang='lat' dir='ltr'><strong>consensu</strong></span> <span class='ocrx_word' id='word_1_526' title='bbox 3128 3267 3276 3321; x_wconf 75' lang='lat' dir='ltr'><strong>papa:</strong></span> <span class='ocrx_word' id='word_1_527' title='bbox 3306 3249 3464 3303; x_wconf 81' lang='lat' dir='ltr'><strong>talem</strong></span> 
     </span>
    </p>
   </div>
   <div class='ocr_carea' id='block_1_79' title="bbox 1887 3341 3463 3416">
    <p class='ocr_par' dir='ltr' id='par_1_79' title="bbox 1887 3341 3463 3416">
     <span class='ocr_line' id='line_1_79' title="bbox 1887 3341 3463 3416; baseline -0.009 -10"><span class='ocrx_word' id='word_1_528' title='bbox 1887 3351 1989 3406; x_wconf 87' lang='lat' dir='ltr'><strong>sibi</strong></span> <span class='ocrx_word' id='word_1_529' title='bbox 2047 3349 2369 3403; x_wconf 89' lang='lat' dir='ltr'><strong>advocatum</strong></span> <span class='ocrx_word' id='word_1_530' title='bbox 2421 3347 2623 3416; x_wconf 80' lang='lat' dir='ltr'><strong>eligere</strong></span> <span class='ocrx_word' id='word_1_531' title='bbox 2678 3345 2769 3413; x_wconf 91' lang='lat' dir='ltr'><strong>qui</strong></span> <span class='ocrx_word' id='word_1_532' title='bbox 2814 3345 3108 3397; x_wconf 78' lang='lat' dir='ltr'><strong>secundum</strong></span> <span class='ocrx_word' id='word_1_533' title='bbox 3161 3343 3326 3394; x_wconf 88' lang='lat' dir='ltr'><strong>Deum</strong></span> <span class='ocrx_word' id='word_1_534' title='bbox 3373 3341 3463 3392; x_wconf 86' lang='lat' dir='ltr'><strong>sit.</strong></span> 
     </span>
    </p>
   </div>
   <div class='ocr_carea' id='block_1_80' title="bbox 1887 3435 3467 3507">
    <p class='ocr_par' dir='ltr' id='par_1_80' title="bbox 1887 3435 3467 3507">
     <span class='ocr_line' id='line_1_80' title="bbox 1887 3435 3467 3507; baseline -0.008 -11"><span class='ocrx_word' id='word_1_535' title='bbox 1887 3443 2017 3499; x_wconf 81' lang='lat' dir='ltr'><strong>Post</strong></span> <span class='ocrx_word' id='word_1_536' title='bbox 2052 3442 2256 3496; x_wconf 90' lang='lat' dir='ltr'><strong>obitum</strong></span> <span class='ocrx_word' id='word_1_537' title='bbox 2290 3456 2418 3493; x_wconf 90' lang='lat' dir='ltr'><strong>vero</strong></span> <span class='ocrx_word' id='word_1_538' title='bbox 2441 3449 2614 3498; x_wconf 82' lang='lat' dir='ltr'><strong>tuum.</strong></span> <span class='ocrx_word' id='word_1_539' title='bbox 2643 3441 2708 3492; x_wconf 89' lang='lat' dir='ltr'><strong>de</strong></span> <span class='ocrx_word' id='word_1_540' title='bbox 2740 3439 2851 3507; x_wconf 89' lang='lat' dir='ltr'><strong>ipsa</strong></span> <span class='ocrx_word' id='word_1_541' title='bbox 2884 3435 3323 3505; x_wconf 82' lang='lat' dir='ltr'><strong>congregatione,</strong></span> <span class='ocrx_word' id='word_1_542' title='bbox 3348 3450 3467 3503; x_wconf 75' lang='lat' dir='ltr'><strong>qua:</strong></span> 
     </span>
    </p>
   </div>
   <div class='ocr_carea' id='block_1_81' title="bbox 1889 3526 3466 3602">
    <p class='ocr_par' dir='ltr' id='par_1_81' title="bbox 1889 3526 3466 3602">
     <span class='ocr_line' id='line_1_81' title="bbox 1889 3526 3466 3602; baseline -0.009 -12"><span class='ocrx_word' id='word_1_543' title='bbox 1889 3535 2083 3590; x_wconf 87' lang='lat' dir='ltr'><strong>melior</strong></span> <span class='ocrx_word' id='word_1_544' title='bbox 2110 3534 2209 3596; x_wconf 92' lang='lat' dir='ltr'><strong>sit,</strong></span> <span class='ocrx_word' id='word_1_545' title='bbox 2244 3532 2500 3602; x_wconf 84' lang='lat' dir='ltr'><strong>eligatur,</strong></span> <span class='ocrx_word' id='word_1_546' title='bbox 2526 3532 2569 3584; x_wconf 91' lang='lat' dir='ltr'><strong>si</strong></span> <span class='ocrx_word' id='word_1_547' title='bbox 2610 3531 2801 3584; x_wconf 87' lang='lat' dir='ltr'><strong>idonea</strong></span> <span class='ocrx_word' id='word_1_548' title='bbox 2833 3530 3046 3581; x_wconf 87' lang='lat' dir='ltr'><strong>inventa</strong></span> <span class='ocrx_word' id='word_1_549' title='bbox 3073 3526 3257 3588; x_wconf 85' lang='lat' dir='ltr'><strong>fuerit,</strong></span> <span class='ocrx_word' id='word_1_550' title='bbox 3293 3541 3466 3592; x_wconf 84' lang='lat' dir='ltr'><strong>coque</strong></span> 
     </span>
    </p>
   </div>
   <div class='ocr_carea' id='block_1_82' title="bbox 1886 3618 3462 3686">
    <p class='ocr_par' dir='ltr' id='par_1_82' title="bbox 1886 3618 3462 3686">
     <span class='ocr_line' id='line_1_82' title="bbox 1886 3618 3462 3686; baseline -0.008 -6"><span class='ocrx_word' id='word_1_551' title='bbox 1886 3629 2083 3681; x_wconf 90' lang='lat' dir='ltr'><strong>donum</strong></span> <span class='ocrx_word' id='word_1_552' title='bbox 2111 3635 2165 3678; x_wconf 91' lang='lat' dir='ltr'><strong>et</strong></span> <span class='ocrx_word' id='word_1_553' title='bbox 2194 3623 2661 3678; x_wconf 87' lang='lat' dir='ltr'><strong>consecrationem</strong></span> <span class='ocrx_word' id='word_1_554' title='bbox 2704 3622 2932 3674; x_wconf 75' lang='lat' dir='ltr'><strong>abbatia:</strong></span> <span class='ocrx_word' id='word_1_555' title='bbox 2973 3636 3001 3671; x_wconf 92' lang='lat' dir='ltr'><strong>a</strong></span> <span class='ocrx_word' id='word_1_556' title='bbox 3033 3634 3166 3686; x_wconf 88' lang='lat' dir='ltr'><strong>papa</strong></span> <span class='ocrx_word' id='word_1_557' title='bbox 3200 3618 3423 3685; x_wconf 84' lang='lat' dir='ltr'><strong>recipiat.</strong></span> <span class='ocrx_word' id='word_1_558' title='bbox 3449 3632 3462 3667; x_wconf 90' lang='lat'><strong>:</strong></span> 
     </span>
    </p>
   </div>
   <div class='ocr_carea' id='block_1_83' title="bbox 1886 3709 3462 3786">
    <p class='ocr_par' dir='ltr' id='par_1_83' title="bbox 1886 3709 3462 3786">
     <span class='ocr_line' id='line_1_83' title="bbox 1886 3709 3462 3786; baseline -0.008 -16"><span class='ocrx_word' id='word_1_559' title='bbox 1886 3718 2098 3786; x_wconf 88' lang='lat' dir='ltr'><strong>alioque</strong></span> <span class='ocrx_word' id='word_1_560' title='bbox 2121 3716 2188 3770; x_wconf 88' lang='lat' dir='ltr'><strong>de</strong></span> <span class='ocrx_word' id='word_1_561' title='bbox 2213 3715 2314 3767; x_wconf 90' lang='lat' dir='ltr'><strong>alia</strong></span> <span class='ocrx_word' id='word_1_562' title='bbox 2339 3713 2754 3782; x_wconf 81' lang='lat' dir='ltr'><strong>congregatione</strong></span> <span class='ocrx_word' id='word_1_563' title='bbox 2777 3712 2967 3764; x_wconf 67' lang='lat' dir='ltr'><strong>idonea</strong></span> <span class='ocrx_word' id='word_1_564' title='bbox 2994 3709 3242 3776; x_wconf 78' lang='lat' dir='ltr'><strong>eligatur,</strong></span> <span class='ocrx_word' id='word_1_565' title='bbox 3270 3724 3298 3758; x_wconf 92' lang='lat' dir='ltr'><strong>a</strong></span> <span class='ocrx_word' id='word_1_566' title='bbox 3328 3721 3462 3775; x_wconf 85' lang='lat' dir='ltr'><strong>papa</strong></span> 
     </span>
    </p>
   </div>
   <div class='ocr_carea' id='block_1_84' title="bbox 1884 3803 2923 3864">
    <p class='ocr_par' dir='ltr' id='par_1_84' title="bbox 1884 3803 2923 3864">
     <span class='ocr_line' id='line_1_84' title="bbox 1884 3803 2923 3864; baseline -0.009 -1"><span class='ocrx_word' id='word_1_567' title='bbox 1884 3809 2135 3864; x_wconf 86' lang='lat' dir='ltr'><strong>similiter</strong></span> <span class='ocrx_word' id='word_1_568' title='bbox 2173 3806 2421 3859; x_wconf 87' lang='lat' dir='ltr'><strong>donanda</strong></span> <span class='ocrx_word' id='word_1_569' title='bbox 2453 3814 2508 3858; x_wconf 90' lang='lat' dir='ltr'><strong>et</strong></span> <span class='ocrx_word' id='word_1_570' title='bbox 2534 3803 2923 3856; x_wconf 87' lang='lat' dir='ltr'><strong>consecranda.</strong></span> 
     </span>
    </p>
   </div>
   <div class='ocr_carea' id='block_1_85' title="bbox 1953 3884 3460 3962">
    <p class='ocr_par' dir='ltr' id='par_1_85' title="bbox 1953 3884 3460 3962">
     <span class='ocr_line' id='line_1_85' title="bbox 1953 3884 3460 3962; baseline -0.013 -10"><span class='ocrx_word' id='word_1_571' title='bbox 1953 3899 2008 3952; x_wconf 77' lang='lat'><strong>5.</strong></span> <span class='ocrx_word' id='word_1_572' title='bbox 2060 3897 2441 3954; x_wconf 84' lang='lat' dir='ltr'><strong>Deceruimus.</strong></span> <span class='ocrx_word' id='word_1_573' title='bbox 2493 3902 2785 3962; x_wconf 73' lang='lat' dir='ltr'><strong>prmterca,</strong></span> <span class='ocrx_word' id='word_1_574' title='bbox 2842 3898 2899 3942; x_wconf 92' lang='lat' dir='ltr'><strong>ut</strong></span> <span class='ocrx_word' id='word_1_575' title='bbox 2944 3889 2997 3942; x_wconf 93' lang='lat' dir='ltr'><strong>in</strong></span> <span class='ocrx_word' id='word_1_576' title='bbox 3052 3886 3206 3940; x_wconf 88' lang='lat' dir='ltr'><strong>altari</strong></span> <span class='ocrx_word' id='word_1_577' title='bbox 3251 3884 3460 3952; x_wconf 84' lang='lat' dir='ltr'><strong>majori,</strong></span> 
     </span>
    </p>
   </div>
   <div class='ocr_carea' id='block_1_86' title="bbox 1882 3977 3461 4061">
    <p class='ocr_par' dir='ltr' id='par_1_86' title="bbox 1882 3977 3461 4061">
     <span class='ocr_line' id='line_1_86' title="bbox 1882 3977 3461 4061; baseline -0.011 -18"><span class='ocrx_word' id='word_1_578' title='bbox 1882 3990 2025 4061; x_wconf 89' lang='lat' dir='ltr'><strong>quod</strong></span> <span class='ocrx_word' id='word_1_579' title='bbox 2059 4005 2157 4042; x_wconf 92' lang='lat' dir='ltr'><strong>nos</strong></span> <span class='ocrx_word' id='word_1_580' title='bbox 2189 3987 2286 4057; x_wconf 83' lang='lat' dir='ltr'><strong>ipsi</strong></span> <span class='ocrx_word' id='word_1_581' title='bbox 2316 3983 2769 4040; x_wconf 86' lang='lat' dir='ltr'><strong>consecravimus,</strong></span> <span class='ocrx_word' id='word_1_582' title='bbox 2811 3979 2988 4033; x_wconf 91' lang='lat' dir='ltr'><strong>nullus</strong></span> <span class='ocrx_word' id='word_1_583' title='bbox 3018 3978 3212 4031; x_wconf 87' lang='lat' dir='ltr'><strong>audeat</strong></span> <span class='ocrx_word' id='word_1_584' title='bbox 3245 3977 3461 4028; x_wconf 85' lang='lat' dir='ltr'><strong>missam</strong></span> 
     </span>
    </p>
   </div>
   <div class='ocr_carea' id='block_1_87' title="bbox 1881 4071 3461 4144">
    <p class='ocr_par' dir='ltr' id='par_1_87' title="bbox 1881 4071 3461 4144">
     <span class='ocr_line' id='line_1_87' title="bbox 1881 4071 3461 4144; baseline -0.009 -8"><span class='ocrx_word' id='word_1_585' title='bbox 1881 4081 2187 4141; x_wconf 87' lang='lat' dir='ltr'><strong>celebrare,</strong></span> <span class='ocrx_word' id='word_1_586' title='bbox 2239 4078 2338 4130; x_wconf 91' lang='lat' dir='ltr'><strong>nisi</strong></span> <span class='ocrx_word' id='word_1_587' title='bbox 2390 4076 2460 4130; x_wconf 91' lang='lat' dir='ltr'><strong>sit</strong></span> <span class='ocrx_word' id='word_1_588' title='bbox 2507 4076 2792 4144; x_wconf 87' lang='lat' dir='ltr'><strong>episcopus</strong></span> <span class='ocrx_word' id='word_1_589' title='bbox 2852 4073 2931 4127; x_wconf 85' lang='lat' dir='ltr'><strong>vel</strong></span> <span class='ocrx_word' id='word_1_590' title='bbox 2981 4071 3184 4133; x_wconf 90' lang='lat' dir='ltr'><strong>abbas,</strong></span> <span class='ocrx_word' id='word_1_591' title='bbox 3244 4080 3461 4137; x_wconf 62' lang='lat' dir='ltr'><strong>tri-sque.</strong></span> 
     </span>
    </p>
   </div>
   <div class='ocr_carea' id='block_1_88' title="bbox 1881 4160 3457 4227">
    <p class='ocr_par' dir='ltr' id='par_1_88' title="bbox 1881 4160 3457 4227">
     <span class='ocr_line' id='line_1_88' title="bbox 1881 4160 3457 4227; baseline -0.01 -2"><span class='ocrx_word' id='word_1_592' title='bbox 1881 4170 2191 4226; x_wconf 85' lang='lat' dir='ltr'><strong>sacerdotes</strong></span> <span class='ocrx_word' id='word_1_593' title='bbox 2237 4165 2638 4222; x_wconf 84' lang='lat' dir='ltr'><strong>hebdomatlarii</strong></span> <span class='ocrx_word' id='word_1_594' title='bbox 2681 4165 2748 4216; x_wconf 87' lang='lat' dir='ltr'><strong>ad</strong></span> <span class='ocrx_word' id='word_1_595' title='bbox 2797 4164 2897 4217; x_wconf 84' lang='lat' dir='ltr'><strong>huc</strong></span> <span class='ocrx_word' id='word_1_596' title='bbox 2923 4160 3153 4216; x_wconf 73' lang='lat' dir='ltr'><strong>ofﬁcium</strong></span> <span class='ocrx_word' id='word_1_597' title='bbox 3187 4160 3457 4227; x_wconf 82' lang='lat' dir='ltr'><strong>deputati,</strong></span> 
     </span>
    </p>
   </div>
   <div class='ocr_carea' id='block_1_89' title="bbox 1881 4250 3464 4329">
    <p class='ocr_par' dir='ltr' id='par_1_89' title="bbox 1881 4250 3464 4329">
     <span class='ocr_line' id='line_1_89' title="bbox 1881 4250 3464 4329; baseline -0.008 -14"><span class='ocrx_word' id='word_1_598' title='bbox 1881 4274 2178 4329; x_wconf 88' lang='lat' dir='ltr'><strong>eorumque</strong></span> <span class='ocrx_word' id='word_1_599' title='bbox 2220 4273 2581 4312; x_wconf 88' lang='lat' dir='ltr'><strong>successores.</strong></span> <span class='ocrx_word' id='word_1_600' title='bbox 2617 4255 2910 4325; x_wconf 87' lang='lat' dir='ltr'><strong>Episcopus</strong></span> <span class='ocrx_word' id='word_1_601' title='bbox 2951 4267 3199 4323; x_wconf 84' lang='lat' dir='ltr'><strong>quoque,</strong></span> <span class='ocrx_word' id='word_1_602' title='bbox 3231 4251 3283 4303; x_wconf 93' lang='lat' dir='ltr'><strong>in</strong></span> <span class='ocrx_word' id='word_1_603' title='bbox 3313 4250 3464 4316; x_wconf 82' lang='lat' dir='ltr'><strong>cujus</strong></span> 
     </span>
    </p>
   </div>
   <div class='ocr_carea' id='block_1_90' title="bbox 198 4340 3460 4422">
    <p class='ocr_par' dir='ltr' id='par_1_90' title="bbox 198 4340 3460 4422">
     <span class='ocr_line' id='line_1_90' title="bbox 198 4340 3460 4422; baseline -0.007 -12"><span class='ocrx_word' id='word_1_604' title='bbox 198 4341 271 4394; x_wconf 67' lang='lat' dir='ltr'><strong>“li</strong></span> <span class='ocrx_word' id='word_1_605' title='bbox 302 4341 479 4410; x_wconf 69' lang='grc' dir='ltr'><strong>βειιτίε</strong></span> <span class='ocrx_word' id='word_1_606' title='bbox 506 4340 684 4410; x_wconf 60' lang='lat' dir='ltr'><strong>ampla</strong></span> <span class='ocrx_word' id='word_1_607' title='bbox 719 4342 772 4394; x_wconf 80' lang='grc' dir='ltr'><strong>ίη</strong></span> <span class='ocrx_word' id='word_1_608' title='bbox 807 4341 914 4395; x_wconf 77' lang='grc' dir='ltr'><strong>θεο</strong></span> <span class='ocrx_word' id='word_1_609' title='bbox 936 4343 1151 4397; x_wconf 68' lang='grc' dir='ltr'><strong>άθνοιίο</strong></span> <span class='ocrx_word' id='word_1_610' title='bbox 1183 4343 1507 4399; x_wconf 66' lang='lat' dir='ltr'><strong>landabilem</strong></span> <span class='ocrx_word' id='word_1_611' title='bbox 1539 4343 1774 4398; x_wconf 70' lang='grc' dir='ltr'><strong>Γιύοῑιιιιι</strong></span> <span class='ocrx_word' id='word_1_612' title='bbox 1811 4355 1854 4414; x_wconf 86' lang='lat' dir='ltr'><strong>D</strong></span> <span class='ocrx_word' id='word_1_613' title='bbox 1883 4351 2135 4422; x_wconf 85' lang='lat' dir='ltr'><strong>parochia</strong></span> <span class='ocrx_word' id='word_1_614' title='bbox 2164 4350 2311 4404; x_wconf 90' lang='lat' dir='ltr'><strong>locus</strong></span> <span class='ocrx_word' id='word_1_615' title='bbox 2337 4358 2436 4408; x_wconf 87' lang='lat' dir='ltr'><strong>est,</strong></span> <span class='ocrx_word' id='word_1_616' title='bbox 2472 4348 2599 4400; x_wconf 90' lang='lat' dir='ltr'><strong>nihil</strong></span> <span class='ocrx_word' id='word_1_617' title='bbox 2634 4347 2731 4400; x_wconf 90' lang='lat' dir='ltr'><strong>sibi</strong></span> <span class='ocrx_word' id='word_1_618' title='bbox 2762 4349 2813 4398; x_wconf 91' lang='lat' dir='ltr'><strong>in</strong></span> <span class='ocrx_word' id='word_1_619' title='bbox 2841 4361 2906 4398; x_wconf 87' lang='lat' dir='ltr'><strong>eo</strong></span> <span class='ocrx_word' id='word_1_620' title='bbox 2934 4344 3206 4396; x_wconf 87' lang='lat' dir='ltr'><strong>vindicare</strong></span> <span class='ocrx_word' id='word_1_621' title='bbox 3246 4340 3460 4394; x_wconf 61' lang='lat' dir='ltr'><strong>amicat.</strong></span> 
     </span>
    </p>
   </div>
   <div class='ocr_carea' id='block_1_91' title="bbox 195 4432 1775 4503">
    <p class='ocr_par' dir='ltr' id='par_1_91' title="bbox 195 4432 1775 4503">
     <span class='ocr_line' id='line_1_91' title="bbox 195 4432 1775 4503; baseline 0.004 -19"><span class='ocrx_word' id='word_1_622' title='bbox 195 4432 482 4501; x_wconf 76' lang='lat' dir='ltr'><strong>produxit;</strong></span> <span class='ocrx_word' id='word_1_623' title='bbox 505 4446 628 4486; x_wconf 90' lang='lat' dir='ltr'><strong>cum</strong></span> <span class='ocrx_word' id='word_1_624' title='bbox 657 4433 1005 4503; x_wconf 87' lang='lat' dir='ltr'><strong>proportione</strong></span> <span class='ocrx_word' id='word_1_625' title='bbox 1030 4444 1231 4488; x_wconf 76' lang='lat' dir='ltr'><strong>sancta:</strong></span> <span class='ocrx_word' id='word_1_626' title='bbox 1252 4443 1306 4488; x_wconf 89' lang='lat' dir='ltr'><strong>et</strong></span> <span class='ocrx_word' id='word_1_627' title='bbox 1327 4435 1552 4490; x_wconf 78' lang='lat' dir='ltr'><strong>viviﬁcae</strong></span> <span class='ocrx_word' id='word_1_628' title='bbox 1576 4436 1775 4500; x_wconf 88' lang='lat' dir='ltr'><strong>crucis,</strong></span> 
     </span>
    </p>
   </div>
   <div class='ocr_carea' id='block_1_92' title="bbox 201 4523 1776 4594">
    <p class='ocr_par' dir='ltr' id='par_1_92' title="bbox 201 4523 1776 4594">
     <span class='ocr_line' id='line_1_92' title="bbox 201 4523 1776 4594; baseline 0.001 -16"><span class='ocrx_word' id='word_1_629' title='bbox 201 4525 252 4579; x_wconf 84' lang='lat' dir='ltr'><strong>in</strong></span> <span class='ocrx_word' id='word_1_630' title='bbox 279 4541 385 4594; x_wconf 84' lang='lat' dir='ltr'><strong>qua</strong></span> <span class='ocrx_word' id='word_1_631' title='bbox 423 4525 683 4581; x_wconf 90' lang='lat' dir='ltr'><strong>Dominus</strong></span> <span class='ocrx_word' id='word_1_632' title='bbox 724 4534 910 4580; x_wconf 86' lang='lat' dir='ltr'><strong>noster</strong></span> <span class='ocrx_word' id='word_1_633' title='bbox 948 4523 1103 4580; x_wconf 82' lang='lat' dir='ltr'><strong>Jesus</strong></span> <span class='ocrx_word' id='word_1_634' title='bbox 1132 4524 1382 4580; x_wconf 80' lang='lat' dir='ltr'><strong>Christus</strong></span> <span class='ocrx_word' id='word_1_635' title='bbox 1412 4527 1558 4582; x_wconf 90' lang='lat' dir='ltr'><strong>salus</strong></span> <span class='ocrx_word' id='word_1_636' title='bbox 1591 4537 1776 4582; x_wconf 88' lang='lat' dir='ltr'><strong>nostra</strong></span> 
     </span>
    </p>
   </div>
   <div class='ocr_carea' id='block_1_93' title="bbox 199 4615 1779 4687">
    <p class='ocr_par' dir='ltr' id='par_1_93' title="bbox 199 4615 1779 4687">
     <span class='ocr_line' id='line_1_93' title="bbox 199 4615 1779 4687; baseline 0.001 -17"><span class='ocrx_word' id='word_1_637' title='bbox 199 4617 472 4687; x_wconf 84' lang='lat' dir='ltr'><strong>pependit,</strong></span> <span class='ocrx_word' id='word_1_638' title='bbox 504 4617 762 4670; x_wconf 80' lang='lat' dir='ltr'><strong>decenter</strong></span> <span class='ocrx_word' id='word_1_639' title='bbox 785 4629 922 4668; x_wconf 87' lang='lat' dir='ltr'><strong>auro</strong></span> <span class='ocrx_word' id='word_1_640' title='bbox 952 4625 1006 4668; x_wconf 90' lang='lat' dir='ltr'><strong>et</strong></span> <span class='ocrx_word' id='word_1_641' title='bbox 1033 4615 1260 4687; x_wconf 89' lang='lat' dir='ltr'><strong>gemmis</strong></span> <span class='ocrx_word' id='word_1_642' title='bbox 1296 4624 1507 4680; x_wconf 87' lang='lat' dir='ltr'><strong>ornata,</strong></span> <span class='ocrx_word' id='word_1_643' title='bbox 1544 4626 1670 4671; x_wconf 87' lang='lat' dir='ltr'><strong>tunc</strong></span> <span class='ocrx_word' id='word_1_644' title='bbox 1711 4618 1779 4672; x_wconf 89' lang='lat' dir='ltr'><strong>ab</strong></span> 
     </span>
    </p>
   </div>
   <div class='ocr_carea' id='block_1_94' title="bbox 203 4705 1779 4775">
    <p class='ocr_par' dir='ltr' id='par_1_94' title="bbox 203 4705 1779 4775">
     <span class='ocr_line' id='line_1_94' title="bbox 203 4705 1779 4775; baseline 0 -13"><span class='ocrx_word' id='word_1_645' title='bbox 203 4717 546 4762; x_wconf 81' lang='lat' dir='ltr'><strong>autocratore</strong></span> <span class='ocrx_word' id='word_1_646' title='bbox 621 4705 1168 4775; x_wconf 86' lang='lat' dir='ltr'><strong>Constantinopoleos</strong></span> <span class='ocrx_word' id='word_1_647' title='bbox 1243 4708 1462 4761; x_wconf 90' lang='lat' dir='ltr'><strong>nomine</strong></span> <span class='ocrx_word' id='word_1_648' title='bbox 1535 4708 1779 4762; x_wconf 80' lang='lat' dir='ltr'><strong>Romano</strong></span> 
     </span>
    </p>
   </div>
   <div class='ocr_carea' id='block_1_95' title="bbox 188 4797 1782 4867">
    <p class='ocr_par' dir='ltr' id='par_1_95' title="bbox 188 4797 1782 4867">
     <span class='ocr_line' id='line_1_95' title="bbox 188 4797 1782 4867; baseline -0.001 -12"><span class='ocrx_word' id='word_1_649' title='bbox 188 4799 340 4855; x_wconf 73' lang='lat' dir='ltr'><strong>dono</strong></span> <span class='ocrx_word' id='word_1_650' title='bbox 362 4798 508 4854; x_wconf 88' lang='lat' dir='ltr'><strong>data.</strong></span> <span class='ocrx_word' id='word_1_651' title='bbox 534 4797 670 4851; x_wconf 83' lang='lat' dir='ltr'><strong>Cum</strong></span> <span class='ocrx_word' id='word_1_652' title='bbox 695 4797 762 4851; x_wconf 89' lang='lat' dir='ltr'><strong>ad</strong></span> <span class='ocrx_word' id='word_1_653' title='bbox 794 4812 918 4850; x_wconf 89' lang='lat' dir='ltr'><strong>eum</strong></span> <span class='ocrx_word' id='word_1_654' title='bbox 947 4797 1170 4852; x_wconf 90' lang='lat' dir='ltr'><strong>missum</strong></span> <span class='ocrx_word' id='word_1_655' title='bbox 1201 4797 1433 4852; x_wconf 87' lang='lat' dir='ltr'><strong>essetab</strong></span> <span class='ocrx_word' id='word_1_656' title='bbox 1455 4799 1782 4867; x_wconf 88' lang='lat' dir='ltr'><strong>imperatore</strong></span> 
     </span>
    </p>
   </div>
   <div class='ocr_carea' id='block_1_96' title="bbox 191 4888 1780 4960">
    <p class='ocr_par' dir='ltr' id='par_1_96' title="bbox 191 4888 1780 4960">
     <span class='ocr_line' id='line_1_96' title="bbox 191 4888 1780 4960; baseline 0 -16"><span class='ocrx_word' id='word_1_657' title='bbox 191 4888 528 4945; x_wconf 77' lang='lat' dir='ltr'><strong>Chuonrado</strong></span> <span class='ocrx_word' id='word_1_658' title='bbox 571 4898 633 4944; x_wconf 90' lang='lat' dir='ltr'><strong>ut</strong></span> <span class='ocrx_word' id='word_1_659' title='bbox 684 4888 846 4942; x_wconf 88' lang='lat' dir='ltr'><strong>ﬁliam</strong></span> <span class='ocrx_word' id='word_1_660' title='bbox 903 4903 1054 4944; x_wconf 88' lang='lat' dir='ltr'><strong>suam</strong></span> <span class='ocrx_word' id='word_1_661' title='bbox 1106 4897 1330 4957; x_wconf 88' lang='lat' dir='ltr'><strong>nuptum</strong></span> <span class='ocrx_word' id='word_1_662' title='bbox 1380 4890 1615 4944; x_wconf 85' lang='lat' dir='ltr'><strong>traderet</strong></span> <span class='ocrx_word' id='word_1_663' title='bbox 1664 4890 1780 4960; x_wconf 88' lang='lat' dir='ltr'><strong>ejus</strong></span> 
     </span>
    </p>
   </div>
   <div class='ocr_carea' id='block_1_97' title="bbox 206 4979 1782 5050">
    <p class='ocr_par' dir='ltr' id='par_1_97' title="bbox 206 4979 1782 5050">
     <span class='ocr_line' id='line_1_97' title="bbox 206 4979 1782 5050; baseline 0 -18"><span class='ocrx_word' id='word_1_664' title='bbox 206 4979 330 5043; x_wconf 84' lang='lat' dir='ltr'><strong>tilio,</strong></span> <span class='ocrx_word' id='word_1_665' title='bbox 355 4979 604 5034; x_wconf 88' lang='lat' dir='ltr'><strong>fundavit</strong></span> <span class='ocrx_word' id='word_1_666' title='bbox 621 4979 906 5035; x_wconf 84' lang='lat' dir='ltr'><strong>ecclesiam</strong></span> <span class='ocrx_word' id='word_1_667' title='bbox 937 4979 987 5033; x_wconf 91' lang='lat' dir='ltr'><strong>in</strong></span> <span class='ocrx_word' id='word_1_668' title='bbox 1011 4988 1185 5050; x_wconf 87' lang='lat' dir='ltr'><strong>petra,</strong></span> <span class='ocrx_word' id='word_1_669' title='bbox 1212 4980 1335 5047; x_wconf 89' lang='lat' dir='ltr'><strong>quia</strong></span> <span class='ocrx_word' id='word_1_670' title='bbox 1361 4996 1465 5035; x_wconf 92' lang='lat' dir='ltr'><strong>non</strong></span> <span class='ocrx_word' id='word_1_671' title='bbox 1493 4981 1782 5035; x_wconf 61' lang='lat' dir='ltr'><strong>adiﬁcath</strong></span> 
     </span>
    </p>
   </div>
   <div class='ocr_carea' id='block_1_98' title="bbox 211 5062 1781 5141">
    <p class='ocr_par' dir='ltr' id='par_1_98' title="bbox 211 5062 1781 5141">
     <span class='ocr_line' id='line_1_98' title="bbox 211 5062 1781 5141; baseline 0.001 -15"><span class='ocrx_word' id='word_1_672' title='bbox 211 5063 370 5141; x_wconf 80' lang='lat' dir='ltr'><strong>super</strong></span> <span class='ocrx_word' id='word_1_673' title='bbox 389 5062 643 5137; x_wconf 83' lang='lat' dir='ltr'><strong>arenam;</strong></span> <span class='ocrx_word' id='word_1_674' title='bbox 670 5081 730 5126; x_wconf 89' lang='lat' dir='ltr'><strong>ut</strong></span> <span class='ocrx_word' id='word_1_675' title='bbox 757 5072 1193 5127; x_wconf 86' lang='lat' dir='ltr'><strong>incumbentibus</strong></span> <span class='ocrx_word' id='word_1_676' title='bbox 1216 5073 1414 5137; x_wconf 89' lang='lat' dir='ltr'><strong>ventis,</strong></span> <span class='ocrx_word' id='word_1_677' title='bbox 1440 5072 1781 5128; x_wconf 86' lang='lat' dir='ltr'><strong>venientibus</strong></span> 
     </span>
    </p>
   </div>
   <div class='ocr_carea' id='block_1_99' title="bbox 209 5161 1775 5234">
    <p class='ocr_par' dir='ltr' id='par_1_99' title="bbox 209 5161 1775 5234">
     <span class='ocr_line' id='line_1_99' title="bbox 209 5161 1775 5234; baseline 0.002 -18"><span class='ocrx_word' id='word_1_678' title='bbox 209 5161 409 5230; x_wconf 83' lang='lat' dir='ltr'><strong>ﬁuviis,</strong></span> <span class='ocrx_word' id='word_1_679' title='bbox 459 5164 914 5222; x_wconf 89' lang='lat' dir='ltr'><strong>descendentibus</strong></span> <span class='ocrx_word' id='word_1_680' title='bbox 965 5164 1196 5234; x_wconf 87' lang='lat' dir='ltr'><strong>pluviis,</strong></span> <span class='ocrx_word' id='word_1_681' title='bbox 1235 5166 1378 5231; x_wconf 90' lang='lat' dir='ltr'><strong>quod</strong></span> <span class='ocrx_word' id='word_1_682' title='bbox 1435 5164 1775 5227; x_wconf 70' lang='lat' dir='ltr'><strong>aediﬁcasset,</strong></span> 
     </span>
    </p>
   </div>
   <div class='ocr_carea' id='block_1_100' title="bbox 214 5254 1781 5329">
    <p class='ocr_par' dir='ltr' id='par_1_100' title="bbox 214 5254 1781 5329">
     <span class='ocr_line' id='line_1_100' title="bbox 214 5254 1781 5329; baseline 0.003 -19"><span class='ocrx_word' id='word_1_683' title='bbox 214 5254 359 5328; x_wconf 78' lang='lat' dir='ltr'><strong>[non]</strong></span> <span class='ocrx_word' id='word_1_684' title='bbox 386 5268 586 5323; x_wconf 88' lang='lat' dir='ltr'><strong>rueret,</strong></span> <span class='ocrx_word' id='word_1_685' title='bbox 620 5258 717 5314; x_wconf 88' lang='lat' dir='ltr'><strong>sed</strong></span> <span class='ocrx_word' id='word_1_686' title='bbox 748 5257 971 5314; x_wconf 89' lang='lat' dir='ltr'><strong>ﬁrmiter</strong></span> <span class='ocrx_word' id='word_1_687' title='bbox 1002 5259 1286 5316; x_wconf 87' lang='lat' dir='ltr'><strong>fundatum</strong></span> <span class='ocrx_word' id='word_1_688' title='bbox 1313 5261 1781 5329; x_wconf 83' lang='lat' dir='ltr'><strong>perenniterper-</strong></span> 
     </span>
    </p>
   </div>
   <div class='ocr_carea' id='block_1_101' title="bbox 1883 4431 3460 4511">
    <p class='ocr_par' dir='ltr' id='par_1_101' title="bbox 1883 4431 3460 4511">
     <span class='ocr_line' id='line_1_101' title="bbox 1883 4431 3460 4511; baseline -0.01 -13"><span class='ocrx_word' id='word_1_689' title='bbox 1883 4451 2077 4511; x_wconf 72' lang='lat' dir='ltr'><strong>pneter</strong></span> <span class='ocrx_word' id='word_1_690' title='bbox 2094 4440 2486 4496; x_wconf 90' lang='lat' dir='ltr'><strong>ordinationem</strong></span> <span class='ocrx_word' id='word_1_691' title='bbox 2512 4438 2686 4492; x_wconf 88' lang='lat' dir='ltr'><strong>facere</strong></span> <span class='ocrx_word' id='word_1_692' title='bbox 2701 4438 3022 4492; x_wconf 85' lang='lat' dir='ltr'><strong>clericorum</strong></span> <span class='ocrx_word' id='word_1_693' title='bbox 3047 4445 3100 4487; x_wconf 88' lang='lat' dir='ltr'><strong>et</strong></span> <span class='ocrx_word' id='word_1_694' title='bbox 3123 4431 3460 4490; x_wconf 80' lang='lat' dir='ltr'><strong>mOnialinnt,</strong></span> 
     </span>
    </p>
   </div>
   <div class='ocr_carea' id='block_1_102' title="bbox 1882 4523 3462 4601">
    <p class='ocr_par' dir='ltr' id='par_1_102' title="bbox 1882 4523 3462 4601">
     <span class='ocr_line' id='line_1_102' title="bbox 1882 4523 3462 4601; baseline -0.01 -13"><span class='ocrx_word' id='word_1_695' title='bbox 1882 4533 1926 4588; x_wconf 92' lang='lat' dir='ltr'><strong>si</strong></span> <span class='ocrx_word' id='word_1_696' title='bbox 1971 4541 2152 4586; x_wconf 87' lang='lat' dir='ltr'><strong>tamen</strong></span> <span class='ocrx_word' id='word_1_697' title='bbox 2203 4531 2374 4601; x_wconf 84' lang='lat' dir='ltr'><strong>gratis</strong></span> <span class='ocrx_word' id='word_1_698' title='bbox 2430 4527 2637 4582; x_wconf 78' lang='lat' dir='ltr'><strong>fecerit.</strong></span> <span class='ocrx_word' id='word_1_699' title='bbox 2689 4526 2783 4580; x_wconf 88' lang='lat' dir='ltr'><strong>Sin</strong></span> <span class='ocrx_word' id='word_1_700' title='bbox 2837 4535 3039 4588; x_wconf 77' lang='lat' dir='ltr'><strong>autem,</strong></span> <span class='ocrx_word' id='word_1_701' title='bbox 3093 4523 3462 4575; x_wconf 86' lang='lat' dir='ltr'><strong>ordinationes</strong></span> 
     </span>
    </p>
   </div>
   <div class='ocr_carea' id='block_1_103' title="bbox 1884 4616 3209 4693">
    <p class='ocr_par' dir='ltr' id='par_1_103' title="bbox 1884 4616 3209 4693">
     <span class='ocr_line' id='line_1_103' title="bbox 1884 4616 3209 4693; baseline -0.011 -15"><span class='ocrx_word' id='word_1_702' title='bbox 1884 4631 2144 4693; x_wconf 75' lang='lat' dir='ltr'><strong>expetent</strong></span> <span class='ocrx_word' id='word_1_703' title='bbox 2165 4623 2232 4675; x_wconf 92' lang='lat' dir='ltr'><strong>ab</strong></span> <span class='ocrx_word' id='word_1_704' title='bbox 2255 4621 2360 4673; x_wconf 92' lang='lat' dir='ltr'><strong>alio</strong></span> <span class='ocrx_word' id='word_1_705' title='bbox 2395 4632 2716 4689; x_wconf 89' lang='lat' dir='ltr'><strong>quocunque</strong></span> <span class='ocrx_word' id='word_1_706' title='bbox 2748 4616 2913 4668; x_wconf 88' lang='lat' dir='ltr'><strong>velint</strong></span> <span class='ocrx_word' id='word_1_707' title='bbox 2934 4616 3209 4683; x_wconf 87' lang='lat' dir='ltr'><strong>episcopo.</strong></span> 
     </span>
    </p>
   </div>
   <div class='ocr_carea' id='block_1_104' title="bbox 1954 4702 3463 4776">
    <p class='ocr_par' dir='ltr' id='par_1_104' title="bbox 1954 4702 3463 4776">
     <span class='ocr_line' id='line_1_104' title="bbox 1954 4702 3463 4776; baseline -0.012 -7"><span class='ocrx_word' id='word_1_708' title='bbox 1954 4714 2006 4769; x_wconf 86' lang='lat'><strong>6.</strong></span> <span class='ocrx_word' id='word_1_709' title='bbox 2040 4711 2110 4768; x_wconf 89' lang='lat' dir='ltr'><strong>Ut</strong></span> <span class='ocrx_word' id='word_1_710' title='bbox 2141 4725 2271 4764; x_wconf 86' lang='lat' dir='ltr'><strong>vero</strong></span> <span class='ocrx_word' id='word_1_711' title='bbox 2298 4709 2447 4763; x_wconf 91' lang='lat' dir='ltr'><strong>locus</strong></span> <span class='ocrx_word' id='word_1_712' title='bbox 2487 4709 2600 4776; x_wconf 91' lang='lat' dir='ltr'><strong>ipse</strong></span> <span class='ocrx_word' id='word_1_713' title='bbox 2637 4709 2688 4759; x_wconf 90' lang='lat' dir='ltr'><strong>in</strong></span> <span class='ocrx_word' id='word_1_714' title='bbox 2721 4702 3172 4774; x_wconf 82' lang='lat' dir='ltr'><strong>quadragesimali</strong></span> <span class='ocrx_word' id='word_1_715' title='bbox 3219 4711 3463 4769; x_wconf 80' lang='lat' dir='ltr'><strong>tempore</strong></span> 
     </span>
    </p>
   </div>
   <div class='ocr_carea' id='block_1_105' title="bbox 1883 4791 3460 4872">
    <p class='ocr_par' dir='ltr' id='par_1_105' title="bbox 1883 4791 3460 4872">
     <span class='ocr_line' id='line_1_105' title="bbox 1883 4791 3460 4872; baseline -0.011 -12"><span class='ocrx_word' id='word_1_716' title='bbox 1883 4806 2060 4861; x_wconf 88' lang='lat' dir='ltr'><strong>solvat</strong></span> <span class='ocrx_word' id='word_1_717' title='bbox 2085 4817 2236 4872; x_wconf 63' lang='lat' dir='ltr'><strong>papae</strong></span> <span class='ocrx_word' id='word_1_718' title='bbox 2267 4814 2500 4854; x_wconf 89' lang='lat' dir='ltr'><strong>annuam</strong></span> <span class='ocrx_word' id='word_1_719' title='bbox 2525 4797 2861 4867; x_wconf 88' lang='lat' dir='ltr'><strong>pensionem,</strong></span> <span class='ocrx_word' id='word_1_720' title='bbox 2888 4794 3078 4850; x_wconf 88' lang='lat' dir='ltr'><strong>statuit</strong></span> <span class='ocrx_word' id='word_1_721' title='bbox 3107 4792 3246 4861; x_wconf 86' lang='lat' dir='ltr'><strong>idem</strong></span> <span class='ocrx_word' id='word_1_722' title='bbox 3279 4791 3460 4844; x_wconf 83' lang='lat' dir='ltr'><strong>Mane-</strong></span> 
     </span>
    </p>
   </div>
   <div class='ocr_carea' id='block_1_106' title="bbox 1883 4884 3462 4970">
    <p class='ocr_par' dir='ltr' id='par_1_106' title="bbox 1883 4884 3462 4970">
     <span class='ocr_line' id='line_1_106' title="bbox 1883 4884 3462 4970; baseline -0.011 -17"><span class='ocrx_word' id='word_1_723' title='bbox 1883 4899 2073 4970; x_wconf 89' lang='lat' dir='ltr'><strong>goldus</strong></span> <span class='ocrx_word' id='word_1_724' title='bbox 2094 4893 2404 4964; x_wconf 91' lang='lat' dir='ltr'><strong>pensionem</strong></span> <span class='ocrx_word' id='word_1_725' title='bbox 2427 4892 2595 4959; x_wconf 90' lang='lat' dir='ltr'><strong>ipsam</strong></span> <span class='ocrx_word' id='word_1_726' title='bbox 2617 4903 2736 4942; x_wconf 89' lang='lat' dir='ltr'><strong>esse</strong></span> <span class='ocrx_word' id='word_1_727' title='bbox 2768 4885 3164 4956; x_wconf 81' lang='lat' dir='ltr'><strong>anabolagium,</strong></span> <span class='ocrx_word' id='word_1_728' title='bbox 3203 4885 3252 4936; x_wconf 91' lang='lat' dir='ltr'><strong>id</strong></span> <span class='ocrx_word' id='word_1_729' title='bbox 3285 4893 3367 4938; x_wconf 87' lang='lat' dir='ltr'><strong>est</strong></span> <span class='ocrx_word' id='word_1_730' title='bbox 3388 4884 3462 4936; x_wconf 85' lang='lat' dir='ltr'><strong>fa-</strong></span> 
     </span>
    </p>
   </div>
   <div class='ocr_carea' id='block_1_107' title="bbox 1883 4975 3524 5049">
    <p class='ocr_par' dir='ltr' id='par_1_107' title="bbox 1883 4975 3524 5049">
     <span class='ocr_line' id='line_1_107' title="bbox 1883 4975 3524 5049; baseline -0.01 -4"><span class='ocrx_word' id='word_1_731' title='bbox 1883 5001 2103 5049; x_wconf 89' lang='lat' dir='ltr'><strong>nonem,</strong></span> <span class='ocrx_word' id='word_1_732' title='bbox 2118 4983 2308 5038; x_wconf 89' lang='lat' dir='ltr'><strong>stolam</strong></span> <span class='ocrx_word' id='word_1_733' title='bbox 2322 4997 2441 5035; x_wconf 90' lang='lat' dir='ltr'><strong>cum</strong></span> <span class='ocrx_word' id='word_1_734' title='bbox 2467 4995 2618 5044; x_wconf 92' lang='lat' dir='ltr'><strong>auro,</strong></span> <span class='ocrx_word' id='word_1_735' title='bbox 2636 4980 2964 5048; x_wconf 87' lang='lat' dir='ltr'><strong>manipulum</strong></span> <span class='ocrx_word' id='word_1_736' title='bbox 2979 4986 3033 5031; x_wconf 90' lang='lat' dir='ltr'><strong>et</strong></span> <span class='ocrx_word' id='word_1_737' title='bbox 3050 4975 3341 5042; x_wconf 73' lang='lat' dir='ltr'><strong>cingulum.</strong></span> <span class='ocrx_word' id='word_1_738' title='bbox 3359 4975 3465 5029; x_wconf 84' lang='lat' dir='ltr'><strong>Nos</strong></span> <span class='ocrx_word' id='word_1_739' title='bbox 3519 5016 3524 5020; x_wconf 51' lang='grc' dir='ltr'><em>α</em></span> 
     </span>
    </p>
   </div>
   <div class='ocr_carea' id='block_1_108' title="bbox 1883 5069 3467 5145">
    <p class='ocr_par' dir='ltr' id='par_1_108' title="bbox 1883 5069 3467 5145">
     <span class='ocr_line' id='line_1_108' title="bbox 1883 5069 3467 5145; baseline -0.007 -11"><span class='ocrx_word' id='word_1_740' title='bbox 1883 5094 2044 5143; x_wconf 87' lang='lat' dir='ltr'><strong>vero,</strong></span> <span class='ocrx_word' id='word_1_741' title='bbox 2077 5075 2205 5145; x_wconf 89' lang='lat' dir='ltr'><strong>quia</strong></span> <span class='ocrx_word' id='word_1_742' title='bbox 2232 5073 2384 5126; x_wconf 92' lang='lat' dir='ltr'><strong>locus</strong></span> <span class='ocrx_word' id='word_1_743' title='bbox 2412 5072 2522 5141; x_wconf 90' lang='lat' dir='ltr'><strong>ipse</strong></span> <span class='ocrx_word' id='word_1_744' title='bbox 2550 5069 2797 5125; x_wconf 88' lang='lat' dir='ltr'><strong>conditus</strong></span> <span class='ocrx_word' id='word_1_745' title='bbox 2820 5082 2904 5126; x_wconf 90' lang='lat' dir='ltr'><strong>est</strong></span> <span class='ocrx_word' id='word_1_746' title='bbox 2932 5075 3154 5142; x_wconf 83' lang='lat' dir='ltr'><strong>propter</strong></span> <span class='ocrx_word' id='word_1_747' title='bbox 3174 5082 3320 5135; x_wconf 86' lang='lat' dir='ltr'><strong>eam,</strong></span> <span class='ocrx_word' id='word_1_748' title='bbox 3351 5084 3467 5140; x_wconf 79' lang='lat' dir='ltr'><strong>qua:</strong></span> 
     </span>
    </p>
   </div>
   <div class='ocr_carea' id='block_1_109' title="bbox 1884 5157 3465 5243">
    <p class='ocr_par' dir='ltr' id='par_1_109' title="bbox 1884 5157 3465 5243">
     <span class='ocr_line' id='line_1_109' title="bbox 1884 5157 3465 5243; baseline -0.01 -15"><span class='ocrx_word' id='word_1_749' title='bbox 1884 5185 2046 5243; x_wconf 88' lang='lat' dir='ltr'><strong>supra</strong></span> <span class='ocrx_word' id='word_1_750' title='bbox 2071 5167 2212 5221; x_wconf 89' lang='lat' dir='ltr'><strong>dicta</strong></span> <span class='ocrx_word' id='word_1_751' title='bbox 2244 5172 2348 5228; x_wconf 91' lang='lat' dir='ltr'><strong>est,</strong></span> <span class='ocrx_word' id='word_1_752' title='bbox 2372 5171 2572 5218; x_wconf 74' lang='lat' dir='ltr'><strong>sancta:</strong></span> <span class='ocrx_word' id='word_1_753' title='bbox 2593 5169 2646 5215; x_wconf 91' lang='lat' dir='ltr'><strong>et</strong></span> <span class='ocrx_word' id='word_1_754' title='bbox 2671 5161 2901 5218; x_wconf 70' lang='lat' dir='ltr'><strong>viviﬁca:</strong></span> <span class='ocrx_word' id='word_1_755' title='bbox 2928 5157 3118 5217; x_wconf 85' lang='lat' dir='ltr'><strong>Crucis</strong></span> <span class='ocrx_word' id='word_1_756' title='bbox 3135 5160 3465 5226; x_wconf 81' lang='lat' dir='ltr'><strong>portionem;</strong></span> 
     </span>
    </p>
   </div>
   <div class='ocr_carea' id='block_1_110' title="bbox 1883 5252 3471 5323">
    <p class='ocr_par' dir='ltr' id='par_1_110' title="bbox 1883 5252 3471 5323">
     <span class='ocr_line' id='line_1_110' title="bbox 1883 5252 3471 5323; baseline -0.009 -4"><span class='ocrx_word' id='word_1_757' title='bbox 1883 5261 2130 5320; x_wconf 89' lang='lat' dir='ltr'><strong>eamdem</strong></span> <span class='ocrx_word' id='word_1_758' title='bbox 2163 5255 2292 5309; x_wconf 91' lang='lat' dir='ltr'><strong>inibi</strong></span> <span class='ocrx_word' id='word_1_759' title='bbox 2339 5269 2553 5323; x_wconf 88' lang='lat' dir='ltr'><strong>semper</strong></span> <span class='ocrx_word' id='word_1_760' title='bbox 2581 5267 2806 5308; x_wconf 86' lang='lat' dir='ltr'><strong>manere</strong></span> <span class='ocrx_word' id='word_1_761' title='bbox 2832 5255 3104 5313; x_wconf 89' lang='lat' dir='ltr'><strong>volumus,</strong></span> <span class='ocrx_word' id='word_1_762' title='bbox 3137 5252 3388 5319; x_wconf 90' lang='lat' dir='ltr'><strong>cupimus</strong></span> <span class='ocrx_word' id='word_1_763' title='bbox 3419 5260 3471 5304; x_wconf 89' lang='lat' dir='ltr'><strong>et</strong></span> 
     </span>
    </p>
   </div>
  </div>
