4062 5352
608 162 714 221 6'59

1676 167 1715 222 Β
1777 165 2025 224 LEONIS
2060 167 2125 224 IX
2169 166 2372 224 ΡΑΡΑΕ
2410 167 2773 226 οριιςοιιω

3746 169 3855 227 σευ

609 279 805 337 viviﬁci
845 279 980 351 ligni
1018 278 1320 348 portionem
1358 276 1428 333 ab
1470 278 1586 349 ipso
1626 282 1951 336 monasterio
1985 280 2179 336 audeat
2209 286 2250 344 Α
2281 279 2577 334 concedere
2600 289 2655 335 et
2684 281 2976 351 petentium
3006 282 3288 339 desideriis
3317 296 3611 354 congruum
3651 285 3855 355 imper-

608 372 823 428 auferre
867 370 1106 441 quolibet
1156 368 1335 436 modo,
1384 370 1470 425 vel
1516 369 1716 441 aliquid
1766 371 1944 427 facere
1993 383 2182 427 contra

611 461 793 515 omnia
836 475 955 530 qua:
1001 460 1250 531 superius
1291 460 1489 529 scripta
1539 469 1694 525 sunt;
1731 462 1825 516 sed
1872 475 1974 517 nec
2016 463 2182 516 etiam

605 551 804 622 aliquid
827 550 1130 606 diminuere
1155 551 1221 605 de
1249 550 1404 606 bonis
1433 550 1672 620 ejusdem
1701 553 2038 619 monasterii,
2062 568 2182 622 qua:

606 644 770 698 modo
793 642 980 710 habet,
1013 650 1070 697 et
1093 656 1265 711 usque
1293 642 1344 695 in
1377 649 1637 695 aeternum
1674 642 1914 707 habebit,
1942 642 2183 712 quolibet

607 732 772 797 I‘urto,
824 734 1062 802 quolibet
1106 740 1285 802 raptu,
1318 733 1560 802 quolibet
1602 732 1945 788 alienationis
1999 732 2177 787 modo.

604 822 661 876 [Ι
692 823 780 891 qui
831 832 1254 892 praesumpserit,
1290 823 1461 877 donec
1491 823 1649 890 digne
1679 823 2022 885 satisfecerit,
2046 838 2180 877 ana-

606 913 788 966 thema
814 913 905 965 sit.
934 911 1036 977 Qui
1064 925 1194 966 vero
1230 911 1318 980 pio
1351 911 1544 965 intuitu
1575 922 1758 966 custos
1787 920 1842 965 et
1863 911 2180 966 observator

603 1005 764 1071 hujus
815 1004 985 1058 nostri
1033 1003 1298 1072 privilegii
1349 1003 1649 1066 exstiterit,
1704 1018 1734 1057 a
1789 1002 2015 1056 Domino
2069 1003 2179 1057 Deo

603 1094 1039 1150 Benedictiouem
1057 1104 1438 1165 consequatur,
1461 1104 1515 1150 et
1532 1105 1747 1151 aeterna:
1768 1095 1890 1149 vitae
1908 1096 2179 1165 particeps

603 1186 889 1241 ciliciatur.
928 1191 1011 1249 vlt.
1574 1206 1577 1209 ι

674 1276 807 1331 Data
839 1292 897 1331 ιιι
934 1275 1048 1331 Νοιι
1089 1275 1372 1331 Decembr.
1414 1290 1513 1344 per
1549 1290 1742 1330 manus
1771 1274 1916 1330 Petri
1941 1274 2174 1338 diaconi,

605 1363 1003 1420 bibliothecarii
1034 1375 1087 1420 et
1110 1366 1422 1420 cauce’llarii
1454 1378 1653 1421 sancta?
1673 1365 1983 1435 apostolica:
2011 1365 2173 1421 sedis.

601 1457 759 1511 Anno
792 1457 992 1513 domini
1018 1456 1214 1514 Leonis
1234 1457 1324 1522 IX,
1348 1474 1501 1544 papae
1535 1475 1551 1512 ι
1585 1457 1750 1530 (liti).
1789 1497 1797 1505 ι

1178 1564 1221 1598 ⁸
1279 1572 1514 1627 XXXIII.

602 1656 665 1711 S.
694 1655 880 1715 Leonis
906 1658 989 1715 IX
1017 1661 1233 1730 cpistola
1258 1664 1327 1716 ad
1351 1661 1670 1736 Edwrirdum
1696 1664 1981 1736 Anglorum
2009 1680 2177 1736 regem

1000 1747 1095 1798 pro
1126 1736 1441 1787 monasterio
1474 1734 1761 1789 Exom‘cnu‘

1193 1840 1372 1911 (Anno
1410 1843 1590 1913 10l9.)

728 1928 1085 2001 [Monasticcn
1110 1930 1478 2001 Anglicanam,
1508 1942 1636 1987 tom.
1669 1934 1709 1999 I,
1747 1950 1867 2005 pag.
1893 1934 2048 2007 εει]

648 2016 789 2071 ‘Lso
824 2019 1142 2088 episcopus,
1184 2035 1372 2075 servus
1414 2034 1692 2076 servorum
1735 2024 1864 2088 Dei,
1910 2024 2181 2079 Enwmna

600 2106 893 2178 Anglorum
948 2110 1101 2182 regi,
1151 2111 1804 2195 salutenrcbarissimam
1844 2131 1966 2172 cum
2018 2117 2182 2173 bene-

603 2198 842 2253 dictione
877 2201 1191 2270 apostolica.

675 2287 730 2342 Si
773 2288 907 2345 bene
940 2291 1105 2347 habes
1129 2301 1185 2347 et
1220 2293 1356 2349 bene
1394 2296 1578 2364 vales,
1624 2297 1746 2354 inde
1789 2314 1896 2355 non
1943 2301 2181 2357 modicas

601 2378 828 2434 Domino
857 2379 981 2435 Jesu
1012 2381 1225 2438 Christo
1254 2385 1537 2442 referimus
1562 2390 1785 2459 gratias,
1820 2399 1871 2444 et
1904 2392 2006 2445 hoc
2030 2401 2181 2459 epla-

602 2483 724 2530 mus
764 2477 822 2522 ut
862 2469 933 2523 ita
974 2470 1272 2528 lmnlenter
1312 2477 1587 2543 possideas
1621 2479 1771 2547 regni
1820 2480 2181 2549 gubernacula

600 2565 659 2611 ut
697 2559 748 2612 in
788 2568 988 2614 aeterna
1024 2578 1240 2618 maneas
1283 2567 1649 2621 tabernacula.
1693 2569 1782 2633 Et,
1814 2571 1937 2638 quia
1977 2572 2181 2625 audivi-

595 2654 723 2705 ~mus
769 2660 820 2706 te
858 2653 1001 2708 circa
1042 2655 1131 2710 Dei
1184 2655 1454 2713 Ecclesias
1498 2669 1552 2714 et
1595 2661 1994 2717 ecclesiasticos
2038 2664 2183 2719 viros

594 2742 903 2798 studiosum
937 2755 991 2799 et
1029 2745 1335 2817 religiosam
1367 2767 1517 2816 esse,
1563 2753 1686 2809 inde
1726 2755 1950 2809 multum
1988 2758 2185 2827 gande-

602 2848 742 2898 mus,
770 2846 824 2888 et
864 2836 964 2890 hoc
991 2839 1342 2897 admonemus
1374 2850 1536 2913 atque
1581 2844 1808 2917 benigne
1842 2862 2091 2919 rogamus
2126 2855 2183 2903 ut

593 2925 676 2979 ita
709 2925 761 2980 in
794 2927 883 2982 Dei
910 2944 1074 2999 opere
1104 2946 1451 3000 perseverare
1481 2940 1717 3003 studeas,
1755 2950 2022 3008 quatenus
2050 2941 2176 3012 liegi
2208 2956 2251 3017 ο

602 3031 787 3084 regum
821 3018 929 3073 Deo
957 3022 1169 3088 placere
1195 3024 1392 3090 valeas,
1428 3036 1588 3098 atque
1630 3046 1749 3083 cum
1778 3031 1867 3086 illo
1891 3032 1941 3085 in
1968 3032 2176 3089 Ctelesti

598 3106 766 3175 'regno
798 3123 1131 3177 permaneas.
1173 3112 1366 3168 Notum
1413 3116 1593 3187 itaque
1641 3129 1721 3174 est
1760 3130 1954 3176 nostrae
1990 3123 2177 3192 pietati

601 3193 834 3263 qualiter
886 3195 1165 3254 Leol'ricus
1219 3204 1501 3273 episcopus
1554 3208 1668 3262 sine
1725 3210 1946 3266 civitate
1993 3212 2177 3267 sedem

600 3284 963 3351 pontificalem
996 3297 1169 3356 tenet,
1214 3294 1354 3348 unde
1390 3282 1613 3351 ntultum
1663 3300 1940 3367 miramur,
1975 3318 2080 3356 non
2112 3304 2179 3359 de

603 3372 696 3428 illo
726 3374 870 3439 solo,
906 3378 999 3432 sed
1037 3381 1182 3435 etde
1216 3383 1466 3440 omnibus
1497 3386 1600 3462 illis
1639 3389 1904 3460 episcopis
1933 3393 2021 3461 qui
2054 3393 2178 3449 talia

602 3472 788 3530 agunt.
817 3464 951 3520 Cum
975 3481 1104 3522 vero
1123 3478 1190 3524 ad
1211 3487 1304 3527 vos
1327 3482 1567 3530 nostrum
1595 3477 1901 3535 miserimus
1924 3481 2173 3550 legatum,

602 3553 671 3608 de
709 3555 831 3611 aliis
876 3557 1091 3625 dicens,
1137 3576 1278 3616 nunc
1325 3572 1503 3619 autem
1543 3567 1610 3622 de
1646 3579 1830 3623 nemo
1866 3569 2033 3626 fratre
2069 3571 2178 3641 jam

597 3644 742 3700 dicto
783 3645 1027 3704 Leol'rico
1062 3653 1403 3726 praecipimus
1429 3667 1592 3727 atque
1636 3675 1887 3730 rogamus
1923 3672 2010 3726 ut,
2052 3678 2177 3734 pro-

598 3745 721 3806 pter
760 3737 971 3796 Domini
1011 3753 1065 3798 et
1107 3746 1275 3801 nostri
1322 3749 1523 3805 amoris
1555 3766 1804 3819 causam,
1854 3753 2179 3824 adiutorium

600 3831 875 3897 praebeas,
906 3842 963 3885 ut
992 3848 1022 3886 a
1054 3834 1392 3892 Cridionensi
1429 3839 1604 3895 villula
1637 3841 1704 3896 ad
1736 3842 2006 3898 civitatem
2039 3846 2181 3901 Exo-

605 3919 749 3971 niam
779 3922 963 3976 sedem
996 3924 1353 3995 episcopalem
1382 3931 1554 3998 possit
1583 3941 1812 3986 mutare.
1846 3932 1971 3990 Haec
1997 3945 2051 3988 et
2075 3935 2180 3989 alia

599 4009 743 4065 bona
781 4027 941 4083 epera
974 4016 1045 4069 ita
1076 4033 1234 4086 agere
1269 4022 1487 4076 studeas
1509 4063 1523 4087 ,
1560 4032 1617 4077 ut
1655 4040 1683 4077 a
1713 4025 1927 4080 Christo
1954 4025 2181 4080 Domino

602 4111 859 4155 :eternum
890 4121 1110 4174 regnum
1136 4111 1418 4179 acquirere
1441 4113 1639 4169 valeas.
1665 4115 1812 4180 Vale,
1838 4116 2179 4183 charissime,

604 4207 817 4263 semper
848 4194 899 4248 in
935 4195 1161 4251 Domino

1268 4287 1503 4346 XXXIV.

763 4394 921 4451 Bulla
952 4396 1010 4453 S.
1044 4398 1231 4456 Leonis
1258 4401 1343 4455 IX
1370 4420 1466 4473 pro
1495 4405 1702 4460 abbalia
1734 4404 2011 4464 Electensi.

1191 4493 1367 4564 (Auno
1406 4495 1588 4566 1050.)

881 4597 1045 4672 [σαιι.
1082 4600 1304 4669 Christ,
1337 4604 1421 4671 γι,
1451 4605 1727 4672 lnstrum.,
1761 4609 1909 4683 106.]

670 4688 784 4744 ιλεο
814 4691 1120 4760 episcopus,
1152 4707 1342 4750 servus
1373 4710 1653 4752 servorum
1683 4699 1797 4765 Dei,
1832 4699 2183 4758 dilectissimo

600 4780 714 4835 lilio
757 4779 823 4835 G.
867 4782 1159 4837 venerabili
1206 4785 1383 4840 abbati
1437 4790 1746 4843 monasterii
1786 4790 1957 4847 beata:
2001 4791 2183 4849 Mariae

605 4873 855 4943 virginis,
883 4876 1022 4943 quod
1052 4884 1276 4930 vocatur
1298 4876 1523 4945 Etelsus,
1551 4890 1603 4934 et
1632 4897 1727 4951 per
1755 4890 1804 4937 te
1827 4883 2034 4939 cunctis
2057 4899 2180 4941 suc-

607 4965 915 5020 cessoribus
944 4966 1229 5023 abbatibus
1260 4969 1310 5022 in
1341 4982 1679 5040 perpetuum.

661 5053 898 5147 puotics
941 5055 1031 5110 illa
1064 5073 1092 5111 a
1122 5059 1276 5114 nobis
1299 5062 1457 5117 tribui
1484 5064 1822 5133 postulantur
1849 5083 1967 5138 quze
1994 5066 2177 5121 incun-

606 5145 820 5198 Ctauter
850 5145 1045 5201 rationi
1080 5150 1427 5219 conveniunt,
1462 5154 1643 5209 animo
1678 5171 1775 5211 nos
1807 5156 1963 5212 decet
1996 5156 2182 5212 libenti

686 5336 822 5352 [Inlue
865 5337 900 5352 Α
979 5348 987 5352 -

2285 368 2374 422 tiri
2400 367 2733 438 sotl'ragium.
2762 369 2825 424 Et
2852 370 2974 425 ideo
2998 370 3307 440 postulastis
3334 386 3365 426 a
3392 373 3550 428 nobis
3579 385 3637 427 ut
3658 375 3855 444 ιιι-σείει-

2284 468 2396 515 ιιιιιι
2432 462 2818 517 monasterium
2862 462 3166 531 apostoliem
3196 464 3535 519 auctoritatis
3560 465 3703 521 serie
3736 481 3863 520 ntu-

2283 550 2544 616 nlremns,
2579 560 2635 606 et
2686 554 2867 606 omnia
2919 550 3037 621 ejus
3090 555 3411 623 pertinentia
3460 556 3685 626 perenni
3730 555 3858 624 jure

2282 641 2479 697 ibidem
2508 643 2888 700 inviolabiliter
2910 648 3275 717 permanando
3302 650 3774 711 contirmaremus,
3797 658 3857 704 et

2282 742 2341 787 ut
2369 735 2574 803 absque
2605 735 2749 789 omni
2775 733 2907 806 jugo
2948 752 3042 792 seu
3082 737 3284 794 ditione
3322 730 3694 808 cujuscunque
3730 755 3851 808 per-

2281 837 2429 877 sonae
2453 824 2801 879 constabilire
2830 825 3000 879 nostri
3029 826 3289 894 privilegii
3316 827 3509 898 pagina
3534 828 3861 881 corrobora-

2279 929 2481 969 remus.
2534 916 2843 985 Propterea.
2878 918 2986 972 tuis
3029 917 3151 971 ﬂexi
3209 918 3491 987 precibus,
3548 933 3650 987 per
3698 918 3855 987 hujus

2280 1014 2479 1060 nostra)
2510 1008 2851 1060 auctoritatis
2880 1008 3218 1078 privilegium
3249 1017 3581 1069 statuentes.
3614 1008 3854 1065 decemi-

2278 1108 2399 1148 rnus
2429 1102 2486 1147 nt
2515 1104 2707 1149 cuncta
2738 1095 2854 1150 loca
2892 1098 3102 1152 urbana
3130 1095 3218 1153 vel
3244 1098 3470 1161 rustica,
3510 1098 3565 1162 id
3594 1106 3703 1153 est.
3728 1111 3854 1151 cur.

2279 1191 2392 1249 tes,
2422 1198 2673 1249 mansos,
2715 1186 2876 1249 salus,
2907 1186 3151 1251 castella,
3187 1186 3417 1251 wsailes,
3442 1188 3655 1259 vineas,
3684 1196 3861 1242 terras

2278 1271 2597 1341 diversaque
2622 1275 2838 1343 praedia,
2865 1277 3007 1331 culta
3034 1276 3116 1330 vel
3139 1277 3358 1340 inculta,
3389 1292 3512 1333 cum
3539 1277 3748 1333 colonis
3775 1275 3857 1331 vel

2277 1362 2597 1426 colonabus.
2628 1367 2801 1421 servis
2826 1375 2881 1422 et
2905 1367 3138 1431 ancillis,
3166 1382 3285 1437 quae
3315 1369 3384 1422 ab
3408 1368 3683 1436 aliquibus
3703 1367 3859 1423 Chri-

2276 1451 2465 1506 stianis
2498 1453 2674 1508 eidem
2710 1458 3040 1511 monasterio
3071 1472 3327 1515 concessa
3356 1466 3480 1513 sunt
3495 1494 3515 1522 ,
3541 1457 3628 1512 vel
3660 1473 3781 1528 qua
3807 1468 3860 1511 et

2277 1554 2372 1609 per
2409 1541 2588 1610 aliqua
2622 1544 2918 1599 munimina
2948 1546 3017 1599 ad
3046 1546 3298 1600 eumdem
3338 1547 3484 1615 pium
3522 1546 3702 1602 locutu
3738 1561 3867 1617 pero

2209 1619 2252 1678 Il
2282 1630 2455 1686 tinere
2472 1631 2738 1696 videntur,
2755 1648 3088 1704 cummagna
3107 1635 3398 1691 securitate
3415 1636 3601 1704 quiete
3622 1636 3865 1691 debeatis

2282 1724 2590 1795 possidere,
2616 1735 2673 1780 et
2701 1742 2798 1796 per
2823 1736 2873 1781 te
2902 1727 3137 1783 universi
3160 1742 3503 1784 successores
3534 1729 3612 1782 tui
3640 1727 3865 1785 abbate:

2282 1817 2335 1872 in
2386 1828 2742 1888 perpetuum,
2794 1819 2999 1874 scilicet
3048 1820 3433 1876 monasterium
3483 1820 3661 1874 sancti
3715 1817 3865 1873 Pauli

2280 1905 2648 1973 Vallouensis,
2681 1917 2737 1964 ct
2768 1907 2829 1964 S.
2861 1908 3042 1965 Maria:
3075 1893 3327 1969 Urbionis
3357 1919 3411 1964 et
3441 1919 3609 1971 terra,
3645 1906 3866 1976 Coplata

2280 1998 2537 2064 vocitata,
2567 2008 2622 2053 et
2650 1998 2955 2068 ubicunque
2988 2000 3209 2069 reperiri
3239 2008 3492 2069 poterunt
3541 2013 3665 2068 quae
3688 1999 3866 2054 uidua

2280 2099 2474 2145 sancto
2500 2088 2618 2145 loco
2636 2088 2761 2158 jure
2784 2090 3283 2159 debentur,absque
3305 2090 3413 2146 ulla
3434 2090 3868 2145 contradictione

2281 2174 2558 2233 hominum
2589 2194 2682 2235 seu
2713 2177 3058 2243 feminarmu,
3083 2179 3374 2249 apostolica
3415 2180 3747 2237 auctoritate
3778 2179 3865 2233 iu-

2281 2269 2598 2324 terdicimus
2638 2279 2695 2323 ut
2730 2284 2947 2340 semper
2983 2278 3163 2325 teneat
3210 2271 3297 2326 ille
3338 2271 3488 2327 locus
3528 2270 3867 2341 gloriosissi-

2283 2373 2403 2412 mus
2444 2359 2514 2412 ita
2560 2367 2617 2412 ut
2651 2357 2829 2413 nullus
2863 2358 3331 2428 archiepiscopus,
3371 2360 3692 2428 episcopus,
3725 2357 3865 2423 dux,

2282 2449 2557 2514 marchio,
2597 2464 2779 2505 comes
2806 2491 2820 2515 ,
2867 2451 3198 2515 vicecomes,
3240 2467 3333 2505 seu
3363 2450 3621 2520 quaelibet
3671 2467 3866 2522 magna

2283 2557 2556 2614 parvaque
2590 2558 2821 2613 persona
2860 2544 3058 2600 abhinc
3093 2552 3147 2598 et
3178 2544 3233 2598 in
3271 2554 3429 2600 antea
3466 2545 3671 2600 habeat
3701 2544 3865 2598 licen-

2284 2637 2412 2691 tiam
2463 2637 2847 2691 monasterinm
2898 2636 3026 2691 illud
3067 2637 3336 2701 vendere,
3374 2651 3475 2693 nec
3524 2634 3864 2706 adpreciari,

2284 2729 2378 2783 sed
2427 2744 2599 2798 neque
2629 2744 2694 2785 ex
2738 2729 2974 2799 praefatis
3010 2729 3261 2785 omnibus
3311 2730 3514 2792 rebus,
3561 2743 3687 2798 quae
3736 2726 3865 2782 inibi

2285 2821 2558 2889 pertinere
2584 2808 2869 2886 Ividentur,
2912 2823 3110 2876 audeat
3157 2821 3438 2885 invadere,
3480 2818 3862 2874 molestare...

2284 2912 2743 2966 consecrationem
2780 2911 3009 2969 libenter
3035 2912 3326 2983 impertiat.
3355 2912 3594 2966 Abbatcs
3624 2925 3863 2981 quoque,

2281 3004 2369 3071 qui
2400 3004 2452 3056 in
2490 3004 2678 3058 eodem
2710 3003 2827 3057 loco
2855 3003 3203 3058 consecrandi
3228 3014 3377 3068 sunt,
3399 3003 3465 3057 de
3494 3004 3606 3072 ipsa
3644 3016 3864 3071 congre-

2279 3093 2492 3163 gatione
2526 3095 3049 3158 cuiiiiiiiinLconsilio
3070 3096 3443 3165 eligantur,,et
3476 3109 3585 3147 non
3612 3093 3861 3156 aliunde,

2278 3184 2379 3239 nisi
2407 3193 2626 3255 propter
2649 3185 2996 3253 indigentiam
3019 3185 3277 3240 bonarum
3300 3200 3660 3256 personarum
3681 3199 3864 3256 petau-

2276 3288 2385 3334 tur.
3298 3302 3304 3307 '
3578 3338 3583 3341 δ

2349 3369 2437 3433 Ει,
2468 3369 2511 3424 si
2535 3369 2798 3425 discordia
2825 3368 3052 3440 eligendi
3086 3370 3227 3425 inter
3254 3384 3346 3425 eos
3371 3368 3679 3431 emerserit.
3709 3382 3864 3438 quem

2278 3458 2454 3527 major
2493 3475 2618 3529 pars
2649 3475 2872 3514 numero
2901 3475 2964 3514 ac
2990 3460 3279 3515 sanctitate
3306 3459 3529 3529 elegerit
3552 3458 3649 3513 liat
3677 3460 3862 3514 abbas.

2282 3550 2435 3618 Quod
2474 3550 2518 3605 si
2555 3551 2840 3621 episcopus
2875 3551 3072 3621 aliquis
3104 3551 3445 3606 donationem
3480 3565 3552 3605 ex
3580 3565 3868 3606 consecra-

2283 3641 2426 3697 tione
2480 3642 2820 3710 requisierit,
2872 3655 2937 3697 ac
3003 3656 3176 3710 neque
3224 3655 3546 3697 consecrare
3591 3641 3867 3705 voluerit,

2279 3730 2627 3787 liceatelecto
2657 3728 2836 3784 abbati
2869 3731 3017 3785 adire
3040 3731 3107 3785 ad
3147 3746 3311 3785 uniun
3336 3731 3652 3800 episcopum
3680 3745 3869 3801 queau-

2280 3836 2493 3890 cunque
2526 3819 2756 3875 voluerit
2806 3819 3059 3883 vicinum,
3103 3828 3160 3874 et
3193 3819 3661 3875 consecrationem
3700 3819 3869 3890 gratis

2281 3915 2546 3983 accipere.
2588 3912 2810 3981 Insuper
2852 3913 3170 3967 auctoritate
3205 3912 3499 3981 apostolica
3554 3910 3868 3982 judicamus

2282 4014 2340 4059 ut
2367 4004 2494 4058 nulli
2525 4002 3054 4074 archiepiscoporum
3076 4002 3161 4059 vel
3191 4004 3562 4073 episcoporum
3597 4013 3869 4057 monaste-

2282 4095 2421 4149 rium
2465 4094 2658 4163 ipsum,
2705 4093 2786 4147 vel
2824 4094 3070 4149 abbatem
3111 4093 3205 4162 qui
3251 4093 3447 4147 ibidem
3493 4090 3633 4155 fuit,
3667 4093 3867 4146 abhinc

2283 4184 2522 4248 iuantea,
2555 4199 2647 4237 seu
2684 4182 2916 4253 aliquem
2945 4199 3011 4238 cx
3041 4183 3477 4254 congregatione,
3507 4181 3594 4236 vel
3629 4182 3863 4252 aliquem

2207 4291 2258 4351 ι)
2288 4278 2650 4348 pertinentem
2695 4276 2761 4331 ad
2786 4277 2958 4345 ipsum
2988 4278 3371 4332 monasterium
3395 4274 3866 4331 cxcommunicare

2284 4367 2367 4423 vel
2396 4367 2755 4421 anathematis
2782 4365 2999 4421 vinculo
3028 4366 3313 4428 innodare,
3355 4380 3450 4420 seu
3477 4364 3700 4435 aliquod
3728 4362 3865 4416 alta-

2284 4460 2424 4513 rium
2458 4457 2698 4525 ejusdem
2737 4456 2839 4511 loci
2880 4456 2961 4511 vel
3008 4457 3245 4526 aliquam
3288 4452 3866 4517 ecclesiamexconci-

2284 4549 2420 4603 liare
2474 4549 2655 4603 liceat.
2705 4546 2858 4614 Quod
2912 4547 2957 4601 si
3005 4546 3201 4617 aliquis
3254 4546 3699 4617 praesumpserit,
3755 4543 3866 4613 ipse

2283 4636 2840 4693 excominunieatione
2881 4646 3069 4691 nostra
3109 4636 3533 4706 constringatur,
3572 4642 3630 4688 et
3661 4632 3867 4711 dictum

2285 4725 2673 4782 monasterium
2720 4741 2844 4779 cum
2889 4726 3085 4780 abbate
3114 4734 3172 4780 et
3205 4724 3453 4780 omnibus
3497 4723 3610 4781 suis
3648 4720 3865 4777 absolu-

2289 4828 2400 4872 tum
2432 4816 2501 4870 ab
2536 4809 2787 4885 impo'sita
2830 4814 2933 4870 sibi
2970 4814 3529 4869 excommunicatione
3573 4810 3867 4882 apostolica

2285 4907 2606 4961 auctoritate
2635 4915 2871 4959 maneat.
2917 4905 3254 4968 Statuentes,
3304 4902 3597 4974 apostolica
3639 4916 3866 4957 censura

2285 4998 2387 5054 sub
2429 4996 2594 5051 divini
2618 4994 2809 5065 judicii
2837 4995 3201 5052 obtestatione
3230 5005 3285 5049 et
3313 4993 3678 5049 anatliematis
3703 4992 3866 5045 inter-

2286 5088 2544 5149 dictione,
2573 5096 2631 5141 ut
2653 5086 2785 5141 nulli
2815 5102 3047 5156 unquam
3073 5101 3408 5141 summorum
3440 5084 3756 5155 pontiﬁcum
3782 5080 3863 5135 vel

2286 5180 2405 5235 alia:
2431 5179 2654 5235 cuilibet
2681 5194 2891 5248 inagna:
2929 5192 3216 5248 parva‘que
3244 5192 3491 5248 persona:
3530 5183 3722 5231 contra
3766 5172 3863 5225 hoc
