4062 5352
204 148 303 206 6H

1195 147 1555 207 EPISTOLE
1595 150 1683 205 ET
1731 150 2057 211 DECRETA
2092 153 2503 213 PONTIFICIA.

3362 159 3483 214 6-H;

204 267 452 314 nostrum
475 255 826 328 apostolicum
850 255 1186 329 privilegium
1211 260 1398 316 venire
1418 260 1499 317 vel
1528 275 1789 331 usurpare
1817 270 1866 330 Α
1895 263 2231 323 dilferrenon
2245 267 2483 325 debebit.
2503 268 3025 326 Similiteraltarium
3048 279 3101 326 et
3123 271 3471 331 basilicarum
3500 328 3505 337 ,

202 349 387 404 liceat.
422 347 481 402 Si
517 351 643 419 quis
667 357 845 403 autem
879 349 1169 405 temerario
1196 365 1351 416 ausu,
1378 361 1485 406 etc.

273 437 493 502 Datum,
530 454 583 493 vt
615 439 737 493 ldus
778 438 1007 510 Aprilis,
1041 454 1137 511 per
1168 456 1359 496 manus
1394 442 1538 498 Petri
1569 442 1786 498 diaconi

200 529 602 587 biblimhecarii
636 540 689 585 et
718 530 1024 586 cancellarii
1051 541 1251 587 saneta:
1280 533 1586 603 apostolica:
1621 535 1790 603 sedis,

204 638 347 679 anno
377 624 562 680 domui
594 624 794 681 Leonis
823 625 948 680 noni
978 624 1081 680 PP.
1112 642 1173 692 ll,
1207 627 1497 684 indictione
1525 644 1577 685 tv
1616 628 1786 702 (ιε-1).

898 735 1119 794 XXXV.

200 825 399 883 ελ.εο
431 823 523 883 IX
578 828 1322 902 approbatyrqedecessorum
1368 829 1642 902 privilegia
1679 845 1792 885 mo-

564 902 800 954 nasterio
839 898 1137 955 Cbrbeiensi
1164 898 1431 956 concessa.

806 988 983 1057 (Auno
1010 990 1190 1063 1050.)

583 1079 909 1154 [D‘Acbcry,
940 1082 1124 1147 Spicil.
1160 1084 1244 1151 Ill,
1276 1083 1427 1159 349.]

266 1170 384 1227 Leo
410 1171 724 1244 cpiscopus,
746 1188 935 1228 servus
960 1188 1237 1229 servorum
1271 1177 1384 1242 Dei,
1417 1175 1646 1232 Fuccoat
1698 1179 1796 1235 ab-

206 1262 683 1320 batiCorbeieusis
710 1266 1023 1318 monasterii
1061 1265 1148 1319 siti
1183 1266 1232 1320 in
1258 1283 1391 1339 pago
1417 1269 1793 1336 Auibianensi,

206 1367 521 1426 perpetuam
554 1356 607 1409 in
645 1356 868 1408 Domino
900 1355 1147 1409 salutem.

273 1447 542 1502 Convenit
565 1447 864 1518 apostolico
888 1448 1239 1502 moderamiui
1271 1448 1355 1519 pia
1393 1450 1647 1521 religione
1678 1450 1793 1521 pol-

209 1536 444 1592 lentibus
472 1536 733 1591 benevola
763 1538 1133 1607 compassioue
1160 1553 1497 1604 succurrere,
1528 1551 1579 1595 et
1610 1553 1794 1611 peten-

1893 359 2356 414 consecrationem
2413 369 2520 414 tam
2572 359 2625 414 iu
2663 361 2777 429 ipso
2830 361 3160 417 monasterio
3197 378 3360 433 quam
3417 366 3470 420 iu

1891 449 2324 518 possessionibus
2372 447 2645 518 ejusdem:
2680 450 2918 506 chrisma
2967 456 3182 524 q‘uoque
3209 462 3264 509 et
3291 454 3471 511 oleum

1892 549 2271 595 consecratum
2315 539 2543 610 singulis
2573 540 2751 607 annis,
2783 556 2882 597 nec
2913 542 3130 612 aliquod
3182 556 3475 615 propterea

1892 643 2088 683 munus
2117 644 2430 700 exposcere.
2774 696 2777 699 ν

1964 721 2368 778 Constitucutes
2398 723 2562 779 etiam
2591 735 2649 778 ut
2675 722 2853 778 nullus
2882 740 2982 797 per
3014 724 3309 781 Galliarum
3341 726 3475 783 Ger-

1892 814 2305 883 maniarumque
2325 814 2651 884 provincias,
2675 814 2789 869 sive
2810 813 2978 869 laicus
2999 814 3069 869 sit
3091 816 3204 871 sive
3223 814 3353 871 cleti
3390 832 3473 880 us,

1894 904 1949 959 in
1980 903 2247 968 ecclesiis,
2276 904 2422 973 agris
2450 904 2531 959 vel
2562 905 2776 959 famulis
2829 904 3068 975 aliquam
3103 920 3256 960 suam
3289 907 3478 963 volun-

1896 1004 2061 1051 tatem
2090 1006 2362 1059 exerceat,
2394 1006 2588 1066 praeter
2623 997 2954 1051 voluntatem
3009 997 3219 1051 abbatis
3268 1006 3322 1050 et
3364 996 3478 1051 fra-

1898 1094 2062 1152 trum,
2094 1086 2307 1142 etiamsi
2334 1102 2429 1140 rex
2457 1087 2549 1154 sit,
2582 1087 2712 1152 dux,
2743 1085 3006 1151 marcbio,
3037 1086 3480 1157 archiepiscopus

1897 1177 1979 1232 vel
2004 1177 2313 1247 episcopus.

1970 1269 2258 1322 Sancimus
2288 1275 2546 1338 przelerca
2575 1267 2715 1322 inter
2754 1282 2812 1321 se
2842 1267 3091 1323 abbatem
3132 1267 3332 1338 eligere
3375 1266 3483 1320 (γει

1899 1365 2011 1412 tres
2056 1358 2350 1411 secundum
2399 1357 2587 1422 Deum,
2630 1373 2731 1413 nec
2775 1357 3007 1427 aliquem
3052 1358 3350 1428 principem
3380 1357 3484 1412 hoc

1899 1448 2102 1502 audere
2132 1463 2313 1518 agere.
2346 1462 2443 1502 nec
2477 1449 2648 1516 ipsum
2680 1449 2928 1502 abbatem
2960 1458 3245 1518 postquam
3278 1447 3482 1502 electus

1902 1535 2083 1601 fuerit,
2114 1537 2219 1591 nisi
2249 1537 2301 1590 in
2337 1536 2597 1607 probabili
2628 1537 2861 1592 crimine
2907 1537 3357 1606 deprehendatur,
3392 1534 3487 1590 de-

210 1628 341 1680 tinm
368 1627 656 1682 desideriis
700 1643 1002 1698 congruum
1051 1628 1316 1699 impartiri
1354 1608 1689 1701 sulfragiuin.
1731 1630 1793 1685 Ει
1829 1608 1872 1667 Β
1894 1624 1988 1693 jici
2013 1609 2037 1691 ;’
2058 1627 2152 1679 sed
2187 1626 2446 1679 canonice
2474 1624 2818 1680 examinetur
2845 1622 2903 1679 ei
2927 1624 3272 1694 dijudicetur.
3311 1624 3483 1690 Quam

210 1719 353 1784 ideo,
375 1721 503 1790 quia
530 1719 813 1790 postulasti
840 1735 869 1773 a
896 1721 1051 1776 nobis
1077 1730 1365 1791 quatenus,
1387 1720 1633 1793 exempla
1658 1734 1804 1777 ante-

209 1826 491 1866 cessontm
551 1821 864 1866 nostrorum
919 1823 1232 1882 sequentes,
1283 1813 1564 1886 privilegio
1606 1826 1803 1869 nostrae

212 1902 521 1973 apostolica:
548 1902 891 1958 auctoritatis
911 1905 1297 1959 monasterium
1320 1916 1559 1961 vestrum
1583 1907 1804 1979 ejusque

213 1994 346 2049 bona
363 1992 440 2066 [ta
450 1991 528 2066 tn]
540 1994 825 2064 przesentia
840 2010 1000 2065 quam
1014 1995 1192 2051 futura
1209 1998 1559 2067 muniremus,
1572 2009 1624 2055 et
1638 2000 1802 2056 etiam

215 2086 654 2157 praerogativam,
684 2086 785 2157 ipsi
809 2088 1141 2141 monasterio
1163 2087 1415 2143 collatam
1447 2090 1513 2145 ab
1540 2089 1806 2162 episcopis

212 2175 679 2232 Ambianensibus
722 2186 776 2231 et
828 2176 1251 2248 archiepiscopis
1302 2178 1659 2235 Bernensibus
1707 2196 1806 2236 nec

216 2282 325 2322 non
349 2265 665 2337 apostolicis
690 2259 819 2321 viris
840 2269 1273 2323 antecessoribus
1297 2270 1520 2337 nostris,
1544 2270 1804 2326 corrobo-

218 2378 509 2418 raremus:
545 2363 787 2418 inclinati
834 2365 1083 2435 precibus
1136 2368 1261 2432 tuis,
1298 2368 1403 2438 ‘per
1437 2368 1580 2425 hanc
1610 2378 1808 2425 nostra:

218 2456 532 2526 apostolicae
586 2456 926 2511 auctoritatis
973 2471 1258 2512 censuram
1312 2457 1700 2515 confirmamus
1753 2471 1807 2516 et

217 2549 641 2605 corroboramus
665 2547 925 2617 quidquid
950 2548 1221 2603 invenitur
1246 2549 1298 2603 in
1330 2549 1625 2619 privilegiis
1651 2561 1806 2605 aute-

219 2654 503 2695 eessorum
560 2647 891 2701 nostrorum,
942 2637 1240 2702 Benedicti,
1290 2639 1520 2704 Nicolai,
1562 2641 1810 2696 Christo-

217 2731 404 2802 pbori,
437 2739 494 2784 ut
525 2729 734 2785 scilicet
771 2730 1053 2799 prad‘atum
1109 2739 1349 2785 vestrum
1394 2733 1808 2797 monasterium,

221 2838 409 2876 rerum
446 2836 668 2874 suarum
702 2820 929 2875 liberam
982 2822 1226 2876 obtineat
1280 2824 1720 2888 dominationem,
1757 2831 1812 2879 et

222 2926 564 2983 qumcunque
592 2911 768 2965 cidem
806 2912 1136 2966 monasterio
1172 2913 1224 2967 in
1262 2929 1417 2979 auro,
1458 2915 1511 2968 in
1558 2924 1807 2982 argento,
1840 2953 1882 3015 Γ
1913 2917 2064 2956 cesse
2093 2911 2250 2955 fuerit
2290 2911 2566 2971 adjnVare.
2600 2911 2909 2955 Statuentes
2938 2911 3234 2970 apostolica
3260 2915 3288 2952 C

224 3004 279 3043 in
307 3002 456 3043 noris
505 3000 556 3043 in
589 3001 821 3043 ﬁunulie,
854 3001 906 3043 in
931 3004 1250 3043 ntriimcliimt
1280 3005 1395 3043 alii:
1425 3006 1582 3043 lmhnc
1613 3005 1809 3043 ΐηοιιῖηί
1868 2993 1884 3013 ⁸
1917 3009 1982 3043 ne
2009 2992 2132 3043 nuis
2169 3007 2403 3043 unauam
2449 2988 2783 3043 mortalium.
2815 2989 2929 3043 sive
2978 2988 3049 3043 Sil
3104 3004 3197 3041 I'CX
3246 2987 3289 3042 Si

1917 3009 1982 3045 tte
2009 3008 2132 3061 qms
2169 3007 2403 3061 unquam
2449 3004 2783 3054 mortalium,
2815 3004 2929 3043 srve
2978 3004 3049 3043 Sil
3104 3004 3197 3041 I'CX
3246 3004 3360 3043 ειγε
3404 3004 3501 3042 CD"

224 3004 279 3055 in
306 3002 477 3072 agris,
505 3000 557 3055 in
588 3001 824 3067 lanuuiis,
854 3001 906 3055 iu
931 3004 1250 3071 quibuslibet
1279 3005 1397 3059 aliis
1424 3006 1584 3061 rebus
1610 3005 1813 3061 fuerint

220 3090 433 3153 oblata,
494 3091 547 3143 in
603 3100 690 3145 tua
750 3100 1072 3162 tuorumque
1121 3108 1495 3150 successorum
1554 3088 1811 3152 abbatum

224 3177 572 3249 fratrumque
619 3190 875 3234 maneant
920 3182 1270 3252 disltositione
1333 3196 1386 3240 et
1434 3187 1601 3241 libera
1663 3196 1817 3257 pote-

226 3281 372 3326 state
409 3290 423 3324 :
461 3287 562 3326 nec
626 3272 790 3327 liceat
836 3273 1467 3344 episcopo,Ambiauensi
1521 3279 1813 3350 quidquam

228 3365 499 3433 partionis
533 3381 600 3419 ex
637 3365 716 3418 eis
747 3367 991 3436 accipere
1022 3366 1101 3420 vel
1133 3383 1455 3438 exposcere;
1509 3387 1609 3427 nec
1640 3372 1691 3426 iu
1723 3372 1814 3427 ab-

228 3455 358 3510 bate
384 3456 465 3509 vel
499 3456 553 3510 in
583 3455 844 3511 fratribus
869 3457 949 3509 vel
980 3457 1033 3512 in
1064 3458 1179 3527 ipso
1209 3461 1457 3514 emnobio
1485 3470 1809 3533 potestatem

230 3562 520 3614 exercere,
569 3548 686 3603 sive
722 3548 777 3602 in
804 3547 954 3604 cellis
991 3549 1231 3619 ejusdem
1281 3553 1619 3618 monasterii,
1666 3555 1815 3609 vidc-

230 3636 361 3693 ἥσει
378 3637 578 3701 Busco.
602 3638 829 3704 Braczo,
858 3639 1083 3704 Taneta,
1114 3639 1342 3706 Naurdi,
1374 3639 1556 3705 Useia,
1587 3644 1813 3712 Thenis,

230 3728 351 3783 sive
380 3728 436 3782 in
459 3729 674 3783 clericis
701 3730 782 3783 vel
813 3729 865 3784 in
899 3728 1069 3794 laicis,
1106 3732 1191 3786 vel
1220 3732 1271 3786 in
1301 3730 1515 3788 famulis
1541 3736 1820 3791 omnibus-

231 3831 342 3887 que
367 3819 798 3888 possessionibus
820 3821 887 3874 ad
911 3829 1212 3890 respectum
1236 3822 1478 3891 ejusdem
1505 3827 1814 3882 monasterii

232 3909 465 3979 ejusque
482 3907 741 3964 cellarum
765 3910 1179 3980 pertinentibus.
1204 3913 1343 3967 sicut
1368 3915 1465 3983 ipsi
1493 3916 1818 3970 tuonasterio

228 3998 346 4071 jam
376 4001 577 4054 dudutn
609 4015 924 4056 concessum
973 4006 1344 4075 cognovimus,
1372 4015 1427 4060 et
1454 4007 1817 4063 collaudatum

236 4094 308 4148 ab
353 4094 624 4165 episcopis
653 4095 1105 4153 Ambianensilms
1151 4109 1205 4153 et
1250 4100 1672 4171 archiepiscoliis
1718 4100 1823 4156 lie-

237 4186 520 4241 mensibus
574 4187 896 4258 exterisque
959 4190 1230 4245 universis
1296 4192 1563 4261 episcopis
1621 4192 1824 4248 Gallia-

238 4294 387 4333 tum.

308 4371 670 4428 Probibentes
690 4388 757 4428 ne
785 4373 908 4441 quis
933 4390 1165 4443 unquam
1195 4374 1573 4431 Ambiauensis
1614 4379 1825 4448 episco-

241 4476 344 4532 pus
369 4472 691 4530 potestatem
729 4465 927 4519 habeat
953 4465 1081 4534 ipse,
1136 4466 1219 4520 vel
1253 4481 1591 4531 teeouomus,
1625 4469 1706 4521 vel
1739 4484 1825 4523 ar-

242 4552 637 4626 chipresbyter,
685 4563 779 4608 aut
827 4557 1244 4611 archidiaconus
1275 4556 1411 4624 ejus,
1442 4560 1731 4614 accedendi
1759 4563 1824 4616 ad

243 4658 483 4701 vestrum
514 4649 904 4703 monasterium
949 4648 1170 4720 ejusque
1214 4651 1401 4718 cellas,
1436 4653 1538 4708 nisi
1580 4655 1716 4710 forte
1744 4655 1826 4710 vel

244 4738 568 4792 necessitate
593 4735 676 4790 vel
697 4735 983 4792 dilectione
1010 4742 1078 4795 ab
1107 4740 1303 4794 abbate
1328 4738 1636 4798 monasterii
1671 4744 1830 4799 interit

244 4841 466 4886 vocatus
496 4850 508 4886 :
541 4848 605 4888 ea
641 4839 822 4886 tamen
854 4833 1060 4888 ratione
1081 4846 1141 4889 ut
1169 4851 1270 4889 nec
1302 4836 1354 4889 in
1382 4839 1625 4893 ecclesiis
1653 4839 1828 4893 eidem

247 4924 574 4975 monasterio
602 4920 887 4988 subjectis,
921 4923 1001 4977 vel
1033 4925 1082 4978 in
1122 4926 1435 4980 earumdem
1482 4929 1829 4983 ecclesiarum

247 5011 459 5067 clericis
510 5013 950 5067 molestationem
1015 5016 1095 5071 vel
1147 5019 1607 5086 perturbationem
1675 5036 1833 5088 agere

238 5104 470 5167 audeat;
509 5103 595 5156 vel
628 5118 828 5156 novam
862 5109 1307 5161 consuetudinem
1339 5108 1516 5163 abbati
1550 5111 1627 5164 vel
1657 5109 1834 5163 fratri-

243 5193 344 5250 bus
397 5204 621 5254 εωιιιςιι.
684 5194 973 5262 disponens
1020 5200 1226 5271 aliquid
1279 5213 1462 5254 contra
1505 5203 1830 5257 voluntatem

242 5300 459 5343 earum:
502 5289 599 5352 qui
637 5296 821 5339 tamen
868 5297 1254 5347 monachorum
1295 5291 1375 5344 vel
1427 5295 1832 5352 canonicorum.

1904 1727 2144 1771 nostram
2175 1716 2510 1771 sanctionem
2541 1716 2584 1771 si
2632 1718 2756 1786 quis
2801 1716 3100 1782 violaverit,
3134 1716 3488 1772 admoneatur

1904 1807 2005 1859 sati
2044 1806 2295 1860 factionis
2328 1805 2394 1859 ab
2435 1804 2781 1861 Ambianensi
2814 1806 3098 1876 episcOpo;
3134 1807 3176 1861 si
3222 1822 3350 1860 vero
3376 1819 3485 1859 non

1904 1897 2187 1960 obedierit,
2241 1896 2403 1950 etiam
2455 1910 2485 1949 a
2536 1894 2789 1950 Remensi
2850 1897 3297 1967 archiepiscopo:
3344 1895 3489 1965 quod

1905 1987 1949 2039 si
1980 2002 2076 2040 nec
2101 1985 2242 2039 hunc
2265 1984 2514 2044 audierit.
2548 1984 2709 2039 liceat
2748 1984 3007 2040 fratribus
3034 1983 3349 2039 monasterii
3374 1982 3479 2037 Ro-

1906 2091 2121 2130 manam
2156 2075 2338 2130 sedem
2372 2074 2664 2145 appellare,
2704 2083 2759 2131 et
2800 2074 3076 2130 Romanus
3103 2076 3347 2146 pontifex
3377 2090 3483 2129 non

1907 2166 2123 2223 ditferat
2157 2166 2412 2222 eumdem
2453 2166 2771 2223 violatorem
2798 2181 2893 2223 ore
2916 2166 3134 2239 preprio
3169 2167 3488 2221 anathema-

1910 2259 2098 2313 tizare.

1982 2349 2200 2413 Ultimo,
2228 2348 2352 2419 quia
2384 2348 2451 2403 ad
2482 2348 2831 2419 apostolicam
2871 2348 3052 2402 sedem
3104 2355 3211 2405 tam
3238 2347 3483 2411 devotus,

1911 2441 1981 2495 fili
2009 2440 2344 2504 charissime,
2376 2440 2594 2504 venisti,
2639 2441 2839 2508 placuit
2873 2438 3254 2493 munificentia:
3283 2447 3486 2493 nostra:

1911 2549 2067 2587 usum
2103 2531 2196 2585 tibi
2227 2532 2530 2585 dalmaticne
2555 2541 2611 2584 et
2637 2530 3005 2584 sandaliornm
3049 2531 3375 2595 concinlere,
3425 2544 3488 2583 ea

1912 2633 2089 2679 tamen
2119 2622 2330 2678 ratione
2361 2632 2417 2675 ut
2445 2638 2551 2676 non
2585 2620 2823 2691 negligas
2871 2621 3030 2675 anuis
3074 2620 3304 2691 singulis
3352 2637 3492 2674 nun-

1914 2717 2043 2770 tium
2074 2715 2138 2769 ad
2169 2713 2523 2784 apostolicam
2569 2715 2751 2767 sedem
2797 2712 3033 2783 dirigere
3082 2713 3265 2780 tuique
3292 2725 3493 2766 conve-

1913 2810 2068 2864 niens
2097 2810 2405 2865 monasterii
2440 2808 2742 2872 notifieare.
2784 2817 2843 2862 ut
2879 2825 2970 2863 vos
3001 2808 3277 2863 valeamus
3319 2808 3362 2862 si
3407 2825 3497 2863 ue-

1913 2917 2064 2956 cesse
2093 2902 2250 2955 fuerit
2290 2901 2566 2971 adjnVare.
2600 2900 2909 2955 Statueutes
2938 2898 3234 2970 apostolica
3260 2914 3495 2954 censura

1919 3100 2054 3150 mes,
2104 3083 2546 3153 archiepiscopus
2598 3082 2680 3136 vel
2739 3080 3049 3151 episcopus,
3100 3079 3274 3158 aliave
3328 3095 3498 3150 parva

1917 3188 2219 3245 magnaque
2249 3188 2478 3243 persona
2509 3185 2696 3227 contra
2737 3174 2835 3228 hoc
2859 3184 3102 3228 nostrum
3154 3172 3493 3245 privilegium

1917 3266 2108 3320 venire
2156 3273 2408 3318 attentet.
2460 3262 2611 3331 Quod
2662 3264 2752 3334 qui
2808 3262 3014 3325 fecerit.
3078 3265 3143 3319 ad
3203 3280 3374 3333 usque
3414 3262 3500 3317 di-

1917 3371 2077 3428 gnam
2134 3354 2561 3408 satisfactionem
2619 3353 2833 3409 vinculo
2881 3353 3500 3410 anatlzematisiunoda‘

1919 3458 2007 3499 tus
2060 3446 2147 3499 sit.
2195 3444 2296 3512 Qui
2346 3460 2477 3499 vero
2530 3444 2790 3499 illibatum
2843 3446 3238 3510 custodierit,a
3273 3445 3504 3500 Domino

1924 3536 2036 3591 Deo
2059 3536 2411 3591 benedicatur
2437 3542 2491 3589 et
2519 3544 2734 3590 aeterna:
2764 3535 2884 3591 vita:
2911 3536 3179 3606 particeps
3204 3533 3491 3589 efficiatur.

1919 3629 2109 3682 Amen.

1988 3717 2124 3788 Data
2152 3732 2245 3772 xrv
2274 3715 2393 3772 Kal.
2427 3714 2595 3771 Maias
2618 3732 2716 3786 per
2742 3731 2929 3771 manus
2959 3715 3103 3772 Petri
3130 3714 3369 3780 diaconi,
3414 3713 3499 3769 bi~

1918 3807 2256 3865 bliotltecarii
2309 3817 2364 3862 et
2410 3808 2713 3863 caucellarii
2741 3819 2940 3863 sanctas
2984 3808 3287 3877 apostoiica:
3335 3798 3503 3884 sedis,

1920 3914 2064 3954 anno
2109 3900 2309 3953 domini
2355 3899 2553 3954 Leanis
2602 3899 2670 3953 IX
2725 3915 2876 3970 papa:
2900 3900 3150 3965 secundo,
3207 3898 3504 3955 i..d.-etione

1919 4002 2114 4061 quarta
2145 3990 2318 4061 (ηε).

2580 4081 2818 4138 XXXVI.

1924 4170 2262 4243 Pririlegium
2292 4171 2353 4228 S.
2383 4170 2567 4227 Leonis
2593 4171 2675 4226 IX
2694 4191 2789 4243 pro
2804 4173 3117 4228 monasterio
3152 4171 3502 4229 Vizeliaceusi

1848 4293 1900 4352 Β
1996 4262 2104 4317 Leo
2125 4264 2409 4334 episcopus
2458 4280 2645 4318 servus
2668 4279 2944 4319 scrviirum
2969 4262 3378 4326 Dei.Giurntoo
3406 4268 3508 4328 aii:-

1926 4353 2034 4409 bati
2069 4353 2449 4408 Vizeliacensis
2474 4356 2729 4419 ctencbii,
2756 4356 2895 4424 quod
2935 4367 3018 4409 est
3049 4361 3100 4409 in
3148 4359 3351 4410 honore
3399 4356 3504 4411 Do-

1926 4447 2054 4499 mini
2115 4446 2284 4498 nostri
2339 4444 2463 4499 Jesu
2526 4445 2724 4503 Chrisﬁ
2775 4456 2829 4498 et
2872 4447 3218 4500 veneratione
3264 4447 3503 4515 ejusdem

1926 4536 2216 4593 Genitricis
2239 4547 2289 4590 et
2315 4536 2592 4591 beatorqu
2617 4538 2976 4606 apostolorum
3005 4540 3145 4593 Petri
3174 4550 3223 4591 et
3249 4538 3419 4599 Pari}.
3448 4553 3505 4593 et

1928 4627 2101 4682 beata:
2149 4627 2331 4681 Mariae
2381 4629 2703 4697 Magdaleuze
2740 4632 2964 4699 ejusque
3006 4630 3410 4685 successoribus
3455 4633 3508 4684 in

1929 4728 2269 4790 perpetuum.

2001 4811 2262 4878 Quoniam
2293 4810 2602 4879 postulastis
2628 4825 2655 4863 a
2689 4811 2929 4865 Romana
2965 4812 3110 4871 sede,
3146 4810 3231 4863 cui
3272 4811 3384 4867 Deo
3411 4827 3511 4867 au-

1933 4913 2083 4959 ctore
2133 4901 2488 4966 deservin'uts,
2540 4901 2690 4954 vobis
2757 4904 3069 4956 cmdirmari
3122 4902 3397 4973 privilegia
3445 4906 3516 4961 al)

1934 4990 2364 5046 antecessoribus
2384 4992 2580 5042 nostris
2593 5000 2780 5044 vestra:
2799 4992 3044 5046 ecclesia:
3062 4988 3275 5053 collata,
3294 4995 3513 5066 dignum

1934 5083 2184 5136 duximus
2210 5088 2440 5132 vestram
2467 5080 2777 5149 petitionem
2807 5084 3120 5156 adimplere.
3148 5081 3381 5140 Proinde
3406 5107 3520 5146 tuo-

1936 5169 2231 5226 nastcrium
2268 5170 2583 5234 praedictum
2631 5170 2680 5221 in
2733 5186 2869 5240 pago
2918 5170 3168 5229 Avaleusi
3219 5173 3269 5225 in
3320 5176 3519 5232 ﬁnibus

1934 5262 2255 5330 Burgundiae
2281 5271 2648 5315 ciuistrnctum
2675 5264 2978 5336 opibusque
3009 5268 3234 5320 ditatum
3262 5283 3524 5336 quorum-
