  <div class='ocr_page' id='page_1' title='image "/cluster/home/n/w/nwhite01/storage/ocr_20150623/143/hvd.32044015471816/325.png"; bbox 0 0 4062 5352; ppageno 0'>
   <div class='ocr_carea' id='block_1_1' title="bbox 541 60 2159 142">
    <p class='ocr_par' dir='ltr' id='par_1_1' title="bbox 541 67 2156 142">
     <span class='ocr_line' id='line_1_1' title="bbox 541 67 2156 142; baseline -0.004 -1"><span class='ocrx_word' id='word_1_1' title='bbox 541 83 644 142; x_wconf 70' lang='grc' dir='ltr'><strong>6ίῦ</strong></span> <span class='ocrx_word' id='word_1_2' title='bbox 1591 67 1593 70; x_wconf 21' lang='grc'><em>⁴</em></span> <span class='ocrx_word' id='word_1_3' title='bbox 1626 82 1682 134; x_wconf 83' lang='lat' dir='ltr'><strong>S.</strong></span> <span class='ocrx_word' id='word_1_4' title='bbox 1724 76 1972 137; x_wconf 76' lang='lat' dir='ltr'><strong>LEOle</strong></span> <span class='ocrx_word' id='word_1_5' title='bbox 2010 75 2072 134; x_wconf 72' lang='grc' dir='ltr'><strong>ιιι</strong></span> <span class='ocrx_word' id='word_1_6' title='bbox 2117 76 2156 134; x_wconf 85' lang='grc' dir='ltr'>Ρ</span> 
     </span>
    </p>
   </div>
   <div class='ocr_carea' id='block_1_2' title="bbox 2262 60 3848 142">
    <p class='ocr_par' dir='ltr' id='par_1_2' title="bbox 2262 60 3848 136">
     <span class='ocr_line' id='line_1_2' title="bbox 2262 60 3848 136; baseline -0.009 -3"><span class='ocrx_word' id='word_1_7' title='bbox 2262 75 2320 133; x_wconf 70' lang='grc' dir='ltr'><strong>ΑΞ</strong></span> <span class='ocrx_word' id='word_1_8' title='bbox 2358 75 2736 136; x_wconf 65' lang='lat' dir='ltr'><strong>OI&#39;IISCL&#39;LA.</strong></span> <span class='ocrx_word' id='word_1_9' title='bbox 3721 60 3848 130; x_wconf 70' lang='grc' dir='ltr'><strong>,ΘΗ</strong></span> 
     </span>
    </p>
   </div>
   <div class='ocr_carea' id='block_1_3' title="bbox 540 191 3852 265">
    <p class='ocr_par' dir='ltr' id='par_1_3' title="bbox 540 191 3852 265">
     <span class='ocr_line' id='line_1_3' title="bbox 540 191 3852 265; baseline -0.001 -9"><span class='ocrx_word' id='word_1_10' title='bbox 540 202 657 258; x_wconf 73' lang='lat' dir='ltr'><strong>lica:</strong></span> <span class='ocrx_word' id='word_1_11' title='bbox 680 197 1019 256; x_wconf 86' lang='lat' dir='ltr'><strong>auctoritatis</strong></span> <span class='ocrx_word' id='word_1_12' title='bbox 1057 197 1274 252; x_wconf 91' lang='lat' dir='ltr'><strong>decreto</strong></span> <span class='ocrx_word' id='word_1_13' title='bbox 1303 194 1664 265; x_wconf 80' lang='lat' dir='ltr'><strong>indulgentes,</strong></span> <span class='ocrx_word' id='word_1_14' title='bbox 1690 194 1843 248; x_wconf 85' lang='lat' dir='ltr'><strong>vobis</strong></span> <span class='ocrx_word' id='word_1_15' title='bbox 1873 191 2127 247; x_wconf 89' lang='lat' dir='ltr'><strong>concedi-</strong></span> <span class='ocrx_word' id='word_1_16' title='bbox 2155 197 2204 255; x_wconf 80' lang='grc' dir='ltr'><strong>Α</strong></span> <span class='ocrx_word' id='word_1_17' title='bbox 2235 200 2292 246; x_wconf 96' lang='lat' dir='ltr'><strong>ut</strong></span> <span class='ocrx_word' id='word_1_18' title='bbox 2320 207 2420 248; x_wconf 89' lang='lat' dir='ltr'><strong>nec</strong></span> <span class='ocrx_word' id='word_1_19' title='bbox 2448 192 2731 263; x_wconf 87' lang='lat' dir='ltr'><strong>pluralitas</strong></span> <span class='ocrx_word' id='word_1_20' title='bbox 2763 191 3065 263; x_wconf 81' lang='lat' dir='ltr'><strong>penuriam,</strong></span> <span class='ocrx_word' id='word_1_21' title='bbox 3099 205 3200 250; x_wconf 89' lang='lat' dir='ltr'><strong>nec</strong></span> <span class='ocrx_word' id='word_1_22' title='bbox 3231 193 3477 265; x_wconf 80' lang='lat' dir='ltr'><strong>paucitas</strong></span> <span class='ocrx_word' id='word_1_23' title='bbox 3508 192 3852 254; x_wconf 72' lang='lat' dir='ltr'><strong>inhabitari:</strong></span> 
     </span>
    </p>
   </div>
   <div class='ocr_carea' id='block_1_4' title="bbox 544 285 3842 370">
    <p class='ocr_par' dir='ltr' id='par_1_4' title="bbox 544 285 3842 370">
     <span class='ocr_line' id='line_1_4' title="bbox 544 285 3842 370; baseline -0.001 -24"><span class='ocrx_word' id='word_1_24' title='bbox 544 310 686 358; x_wconf 89' lang='lat' dir='ltr'><strong>mus,</strong></span> <span class='ocrx_word' id='word_1_25' title='bbox 735 292 1139 370; x_wconf 71' lang='lat' dir='ltr'><strong>confirmamus,</strong></span> <span class='ocrx_word' id='word_1_26' title='bbox 1185 289 1625 353; x_wconf 89' lang='lat' dir='ltr'><strong>corroboramus,</strong></span> <span class='ocrx_word' id='word_1_27' title='bbox 1655 296 1714 342; x_wconf 92' lang='lat' dir='ltr'><strong>ut</strong></span> <span class='ocrx_word' id='word_1_28' title='bbox 1757 285 1884 341; x_wconf 89' lang='lat' dir='ltr'><strong>nulli</strong></span> <span class='ocrx_word' id='word_1_29' title='bbox 1922 297 2154 356; x_wconf 81' lang='lat' dir='ltr'><strong>regum,’</strong></span> <span class='ocrx_word' id='word_1_30' title='bbox 2239 289 2370 343; x_wconf 91' lang='lat' dir='ltr'><strong>tium</strong></span> <span class='ocrx_word' id='word_1_31' title='bbox 2399 289 2804 344; x_wconf 84' lang='lat' dir='ltr'><strong>destitutionem</strong></span> <span class='ocrx_word' id='word_1_32' title='bbox 2834 289 2936 345; x_wconf 90' lang='lat' dir='ltr'><strong>loci</strong></span> <span class='ocrx_word' id='word_1_33' title='bbox 2963 288 3220 346; x_wconf 85' lang='lat' dir='ltr'><strong>inducere</strong></span> <span class='ocrx_word' id='word_1_34' title='bbox 3243 291 3439 344; x_wconf 88' lang='lat' dir='ltr'><strong>valeat.</strong></span> <span class='ocrx_word' id='word_1_35' title='bbox 3470 286 3842 361; x_wconf 77' lang='lat' dir='ltr'><strong>Privilegium</strong></span> 
     </span>
    </p>
   </div>
   <div class='ocr_carea' id='block_1_5' title="bbox 545 377 2136 450">
    <p class='ocr_par' dir='ltr' id='par_1_5' title="bbox 545 377 2136 450">
     <span class='ocr_line' id='line_1_5' title="bbox 545 377 2136 450; baseline -0.006 -10"><span class='ocrx_word' id='word_1_36' title='bbox 545 385 675 440; x_wconf 90' lang='lat' dir='ltr'><strong>nulli</strong></span> <span class='ocrx_word' id='word_1_37' title='bbox 735 383 1060 446; x_wconf 84' lang='lat' dir='ltr'><strong>antistitum,</strong></span> <span class='ocrx_word' id='word_1_38' title='bbox 1116 381 1246 435; x_wconf 90' lang='lat' dir='ltr'><strong>nulli</strong></span> <span class='ocrx_word' id='word_1_39' title='bbox 1302 395 1623 450; x_wconf 89' lang='lat' dir='ltr'><strong>quacunque</strong></span> <span class='ocrx_word' id='word_1_40' title='bbox 1675 379 1902 449; x_wconf 81' lang='lat' dir='ltr'><strong>praedito</strong></span> <span class='ocrx_word' id='word_1_41' title='bbox 1961 377 2136 448; x_wconf 82' lang='lat' dir='ltr'><strong>digni-</strong></span> 
     </span>
    </p>
   </div>
   <div class='ocr_carea' id='block_1_6' title="bbox 545 464 2153 545">
    <p class='ocr_par' dir='ltr' id='par_1_6' title="bbox 545 464 2153 545">
     <span class='ocr_line' id='line_1_6' title="bbox 545 464 2153 545; baseline -0.006 -12"><span class='ocrx_word' id='word_1_42' title='bbox 545 488 675 542; x_wconf 89' lang='lat' dir='ltr'><strong>tate,</strong></span> <span class='ocrx_word' id='word_1_43' title='bbox 731 477 890 532; x_wconf 88' lang='lat' dir='ltr'><strong>liceat</strong></span> <span class='ocrx_word' id='word_1_44' title='bbox 942 477 1115 545; x_wconf 86' lang='lat' dir='ltr'><strong>ipsum</strong></span> <span class='ocrx_word' id='word_1_45' title='bbox 1167 475 1554 530; x_wconf 80' lang='lat' dir='ltr'><strong>monasterium</strong></span> <span class='ocrx_word' id='word_1_46' title='bbox 1586 473 1925 543; x_wconf 89' lang='lat' dir='ltr'><strong>perturbare,</strong></span> <span class='ocrx_word' id='word_1_47' title='bbox 1955 470 2040 524; x_wconf 89' lang='lat' dir='ltr'><strong>vel</strong></span> <span class='ocrx_word' id='word_1_48' title='bbox 2069 464 2153 525; x_wconf 24' lang='lat' dir='ltr'><strong>ea”</strong></span> 
     </span>
    </p>
   </div>
   <div class='ocr_carea' id='block_1_7' title="bbox 543 560 2132 638">
    <p class='ocr_par' dir='ltr' id='par_1_7' title="bbox 543 560 2132 638">
     <span class='ocr_line' id='line_1_7' title="bbox 543 560 2132 638; baseline -0.005 -17"><span class='ocrx_word' id='word_1_49' title='bbox 543 584 664 638; x_wconf 75' lang='lat' dir='ltr'><strong>qua:</strong></span> <span class='ocrx_word' id='word_1_50' title='bbox 691 567 760 621; x_wconf 85' lang='lat' dir='ltr'><strong>ibi</strong></span> <span class='ocrx_word' id='word_1_51' title='bbox 802 582 830 620; x_wconf 90' lang='lat' dir='ltr'><strong>a</strong></span> <span class='ocrx_word' id='word_1_52' title='bbox 857 565 969 634; x_wconf 91' lang='lat' dir='ltr'><strong>jam</strong></span> <span class='ocrx_word' id='word_1_53' title='bbox 1006 565 1168 620; x_wconf 91' lang='lat' dir='ltr'><strong>dictis</strong></span> <span class='ocrx_word' id='word_1_54' title='bbox 1193 563 1594 628; x_wconf 80' lang='lat' dir='ltr'><strong>fundatoribus,</strong></span> <span class='ocrx_word' id='word_1_55' title='bbox 1622 561 1706 616; x_wconf 84' lang='lat' dir='ltr'><strong>vel</strong></span> <span class='ocrx_word' id='word_1_56' title='bbox 1732 561 1800 615; x_wconf 90' lang='lat' dir='ltr'><strong>ab</strong></span> <span class='ocrx_word' id='word_1_57' title='bbox 1847 561 1970 614; x_wconf 89' lang='lat' dir='ltr'><strong>aliis</strong></span> <span class='ocrx_word' id='word_1_58' title='bbox 2001 560 2132 614; x_wconf 83' lang='lat' dir='ltr'><strong>fide-</strong></span> 
     </span>
    </p>
   </div>
   <div class='ocr_carea' id='block_1_8' title="bbox 544 649 2132 721">
    <p class='ocr_par' dir='ltr' id='par_1_8' title="bbox 544 649 2132 721">
     <span class='ocr_line' id='line_1_8' title="bbox 544 649 2132 721; baseline -0.008 -8"><span class='ocrx_word' id='word_1_59' title='bbox 544 660 684 714; x_wconf 90' lang='lat' dir='ltr'><strong>libus</strong></span> <span class='ocrx_word' id='word_1_60' title='bbox 707 657 888 712; x_wconf 88' lang='lat' dir='ltr'><strong>oblata</strong></span> <span class='ocrx_word' id='word_1_61' title='bbox 915 665 1062 721; x_wconf 88' lang='lat' dir='ltr'><strong>sunt,</strong></span> <span class='ocrx_word' id='word_1_62' title='bbox 1093 656 1175 710; x_wconf 91' lang='lat' dir='ltr'><strong>vel</strong></span> <span class='ocrx_word' id='word_1_63' title='bbox 1220 657 1272 710; x_wconf 92' lang='lat' dir='ltr'><strong>in</strong></span> <span class='ocrx_word' id='word_1_64' title='bbox 1305 654 1546 710; x_wconf 87' lang='lat' dir='ltr'><strong>futurum</strong></span> <span class='ocrx_word' id='word_1_65' title='bbox 1597 651 1779 708; x_wconf 78' lang='lat' dir='ltr'><strong>offerri</strong></span> <span class='ocrx_word' id='word_1_66' title='bbox 1823 649 2132 721; x_wconf 80' lang='lat' dir='ltr'><strong>contigerit,</strong></span> 
     </span>
    </p>
   </div>
   <div class='ocr_carea' id='block_1_9' title="bbox 545 739 2138 819">
    <p class='ocr_par' dir='ltr' id='par_1_9' title="bbox 545 739 2138 819">
     <span class='ocr_line' id='line_1_9' title="bbox 545 739 2138 819; baseline -0.006 -15"><span class='ocrx_word' id='word_1_67' title='bbox 545 751 645 804; x_wconf 90' lang='lat' dir='ltr'><strong>sub</strong></span> <span class='ocrx_word' id='word_1_68' title='bbox 671 748 956 819; x_wconf 80' lang='lat' dir='ltr'><strong>cujuslibet</strong></span> <span class='ocrx_word' id='word_1_69' title='bbox 992 744 1191 811; x_wconf 48' lang='lat' dir='ltr'><strong>caus&#39;m,</strong></span> <span class='ocrx_word' id='word_1_70' title='bbox 1247 743 1616 801; x_wconf 86' lang='lat' dir='ltr'><strong>occasionisve</strong></span> <span class='ocrx_word' id='word_1_71' title='bbox 1665 742 1863 812; x_wconf 88' lang='lat' dir='ltr'><strong>specie,</strong></span> <span class='ocrx_word' id='word_1_72' title='bbox 1895 739 2138 794; x_wconf 85' lang='lat' dir='ltr'><strong>minuere</strong></span> 
     </span>
    </p>
   </div>
   <div class='ocr_carea' id='block_1_10' title="bbox 547 831 2135 908">
    <p class='ocr_par' dir='ltr' id='par_1_10' title="bbox 547 831 2135 908">
     <span class='ocr_line' id='line_1_10' title="bbox 547 831 2135 908; baseline -0.006 -14"><span class='ocrx_word' id='word_1_73' title='bbox 547 840 632 896; x_wconf 83' lang='lat' dir='ltr'><strong>vel</strong></span> <span class='ocrx_word' id='word_1_74' title='bbox 660 839 876 894; x_wconf 86' lang='lat' dir='ltr'><strong>auferre</strong></span> <span class='ocrx_word' id='word_1_75' title='bbox 906 840 1020 894; x_wconf 91' lang='lat' dir='ltr'><strong>sive</strong></span> <span class='ocrx_word' id='word_1_76' title='bbox 1070 839 1182 894; x_wconf 91' lang='lat' dir='ltr'><strong>suis</strong></span> <span class='ocrx_word' id='word_1_77' title='bbox 1213 839 1400 894; x_wconf 89' lang='lat' dir='ltr'><strong>usibus</strong></span> <span class='ocrx_word' id='word_1_78' title='bbox 1433 836 1725 908; x_wconf 79' lang='lat' dir='ltr'><strong>applicare,</strong></span> <span class='ocrx_word' id='word_1_79' title='bbox 1758 834 1852 890; x_wconf 89' lang='lat' dir='ltr'><strong>sed</strong></span> <span class='ocrx_word' id='word_1_80' title='bbox 1903 833 2021 888; x_wconf 90' lang='lat' dir='ltr'><strong>sine</strong></span> <span class='ocrx_word' id='word_1_81' title='bbox 2049 831 2135 885; x_wconf 93' lang='lat' dir='ltr'><strong>in-</strong></span> 
     </span>
    </p>
   </div>
   <div class='ocr_carea' id='block_1_11' title="bbox 547 923 2136 1002">
    <p class='ocr_par' dir='ltr' id='par_1_11' title="bbox 547 923 2136 1002">
     <span class='ocr_line' id='line_1_11' title="bbox 547 923 2136 1002; baseline -0.006 -18"><span class='ocrx_word' id='word_1_82' title='bbox 547 932 861 1002; x_wconf 89' lang='lat' dir='ltr'><strong>quietudine</strong></span> <span class='ocrx_word' id='word_1_83' title='bbox 895 930 947 985; x_wconf 90' lang='lat' dir='ltr'><strong>in</strong></span> <span class='ocrx_word' id='word_1_84' title='bbox 997 929 1392 984; x_wconf 87' lang='lat' dir='ltr'><strong>sustentationc</strong></span> <span class='ocrx_word' id='word_1_85' title='bbox 1437 927 1681 998; x_wconf 85' lang='lat' dir='ltr'><strong>ejusdem</strong></span> <span class='ocrx_word' id='word_1_86' title='bbox 1712 923 2051 989; x_wconf 84' lang='lat' dir='ltr'><strong>monasterii,</strong></span> <span class='ocrx_word' id='word_1_87' title='bbox 2083 930 2136 976; x_wconf 91' lang='lat' dir='ltr'><strong>et</strong></span> 
     </span>
    </p>
   </div>
   <div class='ocr_carea' id='block_1_12' title="bbox 550 1011 2136 1086">
    <p class='ocr_par' dir='ltr' id='par_1_12' title="bbox 550 1011 2136 1086">
     <span class='ocr_line' id='line_1_12' title="bbox 550 1011 2136 1086; baseline -0.009 -9"><span class='ocrx_word' id='word_1_88' title='bbox 550 1022 738 1078; x_wconf 89' lang='lat' dir='ltr'><strong>usibus</strong></span> <span class='ocrx_word' id='word_1_89' title='bbox 790 1022 1047 1075; x_wconf 86' lang='lat' dir='ltr'><strong>abbatum</strong></span> <span class='ocrx_word' id='word_1_90' title='bbox 1091 1029 1145 1073; x_wconf 92' lang='lat' dir='ltr'><strong>ct</strong></span> <span class='ocrx_word' id='word_1_91' title='bbox 1188 1019 1576 1072; x_wconf 85' lang='lat' dir='ltr'><strong>monachorum</strong></span> <span class='ocrx_word' id='word_1_92' title='bbox 1612 1015 1712 1070; x_wconf 87' lang='lat' dir='ltr'><strong>sub</strong></span> <span class='ocrx_word' id='word_1_93' title='bbox 1740 1014 1926 1086; x_wconf 83' lang='lat' dir='ltr'><strong>regula</strong></span> <span class='ocrx_word' id='word_1_94' title='bbox 1966 1011 2136 1068; x_wconf 88' lang='lat' dir='ltr'><strong>sancti</strong></span> 
     </span>
    </p>
   </div>
   <div class='ocr_carea' id='block_1_13' title="bbox 555 1107 2142 1169">
    <p class='ocr_par' dir='ltr' id='par_1_13' title="bbox 555 1107 2142 1169">
     <span class='ocr_line' id='line_1_13' title="bbox 555 1107 2142 1169; baseline -0.007 -1"><span class='ocrx_word' id='word_1_95' title='bbox 555 1114 738 1169; x_wconf 89' lang='lat' dir='ltr'><strong>Patris</strong></span> <span class='ocrx_word' id='word_1_96' title='bbox 776 1112 1049 1167; x_wconf 88' lang='lat' dir='ltr'><strong>Benedicti</strong></span> <span class='ocrx_word' id='word_1_97' title='bbox 1100 1111 1170 1166; x_wconf 88' lang='lat' dir='ltr'><strong>ibi</strong></span> <span class='ocrx_word' id='word_1_98' title='bbox 1203 1110 1313 1164; x_wconf 91' lang='lat' dir='ltr'><strong>Deo</strong></span> <span class='ocrx_word' id='word_1_99' title='bbox 1342 1107 1690 1164; x_wconf 89' lang='lat' dir='ltr'><strong>militantium</strong></span> <span class='ocrx_word' id='word_1_100' title='bbox 1726 1107 1970 1160; x_wconf 90' lang='lat' dir='ltr'><strong>volumus</strong></span> <span class='ocrx_word' id='word_1_101' title='bbox 1994 1119 2055 1158; x_wconf 88' lang='lat' dir='ltr'><strong>ea</strong></span> <span class='ocrx_word' id='word_1_102' title='bbox 2086 1113 2142 1156; x_wconf 90' lang='lat' dir='ltr'><strong>et</strong></span> 
     </span>
    </p>
   </div>
   <div class='ocr_carea' id='block_1_14' title="bbox 550 1198 2141 1278">
    <p class='ocr_par' dir='ltr' id='par_1_14' title="bbox 550 1198 2141 1278">
     <span class='ocr_line' id='line_1_14' title="bbox 550 1198 2141 1278; baseline -0.009 -16"><span class='ocrx_word' id='word_1_103' title='bbox 550 1207 894 1278; x_wconf 84' lang='lat' dir='ltr'><strong>praecipimus</strong></span> <span class='ocrx_word' id='word_1_104' title='bbox 935 1204 1198 1274; x_wconf 90' lang='lat' dir='ltr'><strong>possideri</strong></span> <span class='ocrx_word' id='word_1_105' title='bbox 1244 1221 1258 1256; x_wconf 89' lang='lat'><strong>:</strong></span> <span class='ocrx_word' id='word_1_106' title='bbox 1306 1218 1368 1256; x_wconf 92' lang='lat' dir='ltr'><strong>ea</strong></span> <span class='ocrx_word' id='word_1_107' title='bbox 1419 1201 1665 1256; x_wconf 81' lang='lat' dir='ltr'><strong>videlicet</strong></span> <span class='ocrx_word' id='word_1_108' title='bbox 1729 1198 2036 1254; x_wconf 89' lang='lat' dir='ltr'><strong>conditione</strong></span> <span class='ocrx_word' id='word_1_109' title='bbox 2081 1205 2141 1250; x_wconf 92' lang='lat' dir='ltr'><strong>ut</strong></span> 
     </span>
    </p>
   </div>
   <div class='ocr_carea' id='block_1_15' title="bbox 554 1290 2143 1364">
    <p class='ocr_par' dir='ltr' id='par_1_15' title="bbox 554 1290 2143 1364">
     <span class='ocr_line' id='line_1_15' title="bbox 554 1290 2143 1364; baseline -0.007 -10"><span class='ocrx_word' id='word_1_110' title='bbox 554 1301 732 1354; x_wconf 86' lang='lat' dir='ltr'><strong>nullus</strong></span> <span class='ocrx_word' id='word_1_111' title='bbox 779 1313 1156 1354; x_wconf 80' lang='lat' dir='ltr'><strong>successorum</strong></span> <span class='ocrx_word' id='word_1_112' title='bbox 1213 1306 1525 1350; x_wconf 88' lang='lat' dir='ltr'><strong>nostrorum</strong></span> <span class='ocrx_word' id='word_1_113' title='bbox 1589 1292 1906 1364; x_wconf 86' lang='lat' dir='ltr'><strong>pontificum</strong></span> <span class='ocrx_word' id='word_1_114' title='bbox 1942 1293 1992 1344; x_wconf 94' lang='lat' dir='ltr'><strong>iu</strong></span> <span class='ocrx_word' id='word_1_115' title='bbox 2038 1290 2143 1344; x_wconf 88' lang='lat' dir='ltr'><strong>hac</strong></span> 
     </span>
    </p>
   </div>
   <div class='ocr_carea' id='block_1_16' title="bbox 553 1377 2142 1452">
    <p class='ocr_par' dir='ltr' id='par_1_16' title="bbox 553 1377 2142 1452">
     <span class='ocr_line' id='line_1_16' title="bbox 553 1377 2142 1452; baseline -0.01 -5"><span class='ocrx_word' id='word_1_116' title='bbox 553 1400 738 1447; x_wconf 85' lang='lat' dir='ltr'><strong>sancta</strong></span> <span class='ocrx_word' id='word_1_117' title='bbox 773 1391 922 1452; x_wconf 86' lang='lat' dir='ltr'><strong>sede,</strong></span> <span class='ocrx_word' id='word_1_118' title='bbox 955 1388 1042 1443; x_wconf 94' lang='lat' dir='ltr'><strong>cui</strong></span> <span class='ocrx_word' id='word_1_119' title='bbox 1068 1397 1291 1441; x_wconf 78' lang='lat' dir='ltr'><strong>auctore</strong></span> <span class='ocrx_word' id='word_1_120' title='bbox 1323 1387 1432 1440; x_wconf 88' lang='lat' dir='ltr'><strong>Deo</strong></span> <span class='ocrx_word' id='word_1_121' title='bbox 1465 1385 1753 1444; x_wconf 85' lang='lat' dir='ltr'><strong>servimus,</strong></span> <span class='ocrx_word' id='word_1_122' title='bbox 1784 1395 2020 1452; x_wconf 89' lang='lat' dir='ltr'><strong>unquam</strong></span> <span class='ocrx_word' id='word_1_123' title='bbox 2059 1377 2142 1433; x_wconf 90' lang='lat' dir='ltr'><strong>vel</strong></span> 
     </span>
    </p>
   </div>
   <div class='ocr_carea' id='block_1_17' title="bbox 556 1470 2140 1553">
    <p class='ocr_par' dir='ltr' id='par_1_17' title="bbox 556 1470 2140 1553">
     <span class='ocr_line' id='line_1_17' title="bbox 556 1470 2140 1553; baseline -0.008 -17"><span class='ocrx_word' id='word_1_124' title='bbox 556 1497 785 1553; x_wconf 87' lang='lat' dir='ltr'><strong>usquam</strong></span> <span class='ocrx_word' id='word_1_125' title='bbox 809 1480 1062 1549; x_wconf 79' lang='lat' dir='ltr'><strong>quiddam</strong></span> <span class='ocrx_word' id='word_1_126' title='bbox 1087 1494 1152 1533; x_wconf 80' lang='lat' dir='ltr'><strong>ex</strong></span> <span class='ocrx_word' id='word_1_127' title='bbox 1185 1479 1387 1533; x_wconf 87' lang='lat' dir='ltr'><strong>eisdem</strong></span> <span class='ocrx_word' id='word_1_128' title='bbox 1437 1475 1596 1530; x_wconf 88' lang='lat' dir='ltr'><strong>rebus</strong></span> <span class='ocrx_word' id='word_1_129' title='bbox 1636 1475 1886 1544; x_wconf 87' lang='lat' dir='ltr'><strong>cuiquam</strong></span> <span class='ocrx_word' id='word_1_130' title='bbox 1938 1470 2140 1526; x_wconf 83' lang='lat' dir='ltr'><strong>benefi-</strong></span> 
     </span>
    </p>
   </div>
   <div class='ocr_carea' id='block_1_18' title="bbox 555 1560 2219 1638">
    <p class='ocr_par' dir='ltr' id='par_1_18' title="bbox 555 1560 2219 1638">
     <span class='ocr_line' id='line_1_18' title="bbox 555 1560 2219 1638; baseline -0.009 -8"><span class='ocrx_word' id='word_1_131' title='bbox 555 1577 722 1631; x_wconf 89' lang='lat' dir='ltr'><strong>ciare.</strong></span> <span class='ocrx_word' id='word_1_132' title='bbox 760 1582 1117 1635; x_wconf 90' lang='lat' dir='ltr'><strong>commutare,</strong></span> <span class='ocrx_word' id='word_1_133' title='bbox 1149 1579 1242 1624; x_wconf 89' lang='lat' dir='ltr'><strong>aut</strong></span> <span class='ocrx_word' id='word_1_134' title='bbox 1268 1570 1365 1625; x_wconf 89' lang='lat' dir='ltr'><strong>sub</strong></span> <span class='ocrx_word' id='word_1_135' title='bbox 1386 1583 1551 1623; x_wconf 89' lang='lat' dir='ltr'><strong>censu</strong></span> <span class='ocrx_word' id='word_1_136' title='bbox 1577 1567 1821 1638; x_wconf 89' lang='lat' dir='ltr'><strong>quolibet</strong></span> <span class='ocrx_word' id='word_1_137' title='bbox 1844 1568 2146 1620; x_wconf 83' lang='lat' dir='ltr'><strong>concedere</strong></span> <span class='ocrx_word' id='word_1_138' title='bbox 2179 1560 2219 1617; x_wconf 79' lang='grc' dir='ltr'><strong>Β</strong></span> 
     </span>
    </p>
   </div>
   <div class='ocr_carea' id='block_1_19' title="bbox 557 1652 2148 1738">
    <p class='ocr_par' dir='ltr' id='par_1_19' title="bbox 557 1652 2148 1738">
     <span class='ocr_line' id='line_1_19' title="bbox 557 1652 2148 1738; baseline -0.011 -15"><span class='ocrx_word' id='word_1_139' title='bbox 557 1683 654 1738; x_wconf 87' lang='lat' dir='ltr'><strong>per</strong></span> <span class='ocrx_word' id='word_1_140' title='bbox 697 1667 877 1719; x_wconf 91' lang='lat' dir='ltr'><strong>futura</strong></span> <span class='ocrx_word' id='word_1_141' title='bbox 921 1652 1161 1733; x_wconf 86' lang='lat' dir='ltr'><strong>tempora</strong></span> <span class='ocrx_word' id='word_1_142' title='bbox 1205 1662 1461 1732; x_wconf 88' lang='lat' dir='ltr'><strong>patiatur,</strong></span> <span class='ocrx_word' id='word_1_143' title='bbox 1507 1659 1602 1714; x_wconf 90' lang='lat' dir='ltr'><strong>sed</strong></span> <span class='ocrx_word' id='word_1_144' title='bbox 1639 1672 1862 1714; x_wconf 90' lang='lat' dir='ltr'><strong>censum</strong></span> <span class='ocrx_word' id='word_1_145' title='bbox 1911 1665 2148 1709; x_wconf 75' lang='lat' dir='ltr'><strong>tanturn-</strong></span> 
     </span>
    </p>
   </div>
   <div class='ocr_carea' id='block_1_20' title="bbox 559 1746 2146 1816">
    <p class='ocr_par' dir='ltr' id='par_1_20' title="bbox 559 1746 2146 1816">
     <span class='ocr_line' id='line_1_20' title="bbox 559 1746 2146 1816; baseline -0.009 -4"><span class='ocrx_word' id='word_1_146' title='bbox 559 1757 719 1812; x_wconf 82' lang='lat' dir='ltr'><strong>modo</strong></span> <span class='ocrx_word' id='word_1_147' title='bbox 745 1755 799 1809; x_wconf 92' lang='lat' dir='ltr'><strong>in</strong></span> <span class='ocrx_word' id='word_1_148' title='bbox 825 1762 1151 1810; x_wconf 85' lang='lat' dir='ltr'><strong>testamento</strong></span> <span class='ocrx_word' id='word_1_149' title='bbox 1176 1750 1484 1807; x_wconf 86' lang='lat' dir='ltr'><strong>traditionis</strong></span> <span class='ocrx_word' id='word_1_150' title='bbox 1509 1765 1539 1803; x_wconf 91' lang='lat' dir='ltr'><strong>a</strong></span> <span class='ocrx_word' id='word_1_151' title='bbox 1569 1747 1942 1804; x_wconf 90' lang='lat' dir='ltr'><strong>fundatoribus</strong></span> <span class='ocrx_word' id='word_1_152' title='bbox 1965 1746 2056 1816; x_wconf 94' lang='lat' dir='ltr'><strong>qui</strong></span> <span class='ocrx_word' id='word_1_153' title='bbox 2081 1760 2146 1799; x_wconf 83' lang='lat' dir='ltr'><strong>ex</strong></span> 
     </span>
    </p>
   </div>
   <div class='ocr_carea' id='block_1_21' title="bbox 559 1838 2150 1902">
    <p class='ocr_par' dir='ltr' id='par_1_21' title="bbox 559 1838 2150 1902">
     <span class='ocr_line' id='line_1_21' title="bbox 559 1838 2150 1902; baseline -0.008 0"><span class='ocrx_word' id='word_1_154' title='bbox 559 1849 748 1902; x_wconf 89' lang='lat' dir='ltr'><strong>eodem</strong></span> <span class='ocrx_word' id='word_1_155' title='bbox 777 1846 1125 1900; x_wconf 88' lang='lat' dir='ltr'><strong>monasterio</strong></span> <span class='ocrx_word' id='word_1_156' title='bbox 1158 1847 1295 1898; x_wconf 91' lang='lat' dir='ltr'><strong>banc</strong></span> <span class='ocrx_word' id='word_1_157' title='bbox 1347 1852 1591 1898; x_wconf 89' lang='lat' dir='ltr'><strong>sanctam</strong></span> <span class='ocrx_word' id='word_1_158' title='bbox 1627 1841 1898 1895; x_wconf 72' lang='lat' dir='ltr'><strong>hazredem</strong></span> <span class='ocrx_word' id='word_1_159' title='bbox 1949 1838 2150 1893; x_wconf 81' lang='lat' dir='ltr'><strong>Roma-</strong></span> 
     </span>
    </p>
   </div>
   <div class='ocr_carea' id='block_1_22' title="bbox 562 1931 2148 2002">
    <p class='ocr_par' dir='ltr' id='par_1_22' title="bbox 562 1931 2148 2002">
     <span class='ocr_line' id='line_1_22' title="bbox 562 1931 2148 2002; baseline -0.006 -11"><span class='ocrx_word' id='word_1_160' title='bbox 562 1953 685 1991; x_wconf 90' lang='lat' dir='ltr'><strong>nam</strong></span> <span class='ocrx_word' id='word_1_161' title='bbox 716 1935 968 1991; x_wconf 90' lang='lat' dir='ltr'><strong>fecerunt</strong></span> <span class='ocrx_word' id='word_1_162' title='bbox 1007 1934 1328 2000; x_wconf 86' lang='lat' dir='ltr'><strong>Ecelesiam,</strong></span> <span class='ocrx_word' id='word_1_163' title='bbox 1380 1933 1545 1987; x_wconf 84' lang='lat' dir='ltr'><strong>etiam</strong></span> <span class='ocrx_word' id='word_1_164' title='bbox 1605 1931 1933 2002; x_wconf 82' lang='lat' dir='ltr'><strong>delegatum,</strong></span> <span class='ocrx_word' id='word_1_165' title='bbox 1984 1945 2148 1983; x_wconf 91' lang='lat' dir='ltr'><strong>unam</strong></span> 
     </span>
    </p>
   </div>
   <div class='ocr_carea' id='block_1_23' title="bbox 559 2023 2152 2097">
    <p class='ocr_par' dir='ltr' id='par_1_23' title="bbox 559 2023 2152 2097">
     <span class='ocr_line' id='line_1_23' title="bbox 559 2023 2152 2097; baseline -0.007 -13"><span class='ocrx_word' id='word_1_166' title='bbox 559 2030 814 2085; x_wconf 86' lang='lat' dir='ltr'><strong>videlicet</strong></span> <span class='ocrx_word' id='word_1_167' title='bbox 840 2029 1031 2082; x_wconf 88' lang='lat' dir='ltr'><strong>libram</strong></span> <span class='ocrx_word' id='word_1_168' title='bbox 1076 2026 1287 2097; x_wconf 78' lang='lat' dir='ltr'><strong>argenti</strong></span> <span class='ocrx_word' id='word_1_169' title='bbox 1341 2024 1497 2078; x_wconf 90' lang='lat' dir='ltr'><strong>annis</strong></span> <span class='ocrx_word' id='word_1_170' title='bbox 1548 2023 1775 2093; x_wconf 75' lang='lat' dir='ltr'><strong>singulis</strong></span> <span class='ocrx_word' id='word_1_171' title='bbox 1811 2035 2152 2076; x_wconf 88' lang='lat' dir='ltr'><strong>successores</strong></span> 
     </span>
    </p>
   </div>
   <div class='ocr_carea' id='block_1_24' title="bbox 563 2112 2148 2191">
    <p class='ocr_par' dir='ltr' id='par_1_24' title="bbox 563 2112 2148 2191">
     <span class='ocr_line' id='line_1_24' title="bbox 563 2112 2148 2191; baseline -0.008 -13"><span class='ocrx_word' id='word_1_172' title='bbox 563 2112 734 2178; x_wconf 84' lang='lat' dir='ltr'><strong>nostri</strong></span> <span class='ocrx_word' id='word_1_173' title='bbox 766 2121 1116 2191; x_wconf 53' lang='lat' dir='ltr'><strong>accipientes,</strong></span> <span class='ocrx_word' id='word_1_174' title='bbox 1139 2135 1236 2189; x_wconf 92' lang='lat' dir='ltr'><strong>per</strong></span> <span class='ocrx_word' id='word_1_175' title='bbox 1256 2116 1602 2189; x_wconf 85' lang='lat' dir='ltr'><strong>paternitatis</strong></span> <span class='ocrx_word' id='word_1_176' title='bbox 1625 2114 1942 2183; x_wconf 84' lang='lat' dir='ltr'><strong>sull‘ragium</strong></span> <span class='ocrx_word' id='word_1_177' title='bbox 1969 2113 2148 2168; x_wconf 84' lang='lat' dir='ltr'><strong>eidem</strong></span> 
     </span>
    </p>
   </div>
   <div class='ocr_carea' id='block_1_25' title="bbox 565 2207 2150 2281">
    <p class='ocr_par' dir='ltr' id='par_1_25' title="bbox 565 2207 2150 2281">
     <span class='ocr_line' id='line_1_25' title="bbox 565 2207 2150 2281; baseline -0.007 -10"><span class='ocrx_word' id='word_1_178' title='bbox 565 2215 898 2271; x_wconf 87' lang='lat' dir='ltr'><strong>monasterio</strong></span> <span class='ocrx_word' id='word_1_179' title='bbox 937 2212 1302 2268; x_wconf 74' lang='lat' dir='ltr'><strong>sollicitudine</strong></span> <span class='ocrx_word' id='word_1_180' title='bbox 1352 2209 1610 2281; x_wconf 88' lang='lat' dir='ltr'><strong>pastorali</strong></span> <span class='ocrx_word' id='word_1_181' title='bbox 1641 2207 1931 2277; x_wconf 72' lang='lat' dir='ltr'><strong>vigilanter</strong></span> <span class='ocrx_word' id='word_1_182' title='bbox 1962 2215 2150 2261; x_wconf 89' lang='lat' dir='ltr'><strong>contra</strong></span> 
     </span>
    </p>
   </div>
   <div class='ocr_carea' id='block_1_26' title="bbox 567 2295 2153 2371">
    <p class='ocr_par' dir='ltr' id='par_1_26' title="bbox 567 2295 2153 2371">
     <span class='ocr_line' id='line_1_26' title="bbox 567 2295 2153 2371; baseline -0.008 -11"><span class='ocrx_word' id='word_1_183' title='bbox 567 2319 757 2360; x_wconf 92' lang='lat' dir='ltr'><strong>omnes</strong></span> <span class='ocrx_word' id='word_1_184' title='bbox 788 2303 1107 2357; x_wconf 88' lang='lat' dir='ltr'><strong>infestantes</strong></span> <span class='ocrx_word' id='word_1_185' title='bbox 1139 2301 1448 2371; x_wconf 89' lang='lat' dir='ltr'><strong>impendere</strong></span> <span class='ocrx_word' id='word_1_186' title='bbox 1483 2299 1757 2354; x_wconf 87' lang='lat' dir='ltr'><strong>studeant.</strong></span> <span class='ocrx_word' id='word_1_187' title='bbox 1788 2297 1919 2352; x_wconf 91' lang='lat' dir='ltr'><strong>Item</strong></span> <span class='ocrx_word' id='word_1_188' title='bbox 1951 2295 2153 2351; x_wconf 83' lang='lat' dir='ltr'><strong>consti-</strong></span> 
     </span>
    </p>
   </div>
   <div class='ocr_carea' id='block_1_27' title="bbox 573 2388 2153 2463">
    <p class='ocr_par' dir='ltr' id='par_1_27' title="bbox 573 2388 2153 2463">
     <span class='ocr_line' id='line_1_27' title="bbox 573 2388 2153 2463; baseline -0.006 -13"><span class='ocrx_word' id='word_1_189' title='bbox 573 2397 778 2451; x_wconf 90' lang='lat' dir='ltr'><strong>tuimus</strong></span> <span class='ocrx_word' id='word_1_190' title='bbox 806 2406 885 2460; x_wconf 90' lang='lat' dir='ltr'><strong>ut,</strong></span> <span class='ocrx_word' id='word_1_191' title='bbox 909 2393 1142 2450; x_wconf 91' lang='lat' dir='ltr'><strong>obcunte</strong></span> <span class='ocrx_word' id='word_1_192' title='bbox 1165 2393 1360 2447; x_wconf 82' lang='lat' dir='ltr'><strong>abbate</strong></span> <span class='ocrx_word' id='word_1_193' title='bbox 1385 2391 1626 2463; x_wconf 70' lang='lat' dir='ltr'><strong>prtedieti</strong></span> <span class='ocrx_word' id='word_1_194' title='bbox 1656 2388 1994 2450; x_wconf 81' lang='lat' dir='ltr'><strong>monasterii,</strong></span> <span class='ocrx_word' id='word_1_195' title='bbox 2047 2403 2153 2442; x_wconf 93' lang='lat' dir='ltr'><strong>non</strong></span> 
     </span>
    </p>
   </div>
   <div class='ocr_carea' id='block_1_28' title="bbox 478 2479 2152 2562">
    <p class='ocr_par' dir='ltr' id='par_1_28' title="bbox 478 2479 2152 2562">
     <span class='ocr_line' id='line_1_28' title="bbox 478 2479 2152 2562; baseline -0.007 -19"><span class='ocrx_word' id='word_1_196' title='bbox 478 2558 482 2562; x_wconf 26' lang='lat'>.</span> <span class='ocrx_word' id='word_1_197' title='bbox 567 2489 704 2543; x_wconf 86' lang='lat' dir='ltr'><strong>alius</strong></span> <span class='ocrx_word' id='word_1_198' title='bbox 751 2487 821 2542; x_wconf 86' lang='lat' dir='ltr'><strong>ibi</strong></span> <span class='ocrx_word' id='word_1_199' title='bbox 859 2499 1182 2557; x_wconf 88' lang='lat' dir='ltr'><strong>quacunque</strong></span> <span class='ocrx_word' id='word_1_200' title='bbox 1228 2484 1561 2554; x_wconf 90' lang='lat' dir='ltr'><strong>obreptionis</strong></span> <span class='ocrx_word' id='word_1_201' title='bbox 1603 2482 1800 2537; x_wconf 89' lang='lat' dir='ltr'><strong>astutia</strong></span> <span class='ocrx_word' id='word_1_202' title='bbox 1849 2479 2152 2545; x_wconf 78' lang='lat' dir='ltr'><strong>ordinetur,</strong></span> 
     </span>
    </p>
   </div>
   <div class='ocr_carea' id='block_1_29' title="bbox 567 2572 2155 2650">
    <p class='ocr_par' dir='ltr' id='par_1_29' title="bbox 567 2572 2155 2650">
     <span class='ocr_line' id='line_1_29' title="bbox 567 2572 2155 2650; baseline -0.007 -15"><span class='ocrx_word' id='word_1_203' title='bbox 567 2580 668 2635; x_wconf 91' lang='lat' dir='ltr'><strong>nisi</strong></span> <span class='ocrx_word' id='word_1_204' title='bbox 709 2596 869 2650; x_wconf 89' lang='lat' dir='ltr'><strong>quem</strong></span> <span class='ocrx_word' id='word_1_205' title='bbox 897 2592 1194 2633; x_wconf 89' lang='lat' dir='ltr'><strong>consensus</strong></span> <span class='ocrx_word' id='word_1_206' title='bbox 1233 2576 1621 2631; x_wconf 85' lang='lat' dir='ltr'><strong>monachorum</strong></span> <span class='ocrx_word' id='word_1_207' title='bbox 1652 2574 1951 2629; x_wconf 86' lang='lat' dir='ltr'><strong>secundum</strong></span> <span class='ocrx_word' id='word_1_208' title='bbox 1989 2572 2155 2625; x_wconf 85' lang='lat' dir='ltr'><strong>timo-</strong></span> 
     </span>
    </p>
   </div>
   <div class='ocr_carea' id='block_1_30' title="bbox 569 2663 2153 2740">
    <p class='ocr_par' dir='ltr' id='par_1_30' title="bbox 569 2663 2153 2740">
     <span class='ocr_line' id='line_1_30' title="bbox 569 2663 2153 2740; baseline -0.006 -12"><span class='ocrx_word' id='word_1_209' title='bbox 569 2689 684 2728; x_wconf 79' lang='lat' dir='ltr'><strong>rem</strong></span> <span class='ocrx_word' id='word_1_210' title='bbox 716 2673 808 2728; x_wconf 89' lang='lat' dir='ltr'><strong>Dei</strong></span> <span class='ocrx_word' id='word_1_211' title='bbox 859 2680 914 2726; x_wconf 91' lang='lat' dir='ltr'><strong>et</strong></span> <span class='ocrx_word' id='word_1_212' title='bbox 953 2671 1344 2726; x_wconf 88' lang='lat' dir='ltr'><strong>institutionem</strong></span> <span class='ocrx_word' id='word_1_213' title='bbox 1395 2667 1612 2740; x_wconf 65' lang='lat' dir='ltr'><strong>Regulae</strong></span> <span class='ocrx_word' id='word_1_214' title='bbox 1663 2665 1836 2721; x_wconf 77' lang='lat' dir='ltr'><strong>sancti</strong></span> <span class='ocrx_word' id='word_1_215' title='bbox 1880 2663 2153 2719; x_wconf 85' lang='lat' dir='ltr'><strong>Benedicti</strong></span> 
     </span>
    </p>
   </div>
   <div class='ocr_carea' id='block_1_31' title="bbox 569 2754 2156 2836">
    <p class='ocr_par' dir='ltr' id='par_1_31' title="bbox 569 2754 2156 2836">
     <span class='ocr_line' id='line_1_31' title="bbox 569 2754 2156 2836; baseline -0.006 -16"><span class='ocrx_word' id='word_1_216' title='bbox 569 2765 816 2836; x_wconf 82' lang='lat' dir='ltr'><strong>elegerit,</strong></span> <span class='ocrx_word' id='word_1_217' title='bbox 840 2772 895 2820; x_wconf 89' lang='lat' dir='ltr'><strong>et</strong></span> <span class='ocrx_word' id='word_1_218' title='bbox 918 2763 1079 2833; x_wconf 82' lang='lat' dir='ltr'><strong>hujus</strong></span> <span class='ocrx_word' id='word_1_219' title='bbox 1104 2761 1413 2832; x_wconf 67' lang='lat' dir='ltr'><strong>apostolicae</strong></span> <span class='ocrx_word' id='word_1_220' title='bbox 1437 2761 1582 2816; x_wconf 85' lang='lat' dir='ltr'><strong>sedis</strong></span> <span class='ocrx_word' id='word_1_221' title='bbox 1609 2757 1850 2830; x_wconf 78' lang='lat' dir='ltr'><strong>pontifex</strong></span> <span class='ocrx_word' id='word_1_222' title='bbox 1897 2754 2156 2827; x_wconf 65' lang='lat' dir='ltr'><strong>prievide-</strong></span> 
     </span>
    </p>
   </div>
   <div class='ocr_carea' id='block_1_32' title="bbox 572 2849 2153 2923">
    <p class='ocr_par' dir='ltr' id='par_1_32' title="bbox 572 2849 2153 2923">
     <span class='ocr_line' id='line_1_32' title="bbox 572 2849 2153 2923; baseline -0.007 -13"><span class='ocrx_word' id='word_1_223' title='bbox 572 2858 644 2911; x_wconf 87' lang='lat' dir='ltr'><strong>rit</strong></span> <span class='ocrx_word' id='word_1_224' title='bbox 671 2857 1048 2918; x_wconf 87' lang='lat' dir='ltr'><strong>ordinandum,</strong></span> <span class='ocrx_word' id='word_1_225' title='bbox 1097 2863 1191 2907; x_wconf 88' lang='lat' dir='ltr'><strong>aut</strong></span> <span class='ocrx_word' id='word_1_226' title='bbox 1217 2851 1559 2923; x_wconf 81' lang='lat' dir='ltr'><strong>suggestione</strong></span> <span class='ocrx_word' id='word_1_227' title='bbox 1590 2849 1976 2904; x_wconf 87' lang='lat' dir='ltr'><strong>monachorum</strong></span> <span class='ocrx_word' id='word_1_228' title='bbox 2029 2861 2153 2901; x_wconf 85' lang='lat' dir='ltr'><strong>con—</strong></span> 
     </span>
    </p>
   </div>
   <div class='ocr_carea' id='block_1_33' title="bbox 573 2947 1303 3004">
    <p class='ocr_par' dir='ltr' id='par_1_33' title="bbox 573 2947 1303 3004">
     <span class='ocr_line' id='line_1_33' title="bbox 573 2947 1303 3004; baseline -0.01 -1"><span class='ocrx_word' id='word_1_229' title='bbox 573 2950 804 3004; x_wconf 88' lang='lat' dir='ltr'><strong>senserit</strong></span> <span class='ocrx_word' id='word_1_230' title='bbox 829 2947 1161 3002; x_wconf 88' lang='lat' dir='ltr'><strong>ordinatum.</strong></span> <span class='ocrx_word' id='word_1_231' title='bbox 1299 2949 1303 2956; x_wconf 87' lang='grc'><em>’</em></span> 
     </span>
    </p>
   </div>
   <div class='ocr_carea' id='block_1_34' title="bbox 647 3054 2163 3130">
    <p class='ocr_par' dir='ltr' id='par_1_34' title="bbox 647 3054 2163 3130">
     <span class='ocr_line' id='line_1_34' title="bbox 647 3054 2163 3130; baseline -0.005 -15"><span class='ocrx_word' id='word_1_232' title='bbox 647 3062 758 3115; x_wconf 93' lang='lat' dir='ltr'><strong>lloc</strong></span> <span class='ocrx_word' id='word_1_233' title='bbox 811 3076 1024 3130; x_wconf 88' lang='lat' dir='ltr'><strong>quoque</strong></span> <span class='ocrx_word' id='word_1_234' title='bbox 1080 3057 1314 3129; x_wconf 91' lang='lat' dir='ltr'><strong>capitqu</strong></span> <span class='ocrx_word' id='word_1_235' title='bbox 1358 3057 1609 3128; x_wconf 67' lang='lat' dir='ltr'><strong>praisenti</strong></span> <span class='ocrx_word' id='word_1_236' title='bbox 1655 3054 2049 3126; x_wconf 78' lang='lat' dir='ltr'><strong>sulijungimus,</strong></span> <span class='ocrx_word' id='word_1_237' title='bbox 2104 3061 2163 3108; x_wconf 90' lang='lat' dir='ltr'><strong>ut</strong></span> 
     </span>
    </p>
   </div>
   <div class='ocr_carea' id='block_1_35' title="bbox 576 3144 2164 3217">
    <p class='ocr_par' dir='ltr' id='par_1_35' title="bbox 576 3144 2164 3217">
     <span class='ocr_line' id='line_1_35' title="bbox 576 3144 2164 3217; baseline -0.006 -10"><span class='ocrx_word' id='word_1_238' title='bbox 576 3155 755 3208; x_wconf 88' lang='lat' dir='ltr'><strong>locmn</strong></span> <span class='ocrx_word' id='word_1_239' title='bbox 783 3153 1022 3206; x_wconf 65' lang='lat' dir='ltr'><strong>avaritiie</strong></span> <span class='ocrx_word' id='word_1_240' title='bbox 1055 3150 1416 3213; x_wconf 89' lang='lat' dir='ltr'><strong>secludamus,</strong></span> <span class='ocrx_word' id='word_1_241' title='bbox 1446 3147 1652 3202; x_wconf 90' lang='lat' dir='ltr'><strong>nullum</strong></span> <span class='ocrx_word' id='word_1_242' title='bbox 1683 3148 1750 3202; x_wconf 90' lang='lat' dir='ltr'><strong>de</strong></span> <span class='ocrx_word' id='word_1_243' title='bbox 1781 3145 2019 3217; x_wconf 86' lang='lat' dir='ltr'><strong>regibus,</strong></span> <span class='ocrx_word' id='word_1_244' title='bbox 2047 3144 2164 3198; x_wconf 83' lang='lat' dir='ltr'><strong>nul-</strong></span> 
     </span>
    </p>
   </div>
   <div class='ocr_carea' id='block_1_36' title="bbox 577 3236 2165 3315">
    <p class='ocr_par' dir='ltr' id='par_1_36' title="bbox 577 3236 2165 3315">
     <span class='ocr_line' id='line_1_36' title="bbox 577 3236 2165 3315; baseline -0.006 -16"><span class='ocrx_word' id='word_1_245' title='bbox 577 3246 690 3299; x_wconf 92' lang='lat' dir='ltr'><strong>lum</strong></span> <span class='ocrx_word' id='word_1_246' title='bbox 720 3246 786 3298; x_wconf 88' lang='lat' dir='ltr'><strong>de</strong></span> <span class='ocrx_word' id='word_1_247' title='bbox 812 3243 1079 3315; x_wconf 85' lang='lat' dir='ltr'><strong>episcopis</strong></span> <span class='ocrx_word' id='word_1_248' title='bbox 1107 3243 1192 3298; x_wconf 88' lang='lat' dir='ltr'><strong>vel</strong></span> <span class='ocrx_word' id='word_1_249' title='bbox 1243 3240 1642 3304; x_wconf 83' lang='lat' dir='ltr'><strong>sacerdotibus,</strong></span> <span class='ocrx_word' id='word_1_250' title='bbox 1689 3237 1775 3292; x_wconf 90' lang='lat' dir='ltr'><strong>vel</strong></span> <span class='ocrx_word' id='word_1_251' title='bbox 1823 3238 1889 3292; x_wconf 90' lang='lat' dir='ltr'><strong>de</strong></span> <span class='ocrx_word' id='word_1_252' title='bbox 1937 3236 2165 3306; x_wconf 89' lang='lat' dir='ltr'><strong>quibus-</strong></span> 
     </span>
    </p>
   </div>
   <div class='ocr_carea' id='block_1_37' title="bbox 581 3333 2162 3406">
    <p class='ocr_par' dir='ltr' id='par_1_37' title="bbox 581 3333 2162 3406">
     <span class='ocr_line' id='line_1_37' title="bbox 581 3333 2162 3406; baseline -0.007 -13"><span class='ocrx_word' id='word_1_253' title='bbox 581 3352 814 3406; x_wconf 89' lang='lat' dir='ltr'><strong>cumque</strong></span> <span class='ocrx_word' id='word_1_254' title='bbox 844 3336 1110 3399; x_wconf 81' lang='lat' dir='ltr'><strong>fidelibus,</strong></span> <span class='ocrx_word' id='word_1_255' title='bbox 1153 3350 1246 3404; x_wconf 84' lang='lat' dir='ltr'><strong>per</strong></span> <span class='ocrx_word' id='word_1_256' title='bbox 1274 3349 1354 3400; x_wconf 87' lang='lat' dir='ltr'><strong>se,</strong></span> <span class='ocrx_word' id='word_1_257' title='bbox 1400 3333 1806 3402; x_wconf 85' lang='lat' dir='ltr'><strong>suppositamve</strong></span> <span class='ocrx_word' id='word_1_258' title='bbox 1852 3343 2162 3400; x_wconf 88' lang='lat' dir='ltr'><strong>personam,</strong></span> 
     </span>
    </p>
   </div>
   <div class='ocr_carea' id='block_1_38' title="bbox 583 3419 2169 3497">
    <p class='ocr_par' dir='ltr' id='par_1_38' title="bbox 583 3419 2169 3497">
     <span class='ocr_line' id='line_1_38' title="bbox 583 3419 2169 3497; baseline -0.008 -12"><span class='ocrx_word' id='word_1_259' title='bbox 583 3430 650 3485; x_wconf 92' lang='lat' dir='ltr'><strong>de</strong></span> <span class='ocrx_word' id='word_1_260' title='bbox 671 3428 1013 3482; x_wconf 88' lang='lat' dir='ltr'><strong>ordinatione</strong></span> <span class='ocrx_word' id='word_1_261' title='bbox 1041 3425 1284 3497; x_wconf 86' lang='lat' dir='ltr'><strong>ejusdem</strong></span> <span class='ocrx_word' id='word_1_262' title='bbox 1311 3423 1544 3487; x_wconf 87' lang='lat' dir='ltr'><strong>abbatis,</strong></span> <span class='ocrx_word' id='word_1_263' title='bbox 1590 3421 1674 3476; x_wconf 89' lang='lat' dir='ltr'><strong>vel</strong></span> <span class='ocrx_word' id='word_1_264' title='bbox 1701 3419 2046 3484; x_wconf 90' lang='lat' dir='ltr'><strong>clericorum,</strong></span> <span class='ocrx_word' id='word_1_265' title='bbox 2075 3426 2169 3472; x_wconf 86' lang='lat' dir='ltr'><strong>aut</strong></span> 
     </span>
    </p>
   </div>
   <div class='ocr_carea' id='block_1_39' title="bbox 581 3510 2171 3591">
    <p class='ocr_par' dir='ltr' id='par_1_39' title="bbox 581 3510 2171 3591">
     <span class='ocr_line' id='line_1_39' title="bbox 581 3510 2171 3591; baseline -0.009 -16"><span class='ocrx_word' id='word_1_266' title='bbox 581 3521 1048 3591; x_wconf 88' lang='lat' dir='ltr'><strong>presbyterorum,</strong></span> <span class='ocrx_word' id='word_1_267' title='bbox 1108 3517 1194 3571; x_wconf 83' lang='lat' dir='ltr'><strong>vel</strong></span> <span class='ocrx_word' id='word_1_268' title='bbox 1249 3515 1314 3569; x_wconf 89' lang='lat' dir='ltr'><strong>de</strong></span> <span class='ocrx_word' id='word_1_269' title='bbox 1367 3513 1652 3584; x_wconf 87' lang='lat' dir='ltr'><strong>largitione</strong></span> <span class='ocrx_word' id='word_1_270' title='bbox 1693 3510 2029 3574; x_wconf 87' lang='lat' dir='ltr'><strong>chrismatis,</strong></span> <span class='ocrx_word' id='word_1_271' title='bbox 2077 3516 2171 3561; x_wconf 92' lang='lat' dir='ltr'><strong>aut</strong></span> 
     </span>
    </p>
   </div>
   <div class='ocr_carea' id='block_1_40' title="bbox 582 3599 2168 3672">
    <p class='ocr_par' dir='ltr' id='par_1_40' title="bbox 582 3599 2168 3672">
     <span class='ocr_line' id='line_1_40' title="bbox 582 3599 2168 3672; baseline -0.01 -4"><span class='ocrx_word' id='word_1_272' title='bbox 582 3612 998 3668; x_wconf 88' lang='lat' dir='ltr'><strong>consecratione</strong></span> <span class='ocrx_word' id='word_1_273' title='bbox 1035 3608 1295 3670; x_wconf 66' lang='lat' dir='ltr'><strong>basilicae,</strong></span> <span class='ocrx_word' id='word_1_274' title='bbox 1325 3604 1410 3659; x_wconf 88' lang='lat' dir='ltr'><strong>vel</strong></span> <span class='ocrx_word' id='word_1_275' title='bbox 1433 3604 1500 3658; x_wconf 88' lang='lat' dir='ltr'><strong>de</strong></span> <span class='ocrx_word' id='word_1_276' title='bbox 1532 3603 1951 3672; x_wconf 88' lang='lat' dir='ltr'><strong>quibuscunqne</strong></span> <span class='ocrx_word' id='word_1_277' title='bbox 1987 3599 2168 3653; x_wconf 89' lang='lat' dir='ltr'><strong>causis</strong></span> 
     </span>
    </p>
   </div>
   <div class='ocr_carea' id='block_1_41' title="bbox 585 3689 2171 3766">
    <p class='ocr_par' dir='ltr' id='par_1_41' title="bbox 585 3689 2171 3766">
     <span class='ocr_line' id='line_1_41' title="bbox 585 3689 2171 3766; baseline -0.01 -10"><span class='ocrx_word' id='word_1_278' title='bbox 585 3704 651 3758; x_wconf 90' lang='lat' dir='ltr'><strong>ad</strong></span> <span class='ocrx_word' id='word_1_279' title='bbox 683 3703 821 3756; x_wconf 89' lang='lat' dir='ltr'><strong>idem</strong></span> <span class='ocrx_word' id='word_1_280' title='bbox 857 3698 1250 3754; x_wconf 88' lang='lat' dir='ltr'><strong>monasterium</strong></span> <span class='ocrx_word' id='word_1_281' title='bbox 1279 3692 1697 3766; x_wconf 89' lang='lat' dir='ltr'><strong>pertinentibus,</strong></span> <span class='ocrx_word' id='word_1_282' title='bbox 1728 3691 1931 3746; x_wconf 87' lang='lat' dir='ltr'><strong>audere</strong></span> <span class='ocrx_word' id='word_1_283' title='bbox 1962 3689 2014 3744; x_wconf 90' lang='lat' dir='ltr'><strong>in</strong></span> <span class='ocrx_word' id='word_1_284' title='bbox 2036 3702 2171 3758; x_wconf 89' lang='lat' dir='ltr'><strong>qua-</strong></span> 
     </span>
    </p>
   </div>
   <div class='ocr_carea' id='block_1_42' title="bbox 586 3786 2172 3865">
    <p class='ocr_par' dir='ltr' id='par_1_42' title="bbox 586 3786 2172 3865">
     <span class='ocr_line' id='line_1_42' title="bbox 586 3786 2172 3865; baseline -0.009 -16"><span class='ocrx_word' id='word_1_285' title='bbox 586 3796 716 3850; x_wconf 91' lang='lat' dir='ltr'><strong>libet</strong></span> <span class='ocrx_word' id='word_1_286' title='bbox 744 3795 922 3865; x_wconf 89' lang='lat' dir='ltr'><strong>specie</strong></span> <span class='ocrx_word' id='word_1_287' title='bbox 953 3791 1096 3845; x_wconf 78' lang='lat' dir='ltr'><strong>xenii</strong></span> <span class='ocrx_word' id='word_1_288' title='bbox 1159 3790 1278 3845; x_wconf 91' lang='lat' dir='ltr'><strong>loco</strong></span> <span class='ocrx_word' id='word_1_289' title='bbox 1327 3787 1624 3858; x_wconf 88' lang='lat' dir='ltr'><strong>quidquam</strong></span> <span class='ocrx_word' id='word_1_290' title='bbox 1683 3786 1954 3856; x_wconf 89' lang='lat' dir='ltr'><strong>accipere,</strong></span> <span class='ocrx_word' id='word_1_291' title='bbox 1996 3795 2172 3852; x_wconf 88' lang='lat' dir='ltr'><strong>neque</strong></span> 
     </span>
    </p>
   </div>
   <div class='ocr_carea' id='block_1_43' title="bbox 586 3875 2173 3950">
    <p class='ocr_par' dir='ltr' id='par_1_43' title="bbox 586 3875 2173 3950">
     <span class='ocr_line' id='line_1_43' title="bbox 586 3875 2173 3950; baseline -0.006 -12"><span class='ocrx_word' id='word_1_292' title='bbox 586 3885 834 3938; x_wconf 90' lang='lat' dir='ltr'><strong>eumdem</strong></span> <span class='ocrx_word' id='word_1_293' title='bbox 859 3882 1106 3937; x_wconf 90' lang='lat' dir='ltr'><strong>abbatem</strong></span> <span class='ocrx_word' id='word_1_294' title='bbox 1131 3895 1231 3950; x_wconf 85' lang='lat' dir='ltr'><strong>pro</strong></span> <span class='ocrx_word' id='word_1_295' title='bbox 1261 3879 1606 3934; x_wconf 90' lang='lat' dir='ltr'><strong>ordinatione</strong></span> <span class='ocrx_word' id='word_1_296' title='bbox 1655 3894 1751 3932; x_wconf 91' lang='lat' dir='ltr'><strong>sua</strong></span> <span class='ocrx_word' id='word_1_297' title='bbox 1799 3875 2001 3946; x_wconf 91' lang='lat' dir='ltr'><strong>aliquid</strong></span> <span class='ocrx_word' id='word_1_298' title='bbox 2041 3875 2173 3929; x_wconf 85' lang='lat' dir='ltr'><strong>dare</strong></span> 
     </span>
    </p>
   </div>
   <div class='ocr_carea' id='block_1_44' title="bbox 589 3952 2174 4042">
    <p class='ocr_par' dir='ltr' id='par_1_44' title="bbox 589 3952 2174 4042">
     <span class='ocr_line' id='line_1_44' title="bbox 589 3952 2174 4042; baseline -0.006 -14"><span class='ocrx_word' id='word_1_299' title='bbox 589 3988 940 4042; x_wconf 68' lang='lat' dir='ltr'><strong>prtesnmcre,</strong></span> <span class='ocrx_word' id='word_1_300' title='bbox 999 3987 1090 4034; x_wconf 93' lang='lat' dir='ltr'><strong>ne,</strong></span> <span class='ocrx_word' id='word_1_301' title='bbox 1127 3972 1229 4024; x_wconf 88' lang='lat' dir='ltr'><strong>hac</strong></span> <span class='ocrx_word' id='word_1_302' title='bbox 1272 3968 1579 4032; x_wconf 89' lang='lat' dir='ltr'><strong>occasione,</strong></span> <span class='ocrx_word' id='word_1_303' title='bbox 1609 3984 1670 4022; x_wconf 87' lang='lat' dir='ltr'><strong>ea</strong></span> <span class='ocrx_word' id='word_1_304' title='bbox 1701 3983 1820 4038; x_wconf 70' lang='lat' dir='ltr'><strong>qua:</strong></span> <span class='ocrx_word' id='word_1_305' title='bbox 1855 3981 1884 4020; x_wconf 91' lang='lat' dir='ltr'><strong>a</strong></span> <span class='ocrx_word' id='word_1_306' title='bbox 1926 3952 2174 4020; x_wconf 84' lang='lat' dir='ltr'><strong>fidelibus</strong></span> 
     </span>
    </p>
   </div>
   <div class='ocr_carea' id='block_1_45' title="bbox 591 4059 2176 4134">
    <p class='ocr_par' dir='ltr' id='par_1_45' title="bbox 591 4059 2176 4134">
     <span class='ocr_line' id='line_1_45' title="bbox 591 4059 2176 4134; baseline -0.006 -18"><span class='ocrx_word' id='word_1_307' title='bbox 591 4065 680 4134; x_wconf 85' lang='lat' dir='ltr'><strong>pio</strong></span> <span class='ocrx_word' id='word_1_308' title='bbox 711 4065 828 4118; x_wconf 92' lang='lat' dir='ltr'><strong>loco</strong></span> <span class='ocrx_word' id='word_1_309' title='bbox 885 4061 1190 4117; x_wconf 70' lang='lat' dir='ltr'><strong>oll‘cruntur</strong></span> <span class='ocrx_word' id='word_1_310' title='bbox 1226 4069 1632 4114; x_wconf 87' lang='lat' dir='ltr'><strong>consumantur.</strong></span> <span class='ocrx_word' id='word_1_311' title='bbox 1673 4059 1859 4128; x_wconf 86' lang='lat' dir='ltr'><strong>Neque</strong></span> <span class='ocrx_word' id='word_1_312' title='bbox 1890 4059 2176 4125; x_wconf 87' lang='lat' dir='ltr'><strong>cpisc0pus</strong></span> 
     </span>
    </p>
   </div>
   <div class='ocr_carea' id='block_1_46' title="bbox 591 4147 2174 4226">
    <p class='ocr_par' dir='ltr' id='par_1_46' title="bbox 591 4147 2174 4226">
     <span class='ocr_line' id='line_1_46' title="bbox 591 4147 2174 4226; baseline -0.009 -15"><span class='ocrx_word' id='word_1_313' title='bbox 591 4155 833 4211; x_wconf 82' lang='lat' dir='ltr'><strong>civitatis</strong></span> <span class='ocrx_word' id='word_1_314' title='bbox 863 4151 1032 4226; x_wconf 85' lang='lat' dir='ltr'><strong>ipsius</strong></span> <span class='ocrx_word' id='word_1_315' title='bbox 1060 4150 1354 4219; x_wconf 66' lang='lat' dir='ltr'><strong>parochiai,</strong></span> <span class='ocrx_word' id='word_1_316' title='bbox 1398 4149 1497 4201; x_wconf 92' lang='lat' dir='ltr'><strong>nisi</strong></span> <span class='ocrx_word' id='word_1_317' title='bbox 1535 4149 1602 4200; x_wconf 82' lang='lat' dir='ltr'><strong>ab</strong></span> <span class='ocrx_word' id='word_1_318' title='bbox 1628 4149 1826 4201; x_wconf 84' lang='lat' dir='ltr'><strong>abbate</strong></span> <span class='ocrx_word' id='word_1_319' title='bbox 1858 4147 2028 4214; x_wconf 88' lang='lat' dir='ltr'><strong>ipsius</strong></span> <span class='ocrx_word' id='word_1_320' title='bbox 2059 4159 2174 4198; x_wconf 84' lang='lat' dir='ltr'><strong>ino-</strong></span> 
     </span>
    </p>
   </div>
   <div class='ocr_carea' id='block_1_47' title="bbox 2236 382 3843 454">
    <p class='ocr_par' dir='ltr' id='par_1_47' title="bbox 2236 382 3843 454">
     <span class='ocr_line' id='line_1_47' title="bbox 2236 382 3843 454; baseline 0 -18"><span class='ocrx_word' id='word_1_321' title='bbox 2236 398 2451 451; x_wconf 84' lang='lat' dir='ltr'><strong>quoque</strong></span> <span class='ocrx_word' id='word_1_322' title='bbox 2499 399 2528 437; x_wconf 90' lang='lat' dir='ltr'><strong>a</strong></span> <span class='ocrx_word' id='word_1_323' title='bbox 2574 382 2973 454; x_wconf 79' lang='lat' dir='ltr'><strong>praedecessore</strong></span> <span class='ocrx_word' id='word_1_324' title='bbox 3025 392 3212 439; x_wconf 92' lang='lat' dir='ltr'><strong>nostro</strong></span> <span class='ocrx_word' id='word_1_325' title='bbox 3255 384 3358 454; x_wconf 71' lang='lat' dir='ltr'><strong>piae</strong></span> <span class='ocrx_word' id='word_1_326' title='bbox 3384 384 3660 439; x_wconf 67' lang='lat' dir='ltr'><strong>memoriae</strong></span> <span class='ocrx_word' id='word_1_327' title='bbox 3685 397 3843 453; x_wconf 76' lang='lat' dir='ltr'><strong>papa</strong></span> 
     </span>
    </p>
   </div>
   <div class='ocr_carea' id='block_1_48' title="bbox 2237 473 3844 531">
    <p class='ocr_par' dir='ltr' id='par_1_48' title="bbox 2237 473 3844 531">
     <span class='ocr_line' id='line_1_48' title="bbox 2237 473 3844 531; baseline 0 -3"><span class='ocrx_word' id='word_1_328' title='bbox 2237 473 2459 530; x_wconf 87' lang='lat' dir='ltr'><strong>Nicolao</strong></span> <span class='ocrx_word' id='word_1_329' title='bbox 2483 475 2657 531; x_wconf 90' lang='lat' dir='ltr'><strong>eidem</strong></span> <span class='ocrx_word' id='word_1_330' title='bbox 2683 477 3016 531; x_wconf 84' lang='lat' dir='ltr'><strong>monasterio</strong></span> <span class='ocrx_word' id='word_1_331' title='bbox 3063 473 3316 530; x_wconf 89' lang='lat' dir='ltr'><strong>collatum</strong></span> <span class='ocrx_word' id='word_1_332' title='bbox 3353 485 3538 531; x_wconf 88' lang='lat' dir='ltr'><strong>nostra</strong></span> <span class='ocrx_word' id='word_1_333' title='bbox 3592 475 3844 530; x_wconf 84' lang='lat' dir='ltr'><strong>auctori-</strong></span> 
     </span>
    </p>
   </div>
   <div class='ocr_carea' id='block_1_49' title="bbox 2241 562 3842 638">
    <p class='ocr_par' dir='ltr' id='par_1_49' title="bbox 2241 562 3842 638">
     <span class='ocr_line' id='line_1_49' title="bbox 2241 562 3842 638; baseline -0.001 -18"><span class='ocrx_word' id='word_1_334' title='bbox 2241 575 2352 622; x_wconf 87' lang='lat' dir='ltr'><strong>tate</strong></span> <span class='ocrx_word' id='word_1_335' title='bbox 2380 567 3030 638; x_wconf 78' lang='lat' dir='ltr'><strong>contirmanuis,excepto</strong></span> <span class='ocrx_word' id='word_1_336' title='bbox 3076 563 3344 622; x_wconf 74' lang='lat' dir='ltr'><strong>dumtaxat</strong></span> <span class='ocrx_word' id='word_1_337' title='bbox 3372 566 3518 637; x_wconf 89' lang='lat' dir='ltr'><strong>quod</strong></span> <span class='ocrx_word' id='word_1_338' title='bbox 3563 564 3676 636; x_wconf 85' lang='lat' dir='ltr'><strong>ipse</strong></span> <span class='ocrx_word' id='word_1_339' title='bbox 3727 562 3842 620; x_wconf 85' lang='lat' dir='ltr'><strong>sub</strong></span> 
     </span>
    </p>
   </div>
   <div class='ocr_carea' id='block_1_50' title="bbox 2240 654 3843 726">
    <p class='ocr_par' dir='ltr' id='par_1_50' title="bbox 2240 654 3843 726">
     <span class='ocr_line' id='line_1_50' title="bbox 2240 654 3843 726; baseline -0.002 -14"><span class='ocrx_word' id='word_1_340' title='bbox 2240 658 2460 712; x_wconf 84' lang='lat' dir='ltr'><strong>nomine</strong></span> <span class='ocrx_word' id='word_1_341' title='bbox 2518 657 2840 712; x_wconf 86' lang='lat' dir='ltr'><strong>ancillarum</strong></span> <span class='ocrx_word' id='word_1_342' title='bbox 2909 658 3002 712; x_wconf 87' lang='lat' dir='ltr'><strong>Dei</strong></span> <span class='ocrx_word' id='word_1_343' title='bbox 3047 671 3168 726; x_wconf 65' lang='lat' dir='ltr'><strong>quae</strong></span> <span class='ocrx_word' id='word_1_344' title='bbox 3217 657 3414 726; x_wconf 87' lang='lat' dir='ltr'><strong>ibidem</strong></span> <span class='ocrx_word' id='word_1_345' title='bbox 3469 670 3571 725; x_wconf 87' lang='lat' dir='ltr'><strong>pro</strong></span> <span class='ocrx_word' id='word_1_346' title='bbox 3617 654 3843 710; x_wconf 81' lang='lat' dir='ltr'><strong>crebris</strong></span> 
     </span>
    </p>
   </div>
   <div class='ocr_carea' id='block_1_51' title="bbox 2241 745 3848 802">
    <p class='ocr_par' dir='ltr' id='par_1_51' title="bbox 2241 745 3848 802">
     <span class='ocr_line' id='line_1_51' title="bbox 2241 745 3848 802; baseline -0.001 0"><span class='ocrx_word' id='word_1_347' title='bbox 2241 746 2684 802; x_wconf 80' lang='lat' dir='ltr'><strong>infestationibus</strong></span> <span class='ocrx_word' id='word_1_348' title='bbox 2709 745 2890 802; x_wconf 65' lang='lat' dir='ltr'><strong>saeculi</strong></span> <span class='ocrx_word' id='word_1_349' title='bbox 2918 763 3060 802; x_wconf 92' lang='lat' dir='ltr'><strong>nunc</strong></span> <span class='ocrx_word' id='word_1_350' title='bbox 3082 745 3458 802; x_wconf 86' lang='lat' dir='ltr'><strong>ordinabiliter</strong></span> <span class='ocrx_word' id='word_1_351' title='bbox 3488 759 3712 801; x_wconf 88' lang='lat' dir='ltr'><strong>manere</strong></span> <span class='ocrx_word' id='word_1_352' title='bbox 3739 756 3848 800; x_wconf 86' lang='lat' dir='ltr'><strong>ne-</strong></span> 
     </span>
    </p>
   </div>
   <div class='ocr_carea' id='block_1_52' title="bbox 2240 839 3845 912">
    <p class='ocr_par' dir='ltr' id='par_1_52' title="bbox 2240 839 3845 912">
     <span class='ocr_line' id='line_1_52' title="bbox 2240 839 3845 912; baseline -0.002 -16"><span class='ocrx_word' id='word_1_353' title='bbox 2240 849 2466 912; x_wconf 73' lang='lat' dir='ltr'><strong>queunt,</strong></span> <span class='ocrx_word' id='word_1_354' title='bbox 2499 841 2629 896; x_wconf 88' lang='lat' dir='ltr'><strong>illud</strong></span> <span class='ocrx_word' id='word_1_355' title='bbox 2651 840 2949 912; x_wconf 84' lang='lat' dir='ltr'><strong>delegavit:</strong></span> <span class='ocrx_word' id='word_1_356' title='bbox 2986 855 3084 896; x_wconf 89' lang='lat' dir='ltr'><strong>nos</strong></span> <span class='ocrx_word' id='word_1_357' title='bbox 3130 855 3279 906; x_wconf 89' lang='lat' dir='ltr'><strong>vero,</strong></span> <span class='ocrx_word' id='word_1_358' title='bbox 3303 841 3533 910; x_wconf 89' lang='lat' dir='ltr'><strong>aptioris</strong></span> <span class='ocrx_word' id='word_1_359' title='bbox 3583 839 3845 894; x_wconf 87' lang='lat' dir='ltr'><strong>utilitatis</strong></span> 
     </span>
    </p>
   </div>
   <div class='ocr_carea' id='block_1_53' title="bbox 2241 933 3846 1005">
    <p class='ocr_par' dir='ltr' id='par_1_53' title="bbox 2241 933 3846 1005">
     <span class='ocr_line' id='line_1_53' title="bbox 2241 933 3846 1005; baseline -0.001 -19"><span class='ocrx_word' id='word_1_360' title='bbox 2241 935 2436 1005; x_wconf 86' lang='lat' dir='ltr'><strong>gratia,</strong></span> <span class='ocrx_word' id='word_1_361' title='bbox 2484 935 2585 989; x_wconf 89' lang='lat' dir='ltr'><strong>sub</strong></span> <span class='ocrx_word' id='word_1_362' title='bbox 2636 933 2822 989; x_wconf 88' lang='lat' dir='ltr'><strong>habitu</strong></span> <span class='ocrx_word' id='word_1_363' title='bbox 2868 934 3258 988; x_wconf 90' lang='lat' dir='ltr'><strong>monachorum</strong></span> <span class='ocrx_word' id='word_1_364' title='bbox 3301 947 3422 988; x_wconf 83' lang='lat' dir='ltr'><strong>esse</strong></span> <span class='ocrx_word' id='word_1_365' title='bbox 3471 942 3846 1002; x_wconf 70' lang='lat' dir='ltr'><strong>congruenter</strong></span> 
     </span>
    </p>
   </div>
   <div class='ocr_carea' id='block_1_54' title="bbox 2242 1022 3838 1094">
    <p class='ocr_par' dir='ltr' id='par_1_54' title="bbox 2242 1022 3838 1094">
     <span class='ocr_line' id='line_1_54' title="bbox 2242 1022 3838 1094; baseline -0.001 -16"><span class='ocrx_word' id='word_1_366' title='bbox 2242 1024 2612 1080; x_wconf 90' lang='lat' dir='ltr'><strong>decernimus.</strong></span> <span class='ocrx_word' id='word_1_367' title='bbox 2687 1023 2745 1079; x_wconf 90' lang='lat' dir='ltr'><strong>Si</strong></span> <span class='ocrx_word' id='word_1_368' title='bbox 2794 1025 2918 1094; x_wconf 91' lang='lat' dir='ltr'><strong>quis</strong></span> <span class='ocrx_word' id='word_1_369' title='bbox 2969 1039 3100 1078; x_wconf 84' lang='lat' dir='ltr'><strong>vero</strong></span> <span class='ocrx_word' id='word_1_370' title='bbox 3160 1038 3368 1094; x_wconf 89' lang='lat' dir='ltr'><strong>regum,</strong></span> <span class='ocrx_word' id='word_1_371' title='bbox 3423 1022 3838 1093; x_wconf 85' lang='lat' dir='ltr'><strong>episcoporum,</strong></span> 
     </span>
    </p>
   </div>
   <div class='ocr_carea' id='block_1_55' title="bbox 2244 1112 3845 1182">
    <p class='ocr_par' dir='ltr' id='par_1_55' title="bbox 2244 1112 3845 1182">
     <span class='ocr_line' id='line_1_55' title="bbox 2244 1112 3845 1182; baseline -0.004 -11"><span class='ocrx_word' id='word_1_372' title='bbox 2244 1118 2611 1181; x_wconf 86' lang='lat' dir='ltr'><strong>sacerdotum,</strong></span> <span class='ocrx_word' id='word_1_373' title='bbox 2683 1114 2966 1180; x_wconf 86' lang='lat' dir='ltr'><strong>abbatum,</strong></span> <span class='ocrx_word' id='word_1_374' title='bbox 3046 1113 3316 1182; x_wconf 90' lang='lat' dir='ltr'><strong>judicum,</strong></span> <span class='ocrx_word' id='word_1_375' title='bbox 3391 1112 3678 1174; x_wconf 85' lang='lat' dir='ltr'><strong>comitum,</strong></span> <span class='ocrx_word' id='word_1_376' title='bbox 3742 1120 3845 1165; x_wconf 85' lang='lat' dir='ltr'><strong>aut</strong></span> 
     </span>
    </p>
   </div>
   <div class='ocr_carea' id='block_1_56' title="bbox 2245 1204 3842 1279">
    <p class='ocr_par' dir='ltr' id='par_1_56' title="bbox 2245 1204 3842 1279">
     <span class='ocr_line' id='line_1_56' title="bbox 2245 1204 3842 1279; baseline -0.005 -15"><span class='ocrx_word' id='word_1_377' title='bbox 2245 1209 2586 1264; x_wconf 71' lang='lat' dir='ltr'><strong>szecularium</strong></span> <span class='ocrx_word' id='word_1_378' title='bbox 2623 1223 3000 1279; x_wconf 89' lang='lat' dir='ltr'><strong>personarum,</strong></span> <span class='ocrx_word' id='word_1_379' title='bbox 3029 1216 3218 1262; x_wconf 87' lang='lat' dir='ltr'><strong>contra</strong></span> <span class='ocrx_word' id='word_1_380' title='bbox 3277 1207 3415 1261; x_wconf 87' lang='lat' dir='ltr'><strong>hanc</strong></span> <span class='ocrx_word' id='word_1_381' title='bbox 3443 1215 3650 1259; x_wconf 79' lang='lat' dir='ltr'><strong>nostra:</strong></span> <span class='ocrx_word' id='word_1_382' title='bbox 3681 1204 3842 1258; x_wconf 84' lang='lat' dir='ltr'><strong>insti-</strong></span> 
     </span>
    </p>
   </div>
   <div class='ocr_carea' id='block_1_57' title="bbox 2249 1300 3843 1371">
    <p class='ocr_par' dir='ltr' id='par_1_57' title="bbox 2249 1300 3843 1371">
     <span class='ocr_line' id='line_1_57' title="bbox 2249 1300 3843 1371; baseline -0.003 -15"><span class='ocrx_word' id='word_1_383' title='bbox 2249 1302 2474 1356; x_wconf 90' lang='lat' dir='ltr'><strong>tutionis</strong></span> <span class='ocrx_word' id='word_1_384' title='bbox 2501 1301 2754 1371; x_wconf 82' lang='lat' dir='ltr'><strong>paginam</strong></span> <span class='ocrx_word' id='word_1_385' title='bbox 2786 1301 2973 1355; x_wconf 87' lang='lat' dir='ltr'><strong>venire</strong></span> <span class='ocrx_word' id='word_1_386' title='bbox 3008 1300 3326 1367; x_wconf 89' lang='lat' dir='ltr'><strong>tentaverit,</strong></span> <span class='ocrx_word' id='word_1_387' title='bbox 3380 1313 3677 1369; x_wconf 88' lang='lat' dir='ltr'><strong>percussus</strong></span> <span class='ocrx_word' id='word_1_388' title='bbox 3708 1313 3843 1368; x_wconf 78' lang='lat' dir='ltr'><strong>apo-</strong></span> 
     </span>
    </p>
   </div>
   <div class='ocr_carea' id='block_1_58' title="bbox 2246 1389 3845 1462">
    <p class='ocr_par' dir='ltr' id='par_1_58' title="bbox 2246 1389 3845 1462">
     <span class='ocr_line' id='line_1_58' title="bbox 2246 1389 3845 1462; baseline -0.003 -14"><span class='ocrx_word' id='word_1_389' title='bbox 2246 1393 2436 1448; x_wconf 86' lang='lat' dir='ltr'><strong>stolico</strong></span> <span class='ocrx_word' id='word_1_390' title='bbox 2459 1393 2827 1457; x_wconf 86' lang='lat' dir='ltr'><strong>anathemate,</strong></span> <span class='ocrx_word' id='word_1_391' title='bbox 2845 1393 3134 1462; x_wconf 77' lang='lat' dir='ltr'><strong>potestatis</strong></span> <span class='ocrx_word' id='word_1_392' title='bbox 3155 1391 3444 1446; x_wconf 87' lang='lat' dir='ltr'><strong>honorisve</strong></span> <span class='ocrx_word' id='word_1_393' title='bbox 3469 1390 3550 1444; x_wconf 92' lang='lat' dir='ltr'><strong>sui</strong></span> <span class='ocrx_word' id='word_1_394' title='bbox 3575 1389 3845 1460; x_wconf 71' lang='lat' dir='ltr'><strong>dignitate</strong></span> 
     </span>
    </p>
   </div>
   <div class='ocr_carea' id='block_1_59' title="bbox 2249 1484 3843 1557">
    <p class='ocr_par' dir='ltr' id='par_1_59' title="bbox 2249 1484 3843 1557">
     <span class='ocr_line' id='line_1_59' title="bbox 2249 1484 3843 1557; baseline -0.004 -15"><span class='ocrx_word' id='word_1_395' title='bbox 2249 1496 2456 1552; x_wconf 84' lang='lat' dir='ltr'><strong>careat,</strong></span> <span class='ocrx_word' id='word_1_396' title='bbox 2483 1501 2744 1557; x_wconf 82' lang='lat' dir='ltr'><strong>reuruque</strong></span> <span class='ocrx_word' id='word_1_397' title='bbox 2767 1501 2828 1542; x_wconf 89' lang='lat' dir='ltr'><strong>se</strong></span> <span class='ocrx_word' id='word_1_398' title='bbox 2848 1501 3032 1542; x_wconf 89' lang='lat' dir='ltr'><strong>coram</strong></span> <span class='ocrx_word' id='word_1_399' title='bbox 3071 1485 3257 1540; x_wconf 87' lang='lat' dir='ltr'><strong>divino</strong></span> <span class='ocrx_word' id='word_1_400' title='bbox 3283 1484 3490 1554; x_wconf 90' lang='lat' dir='ltr'><strong>judicio</strong></span> <span class='ocrx_word' id='word_1_401' title='bbox 3521 1493 3843 1551; x_wconf 80' lang='lat' dir='ltr'><strong>cognoscat,</strong></span> 
     </span>
    </p>
   </div>
   <div class='ocr_carea' id='block_1_60' title="bbox 2249 1572 3846 1648">
    <p class='ocr_par' dir='ltr' id='par_1_60' title="bbox 2249 1572 3846 1648">
     <span class='ocr_line' id='line_1_60' title="bbox 2249 1572 3846 1648; baseline -0.005 -15"><span class='ocrx_word' id='word_1_402' title='bbox 2249 1587 2304 1633; x_wconf 91' lang='lat' dir='ltr'><strong>ct</strong></span> <span class='ocrx_word' id='word_1_403' title='bbox 2333 1579 2436 1633; x_wconf 89' lang='lat' dir='ltr'><strong>nisi</strong></span> <span class='ocrx_word' id='word_1_404' title='bbox 2465 1593 2530 1632; x_wconf 87' lang='lat' dir='ltr'><strong>ea</strong></span> <span class='ocrx_word' id='word_1_405' title='bbox 2576 1593 2697 1648; x_wconf 73' lang='lat' dir='ltr'><strong>quae</strong></span> <span class='ocrx_word' id='word_1_406' title='bbox 2743 1593 2772 1630; x_wconf 92' lang='lat' dir='ltr'><strong>a</strong></span> <span class='ocrx_word' id='word_1_407' title='bbox 2806 1592 2865 1632; x_wconf 90' lang='lat' dir='ltr'><strong>se</strong></span> <span class='ocrx_word' id='word_1_408' title='bbox 2923 1575 3065 1632; x_wconf 91' lang='lat' dir='ltr'><strong>male</strong></span> <span class='ocrx_word' id='word_1_409' title='bbox 3119 1584 3239 1629; x_wconf 89' lang='lat' dir='ltr'><strong>acta</strong></span> <span class='ocrx_word' id='word_1_410' title='bbox 3275 1582 3402 1629; x_wconf 89' lang='lat' dir='ltr'><strong>sunt</strong></span> <span class='ocrx_word' id='word_1_411' title='bbox 3450 1572 3756 1637; x_wconf 65' lang='lat' dir='ltr'><strong>deﬂet-erit,</strong></span> <span class='ocrx_word' id='word_1_412' title='bbox 3809 1587 3846 1625; x_wconf 85' lang='lat' dir='ltr'><strong>a</strong></span> 
     </span>
    </p>
   </div>
   <div class='ocr_carea' id='block_1_61' title="bbox 2251 1662 3847 1740">
    <p class='ocr_par' dir='ltr' id='par_1_61' title="bbox 2251 1662 3847 1740">
     <span class='ocr_line' id='line_1_61' title="bbox 2251 1662 3847 1740; baseline -0.005 -15"><span class='ocrx_word' id='word_1_413' title='bbox 2251 1671 2621 1728; x_wconf 84' lang='lat' dir='ltr'><strong>sacratissimo</strong></span> <span class='ocrx_word' id='word_1_414' title='bbox 2674 1684 2901 1740; x_wconf 85' lang='lat' dir='ltr'><strong>corpore</strong></span> <span class='ocrx_word' id='word_1_415' title='bbox 2960 1668 3171 1726; x_wconf 89' lang='lat' dir='ltr'><strong>Domini</strong></span> <span class='ocrx_word' id='word_1_416' title='bbox 3233 1668 3404 1723; x_wconf 88' lang='lat' dir='ltr'><strong>nostri</strong></span> <span class='ocrx_word' id='word_1_417' title='bbox 3458 1665 3594 1722; x_wconf 74' lang='lat' dir='ltr'><strong>Jesu</strong></span> <span class='ocrx_word' id='word_1_418' title='bbox 3641 1662 3847 1719; x_wconf 67' lang='lat' dir='ltr'><strong>Christi</strong></span> 
     </span>
    </p>
   </div>
   <div class='ocr_carea' id='block_1_62' title="bbox 2251 1755 3848 1832">
    <p class='ocr_par' dir='ltr' id='par_1_62' title="bbox 2251 1755 3848 1832">
     <span class='ocr_line' id='line_1_62' title="bbox 2251 1755 3848 1832; baseline -0.004 -16"><span class='ocrx_word' id='word_1_419' title='bbox 2251 1763 2458 1819; x_wconf 70' lang='lat' dir='ltr'><strong>alienus</strong></span> <span class='ocrx_word' id='word_1_420' title='bbox 2483 1763 2596 1826; x_wconf 80' lang='lat' dir='ltr'><strong>ﬂat,</strong></span> <span class='ocrx_word' id='word_1_421' title='bbox 2629 1771 2791 1832; x_wconf 86' lang='lat' dir='ltr'><strong>atque</strong></span> <span class='ocrx_word' id='word_1_422' title='bbox 2821 1769 3025 1818; x_wconf 73' lang='lat' dir='ltr'><strong>ater-no</strong></span> <span class='ocrx_word' id='word_1_423' title='bbox 3063 1760 3296 1817; x_wconf 78' lang='lat' dir='ltr'><strong>examini</strong></span> <span class='ocrx_word' id='word_1_424' title='bbox 3329 1759 3598 1814; x_wconf 74' lang='lat' dir='ltr'><strong>districue</strong></span> <span class='ocrx_word' id='word_1_425' title='bbox 3627 1755 3848 1810; x_wconf 72' lang='lat' dir='ltr'><strong>ultionis</strong></span> 
     </span>
    </p>
   </div>
   <div class='ocr_carea' id='block_1_63' title="bbox 2252 1849 3849 1927">
    <p class='ocr_par' dir='ltr' id='par_1_63' title="bbox 2252 1849 3849 1927">
     <span class='ocr_line' id='line_1_63' title="bbox 2252 1849 3849 1927; baseline -0.006 -15"><span class='ocrx_word' id='word_1_426' title='bbox 2252 1857 2549 1927; x_wconf 81' lang='lat' dir='ltr'><strong>Subjaceat.</strong></span> <span class='ocrx_word' id='word_1_427' title='bbox 2589 1854 2810 1910; x_wconf 85' lang='lat' dir='ltr'><strong>Cunctis</strong></span> <span class='ocrx_word' id='word_1_428' title='bbox 2841 1865 3023 1908; x_wconf 87' lang='lat' dir='ltr'><strong>autem</strong></span> <span class='ocrx_word' id='word_1_429' title='bbox 3073 1853 3247 1908; x_wconf 84' lang='lat' dir='ltr'><strong>cidem</strong></span> <span class='ocrx_word' id='word_1_430' title='bbox 3278 1853 3396 1906; x_wconf 91' lang='lat' dir='ltr'><strong>loco</strong></span> <span class='ocrx_word' id='word_1_431' title='bbox 3424 1849 3574 1920; x_wconf 81' lang='lat' dir='ltr'><strong>justa</strong></span> <span class='ocrx_word' id='word_1_432' title='bbox 3625 1865 3849 1904; x_wconf 82' lang='lat' dir='ltr'><strong>servan-</strong></span> 
     </span>
    </p>
   </div>
   <div class='ocr_carea' id='block_1_64' title="bbox 2255 1945 3848 2017">
    <p class='ocr_par' dir='ltr' id='par_1_64' title="bbox 2255 1945 3848 2017">
     <span class='ocr_line' id='line_1_64' title="bbox 2255 1945 3848 2017; baseline -0.006 -13"><span class='ocrx_word' id='word_1_433' title='bbox 2255 1951 2398 2006; x_wconf 93' lang='lat' dir='ltr'><strong>tibus</strong></span> <span class='ocrx_word' id='word_1_434' title='bbox 2436 1949 2507 2003; x_wconf 89' lang='lat' dir='ltr'><strong>sit</strong></span> <span class='ocrx_word' id='word_1_435' title='bbox 2551 1965 2651 2017; x_wconf 75' lang='lat' dir='ltr'><strong>pax</strong></span> <span class='ocrx_word' id='word_1_436' title='bbox 2687 1947 2899 2003; x_wconf 89' lang='lat' dir='ltr'><strong>Domini</strong></span> <span class='ocrx_word' id='word_1_437' title='bbox 2938 1948 3105 2002; x_wconf 91' lang='lat' dir='ltr'><strong>nostri</strong></span> <span class='ocrx_word' id='word_1_438' title='bbox 3137 1945 3264 2000; x_wconf 87' lang='lat' dir='ltr'><strong>.lcsu</strong></span> <span class='ocrx_word' id='word_1_439' title='bbox 3310 1945 3536 2008; x_wconf 87' lang='lat' dir='ltr'><strong>Christi,</strong></span> <span class='ocrx_word' id='word_1_440' title='bbox 3576 1951 3848 2013; x_wconf 87' lang='lat' dir='ltr'><strong>quatenus</strong></span> 
     </span>
    </p>
   </div>
   <div class='ocr_carea' id='block_1_65' title="bbox 2192 2033 3850 2106">
    <p class='ocr_par' dir='ltr' id='par_1_65' title="bbox 2192 2033 3850 2106">
     <span class='ocr_line' id='line_1_65' title="bbox 2192 2033 3850 2106; baseline -0.005 -12"><span class='ocrx_word' id='word_1_441' title='bbox 2192 2075 2202 2084; x_wconf 66' lang='grc' dir='ltr'><strong><em>η</em></strong></span> <span class='ocrx_word' id='word_1_442' title='bbox 2258 2051 2314 2096; x_wconf 89' lang='lat' dir='ltr'><strong>et</strong></span> <span class='ocrx_word' id='word_1_443' title='bbox 2361 2041 2449 2096; x_wconf 90' lang='lat' dir='ltr'><strong>hic</strong></span> <span class='ocrx_word' id='word_1_444' title='bbox 2498 2039 2734 2094; x_wconf 85' lang='lat' dir='ltr'><strong>fructum</strong></span> <span class='ocrx_word' id='word_1_445' title='bbox 2788 2037 2942 2093; x_wconf 74' lang='lat' dir='ltr'><strong>bona:</strong></span> <span class='ocrx_word' id='word_1_446' title='bbox 2991 2037 3222 2094; x_wconf 86' lang='lat' dir='ltr'><strong>actionis</strong></span> <span class='ocrx_word' id='word_1_447' title='bbox 3274 2035 3558 2106; x_wconf 84' lang='lat' dir='ltr'><strong>recipiant,</strong></span> <span class='ocrx_word' id='word_1_448' title='bbox 3605 2042 3665 2090; x_wconf 93' lang='lat' dir='ltr'><strong>et</strong></span> <span class='ocrx_word' id='word_1_449' title='bbox 3707 2033 3850 2102; x_wconf 82' lang='lat' dir='ltr'><strong>apud</strong></span> 
     </span>
    </p>
   </div>
   <div class='ocr_carea' id='block_1_66' title="bbox 2261 2128 3849 2205">
    <p class='ocr_par' dir='ltr' id='par_1_66' title="bbox 2261 2128 3849 2205">
     <span class='ocr_line' id='line_1_66' title="bbox 2261 2128 3849 2205; baseline -0.003 -19"><span class='ocrx_word' id='word_1_450' title='bbox 2261 2133 2568 2205; x_wconf 90' lang='lat' dir='ltr'><strong>districtum</strong></span> <span class='ocrx_word' id='word_1_451' title='bbox 2591 2129 2834 2186; x_wconf 85' lang='lat' dir='ltr'><strong>Judicem</strong></span> <span class='ocrx_word' id='word_1_452' title='bbox 2864 2129 3084 2200; x_wconf 65' lang='lat' dir='ltr'><strong>praemia</strong></span> <span class='ocrx_word' id='word_1_453' title='bbox 3120 2139 3337 2185; x_wconf 72' lang='lat' dir='ltr'><strong>mtcrnze</strong></span> <span class='ocrx_word' id='word_1_454' title='bbox 3365 2128 3517 2199; x_wconf 91' lang='lat' dir='ltr'><strong>pacis</strong></span> <span class='ocrx_word' id='word_1_455' title='bbox 3543 2128 3849 2182; x_wconf 86' lang='lat' dir='ltr'><strong>inveniant.</strong></span> 
     </span>
    </p>
   </div>
   <div class='ocr_carea' id='block_1_67' title="bbox 2328 2219 3854 2293">
    <p class='ocr_par' dir='ltr' id='par_1_67' title="bbox 2328 2219 3854 2293">
     <span class='ocr_line' id='line_1_67' title="bbox 2328 2219 3854 2293; baseline -0.003 -15"><span class='ocrx_word' id='word_1_456' title='bbox 2328 2226 2459 2279; x_wconf 89' lang='lat' dir='ltr'><strong>Data</strong></span> <span class='ocrx_word' id='word_1_457' title='bbox 2497 2239 2527 2276; x_wconf 80' lang='grc' dir='ltr'><strong>ν</strong></span> <span class='ocrx_word' id='word_1_458' title='bbox 2567 2223 2834 2278; x_wconf 78' lang='lat' dir='ltr'><strong>Kalendas</strong></span> <span class='ocrx_word' id='word_1_459' title='bbox 2870 2222 2990 2276; x_wconf 83' lang='lat' dir='ltr'><strong>Maii</strong></span> <span class='ocrx_word' id='word_1_460' title='bbox 3017 2237 3113 2293; x_wconf 90' lang='lat' dir='ltr'><strong>per</strong></span> <span class='ocrx_word' id='word_1_461' title='bbox 3138 2237 3330 2275; x_wconf 88' lang='lat' dir='ltr'><strong>manus</strong></span> <span class='ocrx_word' id='word_1_462' title='bbox 3354 2220 3501 2275; x_wconf 86' lang='lat' dir='ltr'><strong>Petri</strong></span> <span class='ocrx_word' id='word_1_463' title='bbox 3552 2219 3771 2274; x_wconf 89' lang='lat' dir='ltr'><strong>diaconi</strong></span> <span class='ocrx_word' id='word_1_464' title='bbox 3797 2225 3854 2273; x_wconf 87' lang='lat' dir='ltr'><strong>et</strong></span> 
     </span>
    </p>
   </div>
   <div class='ocr_carea' id='block_1_68' title="bbox 2257 2311 3854 2388">
    <p class='ocr_par' dir='ltr' id='par_1_68' title="bbox 2257 2311 3854 2388">
     <span class='ocr_line' id='line_1_68' title="bbox 2257 2311 3854 2388; baseline -0.004 -15"><span class='ocrx_word' id='word_1_465' title='bbox 2257 2317 2648 2373; x_wconf 86' lang='lat' dir='ltr'><strong>bibliotliecarii</strong></span> <span class='ocrx_word' id='word_1_466' title='bbox 2672 2327 2870 2371; x_wconf 74' lang='lat' dir='ltr'><strong>sancta:</strong></span> <span class='ocrx_word' id='word_1_467' title='bbox 2891 2316 3032 2372; x_wconf 88' lang='lat' dir='ltr'><strong>sedis</strong></span> <span class='ocrx_word' id='word_1_468' title='bbox 3055 2315 3384 2388; x_wconf 72' lang='lat' dir='ltr'><strong>apostolice,</strong></span> <span class='ocrx_word' id='word_1_469' title='bbox 3411 2327 3556 2369; x_wconf 87' lang='lat' dir='ltr'><strong>anno</strong></span> <span class='ocrx_word' id='word_1_470' title='bbox 3580 2328 3622 2368; x_wconf 88' lang='grc' dir='ltr'><strong>ιι</strong></span> <span class='ocrx_word' id='word_1_471' title='bbox 3646 2311 3854 2367; x_wconf 82' lang='lat' dir='ltr'><strong>domini</strong></span> 
     </span>
    </p>
   </div>
   <div class='ocr_carea' id='block_1_69' title="bbox 2256 2409 3094 2475">
    <p class='ocr_par' dir='ltr' id='par_1_69' title="bbox 2256 2409 3094 2475">
     <span class='ocr_line' id='line_1_69' title="bbox 2256 2409 3094 2475; baseline -0.005 -9"><span class='ocrx_word' id='word_1_472' title='bbox 2256 2411 2454 2466; x_wconf 86' lang='lat' dir='ltr'><strong>Leonis</strong></span> <span class='ocrx_word' id='word_1_473' title='bbox 2484 2409 2550 2464; x_wconf 76' lang='lat' dir='ltr'><strong>IX</strong></span> <span class='ocrx_word' id='word_1_474' title='bbox 2581 2425 2753 2475; x_wconf 83' lang='lat' dir='ltr'><strong>Danae,</strong></span> <span class='ocrx_word' id='word_1_475' title='bbox 2795 2410 2982 2466; x_wconf 88' lang='lat' dir='ltr'><strong>indict.</strong></span> <span class='ocrx_word' id='word_1_476' title='bbox 3013 2425 3094 2464; x_wconf 91' lang='grc' dir='ltr'><strong>ιιι.</strong></span> 
     </span>
    </p>
   </div>
   <div class='ocr_carea' id='block_1_70' title="bbox 2911 2516 3176 2572">
    <p class='ocr_par' dir='ltr' id='par_1_70' title="bbox 2911 2516 3176 2572">
     <span class='ocr_line' id='line_1_70' title="bbox 2911 2516 3176 2572; baseline -0.008 0"><span class='ocrx_word' id='word_1_477' title='bbox 2911 2516 3176 2572; x_wconf 75' lang='lat' dir='ltr'><strong>XXXVII.</strong></span> 
     </span>
    </p>
   </div>
   <div class='ocr_carea' id='block_1_71' title="bbox 2261 2625 3856 2685">
    <p class='ocr_par' dir='ltr' id='par_1_71' title="bbox 2261 2625 3856 2685">
     <span class='ocr_line' id='line_1_71' title="bbox 2261 2625 3856 2685; baseline -0.006 0"><span class='ocrx_word' id='word_1_478' title='bbox 2261 2629 2317 2685; x_wconf 88' lang='lat' dir='ltr'><strong>S.</strong></span> <span class='ocrx_word' id='word_1_479' title='bbox 2350 2629 2454 2683; x_wconf 85' lang='lat' dir='ltr'><strong>Leo</strong></span> <span class='ocrx_word' id='word_1_480' title='bbox 2486 2627 2567 2682; x_wconf 78' lang='lat' dir='ltr'><strong>IX</strong></span> <span class='ocrx_word' id='word_1_481' title='bbox 2602 2627 2864 2682; x_wconf 81' lang='lat' dir='ltr'><strong>Willelmo</strong></span> <span class='ocrx_word' id='word_1_482' title='bbox 2903 2627 3083 2680; x_wconf 79' lang='lat' dir='ltr'><strong>comiti</strong></span> <span class='ocrx_word' id='word_1_483' title='bbox 3135 2625 3450 2680; x_wconf 79' lang='lat' dir='ltr'><strong>Nireraensi</strong></span> <span class='ocrx_word' id='word_1_484' title='bbox 3495 2628 3594 2679; x_wconf 82' lang='lat' dir='ltr'><strong>sub</strong></span> <span class='ocrx_word' id='word_1_485' title='bbox 3643 2639 3856 2676; x_wconf 65' lang='lat' dir='ltr'><strong>excom-</strong></span> 
     </span>
    </p>
   </div>
   <div class='ocr_carea' id='block_1_72' title="bbox 2329 2692 3857 2768">
    <p class='ocr_par' dir='ltr' id='par_1_72' title="bbox 2329 2692 3857 2768">
     <span class='ocr_line' id='line_1_72' title="bbox 2329 2692 3857 2768; baseline -0.005 -16"><span class='ocrx_word' id='word_1_486' title='bbox 2329 2699 2700 2753; x_wconf 82' lang='lat' dir='ltr'><strong>municationis</strong></span> <span class='ocrx_word' id='word_1_487' title='bbox 2731 2714 2879 2766; x_wconf 71' lang='lat' dir='ltr'><strong>paena</strong></span> <span class='ocrx_word' id='word_1_488' title='bbox 2912 2699 3145 2768; x_wconf 73' lang='lat' dir='ltr'><strong>prwcipit</strong></span> <span class='ocrx_word' id='word_1_489' title='bbox 3183 2707 3238 2750; x_wconf 83' lang='lat' dir='ltr'><strong>ut</strong></span> <span class='ocrx_word' id='word_1_490' title='bbox 3280 2696 3603 2750; x_wconf 78' lang='lat' dir='ltr'><strong>monasterio</strong></span> <span class='ocrx_word' id='word_1_491' title='bbox 3630 2692 3690 2748; x_wconf 90' lang='lat' dir='ltr'><strong>S.</strong></span> <span class='ocrx_word' id='word_1_492' title='bbox 3724 2692 3857 2747; x_wconf 69' lang='lat' dir='ltr'><strong>Bero</strong></span> 
     </span>
    </p>
   </div>
   <div class='ocr_carea' id='block_1_73' title="bbox 2331 2769 3230 2824">
    <p class='ocr_par' dir='ltr' id='par_1_73' title="bbox 2331 2769 3230 2824">
     <span class='ocr_line' id='line_1_73' title="bbox 2331 2769 3230 2824; baseline -0.003 -1"><span class='ocrx_word' id='word_1_493' title='bbox 2331 2769 2462 2824; x_wconf 69' lang='grc' dir='ltr'><strong>ται-εἰ</strong></span> <span class='ocrx_word' id='word_1_494' title='bbox 2489 2769 2734 2823; x_wconf 78' lang='lat' dir='ltr'><strong>Derecnsi</strong></span> <span class='ocrx_word' id='word_1_495' title='bbox 2766 2769 2942 2821; x_wconf 78' lang='lat' dir='ltr'><strong>ablata</strong></span> <span class='ocrx_word' id='word_1_496' title='bbox 2973 2769 3230 2821; x_wconf 77' lang='lat' dir='ltr'><strong>restituat.</strong></span> 
     </span>
    </p>
   </div>
   <div class='ocr_carea' id='block_1_74' title="bbox 2867 2881 3256 2952">
    <p class='ocr_par' dir='ltr' id='par_1_74' title="bbox 2867 2881 3256 2952">
     <span class='ocr_line' id='line_1_74' title="bbox 2867 2881 3256 2952; baseline 0 -15"><span class='ocrx_word' id='word_1_497' title='bbox 2867 2883 3045 2952; x_wconf 82' lang='lat' dir='ltr'><strong>(Anno</strong></span> <span class='ocrx_word' id='word_1_498' title='bbox 3071 2881 3256 2952; x_wconf 69' lang='lat'><strong>1050.)</strong></span> 
     </span>
    </p>
   </div>
   <div class='ocr_carea' id='block_1_75' title="bbox 2412 2977 3735 3058">
    <p class='ocr_par' dir='ltr' id='par_1_75' title="bbox 2412 2977 3735 3058">
     <span class='ocr_line' id='line_1_75' title="bbox 2412 2977 3735 3058; baseline -0.006 -19"><span class='ocrx_word' id='word_1_499' title='bbox 2412 2981 2666 3058; x_wconf 79' lang='lat' dir='ltr'><strong>[Mabill.,</strong></span> <span class='ocrx_word' id='word_1_500' title='bbox 2702 2979 2899 3036; x_wconf 80' lang='lat' dir='ltr'><strong>Annal.</strong></span> <span class='ocrx_word' id='word_1_501' title='bbox 2933 2979 3049 3034; x_wconf 83' lang='lat' dir='ltr'><strong>0rd.</strong></span> <span class='ocrx_word' id='word_1_502' title='bbox 3084 2977 3142 3034; x_wconf 91' lang='lat' dir='ltr'><strong>S.</strong></span> <span class='ocrx_word' id='word_1_503' title='bbox 3179 2978 3401 3042; x_wconf 82' lang='lat' dir='ltr'><strong>Bened.,</strong></span> <span class='ocrx_word' id='word_1_504' title='bbox 3440 2977 3530 3043; x_wconf 86' lang='lat' dir='ltr'><strong>IV,</strong></span> <span class='ocrx_word' id='word_1_505' title='bbox 3575 2978 3735 3049; x_wconf 56' lang='lat'><strong>527.1</strong></span> 
     </span>
    </p>
   </div>
   <div class='ocr_carea' id='block_1_76' title="bbox 2335 3069 3859 3147">
    <p class='ocr_par' dir='ltr' id='par_1_76' title="bbox 2335 3069 3859 3147">
     <span class='ocr_line' id='line_1_76' title="bbox 2335 3069 3859 3147; baseline -0.008 -13"><span class='ocrx_word' id='word_1_506' title='bbox 2335 3076 2449 3134; x_wconf 76' lang='grc' dir='ltr'><strong>ιιο</strong></span> <span class='ocrx_word' id='word_1_507' title='bbox 2497 3076 2784 3147; x_wconf 89' lang='lat' dir='ltr'><strong>episcopus</strong></span> <span class='ocrx_word' id='word_1_508' title='bbox 2805 3115 2820 3139; x_wconf 96' lang='lat'><strong>,</strong></span> <span class='ocrx_word' id='word_1_509' title='bbox 2853 3087 3043 3127; x_wconf 87' lang='lat' dir='ltr'><strong>servus</strong></span> <span class='ocrx_word' id='word_1_510' title='bbox 3071 3084 3351 3125; x_wconf 87' lang='lat' dir='ltr'><strong>servorum</strong></span> <span class='ocrx_word' id='word_1_511' title='bbox 3397 3069 3520 3135; x_wconf 91' lang='lat' dir='ltr'><strong>Dei,</strong></span> <span class='ocrx_word' id='word_1_512' title='bbox 3550 3069 3859 3124; x_wconf 75' lang='lat' dir='ltr'><strong>WtLLuuo</strong></span> 
     </span>
    </p>
   </div>
   <div class='ocr_carea' id='block_1_77' title="bbox 2265 3159 3688 3232">
    <p class='ocr_par' dir='ltr' id='par_1_77' title="bbox 2265 3159 3688 3232">
     <span class='ocr_line' id='line_1_77' title="bbox 2265 3159 3688 3232; baseline -0.006 -10"><span class='ocrx_word' id='word_1_513' title='bbox 2265 3165 2588 3223; x_wconf 76' lang='lat' dir='ltr'><strong>Nivernensi</strong></span> <span class='ocrx_word' id='word_1_514' title='bbox 2625 3163 2808 3222; x_wconf 80' lang='lat' dir='ltr'><strong>comiti</strong></span> <span class='ocrx_word' id='word_1_515' title='bbox 2842 3160 3197 3232; x_wconf 86' lang='lat' dir='ltr'><strong>apostolicam</strong></span> <span class='ocrx_word' id='word_1_516' title='bbox 3230 3159 3688 3214; x_wconf 82' lang='lat' dir='ltr'><strong>benedictionem.</strong></span> 
     </span>
    </p>
   </div>
   <div class='ocr_carea' id='block_1_78' title="bbox 2340 3248 3860 3326">
    <p class='ocr_par' dir='ltr' id='par_1_78' title="bbox 2340 3248 3860 3326">
     <span class='ocr_line' id='line_1_78' title="bbox 2340 3248 3860 3326; baseline -0.007 -13"><span class='ocrx_word' id='word_1_517' title='bbox 2340 3257 2658 3326; x_wconf 82' lang='lat' dir='ltr'><strong>Mandauius</strong></span> <span class='ocrx_word' id='word_1_518' title='bbox 2704 3263 2758 3309; x_wconf 92' lang='lat' dir='ltr'><strong>et</strong></span> <span class='ocrx_word' id='word_1_519' title='bbox 2808 3251 3155 3322; x_wconf 57' lang='lat' dir='ltr'><strong>praecipimus</strong></span> <span class='ocrx_word' id='word_1_520' title='bbox 3194 3251 3288 3305; x_wconf 92' lang='lat' dir='ltr'><strong>tibi</strong></span> <span class='ocrx_word' id='word_1_521' title='bbox 3333 3259 3390 3303; x_wconf 92' lang='lat' dir='ltr'><strong>ut</strong></span> <span class='ocrx_word' id='word_1_522' title='bbox 3446 3260 3657 3303; x_wconf 88' lang='lat' dir='ltr'><strong>rectum</strong></span> <span class='ocrx_word' id='word_1_523' title='bbox 3692 3248 3860 3302; x_wconf 78' lang='lat' dir='ltr'><strong>facias</strong></span> 
     </span>
    </p>
   </div>
   <div class='ocr_carea' id='block_1_79' title="bbox 2270 3342 3862 3416">
    <p class='ocr_par' dir='ltr' id='par_1_79' title="bbox 2270 3342 3862 3416">
     <span class='ocr_line' id='line_1_79' title="bbox 2270 3342 3862 3416; baseline -0.007 -10"><span class='ocrx_word' id='word_1_524' title='bbox 2270 3352 2409 3414; x_wconf 89' lang='lat' dir='ltr'><strong>Deo,</strong></span> <span class='ocrx_word' id='word_1_525' title='bbox 2443 3358 2499 3404; x_wconf 91' lang='lat' dir='ltr'><strong>et</strong></span> <span class='ocrx_word' id='word_1_526' title='bbox 2530 3348 2735 3404; x_wconf 88' lang='lat' dir='ltr'><strong>sanctis</strong></span> <span class='ocrx_word' id='word_1_527' title='bbox 2769 3345 3030 3416; x_wconf 90' lang='lat' dir='ltr'><strong>apostolis</strong></span> <span class='ocrx_word' id='word_1_528' title='bbox 3075 3343 3238 3399; x_wconf 80' lang='lat' dir='ltr'><strong>Petro</strong></span> <span class='ocrx_word' id='word_1_529' title='bbox 3267 3351 3322 3397; x_wconf 91' lang='lat' dir='ltr'><strong>et</strong></span> <span class='ocrx_word' id='word_1_530' title='bbox 3351 3342 3552 3407; x_wconf 84' lang='lat' dir='ltr'><strong>Paulo,</strong></span> <span class='ocrx_word' id='word_1_531' title='bbox 3584 3351 3642 3397; x_wconf 90' lang='lat' dir='ltr'><strong>et</strong></span> <span class='ocrx_word' id='word_1_532' title='bbox 3673 3353 3862 3396; x_wconf 82' lang='lat' dir='ltr'><strong>sancto</strong></span> 
     </span>
    </p>
   </div>
   <div class='ocr_carea' id='block_1_80' title="bbox 2270 3433 3862 3504">
    <p class='ocr_par' dir='ltr' id='par_1_80' title="bbox 2270 3433 3862 3504">
     <span class='ocr_line' id='line_1_80' title="bbox 2270 3433 3862 3504; baseline -0.006 -9"><span class='ocrx_word' id='word_1_533' title='bbox 2270 3441 2588 3504; x_wconf 83' lang='lat' dir='ltr'><strong>Berchario,</strong></span> <span class='ocrx_word' id='word_1_534' title='bbox 2617 3437 2976 3494; x_wconf 65' lang='lat' dir='ltr'><strong>etanonacbis</strong></span> <span class='ocrx_word' id='word_1_535' title='bbox 2997 3434 3127 3490; x_wconf 91' lang='lat' dir='ltr'><strong>inibi</strong></span> <span class='ocrx_word' id='word_1_536' title='bbox 3155 3433 3690 3497; x_wconf 87' lang='lat' dir='ltr'><strong>considentibus,.dc</strong></span> <span class='ocrx_word' id='word_1_537' title='bbox 3720 3449 3862 3502; x_wconf 79' lang='lat' dir='ltr'><strong>pra:-</strong></span> 
     </span>
    </p>
   </div>
   <div class='ocr_carea' id='block_1_81' title="bbox 2271 3523 3862 3597">
    <p class='ocr_par' dir='ltr' id='par_1_81' title="bbox 2271 3523 3862 3597">
     <span class='ocr_line' id='line_1_81' title="bbox 2271 3523 3862 3597; baseline -0.008 -9"><span class='ocrx_word' id='word_1_538' title='bbox 2271 3533 2376 3588; x_wconf 91' lang='lat' dir='ltr'><strong>diis</strong></span> <span class='ocrx_word' id='word_1_539' title='bbox 2405 3530 2639 3595; x_wconf 90' lang='lat' dir='ltr'><strong>illorum,</strong></span> <span class='ocrx_word' id='word_1_540' title='bbox 2664 3531 2806 3585; x_wconf 91' lang='lat' dir='ltr'><strong>sicut</strong></span> <span class='ocrx_word' id='word_1_541' title='bbox 2830 3527 2942 3597; x_wconf 89' lang='lat' dir='ltr'><strong>jam</strong></span> <span class='ocrx_word' id='word_1_542' title='bbox 2979 3527 3073 3582; x_wconf 91' lang='lat' dir='ltr'><strong>tibi</strong></span> <span class='ocrx_word' id='word_1_543' title='bbox 3099 3525 3479 3596; x_wconf 66' lang='lat' dir='ltr'><strong>prmcepimus,</strong></span> <span class='ocrx_word' id='word_1_544' title='bbox 3508 3535 3562 3580; x_wconf 89' lang='lat' dir='ltr'><strong>et</strong></span> <span class='ocrx_word' id='word_1_545' title='bbox 3593 3534 3647 3594; x_wconf 80' lang='lat' dir='ltr'><strong>tu</strong></span> <span class='ocrx_word' id='word_1_546' title='bbox 3677 3523 3862 3577; x_wconf 82' lang='lat' dir='ltr'><strong>abbati</strong></span> 
     </span>
    </p>
   </div>
   <div class='ocr_carea' id='block_1_82' title="bbox 2272 3618 3866 3688">
    <p class='ocr_par' dir='ltr' id='par_1_82' title="bbox 2272 3618 3866 3688">
     <span class='ocr_line' id='line_1_82' title="bbox 2272 3618 3866 3688; baseline -0.008 -7"><span class='ocrx_word' id='word_1_547' title='bbox 2272 3626 2486 3681; x_wconf 89' lang='lat' dir='ltr'><strong>illorum</strong></span> <span class='ocrx_word' id='word_1_548' title='bbox 2520 3623 2846 3679; x_wconf 86' lang='lat' dir='ltr'><strong>convenisti.</strong></span> <span class='ocrx_word' id='word_1_549' title='bbox 2882 3620 3033 3688; x_wconf 84' lang='lat' dir='ltr'><strong>Quod</strong></span> <span class='ocrx_word' id='word_1_550' title='bbox 3084 3620 3189 3675; x_wconf 91' lang='lat' dir='ltr'><strong>nisi</strong></span> <span class='ocrx_word' id='word_1_551' title='bbox 3233 3619 3463 3682; x_wconf 84' lang='lat' dir='ltr'><strong>feceris,</strong></span> <span class='ocrx_word' id='word_1_552' title='bbox 3515 3618 3598 3680; x_wconf 91' lang='lat' dir='ltr'><strong>si,</strong></span> <span class='ocrx_word' id='word_1_553' title='bbox 3632 3626 3866 3686; x_wconf 73' lang='lat' dir='ltr'><strong>quatuor</strong></span> 
     </span>
    </p>
   </div>
   <div class='ocr_carea' id='block_1_83' title="bbox 2272 3710 3863 3788">
    <p class='ocr_par' dir='ltr' id='par_1_83' title="bbox 2272 3710 3863 3788">
     <span class='ocr_line' id='line_1_83' title="bbox 2272 3710 3863 3788; baseline -0.006 -18"><span class='ocrx_word' id='word_1_554' title='bbox 2272 3715 2784 3788; x_wconf 90' lang='lat' dir='ltr'><strong>proclamatiouibus</strong></span> <span class='ocrx_word' id='word_1_555' title='bbox 2837 3714 3018 3774; x_wconf 89' lang='lat' dir='ltr'><strong>factis,</strong></span> <span class='ocrx_word' id='word_1_556' title='bbox 3068 3712 3136 3766; x_wconf 88' lang='lat' dir='ltr'><strong>ad</strong></span> <span class='ocrx_word' id='word_1_557' title='bbox 3184 3726 3271 3766; x_wconf 90' lang='lat' dir='ltr'><strong>me</strong></span> <span class='ocrx_word' id='word_1_558' title='bbox 3319 3713 3386 3765; x_wconf 91' lang='lat' dir='ltr'><strong>de</strong></span> <span class='ocrx_word' id='word_1_559' title='bbox 3432 3713 3534 3765; x_wconf 90' lang='lat' dir='ltr'><strong>hac</strong></span> <span class='ocrx_word' id='word_1_560' title='bbox 3579 3725 3642 3764; x_wconf 89' lang='lat' dir='ltr'><strong>re</strong></span> <span class='ocrx_word' id='word_1_561' title='bbox 3675 3710 3863 3778; x_wconf 76' lang='lat' dir='ltr'><strong>quinta</strong></span> 
     </span>
    </p>
   </div>
   <div class='ocr_carea' id='block_1_84' title="bbox 2273 3794 3707 3876">
    <p class='ocr_par' dir='ltr' id='par_1_84' title="bbox 2273 3794 3707 3876">
     <span class='ocr_line' id='line_1_84' title="bbox 2273 3794 3707 3876; baseline -0.006 -14"><span class='ocrx_word' id='word_1_562' title='bbox 2273 3808 2413 3864; x_wconf 85' lang='lat' dir='ltr'><strong>facta</strong></span> <span class='ocrx_word' id='word_1_563' title='bbox 2443 3794 2640 3870; x_wconf 82' lang='lat' dir='ltr'><strong>fuerit,</strong></span> <span class='ocrx_word' id='word_1_564' title='bbox 2669 3804 2911 3876; x_wconf 87' lang='lat' dir='ltr'><strong>profecto</strong></span> <span class='ocrx_word' id='word_1_565' title='bbox 2935 3802 3518 3859; x_wconf 82' lang='lat' dir='ltr'><strong>excommunicaberts.</strong></span> <span class='ocrx_word' id='word_1_566' title='bbox 3551 3801 3707 3854; x_wconf 72' lang='lat' dir='ltr'><strong>Vale.</strong></span> 
     </span>
    </p>
   </div>
   <div class='ocr_carea' id='block_1_85' title="bbox 2275 3891 3865 3965">
    <p class='ocr_par' dir='ltr' id='par_1_85' title="bbox 2275 3891 3865 3965">
     <span class='ocr_line' id='line_1_85' title="bbox 2275 3891 3865 3965; baseline -0.006 -11"><span class='ocrx_word' id='word_1_567' title='bbox 2275 3951 2279 3954; x_wconf 85' lang='lat'>.</span> <span class='ocrx_word' id='word_1_568' title='bbox 2345 3897 2478 3952; x_wconf 90' lang='lat' dir='ltr'><strong>Data</strong></span> <span class='ocrx_word' id='word_1_569' title='bbox 2507 3896 2728 3951; x_wconf 80' lang='lat' dir='ltr'><strong>Kalend.</strong></span> <span class='ocrx_word' id='word_1_570' title='bbox 2766 3895 2888 3950; x_wconf 87' lang='lat' dir='ltr'><strong>Maii</strong></span> <span class='ocrx_word' id='word_1_571' title='bbox 2918 3911 3014 3965; x_wconf 86' lang='lat' dir='ltr'><strong>per</strong></span> <span class='ocrx_word' id='word_1_572' title='bbox 3044 3910 3235 3948; x_wconf 90' lang='lat' dir='ltr'><strong>manus</strong></span> <span class='ocrx_word' id='word_1_573' title='bbox 3271 3893 3414 3947; x_wconf 82' lang='lat' dir='ltr'><strong>Petri</strong></span> <span class='ocrx_word' id='word_1_574' title='bbox 3461 3891 3865 3946; x_wconf 84' lang='lat' dir='ltr'><strong>bibliothecarii</strong></span> 
     </span>
    </p>
   </div>
   <div class='ocr_carea' id='block_1_86' title="bbox 2275 3985 3865 4062">
    <p class='ocr_par' dir='ltr' id='par_1_86' title="bbox 2275 3985 3865 4062">
     <span class='ocr_line' id='line_1_86' title="bbox 2275 3985 3865 4062; baseline -0.006 -16"><span class='ocrx_word' id='word_1_575' title='bbox 2275 3999 2476 4046; x_wconf 77' lang='lat' dir='ltr'><strong>sancta:</strong></span> <span class='ocrx_word' id='word_1_576' title='bbox 2507 3989 2657 4062; x_wconf 80' lang='lat' dir='ltr'><strong>sedis</strong></span> <span class='ocrx_word' id='word_1_577' title='bbox 2694 3987 3035 4059; x_wconf 82' lang='lat' dir='ltr'><strong>apostolicae,</strong></span> <span class='ocrx_word' id='word_1_578' title='bbox 3081 4002 3226 4041; x_wconf 90' lang='lat' dir='ltr'><strong>anno</strong></span> <span class='ocrx_word' id='word_1_579' title='bbox 3273 3985 3455 4040; x_wconf 88' lang='lat' dir='ltr'><strong>domui</strong></span> <span class='ocrx_word' id='word_1_580' title='bbox 3490 3985 3692 4039; x_wconf 83' lang='lat' dir='ltr'><strong>Leonis</strong></span> <span class='ocrx_word' id='word_1_581' title='bbox 3741 3985 3865 4038; x_wconf 91' lang='lat' dir='ltr'><strong>noni</strong></span> 
     </span>
    </p>
   </div>
   <div class='ocr_carea' id='block_1_87' title="bbox 2277 4074 3868 4152">
    <p class='ocr_par' dir='ltr' id='par_1_87' title="bbox 2277 4074 3868 4152">
     <span class='ocr_line' id='line_1_87' title="bbox 2277 4074 3868 4152; baseline -0.006 -18"><span class='ocrx_word' id='word_1_582' title='bbox 2277 4098 2428 4152; x_wconf 74' lang='lat' dir='ltr'><strong>papa:</strong></span> <span class='ocrx_word' id='word_1_583' title='bbox 2457 4081 2726 4144; x_wconf 89' lang='lat' dir='ltr'><strong>secundo,</strong></span> <span class='ocrx_word' id='word_1_584' title='bbox 2761 4079 3056 4133; x_wconf 88' lang='lat' dir='ltr'><strong>indictione</strong></span> <span class='ocrx_word' id='word_1_585' title='bbox 3088 4078 3279 4142; x_wconf 87' lang='lat' dir='ltr'><strong>tertia,</strong></span> <span class='ocrx_word' id='word_1_586' title='bbox 3315 4076 3498 4129; x_wconf 87' lang='lat' dir='ltr'><strong>abbati</strong></span> <span class='ocrx_word' id='word_1_587' title='bbox 3535 4075 3713 4129; x_wconf 84' lang='lat' dir='ltr'><strong>sancti</strong></span> <span class='ocrx_word' id='word_1_588' title='bbox 3742 4074 3868 4126; x_wconf 86' lang='lat' dir='ltr'><strong>Ber-</strong></span> 
     </span>
    </p>
   </div>
   <div class='ocr_carea' id='block_1_88' title="bbox 2279 4167 3866 4243">
    <p class='ocr_par' dir='ltr' id='par_1_88' title="bbox 2279 4167 3866 4243">
     <span class='ocr_line' id='line_1_88' title="bbox 2279 4167 3866 4243; baseline -0.007 -15"><span class='ocrx_word' id='word_1_589' title='bbox 2279 4175 2477 4238; x_wconf 88' lang='lat' dir='ltr'><strong>charii,</strong></span> <span class='ocrx_word' id='word_1_590' title='bbox 2507 4189 2664 4243; x_wconf 89' lang='lat' dir='ltr'><strong>quem</strong></span> <span class='ocrx_word' id='word_1_591' title='bbox 2698 4173 2888 4226; x_wconf 89' lang='lat' dir='ltr'><strong>eodem</strong></span> <span class='ocrx_word' id='word_1_592' title='bbox 2917 4171 3004 4225; x_wconf 89' lang='lat' dir='ltr'><strong>die</strong></span> <span class='ocrx_word' id='word_1_593' title='bbox 3030 4171 3094 4223; x_wconf 89' lang='lat' dir='ltr'><strong>ad</strong></span> <span class='ocrx_word' id='word_1_594' title='bbox 3128 4171 3380 4224; x_wconf 85' lang='lat' dir='ltr'><strong>abbatem</strong></span> <span class='ocrx_word' id='word_1_595' title='bbox 3430 4168 3482 4221; x_wconf 92' lang='lat' dir='ltr'><strong>in</strong></span> <span class='ocrx_word' id='word_1_596' title='bbox 3514 4167 3725 4238; x_wconf 80' lang='lat' dir='ltr'><strong>capella</strong></span> <span class='ocrx_word' id='word_1_597' title='bbox 3772 4181 3866 4220; x_wconf 88' lang='lat' dir='ltr'><strong>sua</strong></span> 
     </span>
    </p>
   </div>
   <div class='ocr_carea' id='block_1_89' title="bbox 593 4237 3867 4328">
    <p class='ocr_par' dir='ltr' id='par_1_89' title="bbox 593 4237 3867 4328">
     <span class='ocr_line' id='line_1_89' title="bbox 593 4237 3867 4328; baseline -0.004 -3"><span class='ocrx_word' id='word_1_598' title='bbox 593 4245 817 4302; x_wconf 57' lang='lat' dir='ltr'><strong>“as‘crii</strong></span> <span class='ocrx_word' id='word_1_599' title='bbox 882 4243 1160 4304; x_wconf 48' lang='lat' dir='ltr'><strong>imitamst</strong></span> <span class='ocrx_word' id='word_1_600' title='bbox 1227 4239 1424 4294; x_wconf 58' lang='lat' dir='ltr'><strong>ibidem</strong></span> <span class='ocrx_word' id='word_1_601' title='bbox 1480 4237 1720 4307; x_wconf 50' lang='lat' dir='ltr'><strong>immicus</strong></span> <span class='ocrx_word' id='word_1_602' title='bbox 1792 4252 1982 4292; x_wconf 63' lang='lat'><strong>&quot;&quot;5535</strong></span> <span class='ocrx_word' id='word_1_603' title='bbox 2031 4246 2174 4306; x_wconf 66' lang='lat'><strong>33“&quot;</strong></span> <span class='ocrx_word' id='word_1_604' title='bbox 2209 4256 2254 4315; x_wconf 89' lang='lat' dir='ltr'><strong>D</strong></span> <span class='ocrx_word' id='word_1_605' title='bbox 2283 4237 3040 4323; x_wconf 82' lang='lat' dir='ltr'><strong>Lateranensibenedixerat,</strong></span> <span class='ocrx_word' id='word_1_606' title='bbox 3073 4261 3205 4314; x_wconf 91' lang='lat' dir='ltr'><strong>etei</strong></span> <span class='ocrx_word' id='word_1_607' title='bbox 3251 4274 3446 4314; x_wconf 88' lang='lat' dir='ltr'><strong>nomen</strong></span> <span class='ocrx_word' id='word_1_608' title='bbox 3491 4237 3680 4324; x_wconf 88' lang='lat' dir='ltr'><strong>suum,</strong></span> <span class='ocrx_word' id='word_1_609' title='bbox 3725 4256 3867 4328; x_wconf 90' lang='lat' dir='ltr'><strong>quod</strong></span> 
     </span>
    </p>
   </div>
   <div class='ocr_carea' id='block_1_90' title="bbox 596 4329 2176 4405">
    <p class='ocr_par' dir='ltr' id='par_1_90' title="bbox 596 4329 2176 4405">
     <span class='ocr_line' id='line_1_90' title="bbox 596 4329 2176 4405; baseline -0.005 -14"><span class='ocrx_word' id='word_1_610' title='bbox 596 4352 770 4405; x_wconf 84' lang='lat' dir='ltr'><strong>neque</strong></span> <span class='ocrx_word' id='word_1_611' title='bbox 801 4336 1061 4389; x_wconf 86' lang='lat' dir='ltr'><strong>stationes</strong></span> <span class='ocrx_word' id='word_1_612' title='bbox 1109 4333 1160 4386; x_wconf 95' lang='lat' dir='ltr'><strong>in</strong></span> <span class='ocrx_word' id='word_1_613' title='bbox 1197 4330 1384 4385; x_wconf 88' lang='lat' dir='ltr'><strong>eodem</strong></span> <span class='ocrx_word' id='word_1_614' title='bbox 1426 4330 1676 4384; x_wconf 72' lang='lat' dir='ltr'><strong>emnobio</strong></span> <span class='ocrx_word' id='word_1_615' title='bbox 1710 4329 1929 4394; x_wconf 89' lang='lat' dir='ltr'><strong>iudicat,</strong></span> <span class='ocrx_word' id='word_1_616' title='bbox 1964 4347 2029 4384; x_wconf 90' lang='lat' dir='ltr'><strong>ne</strong></span> <span class='ocrx_word' id='word_1_617' title='bbox 2057 4345 2176 4385; x_wconf 86' lang='lat' dir='ltr'><strong>ser--</strong></span> 
     </span>
    </p>
   </div>
   <div class='ocr_carea' id='block_1_91' title="bbox 598 4419 2175 4493">
    <p class='ocr_par' dir='ltr' id='par_1_91' title="bbox 598 4419 2175 4493">
     <span class='ocr_line' id='line_1_91' title="bbox 598 4419 2175 4493; baseline -0.005 -11"><span class='ocrx_word' id='word_1_618' title='bbox 598 4442 784 4482; x_wconf 82' lang='lat' dir='ltr'><strong>verum</strong></span> <span class='ocrx_word' id='word_1_619' title='bbox 843 4425 938 4479; x_wconf 88' lang='lat' dir='ltr'><strong>Dei</strong></span> <span class='ocrx_word' id='word_1_620' title='bbox 1028 4423 1184 4493; x_wconf 85' lang='lat' dir='ltr'><strong>quies</strong></span> <span class='ocrx_word' id='word_1_621' title='bbox 1256 4422 1527 4490; x_wconf 88' lang='lat' dir='ltr'><strong>quomodo</strong></span> <span class='ocrx_word' id='word_1_622' title='bbox 1594 4419 1838 4490; x_wconf 82' lang='lat' dir='ltr'><strong>populari</strong></span> <span class='ocrx_word' id='word_1_623' title='bbox 1908 4430 2175 4475; x_wconf 86' lang='lat' dir='ltr'><strong>conventu</strong></span> 
     </span>
    </p>
   </div>
   <div class='ocr_carea' id='block_1_92' title="bbox 599 4513 2178 4590">
    <p class='ocr_par' dir='ltr' id='par_1_92' title="bbox 599 4513 2178 4590">
     <span class='ocr_line' id='line_1_92' title="bbox 599 4513 2178 4590; baseline -0.005 -17"><span class='ocrx_word' id='word_1_624' title='bbox 599 4517 905 4590; x_wconf 80' lang='lat' dir='ltr'><strong>perturbari</strong></span> <span class='ocrx_word' id='word_1_625' title='bbox 940 4516 1135 4578; x_wconf 88' lang='lat' dir='ltr'><strong>valeat,</strong></span> <span class='ocrx_word' id='word_1_626' title='bbox 1164 4528 1336 4582; x_wconf 89' lang='lat' dir='ltr'><strong>neque</strong></span> <span class='ocrx_word' id='word_1_627' title='bbox 1363 4523 1602 4581; x_wconf 88' lang='lat' dir='ltr'><strong>paratas,</strong></span> <span class='ocrx_word' id='word_1_628' title='bbox 1635 4520 1730 4564; x_wconf 89' lang='lat' dir='ltr'><strong>aut</strong></span> <span class='ocrx_word' id='word_1_629' title='bbox 1757 4513 2178 4566; x_wconf 85' lang='lat' dir='ltr'><strong>mansionaticos</strong></span> 
     </span>
    </p>
   </div>
   <div class='ocr_carea' id='block_1_93' title="bbox 598 4603 2180 4679">
    <p class='ocr_par' dir='ltr' id='par_1_93' title="bbox 598 4603 2180 4679">
     <span class='ocr_line' id='line_1_93' title="bbox 598 4603 2180 4679; baseline -0.005 -13"><span class='ocrx_word' id='word_1_630' title='bbox 598 4611 793 4666; x_wconf 73' lang='lat' dir='ltr'><strong>exinde</strong></span> <span class='ocrx_word' id='word_1_631' title='bbox 817 4617 1106 4679; x_wconf 63' lang='lat' dir='ltr'><strong>praisumat</strong></span> <span class='ocrx_word' id='word_1_632' title='bbox 1133 4606 1366 4676; x_wconf 75' lang='lat' dir='ltr'><strong>exigere.</strong></span> <span class='ocrx_word' id='word_1_633' title='bbox 1408 4603 1814 4674; x_wconf 87' lang='lat' dir='ltr'><strong>Susceptionem</strong></span> <span class='ocrx_word' id='word_1_634' title='bbox 1844 4613 2023 4658; x_wconf 88' lang='lat' dir='ltr'><strong>autem</strong></span> <span class='ocrx_word' id='word_1_635' title='bbox 2051 4603 2180 4658; x_wconf 80' lang='lat' dir='ltr'><strong>fide-</strong></span> 
     </span>
    </p>
   </div>
   <div class='ocr_carea' id='block_1_94' title="bbox 599 4696 2178 4769">
    <p class='ocr_par' dir='ltr' id='par_1_94' title="bbox 599 4696 2178 4769">
     <span class='ocr_line' id='line_1_94' title="bbox 599 4696 2178 4769; baseline -0.006 -11"><span class='ocrx_word' id='word_1_636' title='bbox 599 4705 728 4758; x_wconf 88' lang='lat' dir='ltr'><strong>lium</strong></span> <span class='ocrx_word' id='word_1_637' title='bbox 761 4713 814 4757; x_wconf 89' lang='lat' dir='ltr'><strong>ct</strong></span> <span class='ocrx_word' id='word_1_638' title='bbox 845 4701 1217 4769; x_wconf 81' lang='lat' dir='ltr'><strong>religiosorum</strong></span> <span class='ocrx_word' id='word_1_639' title='bbox 1264 4699 1501 4752; x_wconf 89' lang='lat' dir='ltr'><strong>virormn</strong></span> <span class='ocrx_word' id='word_1_640' title='bbox 1545 4707 1707 4766; x_wconf 87' lang='lat' dir='ltr'><strong>atque</strong></span> <span class='ocrx_word' id='word_1_641' title='bbox 1743 4696 2178 4763; x_wconf 83' lang='lat' dir='ltr'><strong>beneficentiam,</strong></span> 
     </span>
    </p>
   </div>
   <div class='ocr_carea' id='block_1_95' title="bbox 601 4789 2182 4867">
    <p class='ocr_par' dir='ltr' id='par_1_95' title="bbox 601 4789 2182 4867">
     <span class='ocr_line' id='line_1_95' title="bbox 601 4789 2182 4867; baseline -0.005 -18"><span class='ocrx_word' id='word_1_642' title='bbox 601 4814 758 4867; x_wconf 89' lang='lat' dir='ltr'><strong>quam</strong></span> <span class='ocrx_word' id='word_1_643' title='bbox 783 4796 935 4866; x_wconf 88' lang='lat' dir='ltr'><strong>jubet</strong></span> <span class='ocrx_word' id='word_1_644' title='bbox 958 4791 1245 4863; x_wconf 77' lang='lat' dir='ltr'><strong>Apostolus</strong></span> <span class='ocrx_word' id='word_1_645' title='bbox 1269 4792 1476 4845; x_wconf 81' lang='lat' dir='ltr'><strong>cunctis</strong></span> <span class='ocrx_word' id='word_1_646' title='bbox 1490 4791 1869 4855; x_wconf 77' lang='lat' dir='ltr'><strong>exhibendam,</strong></span> <span class='ocrx_word' id='word_1_647' title='bbox 1890 4806 1984 4859; x_wconf 88' lang='lat' dir='ltr'><strong>pro</strong></span> <span class='ocrx_word' id='word_1_648' title='bbox 2006 4789 2182 4859; x_wconf 80' lang='lat' dir='ltr'><strong>possi-</strong></span> 
     </span>
    </p>
   </div>
   <div class='ocr_carea' id='block_1_96' title="bbox 604 4879 2182 4944">
    <p class='ocr_par' dir='ltr' id='par_1_96' title="bbox 604 4879 2182 4944">
     <span class='ocr_line' id='line_1_96' title="bbox 604 4879 2182 4944; baseline -0.005 -3"><span class='ocrx_word' id='word_1_649' title='bbox 604 4888 814 4941; x_wconf 89' lang='lat' dir='ltr'><strong>bilitate</strong></span> <span class='ocrx_word' id='word_1_650' title='bbox 843 4886 944 4940; x_wconf 89' lang='lat' dir='ltr'><strong>loci</strong></span> <span class='ocrx_word' id='word_1_651' title='bbox 1002 4894 1057 4938; x_wconf 89' lang='lat' dir='ltr'><strong>et</strong></span> <span class='ocrx_word' id='word_1_652' title='bbox 1108 4883 1444 4944; x_wconf 87' lang='lat' dir='ltr'><strong>facultatum,</strong></span> <span class='ocrx_word' id='word_1_653' title='bbox 1503 4897 1607 4935; x_wconf 90' lang='lat' dir='ltr'><strong>non</strong></span> <span class='ocrx_word' id='word_1_654' title='bbox 1646 4880 1804 4936; x_wconf 88' lang='lat' dir='ltr'><strong>modo</strong></span> <span class='ocrx_word' id='word_1_655' title='bbox 1837 4881 2032 4936; x_wconf 87' lang='lat' dir='ltr'><strong>ibidem</strong></span> <span class='ocrx_word' id='word_1_656' title='bbox 2068 4879 2182 4934; x_wconf 85' lang='lat' dir='ltr'><strong>fieri</strong></span> 
     </span>
    </p>
   </div>
   <div class='ocr_carea' id='block_1_97' title="bbox 605 4979 2185 5055">
    <p class='ocr_par' dir='ltr' id='par_1_97' title="bbox 605 4979 2185 5055">
     <span class='ocr_line' id='line_1_97' title="bbox 605 4979 2185 5055; baseline -0.005 -19"><span class='ocrx_word' id='word_1_657' title='bbox 605 4981 758 5055; x_wconf 83' lang='lat' dir='ltr'><strong>[non]</strong></span> <span class='ocrx_word' id='word_1_658' title='bbox 783 4981 1132 5051; x_wconf 78' lang='lat' dir='ltr'><strong>denegamus,</strong></span> <span class='ocrx_word' id='word_1_659' title='bbox 1164 4995 1348 5033; x_wconf 86' lang='lat' dir='ltr'><strong>verum</strong></span> <span class='ocrx_word' id='word_1_660' title='bbox 1374 4979 1534 5033; x_wconf 72' lang='lat' dir='ltr'><strong>etiam</strong></span> <span class='ocrx_word' id='word_1_661' title='bbox 1558 4980 1890 5032; x_wconf 85' lang='lat' dir='ltr'><strong>suademus:</strong></span> <span class='ocrx_word' id='word_1_662' title='bbox 1922 4987 1980 5030; x_wconf 93' lang='lat' dir='ltr'><strong>ut</strong></span> <span class='ocrx_word' id='word_1_663' title='bbox 2004 4987 2185 5030; x_wconf 88' lang='lat' dir='ltr'><strong>tamen</strong></span> 
     </span>
    </p>
   </div>
   <div class='ocr_carea' id='block_1_98' title="bbox 604 5069 2184 5139">
    <p class='ocr_par' dir='ltr' id='par_1_98' title="bbox 604 5069 2184 5139">
     <span class='ocr_line' id='line_1_98' title="bbox 604 5069 2184 5139; baseline -0.006 -9"><span class='ocrx_word' id='word_1_664' title='bbox 604 5085 661 5130; x_wconf 88' lang='lat' dir='ltr'><strong>et</strong></span> <span class='ocrx_word' id='word_1_665' title='bbox 676 5075 864 5128; x_wconf 84' lang='lat' dir='ltr'><strong>modus</strong></span> <span class='ocrx_word' id='word_1_666' title='bbox 879 5073 928 5126; x_wconf 90' lang='lat' dir='ltr'><strong>iu</strong></span> <span class='ocrx_word' id='word_1_667' title='bbox 949 5086 1176 5124; x_wconf 84' lang='lat' dir='ltr'><strong>numero</strong></span> <span class='ocrx_word' id='word_1_668' title='bbox 1197 5069 1632 5139; x_wconf 82' lang='lat' dir='ltr'><strong>congregationis</strong></span> <span class='ocrx_word' id='word_1_669' title='bbox 1652 5070 1787 5124; x_wconf 89' lang='lat' dir='ltr'><strong>adeo</strong></span> <span class='ocrx_word' id='word_1_670' title='bbox 1809 5078 2184 5132; x_wconf 81' lang='lat' dir='ltr'><strong>conservetur,</strong></span> 
     </span>
    </p>
   </div>
   <div class='ocr_carea' id='block_1_99' title="bbox 671 5245 2188 5326">
    <p class='ocr_par' dir='ltr' id='par_1_99' title="bbox 671 5245 2188 5326">
     <span class='ocr_line' id='line_1_99' title="bbox 671 5245 2188 5326; baseline -0.003 -25"><span class='ocrx_word' id='word_1_671' title='bbox 671 5248 820 5326; x_wconf 58' lang='lat'><strong>(129)</strong></span> <span class='ocrx_word' id='word_1_672' title='bbox 839 5247 1141 5326; x_wconf 78' lang='lat' dir='ltr'><strong>Brunonetu</strong></span> <span class='ocrx_word' id='word_1_673' title='bbox 1159 5255 1316 5326; x_wconf 69' lang='lat' dir='ltr'><strong>antea</strong></span> <span class='ocrx_word' id='word_1_674' title='bbox 1331 5256 1576 5326; x_wconf 71' lang='lat' dir='ltr'><strong>vocatum</strong></span> <span class='ocrx_word' id='word_1_675' title='bbox 1590 5247 1757 5302; x_wconf 85' lang='lat' dir='ltr'><strong>fuisse</strong></span> <span class='ocrx_word' id='word_1_676' title='bbox 1771 5245 2188 5326; x_wconf 41' lang='lat' dir='ltr'><strong>Wandelger&#39;um</strong></span> 
     </span>
    </p>
   </div>
   <div class='ocr_carea' id='block_1_100' title="bbox 612 5315 2184 5352">
    <p class='ocr_par' dir='ltr' id='par_1_100' title="bbox 612 5315 2184 5352">
     <span class='ocr_line' id='line_1_100' title="bbox 612 5315 2184 5352; baseline 0 0"><span class='ocrx_word' id='word_1_677' title='bbox 612 5321 866 5352; x_wconf 55' lang='lat' dir='ltr'><strong>A:a&#39;n:-\sllk‘</strong></span> <span class='ocrx_word' id='word_1_678' title='bbox 901 5333 961 5352; x_wconf 71' lang='grc' dir='ltr'><strong>[ιτ</strong></span> <span class='ocrx_word' id='word_1_679' title='bbox 999 5317 1162 5352; x_wconf 60' lang='grc' dir='ltr'><strong>ἶηαὶηε</strong></span> <span class='ocrx_word' id='word_1_680' title='bbox 1195 5317 1388 5352; x_wconf 59' lang='lat' dir='ltr'><strong>&quot;llus-ie</strong></span> <span class='ocrx_word' id='word_1_681' title='bbox 1456 5320 1646 5352; x_wconf 69' lang='grc' dir='ltr'><strong>ηηίΙιιτο</strong></span> <span class='ocrx_word' id='word_1_682' title='bbox 1694 5315 2038 5352; x_wconf 53' lang='lat' dir='ltr'><strong>annon-Iuliani.</strong></span> <span class='ocrx_word' id='word_1_683' title='bbox 2093 5315 2184 5352; x_wconf 72' lang='grc' dir='ltr'><strong>ίιιίΙ</strong></span> 
     </span>
    </p>
   </div>
   <div class='ocr_carea' id='block_1_101' title="bbox 2280 4351 3181 4424">
    <p class='ocr_par' dir='ltr' id='par_1_101' title="bbox 2280 4351 3181 4424">
     <span class='ocr_line' id='line_1_101' title="bbox 2280 4351 3181 4424; baseline -0.006 -15"><span class='ocrx_word' id='word_1_684' title='bbox 2280 4356 2381 4410; x_wconf 90' lang='lat' dir='ltr'><strong>fuit</strong></span> <span class='ocrx_word' id='word_1_685' title='bbox 2409 4357 2618 4418; x_wconf 73' lang='lat' dir='ltr'><strong>Iirtmo,</strong></span> <span class='ocrx_word' id='word_1_686' title='bbox 2650 4354 2980 4424; x_wconf 91' lang='lat' dir='ltr'><strong>imposuerat</strong></span> <span class='ocrx_word' id='word_1_687' title='bbox 3011 4351 3181 4423; x_wconf 71' lang='lat' dir='ltr'><strong>(I29).</strong></span> 
     </span>
    </p>
   </div>
   <div class='ocr_carea' id='block_1_102' title="bbox 2927 4462 3209 4519">
    <p class='ocr_par' dir='ltr' id='par_1_102' title="bbox 2927 4462 3209 4519">
     <span class='ocr_line' id='line_1_102' title="bbox 2927 4462 3209 4519; baseline -0.004 0"><span class='ocrx_word' id='word_1_688' title='bbox 2927 4462 3209 4519; x_wconf 76' lang='lat' dir='ltr'><strong>XXXVIII.</strong></span> 
     </span>
    </p>
   </div>
   <div class='ocr_carea' id='block_1_103' title="bbox 2285 4576 3868 4651">
    <p class='ocr_par' dir='ltr' id='par_1_103' title="bbox 2285 4576 3868 4651">
     <span class='ocr_line' id='line_1_103' title="bbox 2285 4576 3868 4651; baseline -0.008 -10"><span class='ocrx_word' id='word_1_689' title='bbox 2285 4586 2344 4642; x_wconf 90' lang='lat' dir='ltr'><strong>S.</strong></span> <span class='ocrx_word' id='word_1_690' title='bbox 2372 4584 2474 4638; x_wconf 86' lang='lat' dir='ltr'><strong>Leo</strong></span> <span class='ocrx_word' id='word_1_691' title='bbox 2506 4582 2610 4649; x_wconf 81' lang='lat' dir='ltr'><strong>IX,</strong></span> <span class='ocrx_word' id='word_1_692' title='bbox 2633 4585 2686 4636; x_wconf 83' lang='lat' dir='ltr'><strong>in</strong></span> <span class='ocrx_word' id='word_1_693' title='bbox 2714 4582 2912 4651; x_wconf 84' lang='lat' dir='ltr'><strong>synodo</strong></span> <span class='ocrx_word' id='word_1_694' title='bbox 2937 4579 3316 4651; x_wconf 81' lang='lat' dir='ltr'><strong>quinquaginta</strong></span> <span class='ocrx_word' id='word_1_695' title='bbox 3346 4578 3581 4651; x_wconf 53' lang='lat' dir='ltr'><strong>quinqui:</strong></span> <span class='ocrx_word' id='word_1_696' title='bbox 3603 4576 3868 4651; x_wconf 58' lang='lat' dir='ltr'><strong>episcopo-</strong></span> 
     </span>
    </p>
   </div>
   <div class='ocr_carea' id='block_1_104' title="bbox 2356 4646 3864 4720">
    <p class='ocr_par' dir='ltr' id='par_1_104' title="bbox 2356 4646 3864 4720">
     <span class='ocr_line' id='line_1_104' title="bbox 2356 4646 3864 4720; baseline -0.008 -12"><span class='ocrx_word' id='word_1_697' title='bbox 2356 4672 2495 4718; x_wconf 79' lang='lat' dir='ltr'><strong>rum,</strong></span> <span class='ocrx_word' id='word_1_698' title='bbox 2542 4646 2868 4712; x_wconf 64' lang='grc' dir='ltr'><strong>(ἐένανάῖηιι,</strong></span> <span class='ocrx_word' id='word_1_699' title='bbox 2910 4646 3493 4720; x_wconf 33' lang='lat' dir='ltr'><strong>quoad—antepiscopum</strong></span> <span class='ocrx_word' id='word_1_700' title='bbox 3543 4646 3864 4720; x_wconf 52' lang='lat' dir='ltr'><strong>Iulianum,</strong></span> 
     </span>
    </p>
   </div>
   <div class='ocr_carea' id='block_1_105' title="bbox 2357 4714 3865 4850">
    <p class='ocr_par' dir='ltr' id='par_1_105' title="bbox 2357 4714 3865 4850">
     <span class='ocr_line' id='line_1_105' title="bbox 2357 4714 3865 4850; baseline -0.008 -73"><span class='ocrx_word' id='word_1_701' title='bbox 2357 4714 2657 4850; x_wconf 44' lang='lat' dir='ltr'><strong>inguinibus</strong></span> <span class='ocrx_word' id='word_1_702' title='bbox 2692 4714 2932 4786; x_wconf 69' lang='lat' dir='ltr'><strong>ascribit,</strong></span> <span class='ocrx_word' id='word_1_703' title='bbox 2950 4722 3133 4790; x_wconf 84' lang='lat' dir='ltr'><strong>dieque</strong></span> <span class='ocrx_word' id='word_1_704' title='bbox 3182 4719 3252 4772; x_wconf 74' lang='lat'><strong>9.5</strong></span> <span class='ocrx_word' id='word_1_705' title='bbox 3303 4714 3493 4770; x_wconf 71' lang='lat' dir='ltr'><strong>mensis</strong></span> <span class='ocrx_word' id='word_1_706' title='bbox 3529 4717 3722 4786; x_wconf 54' lang='lat' dir='ltr'><strong>Aprilis</strong></span> <span class='ocrx_word' id='word_1_707' title='bbox 3768 4714 3865 4768; x_wconf 80' lang='lat' dir='ltr'><strong>coli</strong></span> 
     </span>
     <span class='ocr_line' id='line_1_106' title="bbox 2357 4808 2516 4850; baseline -0.013 0"><span class='ocrx_word' id='word_1_708' title='bbox 2357 4813 2410 4850; x_wconf 76' lang='grc' dir='ltr'><strong>ιιι</strong></span> <span class='ocrx_word' id='word_1_709' title='bbox 2450 4808 2516 4849; x_wconf 73' lang='grc' dir='ltr'><strong>ει.</strong></span> 
     </span>
    </p>
   </div>
   <div class='ocr_carea' id='block_1_106' title="bbox 2346 4813 2516 4867">
    <p class='ocr_par' dir='ltr' id='par_1_106' title="bbox 2346 4813 2516 4867">
     <span class='ocr_line' id='line_1_107' title="bbox 2346 4813 2516 4867; baseline -0.006 -18"><span class='ocrx_word' id='word_1_710' title='bbox 2346 4813 2516 4867; x_wconf 72' lang='lat' dir='ltr'><strong>Jnoer.</strong></span> 
     </span>
    </p>
   </div>
   <div class='ocr_carea' id='block_1_107' title="bbox 2888 4881 3278 4952">
    <p class='ocr_par' dir='ltr' id='par_1_107' title="bbox 2888 4881 3278 4952">
     <span class='ocr_line' id='line_1_108' title="bbox 2888 4881 3278 4952; baseline -0.005 -16"><span class='ocrx_word' id='word_1_711' title='bbox 2888 4883 3065 4952; x_wconf 68' lang='lat' dir='ltr'><strong>(Anno</strong></span> <span class='ocrx_word' id='word_1_712' title='bbox 3096 4881 3278 4944; x_wconf 79' lang='grc'><strong>1050.)</strong></span> 
     </span>
    </p>
   </div>
   <div class='ocr_carea' id='block_1_108' title="bbox 2433 4968 3726 5054">
    <p class='ocr_par' dir='ltr' id='par_1_108' title="bbox 2433 4968 3726 5054">
     <span class='ocr_line' id='line_1_109' title="bbox 2433 4968 3726 5054; baseline -0.01 -19"><span class='ocrx_word' id='word_1_713' title='bbox 2433 4979 2658 5054; x_wconf 75' lang='lat' dir='ltr'><strong>[MahilL</strong></span> <span class='ocrx_word' id='word_1_714' title='bbox 2688 4979 2815 5031; x_wconf 74' lang='lat' dir='ltr'><strong>Acta</strong></span> <span class='ocrx_word' id='word_1_715' title='bbox 2848 4974 2951 5031; x_wconf 85' lang='lat' dir='ltr'><strong>SS.</strong></span> <span class='ocrx_word' id='word_1_716' title='bbox 2985 4976 3101 5028; x_wconf 83' lang='lat' dir='ltr'><strong>0rd.</strong></span> <span class='ocrx_word' id='word_1_717' title='bbox 3139 4975 3200 5029; x_wconf 85' lang='lat' dir='ltr'><strong>S.</strong></span> <span class='ocrx_word' id='word_1_718' title='bbox 3225 4973 3452 5036; x_wconf 81' lang='lat' dir='ltr'><strong>Bened.,</strong></span> <span class='ocrx_word' id='word_1_719' title='bbox 3481 4972 3544 5035; x_wconf 83' lang='lat' dir='ltr'><strong>V,</strong></span> <span class='ocrx_word' id='word_1_720' title='bbox 3575 4968 3726 5044; x_wconf 61' lang='lat'><strong>895.]</strong></span> 
     </span>
    </p>
   </div>
   <div class='ocr_carea' id='block_1_109' title="bbox 2359 5057 3864 5137">
    <p class='ocr_par' dir='ltr' id='par_1_109' title="bbox 2359 5057 3864 5137">
     <span class='ocr_line' id='line_1_110' title="bbox 2359 5057 3864 5137; baseline -0.013 -11"><span class='ocrx_word' id='word_1_721' title='bbox 2359 5071 2470 5126; x_wconf 76' lang='grc' dir='ltr'><strong>Ι..εο</strong></span> <span class='ocrx_word' id='word_1_722' title='bbox 2521 5069 2833 5137; x_wconf 87' lang='lat' dir='ltr'><strong>episcopus,</strong></span> <span class='ocrx_word' id='word_1_723' title='bbox 2887 5079 3078 5119; x_wconf 86' lang='lat' dir='ltr'><strong>ser-vus</strong></span> <span class='ocrx_word' id='word_1_724' title='bbox 3132 5077 3415 5116; x_wconf 88' lang='lat' dir='ltr'><strong>servorum</strong></span> <span class='ocrx_word' id='word_1_725' title='bbox 3474 5061 3603 5123; x_wconf 85' lang='lat' dir='ltr'><strong>Dei,</strong></span> <span class='ocrx_word' id='word_1_726' title='bbox 3659 5057 3864 5111; x_wconf 82' lang='lat' dir='ltr'><strong>cunctis</strong></span> 
     </span>
    </p>
   </div>
   <div class='ocr_carea' id='block_1_110' title="bbox 2295 5236 3865 5308">
    <p class='ocr_par' dir='ltr' id='par_1_110' title="bbox 2295 5236 3865 5308">
     <span class='ocr_line' id='line_1_111' title="bbox 2295 5236 3865 5308; baseline -0.008 -10"><span class='ocrx_word' id='word_1_727' title='bbox 2295 5243 2480 5298; x_wconf 84' lang='lat' dir='ltr'><strong>Simon</strong></span> <span class='ocrx_word' id='word_1_728' title='bbox 2503 5282 2517 5305; x_wconf 88' lang='lat'><strong>,</strong></span> <span class='ocrx_word' id='word_1_729' title='bbox 2545 5243 2837 5308; x_wconf 56' lang='lat' dir='ltr'><strong>exterique</strong></span> <span class='ocrx_word' id='word_1_730' title='bbox 2888 5238 3161 5300; x_wconf 72' lang='lat' dir='ltr'><strong>haeredes,</strong></span> <span class='ocrx_word' id='word_1_731' title='bbox 3195 5252 3256 5290; x_wconf 85' lang='lat' dir='ltr'><strong>ea</strong></span> <span class='ocrx_word' id='word_1_732' title='bbox 3304 5236 3615 5290; x_wconf 84' lang='lat' dir='ltr'><strong>conditione</strong></span> <span class='ocrx_word' id='word_1_733' title='bbox 3635 5245 3702 5308; x_wconf 65' lang='grc' dir='ltr'><strong>⁸ιιι</strong></span> <span class='ocrx_word' id='word_1_734' title='bbox 3740 5248 3865 5300; x_wconf 70' lang='lat' dir='ltr'><strong>qua-</strong></span> 
     </span>
    </p>
   </div>
   <div class='ocr_carea' id='block_1_111' title="bbox 2296 5304 3866 5352">
    <p class='ocr_par' dir='ltr' id='par_1_111' title="bbox 2296 5304 3866 5352">
     <span class='ocr_line' id='line_1_112' title="bbox 2296 5304 3866 5352; baseline 0 0"><span class='ocrx_word' id='word_1_735' title='bbox 2296 5314 2421 5352; x_wconf 78' lang='lat' dir='ltr'><strong>Iilml</strong></span> <span class='ocrx_word' id='word_1_736' title='bbox 2453 5304 2686 5352; x_wconf 57' lang='grc' dir='ltr'><strong>ςιιριιιιιὶει</strong></span> <span class='ocrx_word' id='word_1_737' title='bbox 2722 5304 2853 5352; x_wconf 55' lang='grc' dir='ltr'><strong>Γὸνὶει</strong></span> <span class='ocrx_word' id='word_1_738' title='bbox 2903 5308 3185 5352; x_wconf 59' lang='grc' dir='ltr'><strong>ριιῖιιςιῖξειρΙ</strong></span> <span class='ocrx_word' id='word_1_739' title='bbox 3221 5308 3542 5352; x_wconf 66' lang='lat' dir='ltr'><strong>semirutum!</strong></span> <span class='ocrx_word' id='word_1_740' title='bbox 3569 5304 3866 5352; x_wconf 62' lang='lat' dir='ltr'><strong>celebretur</strong></span> 
     </span>
    </p>
   </div>
  </div>
