4062 5352
264 248 373 303 αδ

1262 245 1628 304 EPISTULA:
1654 243 1743 302 ET
1784 243 2102 301 DECRETA
2143 243 2547 303 PONTIFICIA.

3430 250 3530 307 Ιηϐ

267 361 553 420 catholica:
584 360 839 417 Ecclesia:
870 359 995 417 liliis
1023 359 1078 415 iu
1106 358 1323 416 Christo
1361 361 1592 416 salutem
1644 369 1701 415 et
1727 374 1856 429 apo-
1885 365 1932 424 Α
1962 358 2270 424 miraculis,
2305 367 2360 414 et
2390 359 2503 428 ipse
2543 373 2598 413 tn
2644 373 2871 415 numero
2895 368 3209 417 sanctorum
3258 362 3439 433 divino
3475 373 3549 419 srt

273 458 517 512 stolieam
551 455 1010 510 benedictionem.

342 542 532 602 Virtus
553 547 754 600 divinae
779 544 1112 615 operationis
1132 545 1185 599 in
1209 545 1459 600 omnibus
1479 555 1560 600 est
1581 545 1863 605 mirabilis,

277 639 508 692 maxime
559 647 741 691 tamen
787 636 839 690 in
887 637 1092 691 sanctis
1142 636 1294 700 suis,
1324 653 1460 705 quos
1511 637 1782 706 przescivit
1812 650 1863 690 et

277 728 675 799 praedistinavit
704 727 1013 782 coniormes
1045 728 1159 781 lieri
1193 728 1413 797 imagini
1444 726 1561 781 Filii
1588 728 1668 781 sui
1693 769 1705 787 .
1731 742 1867 796 quos

278 823 441 877 etiam
472 822 692 877 vocavit
720 832 775 877 et
810 821 1170 876 sanctiﬁcavit
1217 821 1395 890 (Rom.
1444 838 1572 886 vttt,
1619 822 1724 887 29,
1777 822 1866 889 50)

272 923 568 979 antequam
609 911 807 965 secula
857 910 1068 975 ﬂerent,
1101 922 1391 981 antequam
1437 912 1535 982 ipsi
1567 923 1865 966 exstarent.

278 1003 343 1057 Et
393 1003 520 1072 quia
572 1004 689 1072 ipse
740 1001 997 1056 Dominus
1048 1002 1100 1056 itt
1153 1001 1445 1072 Evangelia
1480 1004 1663 1057 dicit:
1712 1002 1871 1057 Pater

278 1113 425 1149 meus
459 1110 626 1163 usque
654 1093 807 1148 modo
835 1105 1101 1161 operatur,
1156 1105 1202 1147 et
1250 1110 1342 1163 ego
1392 1111 1575 1155 operor
1605 1094 1787 1163 (Joan.
1816 1108 1869 1160 ν,

280 1187 408 1255 17);
466 1200 657 1239 verum
710 1184 901 1255 procul
952 1184 1117 1237 dubio
1164 1200 1286 1239 esse
1339 1186 1584 1253 quotidie
1637 1187 1873 1241 ostendit

282 1276 503 1346 quando
552 1276 687 1330 dicit
724 1275 933 1329 scilicet
961 1290 1055 1329 eos
1086 1276 1504 1330 sanctilicamlos
1535 1293 1672 1345 quos
1707 1291 1868 1331 voca-

278 1367 353 1420 vit
376 1407 393 1429 ,
420 1380 519 1420 eos
552 1364 826 1419 vocandus
853 1380 990 1433 quos
1019 1364 1428 1434 praedestinavit
1468 1364 1580 1420 sola
1624 1366 1872 1434 gratuitae

276 1456 655 1511 .tniserationis
688 1456 958 1520 bonitate,
991 1471 1090 1509 nec
1120 1457 1339 1510 humani
1388 1458 1603 1527 generis
1645 1458 1871 1523 merito,

281 1548 409 1617 quia
457 1547 782 1600 naturaliter
822 1562 1010 1601 omnes
1063 1561 1249 1600 smnus
1286 1546 1377 1599 lilii
1417 1548 1511 1602 ine
1556 1557 1611 1601 et
1656 1547 1746 1603 lilii
1786 1564 1875 1618 ge-

284 1637 499 1692 hennae.
526 1637 635 1690 Cur
663 1645 845 1690 autem
878 1636 991 1691 hzec
1018 1637 1201 1692 dicere
1230 1639 1558 1705 etnperitnus
1576 1680 1591 1703 ,
1617 1640 1875 1693 continuo

1968 449 2259 520 deputatus
2274 447 2507 517 judicio;
2531 448 2767 502 nondum
2786 458 2965 503 tamen
2992 452 3042 504 ιιι
3070 451 3316 523 οειεειιετεο
3337 460 3554 509 sanctu-

1972 558 2091 596 runt
2139 543 2364 596 sortitus
2394 552 2475 595 est
2521 542 2812 596 humanam
2844 546 3340 601 corroborationem
3363 590 3378 611 ,
3405 550 3554 618 quod

1972 633 2064 687 Dei
2117 635 2740 688 tuiseratrixclementia
2786 636 2940 691 nobis
2987 638 3158 691 servis
3198 638 3314 693 suis
3339 639 3555 710 reliquit

1971 728 2258 795 argentum.
2286 728 2372 778 ubi
2395 728 2461 779 ad
2484 726 2696 779 culmen
2723 729 3135 784 conscendimus
3159 730 3550 798 Apostolicuzr.

1974 813 2249 867 Residcnti
2294 832 2357 869 us
2377 830 2507 885 ergo
2537 816 2693 871 nobis
2719 818 2900 872 Ruina:
2926 821 2976 871 in
3007 821 3211 889 synodo
3241 821 3292 874 in
3319 822 3555 879 ecclesia

1973 905 2271 960 Salvator-is
2329 922 2453 961 cum
2503 907 2686 961 ntultis
2732 909 3067 978 coepiscopis
3130 912 3362 979 nostris,
3409 913 3557 970 circa

1972 1007 2128 1053 sexto
2173 1012 2344 1051 nouas
2377 996 2577 1061 Maias,
2611 999 2837 1052 relatum
2885 1010 2969 1055 est
3012 1002 3234 1056 auribus
3263 1006 3464 1060 nostris
3491 1006 3561 1060 ab

1974 1086 2164 1143 Udone
2214 1087 2450 1142 Tullensi
2516 1090 2834 1159 pneposito,
2883 1093 3070 1146 eat’eut
3139 1103 3328 1158 nocte,
3383 1096 3560 1165 ipsum

1973 1177 2228 1232 domuum
2279 1176 2578 1232 Gerardum
2626 1179 2679 1232 in
2736 1178 2939 1234 visione
2982 1182 3301 1251 apparuisse
3342 1185 3560 1241 cuidam

1975 1268 2267 1323 venerabili
2301 1271 2601 1333 monacho,
2638 1272 2859 1326 nomine
2889 1272 3174 1340 Albizoni,
3223 1278 3313 1346 qui
3359 1278 3565 1349 synodo

1976 1358 2273 1423 intererat,
2310 1374 2471 1428 quem
2502 1361 2617 1431 ipse
2647 1361 2763 1416 Udo
2794 1363 2977 1418 nimiis
3006 1366 3264 1433 precibus
3293 1369 3567 1423 constrin-

1977 1458 2129 1502 xerat
2154 1464 2382 1505 exorare
2411 1450 2695 1505 Dominum
2715 1492 2730 1515 ,
2759 1455 3050 1510 ostendere
3083 1455 3186 1511 sibi
3209 1456 3362 1524 cujus
3388 1476 3419 1511 ιι
3439 1474 3474 1514 e
3505 1460 3567 1514 iti

1974 1549 2119 1595 esset
2164 1540 2304 1609 apud
2355 1540 2521 1595 Deum
2563 1542 2679 1611 ipse
2735 1545 2968 1598 domnus
3011 1544 3322 1614 Cet-ardes,
3351 1546 3444 1616 qtti
3489 1555 3568 1601 tot

1978 1629 2363 1684 tniraculorum
2406 1632 2577 1686 radiis
2608 1635 2952 1688 coruscabat.
2990 1635 3289 1690 Videbatur
3315 1652 3445 1706 ergo
3491 1637 3566 1694 illi

283 1728 699 1798 patefac'emus,
729 1726 852 1796 quia
893 1727 1033 1780 sicut
1064 1744 1214 1780 nzmo
1257 1729 1488 1780 accendit
1534 1728 1801 1782 (urentem
1828 1736 1876 1783 tt
1910 1725 1948 1779 li
1981 1722 2155 1791 ipsum
2192 1725 2450 1778 assistere
2497 1725 2633 1789 sibi,
2678 1741 2840 1795 quem
2892 1742 3166 1797 nunquam
3212 1730 3570 1797 corporaliter

282 1822 430 1890 ponit
461 1836 574 1872 eam
602 1819 699 1872 sub
732 1818 931 1879 modio,
961 1819 1050 1871 ειά
1082 1835 1240 1884 super
1267 1820 1641 1873 candelabrum
1662 1821 1874 1886 Statuit,

296 1920 341 1964 Il
371 1909 543 1961 luceat
589 1908 829 1960 omnibus
856 1910 943 1978 qui
976 1908 1028 1961 in
1059 1910 1214 1960 domo
1261 1920 1379 1961 sunt
1409 1907 1625 1977 (Matth.
1660 1926 1711 1972 v,
1750 1908 1873 1979 15);

285 2000 367 2053 sic
409 2010 464 2053 et
513 2001 771 2053 Dominus
829 2009 1011 2053 noster
1055 1998 1493 2057 Jews-Christus
1555 2001 1702 2070 agit,
1759 2002 1878 2055 illos

288 2090 650 2144 clariﬁcando
685 2090 958 2145 niraculis
1003 2093 1054 2144 in
1094 2094 1294 2145 tnttmlo
1322 2109 1457 2159 quos
1486 2109 1665 2147 secum
1701 2096 1878 2148 vivere

283 2192 338 2234 et
375 2181 598 2251 gloriari
645 2183 771 2236 facit
806 2182 855 2234 in
888 2181 1058 2244 cudo,
1090 2190 1180 2243 ιιι,
1211 2182 1338 2251 quia
1387 2198 1484 2253 per
1534 2183 1877 2253 adoptionem

290 2274 422 2327 farti
478 2284 603 2327 sunt
656 2272 749 2325 lilii
800 2271 924 2334 Dei.
959 2272 1320 2342 pra'veuiente
1354 2275 1525 2343 gratia
1576 2284 1755 2343 pateat
1786 2292 1880 2327 t-us

292 2365 536 2416 l.:eredes
563 2378 686 2415 eSse
718 2363 868 2430 regni
901 2363 1042 2430 quod
1075 2362 1322 2429 promisit
1364 2362 1505 2415 Deus
1534 2362 1881 2432 diligentibus

291 2472 375 2509 se.
431 2453 599 2509 Paulo
649 2455 816 2523 igitur
861 2464 988 2507 ante
1037 2469 1136 2507 nos
1183 2456 1235 2507 in
1282 2455 1596 2524 episcopatu
1645 2454 1880 2508 Tulleusi

290 2544 461 2615 {unde
488 2554 620 2597 nutu
650 2542 1054 2611 Otnuipoteutis
1092 2553 1148 2596 et
1186 2546 1366 2597 omnia
1395 2561 1493 2599 suo
1523 2545 1749 2599 arbitrio
1771 2544 1885 2599 dis-

293 2637 571 2706 ponentis,
597 2650 698 2689 nec
720 2635 842 2689 ullis
863 2645 1170 2690 nostrorum
1195 2638 1509 2690 meritorum
1528 2635 1879 2705 profectibus,

293 2729 365 2780 ad
395 2726 750 2796 apostolicam
795 2725 981 2779 sedem
1020 2727 1268 2780 translati
1300 2726 1510 2794 suntne)
1542 2726 1643 2779 fuit
1671 2727 1879 2795 episeo-

297 2833 433 2886 pus,
466 2832 534 2868 no
560 2842 568 2865 ι
596 2816 685 2869 ine
704 2814 999 2875 Gerardns,
1036 2816 1153 2883 qui,
1174 2814 1282 2868 duo
1306 2815 1527 2877 talenta,
1556 2814 1885 2868 intcltectum

295 2915 354 2959 et
380 2905 789 2975 Operationem,
833 2920 862 2958 a
909 2905 1118 2959 caelesti
1164 2905 1554 2959 l’atrefantiltas
1582 2906 1883 2975 accipiens.

294 3001 538 3053 divinam
567 2997 764 3069 legem,
787 3013 949 3067 quam
980 2997 1290 3052 medullitus
1311 2998 1593 3061 intellexit,
1620 3000 1699 3052 sic
1722 3011 1885 3066 opere

1980 1815 2221 1878 viderat,
2254 1830 2351 1869 nec
2396 1816 2560 1870 etiam
2595 1831 2790 1871 nomen
2836 1814 2954 1883 ejus
2995 1821 3272 1875 audierat.
3302 1828 3356 1872 et
3384 1820 3567 1890 tlitere

1978 1902 2208 1971 seipstttn
2243 1902 2544 1959 Gerardttnt
2573 1920 2725 1971 esse,
2763 1920 2861 1975 pro
2892 1923 2998 1976 quo
3027 1908 3196 1964 Deum
3244 1908 3567 1965 discreverat

1980 2009 2230 2048 exorare.
2256 1996 2335 2049 Ad
2359 1997 2502 2064 quod
2544 1996 2634 2050 ille
2669 1999 2893 2066 gavisus
2923 1999 3114 2053 sedulo
3144 2000 3411 2054 SCisClliH'i
3457 2015 3570 2056 cte-

1979 2086 2058 2154 pit
2098 2101 2164 2138 an
2197 2095 2339 2140 esset
2368 2087 2506 2155 apud
2551 2087 2719 2141 Deum
2763 2089 2814 2141 in
2850 2103 3076 2144 numero
3105 2101 3438 2144 sanctorum.
3469 2092 3568 2147 Cui

1981 2174 2104 2229 leto
2132 2176 2277 2231 vultu
2314 2180 2586 2246 respondit
2618 2181 2802 2247 procul
2843 2181 3006 2235 dubio
3035 2197 3094 2236 se
3122 2198 3242 2236 esse
3271 2197 3393 2236 tum
3424 2184 3534 2239 De.)
3553 2225 3569 2249 ,

1982 2267 2315 2338 dignumque
2339 2284 2400 2324 ac
2417 2268 2623 2336 justum
2651 2269 2767 2325 fore
2794 2285 2889 2326 eos
2937 2272 3195 2327 honorari
3230 2274 3283 2328 itt
3315 2275 3475 2329 terris
3501 2275 3571 2330 ab

1986 2362 2292 2416 hominibus
2324 2362 2413 2431 qui
2444 2363 2784 2419 honorantur
2831 2365 2884 2419 in
2932 2366 3088 2420 erelis
3132 2374 3261 2422 ante
3307 2367 3470 2421 Deum
3503 2365 3574 2435 ab

1939 2511 1948 2519 ο
1985 2452 2297 2521 angelorum
2330 2453 2658 2523 agminibus.
2690 2454 2863 2521 Quam
2895 2454 3160 2510 visionem
3196 2456 3299 2524 ipsi
3323 2471 3419 2511 ore
3444 2472 3572 2525 pro-

1987 2545 2105 2613 prio
2160 2543 2556 2614 divulgavituus
2607 2544 2660 2598 in
2722 2546 2960 2617 synodo,
3022 2555 3356 2615 exponentes
3404 2549 3575 2618 ipsius

1987 2637 2166 2690 domui
2208 2635 2435 2691 Gerardi
2467 2637 2632 2690 vitam
2666 2638 3030 2693 venerabilem
3058 2679 3073 2703 ,
3104 2641 3574 2696 conversationem

1990 2725 2326 2790 mirabilent,
2373 2724 2758 2781 miraculorum
2797 2727 3231 2794 multitudinem,
3275 2728 3575 2786 elllcaciatn

1989 2819 2187 2873 divina:
2215 2819 2434 2873 virtutis
2461 2821 2527 2872 ad
2555 2836 2753 2888 corpus
2787 2818 2903 2888 ejus
2941 2822 3362 2888 exuberantem;
3403 2830 3459 2877 et
3490 2836 3578 2877 se-

1990 2923 2221 2981 quenter
2242 2920 2482 2965 sanctam
2505 2912 2764 2981 synodum
2791 2913 3250 2982 interrugavimus
3274 2912 3320 2966 si
3350 2914 3574 2970 deberet

1994 3010 2050 3052 ut
2078 3008 2299 3054 sanctus
2325 3000 2607 3066 venerari,
2640 3009 2697 3056 et
2736 3012 2959 3056 sanctus
2993 3003 3250 3072 deinceps
3280 3004 3572 3060 nominari.

295 3090 599 3160 adimplere
619 3063 840 3144 studuit
888 3098 946 3143 ut
995 3089 1149 3144 ﬁeret
1194 3090 1389 3157 dignus
1432 3077 1681 3158 accipere
1734 3063 1879 3142 illam
1908 3063 1955 3125 Ο
1986 3091 2065 3144 Ad
2108 3092 2287 3159 quod,
2333 3099 2442 3144 tam
2484 3063 2873 3162 archiepiscopi
2923 3108 3083 3161 quam
3129 3063 3405 3164 episcopi.
3458 3102 3568 3149 tam

297 3182 716 3237 despici-altilem
746 3198 777 3236 a
812 3180 920 3236 Deo
944 3181 1324 3236 salutationem
1351 3199 1365 3234 τ
1393 3180 1558 3252 Euge,
1581 3197 1724 3235 serve
1754 3183 1883 3235 bone

297 3282 348 3327 el
375 3273 547 3341 ﬁdelis
568 3314 584 3337 ,
618 3275 742 3342 quia
770 3289 927 3343 super
956 3290 1124 3341 pauca
1152 3272 1300 3342 fuisti
1325 3271 1519 3341 ﬁdelis,
1541 3289 1695 3343 super
1720 3273 1883 3327 multa

298 3377 351 3418 te
384 3366 703 3418 constituam
724 3405 740 3429 ,
778 3366 917 3417 intra
949 3366 1003 3418 in
1034 3366 1286 3435 gaudium
1323 3364 1532 3419 Domini
1559 3367 1636 3419 tui
1667 3364 1881 3433 (Matth.

298 3470 433 3516 xxv,
469 3454 582 3523 2|).
618 3453 708 3509 Sic
731 3455 884 3508 enim
915 3454 1125 3510 Dotnini
1162 3455 1243 3509 sui
1277 3454 1474 3510 talenta
1505 3460 1777 3526 erogavit,
1807 3458 1886 3512 sic

288 3546 518 3600 animas
548 3546 786 3601 lucratus
830 3558 946 3612 est,
980 3549 1140 3605 verba
1175 3550 1364 3604 salutis
1409 3551 1783 3620 praedicando,
1830 3559 1888 3605 ttt

300 3640 637 3708 geminatum
669 3639 896 3694 Domino
924 3656 1021 3696 suo
1048 3642 1329 3712 pecuniam
1361 3650 1803 3711 reprzesentaret,
1834 3649 1889 3696 et

298 3729 408 3783 sibi
440 3740 642 3783 aeterna
678 3729 945 3785 beneﬁcia
978 3731 1300 3786 cumularet.
1340 3730 1585 3786 Lumhos
1618 3732 1718 3787 sibi
1747 3748 1886 3803 pra:-

302 3822 517 3886 cinxit,
544 3822 854 3877 castitatem
895 3823 1194 3887 servando;
1246 3823 1494 3879 lucernas
1540 3823 1591 3878 in
1641 3825 1889 3879 manibus

295 3922 547 3983 portavt
564 3954 578 3974 ,
608 3912 856 3981 exempla
884 3914 1037 3968 home
1063 3914 1394 3985 operationis
1419 3913 1541 3968 aliis
1568 3914 1888 3984 praebendo;

301 4006 641 4075 exspectavit
686 4004 977 4059 Dominum
1022 4020 1052 4058 a
1104 4005 1308 4074 nuptiis
1347 4014 1554 4059 sanctae
1604 4004 1890 4069 Ecclesiaz,

302 4112 415 4149 non
444 4095 793 4158 dormiendo,
825 4097 917 4149 sed
947 4094 1218 4165 vigilando
1247 4096 1418 4163 prima
1437 4133 1451 4158 ,
1481 4094 1714 4147 secumla
1734 4133 1748 4158 ,
1780 4104 1890 4148 ter-

304 4190 381 4242 tia
415 4188 626 4260 vigilia,
655 4189 852 4243 anxius
874 4190 940 4241 ad
964 4186 1080 4256 ejus
1105 4198 1410 4258 aspectum,
1440 4189 1734 4243 secundum
1763 4189 1890 4243 illud

298 4282 453 4349 quod
484 4281 728 4349 quotidie
762 4279 1024 4350 psallebat
1057 4300 1070 4334 :
1107 4281 1258 4335 Sicut
1301 4298 1479 4335 cervus
1526 4282 1787 4336 desiderat
1824 4283 1893 4336 od

1987 3180 2199 3234 abbatis
2227 3196 2387 3250 quam
2419 3181 2600 3236 clerici
2659 3198 2723 3236 ac
2773 3183 2918 3247 laici,
2945 3199 3175 3253 quorum
3211 3194 3571 3256 utrorumque

1991 3288 2181 3342 magna.
2214 3279 2477 3325 intererat
2506 3272 2794 3327 multitudo
2816 3316 2829 3335 ,
2862 3276 3015 3345 quasi
3048 3290 3155 3328 nuo
3179 3290 3275 3329 ore
3304 3275 3574 3330 clamave-

1989 3371 2115 3413 rttnt
2141 3362 2314 3430 ipsum
2348 3365 2602 3418 domuum
2626 3366 2927 3419 Cerardutn
2959 3367 3131 3421 virum
3157 3381 3279 3422 esse
3299 3376 3572 3434 sanctum,

1988 3466 2018 3504 a
2052 3452 2159 3507 Deo
2204 3457 2344 3507 inter
2373 3465 2592 3510 sanctos
2631 3466 3006 3523 numeratum,
3050 3468 3105 3512 et
3150 3459 3217 3513 ab
3264 3458 3577 3515 hominibus

1991 3546 2132 3601 inter
2161 3557 2380 3601 sanctos
2427 3550 2818 3602 numerandum
2848 3560 2903 3603 et
2951 3551 3350 3612 venerandum,
3382 3566 3479 3620 νιο
3508 3566 3574 3606 eo

1991 3639 2157 3709 quod,
2192 3639 2379 3692 vivens
2401 3639 2453 3692 in
2484 3654 2679 3703 t-arne,
2709 3638 3032 3695 testantibus
3063 3641 3368 3703 miraculis,
3410 3651 3465 3693 ut
3494 3643 3577 3695 vir

1991 3739 2210 3786 sanctus
2242 3731 2482 3795 exsutit,
2531 3740 2586 3784 et
2630 3746 2794 3785 carne
2838 3741 3055 3796 exutus,
3085 3731 3261 3800 qualis
3292 3732 3343 3784 itt
3377 3732 3578 3787 mundo

1994 3822 2176 3884 fuerit,
2209 3822 2259 3874 in
2288 3822 2493 3877 cmlesti
2517 3820 2847 3875 beatitudine
2877 3821 3084 3888 ιιοπὶιιιδ
3108 3821 3308 3874 mundo
3333 3832 3464 3887 quo:
3488 3821 3576 3877 die

1994 3914 2196 3968 eisdem
2232 3914 2508 3967 miraculis
2541 3914 2860 3968 innotescat.
2889 3913 3239 3968 Dem-erimus
3284 3916 3465 3984 igitur,
3495 3914 3578 3969 s'c

1994 4016 2179 4061 sancta
2229 4015 2501 4059 annuente
2549 4022 2613 4060 ac
2661 4006 2916 4060 laudante
2971 4006 3209 4077 synodo,
3253 4014 3313 4059 ut
3354 4021 3418 4059 ex
3476 4007 3581 4062 loc

1995 4104 2215 4151 sanctus
2246 4096 2531 4158 habeatur,
2562 4105 2616 4149 et
2654 4106 2875 4150 sanctus
2903 4095 3112 4150 colatur
3139 4110 3281 4148 nouo
3310 4094 3581 4151 Kalendas

1997 4186 2202 4249 Maias,
2242 4195 2350 4240 tam
2404 4185 2659 4253 Leuchm,
2710 4187 2850 4241 sicut
2898 4199 3120 4243 Sanctus
3172 4187 3483 4243 MzzllSlI‘llls
3526 4198 3581 4244 et

1999 4286 2218 4331 sanctus
2254 4275 2424 4346 Aper,
2471 4293 2631 4347 quam
2667 4278 2866 4352 ubique
2898 4289 3163 4332 terrarum
3185 4320 3200 4343 ,
3227 4280 3370 4334 sicut
3398 4280 3580 4334 calori

302 4370 479 4439 [ou‘es
506 4388 786 4442 aquarum,
812 4371 890 4424 ita
915 4372 1174 4425 desiderat
1196 4374 1374 4425 auiam:
1406 4390 1518 4426 mea
1545 4375 1615 4425 ad
1645 4382 1693 4427 te
1719 4372 1888 4440 (Psal.
1920 4401 1974 4460 ι)
2001 4368 2208 4427 sancti;
2241 4368 2396 4437 t'ujtts
2423 4368 2593 4422 sancti
2626 4370 2937 4425 venerabile
2957 4386 3154 4439 corpus
3181 4386 3277 4438 per
3308 4385 3406 4424 nos
3439 4372 3585 4440 ipsus

246 4456 251 4463 ’
312 4478 400 4515 xm
424 4503 437 4522 ,
464 4460 553 4532 2);
587 4462 715 4519 item
746 4478 762 4517 :
800 4459 971 4515 Sitivit
1000 4462 1180 4514 animo
1208 4478 1330 4515 meo
1362 4464 1431 4514 ad
1454 4476 1535 4525 te,-
1559 4479 1714 4533 quam
1760 4461 1893 4515 mul-

312 4558 563 4626 tipliciter
589 4557 681 4611 tibi
711 4572 837 4609 caro
864 4556 1020 4609 mea!
1050 4553 1223 4626 (l’sol.
1255 4572 1364 4611 un
1386 4597 1401 4622 ,
1428 4557 1508 4625 2.)
1533 4558 1621 4621 At,
1664 4561 1786 4627 quia
1818 4559 1897 4613 sic

312 4664 530 4718 semper
555 4649 737 4703 animo
765 4648 1078 4716 suspirabat
1103 4648 1170 4700 ad
1200 4648 1364 4702 Deutu
1386 4689 1401 4711 ,
1428 4648 1545 4715 ejus
1572 4650 1771 4704 virtute
1802 4655 1896 4703 cd-

313 4740 536 4794 mitatus
564 4740 868 4809 angelicam
896 4737 1102 4792 ducens
1128 4739 1316 4802 vitam,
1350 4739 1599 4807 quotidie
1626 4738 1897 4795 Christum

316 4832 373 4886 in
401 4833 730 4902 pauperibus
773 4832 840 4885 ad
878 4846 1118 4885 mensam
1156 4832 1489 4900 suscipiens,
1532 4832 1773 4902 quotidie
1799 4833 1902 4903 piis

312 4922 529 4977 actibus
575 4923 864 4985 insistens,
922 4936 1021 4976 nec
1073 4923 1316 4978 docendo
1372 4936 1471 4977 nec
1540 4924 1748 4995 agendo
1798 4924 1901 4980 nisi

319 5016 461 5085 quod
494 5022 744 5070 sanctum
792 5021 848 5068 et
890 5012 1253 5085 Deo‘gratum
1283 5024 1464 5080 esset,
1499 5016 1683 5070 multis
1704 5015 1902 5072 eﬂ'ulsit

322 5107 705 5161 miraculorum
737 5104 1030 5175 prodigiis,
1058 5104 1336 5160 sanctitati
1374 5105 1490 5176 ejus
1535 5106 1901 5162 testimonium

325 5197 755 5230 ηανιιῖὶιαηιηιηοο
808 5196 950 5230 lunaria
996 5197 1173 5230 «illurn
1221 5193 1402 5230 nllus-nu
1437 5204 1599 5230 Incloc
1637 5195 1874 5230 Δτῖοιιιηί

1999 4460 2246 4528 cupimus
2273 4458 2571 4514 transferre
2593 4501 2607 4521 ,
2635 4469 2688 4514 et
2716 4461 2877 4529 digno
2907 4462 3143 4519 honore,
3180 4461 3345 4531 digno
3377 4461 3495 4515 loco
3528 4461 3580 4514 in

2001 4550 2171 4603 altare
2215 4550 2432 4618 proprio
2477 4549 2750 4604 collocare
2781 4550 2847 4603 ad
2897 4550 3108 4605 laudem
3138 4561 3191 4604 et
3221 4551 3449 4619 gloriam
3482 4551 3588 4604 Do-

2002 4639 2130 4692 tnini
2164 4639 2330 4692 nostri
2353 4637 2476 4692 Jesu
2498 4638 2721 4702 Christi,
2743 4640 2830 4708 qui
2859 4640 2981 4693 ideo
3005 4640 3181 4693 factus
3201 4650 3279 4693 est
3309 4656 3406 4709 pro
3432 4640 3587 4694 nobis

2003 4731 2164 4786 homo
2211 4740 2269 4784 ut
2316 4746 2422 4785 non
2475 4731 2648 4785 solum
2684 4732 2918 4785 solveret
2968 4747 3066 4785 nos
3113 4748 3142 4784 a
3191 4730 3587 4800 peccatis,sed

2001 4821 2165 4875 etiam
2185 4817 2459 4875 conferret
2486 4820 2643 4875 nobis
2666 4814 2947 4889 prtmlllllllt
2968 4831 3183 4875 :eterna:
3209 4820 3586 4887 beatitudinis,

2001 4923 2056 4968 et
2084 4914 2420 4968 mansionem
2454 4914 2509 4967 in
2536 4906 2724 4977 coalis,
2760 4911 2848 4965 ubi
2883 4914 2997 4983 ipse
3040 4927 3160 4967 cum
3197 4913 3358 4970 Patre
3389 4922 3444 4967 et
3472 4912 3591 4983 Spi-

2005 5006 2110 5060 ritu
2151 5015 2340 5061 sauCto
2369 5005 2505 5061 vivit
2530 5014 2586 5058 et
2615 5014 2802 5074 regnat
2831 5020 2927 5074 per
2952 5005 3132 5059 omnia
3180 5006 3376 5062 stnt‘ttla
3422 5019 3592 5061 saecu-

2006 5100 2202 5154 lorum.
2232 5099 2425 5155 Amen.

2080 5190 2303 5230 Nnmino
2331 5194 2703 5230 aniennnm-nm
2731 5197 2893 5230 nlnrm
2924 5190 3174 5230 oh'mlnm
3197 5193 3288 5230 nni
3336 5189 3595 5230 intnrl‘nn.
