4062 5352
287 311 396 365 δερ

1278 305 1640 364 ueterem:
1676 284 1760 358 ετ
1801 282 2122 357 arcam
2154 297 2558 359 PON'l‘lFlClA.

3446 304 3551 363 650

285 424 452 480 etiam
478 432 703 495 propter
730 422 1093 479 Simuuiacam
1117 421 1363 476 nteresim
1389 436 1493 491 qua
1516 418 1705 490 polluti
1728 424 1875 479 sunt.
1907 416 1952 475 Δ
1984 414 2210 471 Domino
2238 419 2656 490 congaudemus,
2685 420 2825 491 quod
2855 419 3137 478 ecclesiam
3180 419 3285 477 illic
3313 421 3548 493 primiti-

285 525 339 569 et
366 514 649 569 ordinatos
679 528 707 568 a
739 528 797 568 se
828 510 1201 568 contaminare
1219 512 1488 575 videntur,
1519 510 1611 565 tali
1641 505 1870 572 ralidne,

289 613 349 659 ut
375 605 619 659 divinum
665 602 900 659 ofﬁcium
950 617 1055 657 non
1100 612 1385 671 peragant,
1417 616 1590 671 neque
1629 600 1868 661 audiant,

284 711 462 767 neque
480 694 913 750 benedictionem
938 693 1198 748 tribuant.
1216 691 1391 747 Simili
1412 693 1575 746 etiam
1605 689 1874 746 sententia

286 788 356 842 ab
403 787 486 841 eis
526 785 765 841 ordinati
820 783 1106 839 feriantur.
1138 782 1258 837 Tibi
1303 791 1503 840 autem.
1550 781 1873 835 cbarisstmo

286 881 388 946 fili,
427 879 751 934 mandamus
782 886 843 932 ut
892 885 944 931 te
984 876 1053 931 ab
1097 889 1286 929 eorum
1337 873 1690 928 conventibus
1748 875 1872 925 cum

282 971 537 1026 omnibus
562 965 811 1022 ﬁdelibus
832 967 1140 1030 subtrahas,
1163 964 1358 1020 deinde
1385 978 1478 1017 eos
1502 973 1868 1027 commoneas,

281 1071 344 1117 ut
370 1063 573 1117 nostris
597 1062 884 1133 pneceptis
904 1057 1673 1123 obsecundent,Simoniaram
1700 1056 1870 1110 hatre-

280 1153 389 1210 sim
420 1153 714 1223 deponant,
761 1151 1054 1207 secundum
1109 1151 1277 1204 Deum
1322 1147 1531 1202 vivant.
1573 1145 1641 1201 Et
1682 1147 1784 1201 boe
1817 1155 1869 1201 te

282 1245 607 1300 auctoritate
630 1246 912 1299 hortamur
931 1240 1244 1312 apostolica,
1261 1248 1319 1294 ut
1339 1252 1435 1311 per
1448 1247 1615 1294 totum
1644 1253 1867 1310 regnum

282 1338 383 1392 tibi
411 1335 761 1392 commissum
783 1351 967 1405 pacem
995 1334 1182 1397 facias,
1206 1333 1472 1404 justitiam
1497 1332 1709 1401 diligas,
1743 1332 1869 1384 sub-

280 1429 425 1484 ditos
453 1429 541 1500 pie
574 1444 755 1498 regas.
787 1426 967 1497 Turpe
1016 1435 1099 1482 est
1147 1426 1291 1481 enim
1345 1434 1408 1479 ut
1445 1440 1566 1480 cum
1616 1414 1754 1479 unus
1799 1439 1865 1479 cx

281 1523 537 1579 maximis
559 1522 747 1579 Galliae
769 1522 1099 1593 principibus
1128 1518 1400 1581 babearis,
1434 1514 1770 1573 naturalibus
1793 1517 1868 1572 sis

278 1615 429 1672 ﬁliis
457 1615 802 1688 subiugatus.
846 1613 913 1669 Et
952 1614 996 1668 si
1033 1611 1329 1668 secundum
1378 1611 1547 1665 Deum
1592 1618 1643 1663 tc
1686 1609 1868 1663 vivere

279 1705 526 1767 audiero,
561 1704 874 1773 bonumque
923 1699 1228 1771 exemplum
1283 1699 1523 1769 prrebere
1582 1697 1862 1766 suljectis,

277 1793 661 1850 benedictione
709 1793 767 1847 S.
798 1791 943 1846 Petri
970 1800 1020 1843 et
1047 1797 1228 1844 nostra
1254 1787 1557 1842 donaberis.
1588 1784 1683 1841 Sin
1711 1786 1868 1840 aliter

279 1883 483 1953 egeris,
540 1890 595 1938 et
645 1879 1127 1938 excommunicatis
1180 1886 1231 1933 te
1283 1875 1619 1944 adiunxeris;
1653 1883 1712 1928 ut
1767 1873 1862 1938 illi,

281 1983 474 2030 nostra
504 1973 836 2029 auctoritate
867 1969 1369 2027 excommunicalus
1393 1968 1485 2021 sis.
1514 1968 1669 2035 Quod
1693 1967 1736 2020 si
1768 1981 1862 2021 ve—

278 2074 398 2119 ster
435 2063 881 2133 archiepiscopus
925 2076 1047 2115 cum
1098 2058 1213 2113 suis
1260 2055 1610 2125 suffraganeis
1653 2057 1718 2108 de
1758 2055 1864 2109 hoc

280 2158 424 2229 quod
450 2155 757 2211 Turonicus
798 2152 1035 2225 pontifex
1081 2151 1300 2211 clamat,
1339 2149 1514 2218 deqtie
1558 2147 1863 2202 Simouiaca

280 2246 478 2300 haeresi
504 2259 766 2301 excusare
794 2258 852 2298 se
893 2240 1290 2296 rationabiliter
1313 2237 1609 2298 voluerint,
1642 2235 1865 2292 Vercel-

280 2337 417 2392 lensi
486 2330 722 2393 concilio
773 2333 1028 2390 Kalendis
1095 2329 1432 2402 Septembris
1497 2328 1680 2383 futuro
1729 2345 1868 2399 prte-

278 2437 465 2482 sentes
503 2427 632 2491 sint,
663 2440 870 2496 nosque
910 2425 1006 2489 ibi,
1032 2423 1074 2477 si
1126 2421 1266 2476 Deus
1306 2418 1634 2491 permiserit,
1662 2420 1865 2475 erimus

276 2536 476 2577 causas
504 2535 693 2576 eorum
721 2519 980 2575 audituri.
1012 2515 1161 2571 Vale.

1006 2624 1137 2681 XLI.

276 2738 339 2796 S.
386 2708 690 2798 Leonist
723 2737 882 2794 Bulla
911 2756 1014 2798 qua
1054 2734 1367 2790 nmuasferio
1410 2730 1622 2789 Sanum
1678 2729 1864 2789 Maria:

349 2813 407 2865 in
448 2809 714 2952 gradibus
757 2804 1013 2865 Arretina:
1063 2807 1307 2861 οἴαξι-εδει
1341 2805 1514 2861 omnia
1561 2804 1701 2858 illius
1733 2805 1862 2874 jura

345 2898 444 2936 con
494 2890 647 2936 rmat.
1854 2894 1863 2902 ί

889 2968 1068 3040 (Auno
1112 2966 1294 3039 1050.)

570 3079 881 3159 [Moratum
912 3084 1091 3154 Autiq.
1126 3081 1263 3137 Ital.
1291 3080 1359 3149 ν,
1390 3077 1575 3151 1019.]

356 3192 470 3252 ἰ.ῐο
512 3195 819 3265 episcopus,
856 3202 1042 3250 servus
1073 3198 1352 3247 servorum
1380 3187 1500 3253 Dei,
1531 3187 1725 3242 dilecto
1757 3185 1864 3241 filio

274 3289 536 3344 Aunzoxt
595 3278 845 3357 religioso
897 3272 1037 3349 viro,
1082 3284 1135 3338 in
1200 3281 1425 3341 Domino
1471 3282 1578 3337 Deo
1619 3279 1863 3339 omnium

274 3386 545 3435 :cternam’
568 3379 821 3433 salutem.
1112 3422 1115 3427 .

349 3470 465 3523 Sub
489 3468 661 3522 multa
679 3477 737 3522 et
758 3462 1291 3534 incomprehensibili
1316 3461 1515 3532 abysso
1537 3458 1861 3528 iudiciorum

276 3561 608 3626 divinitatis,
665 3554 811 3614 inter
867 3546 1175 3612 confratrcs
1214 3561 1270 3610 et
1313 3554 1604 3609 conservos
1649 3562 1863 3607 nostros

277 3640 691 3706 eminentiorem
744 3649 967 3720 gradum
1010 3645 1212 3716 adepti,
1252 3640 1404 3700 tanto
1439 3642 1698 3699 intentius
1739 3660 1862 3699 cum

278 3738 477 3797 timere
489 3752 545 3796 et
564 3748 797 3796 tremore
819 3748 1057 3794 nostram
1081 3738 1316 3807 ipsorum
1335 3736 1560 3791 salutem
1583 3736 1862 3802 debemus,

276 3822 361 3888 eis
389 3824 870 3888 condesceudendo
899 3839 953 3886 et
991 3827 1341 3891 consulendo,
1374 3828 1706 3883 incessanter
1729 3843 1861 3898 ope-

277 3925 415 3989 rari,
452 3933 654 3993 quanto
691 3922 893 3995 certius
942 3922 1143 3977 scimus
1169 3957 1183 3972 .
1214 3950 1232 3975 .
1259 3950 1278 3974 .
1308 3958 1320 3973 .
1355 3957 1370 3973 .
1396 3919 1766 3989 dispositionis
1808 3928 1864 3973 et

275 4006 514 4071 actionis
542 4028 741 4070 nostra:
788 4013 1054 4068 rationem
1100 4012 1375 4083 posituros
1421 4007 1520 4077 illi,
1553 4013 1704 4082 cujus
1744 4012 1864 4067 uni-

274 4122 455 4163 versa
484 4108 584 4162 via:
614 4104 988 4161 misericordia
1016 4113 1069 4159 et
1096 4104 1295 4159 veritas
1325 4103 1518 4158 merito
1548 4103 1861 4170 creduntur,

275 4206 351 4256 et‘
377 4194 633 4259 videntur
680 4198 733 4255 in
774 4198 925 4253 Omni
963 4190 1436 4251 administratione
1469 4195 1677 4250 mundi.
1725 4194 1864 4263 Qua-

274 4297 503 4361 propter
543 4278 634 4359 qui
659 4327 675 4342 .
703 4325 719 4344 .
751 4326 766 4341 .
802 4324 818 4340 .
849 4285 1189 4361 sapientibus.
1214 4293 1271 4341 et
1312 4283 1691 4355 insipientibus
1716 4284 1862 4340 debi-

275 4390 431 4437 tores
451 4392 660 4445 sttmus,
680 4378 925 4434 Doctoris
947 4377 1188 4448 gentium
1216 4376 1422 4432 monita
1450 4375 1695 4446 cogimur
1718 4413 1734 4430 .
1761 4412 1774 4429 .
1803 4416 1815 4429 .
1842 4413 1857 4430 .

242 4470 505 4528 ’reddere
530 4470 764 4533 eunetis,
795 4482 916 4539 quae
954 4454 997 4522 si
1029 4466 1298 4538 denegare
1341 4464 1565 4520 minime
1603 4465 1862 4520 debemus

274 4559 440 4617 alicui
488 4566 863 4621 externorum,
912 4550 1010 4612 nec
1059 4555 1110 4609 in
1144 4569 1204 4610 su
1236 4594 1250 4608 .
1279 4593 1293 4608 .
1324 4562 1526 4627 quanto
1571 4555 1739 4625 magis
1765 4554 1857 4608 do-

278 4652 521 4708 mesticis
542 4650 663 4707 fidei
693 4650 748 4705 in
777 4648 1146 4712 interioribus,
1170 4646 1405 4701 maxime
1429 4662 1552 4701 eum
1574 4647 1625 4701 id
1648 4661 1676 4699 a
1702 4644 1859 4700 nobis

273 4742 531 4816 exigitur,
559 4741 705 4812 quod
733 4731 1101 4810 omnipotenti
1145 4723 1435 4816 plurimum
1473 4735 1687 4805 placere
1714 4735 1859 4791 nullo

275 4813 440 4889 modo
479 4830 789 4887 dubitatur?
848 4820 1054 4896 Quare,
1107 4813 1424 4883 charissime
1456 4824 1552 4888 fili,
1603 4825 1856 4896 quoniam

276 4918 489 4982 humili.
522 4964 537 4979 .
569 4965 584 4979 .
620 4964 633 4978 .
669 4958 683 4979 .
722 4963 737 4977 .
779 4961 795 4977 .
831 4921 1178 4993 apostolicam
1203 4926 1256 4974 et
1281 4917 1588 4988 magistram
1615 4915 1855 4971 omnium

273 5019 483 5085 sedem,
503 5026 556 5073 et
574 5031 737 5088 prece
760 5012 914 5070 nobis
935 5012 1241 5085 gratissima
1268 5004 1569 5076 inculcasti,
1595 5016 1651 5062 ut
1672 5016 1859 5061 auczo.

484 5116 682 5134 ...με-...ι
715 5112 983 5134 -ι-ιιιΑΛΑΟΛ
1032 5112 1334 5134 οιιΙΑιιΔηὶΙΙΕ
1364 5113 1391 5134 α
1423 5097 1739 5134 annvus-nvi:
1773 5108 1857 5134 M.‘

276 5115 454 5134 -'.AI:A

1975 522 2119 571 vam,
2144 515 2199 562 et
2223 508 2347 564 olim
2363 510 2790 576 celeberrimam,
2807 510 3173 584 sed,peccatis
3201 509 3546 581 facientibus,

1968 599 2173 670 jamdiu
2203 601 2500 671 neglectam
2530 611 2584 660 et
2623 605 2840 658 omnino
2878 605 3212 670 derelictam,
3251 608 3547 673 reStruere,

1974 687 2473 763 aliquantulumque
2499 696 2752 763 reparare
2778 690 2944 751 fueris
2966 705 3211 763 conatus,
3244 688 3350 750 tam
3380 696 3550 767 patri-

1972 780 2136 832 monii
2166 791 2260 835 seu
2288 781 2531 838 beneficii
2565 783 2638 837 tui
2682 794 2840 855 quam
2871 785 3029 840 etiam
3061 784 3306 850 fratrum,
3334 795 3390 842 et
3415 800 3545 842 con-

1973 869 2387 939 sanguineorum
2417 876 2629 927 tuorum
2662 874 2997 945 aliorumque
3026 873 3393 945 religiosorum
3438 876 3550 932 col-

1973 958 2289 1026 lationibus,
2332 964 2585 1033 quatinus
2637 952 2765 1019 inibi
2801 963 2910 1021 Deo
2944 966 3241 1021 des‘ervlret
3284 967 3546 1038 p’erpetim

1971 1052 2104 1106 Ordo
2134 1055 2481 1131 monasticus.
2528 1055 2698 1124 Quam
2741 1059 2923 1129 utique
2957 1059 3239 1115 ecclesiam
3268 1046 3390 1131 quia
3421 1074 3550 1116 con-

1970 1144 2114 1198 ditor
2138 1130 2334 1202 noster:
2355 1149 2498 1204 inter
2529 1149 2632 1205 alia
2668 1152 2945 1207 innumera
2974 1130 3353 1209 nobilitavitcl
3381 1154 3549 1210 bono-

1970 1238 2110 1292 ra‘vit
2143 1238 2295 1295 fracti
2332 1238 2514 1298 calicis
2545 1251 2599 1297 et
2628 1243 2898 1299 resolidati
2929 1238 3211 1311 miraculo,
3242 1253 3405 1317 atque
3431 1242 3547 1315 glo-

1969 1329 2097 1384 riosi
2124 1331 2265 1387 beati
2287 1330 2477 1388 Donati
2504 1335 2772 1405 pontificis
2794 1337 3073 1409 martyrio,
3100 1345 3150 1392 et
3169 1351 3268 1391 nos
3281 1351 3397 1392 eam
3422 1352 3546 1410 gra-

1971 1428 2145 1475 tanter
2168 1421 2498 1479 bonoramus
2530 1434 2727 1481 nostra:
2757 1426 3063 1496 apostolica:
3090 1426 3233 1482 sedis
3259 1432 3543 1498 prz‘eccpto.

1967 1512 2129 1568 Salva
2183 1515 2361 1585 itaque
2405 1515 2582 1572 debita
2627 1517 2989 1587 subjectione,
3040 1535 3158 1589 quae
3201 1534 3266 1573 ex
3323 1519 3544 1590 praefato

1966 1598 2084 1657 loco
2109 1605 2418 1676 episcopum
2444 1608 2723 1663 Aretiuum
2746 1606 2869 1677 jure
2894 1609 3033 1664 solet
3059 1607 3321 1680 attingere
3338 1650 3353 1672 ,
3382 1606 3544 1678 hujus

1971 1700 2143 1753 nostri
2187 1700 2446 1771 przecepti
2498 1711 2684 1757 tenore
2731 1701 3114 1773 perpetualiter
3162 1700 3543 1758 confirmamus

1972 1797 2025 1844 et
2051 1791 2268 1847 decreto
2296 1794 2569 1847 sancimus
2590 1794 2848 1863 quidquid
2880 1778 3022 1849 idem
3050 1792 3351 1848 cmnObium
3377 1791 3429 1845 iu
3457 1806 3537 1845 re.

1967 1881 2066 1938 bus
2091 1883 2377 1939 mobilibus
2402 1884 2483 1940 vel
2515 1884 2897 1950 immobilibus,
2929 1896 3036 1941 tam
3062 1892 3151 1940 tua
3178 1888 3339 1954 quam
3363 1881 3544 1953 cujus-

1967 1987 2176 2042 cunque
2212 1974 2498 2029 donatione
2521 2016 2535 2040 ,
2579 1976 2629 2029 in
2679 1968 3089 2047 prteSentiarum
3127 1974 3339 2029 videtur
3369 1968 3543 2044 possi~

1967 2066 2124 2128 (lere,
2158 2074 2211 2119 et
2240 2066 2501 2138 quidqui]
2535 2067 2646 2123 illic
2672 2087 2701 2122 a
2729 2069 2833 2139 piis
2858 2067 3212 2140 adaugebitur
3248 2064 3340 2120 aut
3377 2066 3544 2121 dona-

1965 2156 2113 2209 bitur
2150 2157 2203 2211 in
2245 2156 2425 2213 futuro
2462 2167 2729 2228 tempore,
2769 2169 2831 2215 ut
2874 2175 3033 2215 nemo
3079 2152 3202 2214 inde
3248 2156 3542 2229 quidquam

1964 2257 2257 2316 prtesumat
2295 2248 2573 2320 subripere
2599 2291 2613 2314 ,
2650 2249 2902 2306 fraudare
2927 2291 2941 2316 ,
2983 2240 3219 2306 alienare
3244 2290 3259 2315 ,
3301 2244 3543 2303 minuere

1970 2378 1983 2391 .
2021 2376 2033 2390 .
2070 2378 2082 2393 .
2117 2378 2130 2391 .
2166 2379 2181 2394 .
2217 2380 2230 2393 .
2266 2379 2279 2394 .
2312 2342 2504 2411 quovis
2552 2342 2768 2413 ingenio
2816 2332 3079 2414 praedicta
3110 2341 3242 2396 inibi
3280 2340 3544 2396 hactenus

1965 2428 2269 2500 conquisita
2291 2470 2305 2495 ,
2339 2439 2393 2485 et
2424 2428 2533 2486 Deo
2560 2432 2794 2503 propitio
2832 2430 3200 2504 conquirenda
3240 2440 3398 2486 serra
3427 2467 3443 2483 .
3476 2468 3491 2483 .
3524 2468 3539 2483 .

2144 2560 2158 2576 .
2202 2524 2588 2578 monachorum
2629 2524 2827 2580 ibidem
2867 2511 2979 2581 Deo
3015 2509 3365 2580 servientium
3399 2520 3544 2576 utili-

1966 2612 2088 2675 tati,
2122 2627 2256 2682 quos
2284 2628 2381 2682 pro
2412 2609 2558 2667 nullo
2584 2613 2686 2667 alio
2710 2613 2896 2669 ordine.
2922 2598 3290 2670 ecclesiastico
3317 2611 3539 2684 permit-

1966 2700 2128 2756 timus
2167 2701 2455 2772 aliquando
2502 2702 2840 2774 perturbari,
2886 2702 3038 2774 juxta
3089 2710 3290 2759 statuta
3339 2710 3540 2758 sancta:

1965 2792 2424 2850 Chalcedonensis
2451 2795 2673 2867 synodi,
2706 2794 2888 2851 taliter
2915 2795 3019 2852 hoe
3044 2796 3216 2869 ipsum
3248 2786 3540 2852 decernen-

1966 2882 2035 2937 tis
2068 2900 2079 2936 :
2122 2881 2252 2950 Quae
2291 2883 2457 2938 semel
2494 2884 2602 2939 Deo
2639 2884 2815 2940 dicata
2851 2884 2976 2942 sunt
3012 2887 3371 2951 monasteria,
3408 2903 3543 2944 cou-

1963 2988 2123 3028 sensu
2153 2972 2528 3045 episcoporum
2548 3014 2563 3039 ,
2597 2983 2852 3029 maneant
2884 2984 3144 3047 perpetuo
3185 2962 3540 3044 monasteria,

1887 3091 1934 3152 ο
1966 3074 2020 3120 et
2049 3079 2134 3119 res
2155 3106 2170 3132 ,
2200 3080 2320 3136 qua!
2350 3064 2506 3169 ad.ea
2542 3066 2843 3135 pertinent,
2878 3068 3223 3125 menasteriis
3261 3076 3545 3128 reserven-

1969 3164 2074 3214 tur.
2109 3163 2213 3210 etc.

2038 3242 2092 3298 Si
2134 3245 2254 3314 quis
2286 3242 2464 3303 autem
2501 3238 2750 3317 praesenti
2785 3258 2969 3307 nostro
3004 3247 3249 3319 det-rete,
3303 3269 3334 3310 a
3385 3257 3542 3316 nobis

1963 3352 2064 3406 pro
2100 3336 2210 3393 Deo
2246 3346 2301 3393 et
2335 3339 2632 3394 secundum
2666 3341 2833 3396 Deum
2865 3341 3236 3415 promulgata,
3271 3322 3545 3406 contraire

1965 3426 2203 3495 quolibet
2237 3427 2398 3483 modo
2430 3428 2870 3499 praesumpserit,
2902 3438 2958 3485 et
2998 3432 3218 3504 insuper
3248 3437 3292 3490 si
3330 3437 3543 3508 aliquas

1963 3512 2266 3571 oblationes
2299 3517 2545 3572 virorum
2585 3519 2698 3573 sive
2738 3518 3114 3577 defunctorum
3162 3523 3386 3593 prml'ato
3423 3504 3545 3585 loco

1965 3606 2240 3677 delegatas
2278 3606 2381 3664 sibi
2417 3608 2725 3677 vindicare,
2784 3597 2867 3667 vel
2903 3611 3023 3668 aliis
3058 3616 3381 3674 contradere
3420 3628 3540 3675 ten-

1967 3695 2191 3760 taverit,
2250 3698 2407 3779 quasi
2461 3698 2760 3771 sacrilegus
2809 3709 2863 3755 et
2913 3700 3026 3758 Deo
3071 3705 3319 3777 rebellis,
3370 3682 3551 3765 donec

1966 3783 2105 3843 forte
2140 3775 2455 3860 resipiscat,
2484 3791 2730 3846 districto
2757 3790 3098 3851 anathemate
3124 3811 3181 3852 se
3208 3774 3538 3857 multandum

1965 3879 2260 3949 apostolica
2301 3882 2627 3961 auctoritate
2662 3884 2892 3939 noverit.
2929 3880 3030 3952 Qui
3069 3900 3205 3943 ver.)
3234 3862 3545 3960 integreetE

1965 3972 2157 4028 devote
2194 3970 2325 4028 illud
2364 3974 2765 4039 observaverit,
2807 3991 2907 4032 nec
2946 3980 3286 4037 consenserit
3310 3984 3547 4041 sacrile-.

1964 4063 2073 4134 gis,
2110 4065 2205 4121 sed
2241 4065 2422 4135 potius
2468 4070 2568 4136 pro
2616 4080 2770 4136 posse
2798 4083 2862 4121 ac
2908 4076 3068 4125 nesse
3105 4083 3205 4127 suo
3246 4075 3533 4145 restiterit,

1965 4162 2239 4210 mereatur
2289 4156 2499 4226 copiam
2545 4170 2792 4228 superna:
2834 4159 3255 4226 benedictionis.
3305 4174 3360 4222 et
3399 4184 3540 4239 pra:-

1964 4243 2131 4299 mium
2164 4243 2511 4315 sempiternae
2539 4244 2747 4301 salutis.
2779 4245 2974 4304 Amen.

2037 4334 2179 4392 Bene
2207 4336 2404 4394 valete.

1885 4423 1941 4484 D
2036 4424 2226 4487 Datum
2276 4447 2330 4486 tv
2380 4417 2651 4489 Kalendas
2697 4413 2910 4498 lunias.
2963 4450 3062 4506 per
3117 4453 3335 4496 manum
3384 4404 3555 4500 Petri.

1964 4518 2177 4580 diaconi
2226 4522 2660 4590 bibliothecarii,
2719 4540 2863 4580 anno
2906 4525 3109 4583 domini
3157 4527 3356 4587 Leonis
3407 4535 3563 4605 noui;

1959 4616 2118 4686 Papa:
2149 4630 2188 4670 lt
2210 4654 2226 4680 ,
2259 4615 2553 4671 indictione
2581 4628 2690 4697 ut.~

2671 4701 2828 4766 XLII.

1962 4799 2019 4854 S.
2050 4799 2151 4853 Leo
2179 4796 2261 4852 IX
2290 4784 2594 4855 monasterii
2620 4796 2682 4855 S.
2709 4796 2999 4867 Saluatoris
3017 4842 3033 4867 ,
3056 4802 3110 4856 in
3138 4816 3311 4867 monte
3328 4805 3541 4864 Amiato

2163 4868 2272 4933 sill,
2300 4869 2649 4937 possessiones
2669 4878 2718 4922 et
2738 4866 3006 4939 privilegia
3029 4866 3323 4940 conﬁrmat.

2470 5046 2475 5049 _
2535 4958 2734 5028 (Anno
2769 4957 2968 5026 1050.)

2242 5068 2262 5134 t
2287 5055 2525 5134 υςιςειιι.
2557 5069 2720 5127 Italia
2743 5086 2931 5134 ιαονη.
2963 5070 3060 5134 tu.
3090 5073 3258 5134 626.1
