4062 5352
524 340 662 416 ,σπι
752 416 759 419 .

1643 339 1696 396 8.
1748 339 1988 398 LEONIS
2033 338 2098 393 IX
2138 337 2335 395 ΡΜ)Ᾱί
2373 338 2755 396 ορυεςυω.

3699 339 3820 395 653

527 431 533 437 ’
563 457 888 533 .przcstandis
913 464 1151 513 nostram
1180 454 1327 509 nullo
1354 454 1512 510 modo
1537 455 1802 526 denegare
1828 453 2142 508 ntuniticcn-
2170 456 2218 516 Α
2246 450 2479 505 cundum
2501 450 2815 519 prmdictum
2839 447 3074 503 modum.
3101 447 3338 518 ucn'que
3357 448 3664 517 statuimus,
3682 467 3825 506 cum

527 533 544 544 ’
572 554 722 608 tiam.
755 550 940 621 Igitur,
979 547 1104 618 quia
1144 555 1325 602 vestra
1356 545 1572 601 dilectio
1603 561 1633 601 a
1666 553 1864 601 nostrae
1888 542 2136 600 sublimi-

531 640 544 659 ’
571 644 702 713 tatis
729 639 1029 714 apostolatu
1064 636 1343 693 humiliter
1373 636 1586 708 rogavit
1624 646 1894 706 quatenus
1933 633 2141 705 praedi-

532 730 716 795 'Ctutn
764 733 1172 793 monasterium.
1203 729 1387 793 Sancti
1442 727 1738 784 Salvatoris
1784 725 2136 782 constitutum

528 809 624 908 :in
668 820 1116 901 snpranbminalo
1140 822 1398 878 comitatu
1437 830 1491 876 et
1532 819 1802 875 territorio
1843 815 2138 888 privilegiis

562 906 876 994 apostolicae
903 913 1048 972 sedis
1073 912 1380 976 decoretur,
1412 917 1470 963 ut
1499 909 1598 965 sub
1626 908 1829 963 ditione
1849 905 1988 974 juris
2014 921 2140 958 sau-

711 1018 945 1073 nostrae,
987 1004 1071 1061 cui
1117 1002 1340 1059 Domino
1367 1009 1588 1056 auctore
1621 997 2000 1070 prtesidentus,
2035 995 2137 1050 Ec-

536 1084 750 1165 ;clesiat
807 1098 1197 1161 constitutum,
1257 1093 1561 1162 nullittsque
1612 1088 1837 1169 alterius
1887 1084 2140 1140 Ecclesia!

564 1195 674 1267 jnri
706 1190 787 1247 vel
821 1187 1008 1245 ditioni
1042 1184 1421 1247 submittatur;
1447 1195 1616 1252 quare
1643 1177 1837 1235 vestris
1865 1176 1969 1246 piis
1998 1175 2139 1230 desi-

537 1265 737 1343 vderiis
777 1297 873 1353 per
912 1278 1053 1336 Itane
1084 1285 1320 1331 nostram
1353 1273 1730 1328 auctoritatem
1772 1269 1823 1323 id
1865 1268 2005 1337 quod
2043 1282 2139 1334 po-

542 1356 779 1435 .stulatis
807 1374 1039 1432 libenter
1069 1369 1434 1424 concedimus.
1472 1366 1539 1421 Et
1572 1365 1691 1420 ideo
1721 1362 2001 1433 cujuslibet
2036 1361 2137 1416 Ec-

570 1467 750 1523 clesite
778 1462 1112 1520 sacerdotem
1146 1460 1196 1513 in
1226 1456 1449 1528 praelato
1481 1453 1805 1509 monasterio
1845 1451 2140 1524 quamlibet

548 1554 1030 1629 'jurisdictionem,
1061 1550 1143 1603 vel
1186 1555 1538 1619 potestatem,
1572 1545 1685 1600 sive
1723 1544 2136 1606 auctoritatem,

568 1657 766 1720 praeter
792 1644 934 1701 sedis
965 1641 1269 1712 apostolicae
1308 1635 1615 1709 pontiﬁcem
1660 1635 1859 1690 habere
1884 1632 2139 1703 prohibe-

550 1728 712 1800 'mns,
741 1734 815 1789 ita
842 1741 903 1787 ttt
928 1731 1028 1786 nisi
1057 1730 1124 1787 ab
1148 1728 1339 1782 abbate
1364 1724 1679 1780 monasterii
1708 1723 1946 1793 ejusdem
1976 1721 2137 1775 fuerit

569 1827 859 1888 invitatus,
904 1837 1004 1877 nec
1048 1819 1332 1874 tnissarum
1375 1815 1635 1871 solemnia
1680 1814 1875 1869 ibidem
1917 1812 2136 1866 omnino
2166 1791 2211 1853 Β

569 1920 847 1978 celebrare
876 1921 1186 1987 praesumat.
1220 1908 1333 1965 Iloe
1366 1909 1594 1979 denique
1630 1907 1729 1962 hac
1779 1915 1959 1959 nostra
2006 1919 2136 1974 apo-

569 2009 757 2067 stolica
798 2004 1119 2061 auctoritate
1153 1999 1561 2063 constituimus,
1606 2004 1667 2052 ut
1705 1989 1852 2050 nulla
1884 1990 1985 2048 alia
2020 2008 2136 2047 tua-

569 2114 673 2175 gna
702 2113 796 2153 seu
820 2109 987 2166 parva
1011 2107 1240 2164 persona
1269 2090 1441 2145 eidem
1472 2087 1765 2143 venerabili
1793 2083 2135 2145 monaster‘o,

558 2184 684 2246 sive
713 2187 766 2242 in
798 2184 968 2241 servis
1000 2181 1127 2248 Dei,
1157 2180 1240 2236 vel
1272 2181 1323 2235 in
1355 2178 1587 2239 famulis.
1621 2185 1714 2230 ant
1740 2176 1903 2230 etiam
1937 2175 1988 2228 in
2020 2188 2136 2227 ser-

567 2281 682 2345 vis,
716 2276 801 2335 vel
840 2262 1080 2343 ancillis,
1115 2286 1213 2328 nec
1244 2286 1349 2325 non
1379 2279 1432 2325 et
1461 2269 1514 2324 in
1541 2268 1754 2332 liberis,
1788 2265 1868 2320 vel
1909 2265 1960 2319 in
2002 2279 2136 2317 cuu-

568 2373 670 2428 ctis
713 2368 874 2425 rebus
908 2365 976 2420 ad
1014 2363 1068 2419 id
1106 2361 1534 2434 pertinentibus,
1576 2357 1828 2412 videlicet
1869 2356 1922 2409 itt
1967 2353 2136 2417 casis,

568 2468 621 2515 et
652 2454 1110 2529 possessionibus,
1140 2465 1354 2522 quoquo
1383 2450 1543 2505 modo
1570 2447 1804 2518 aliquam
1836 2445 2137 2501 molestiam

568 2550 771 2605 inferre
798 2550 1108 2616 praesumat.
1134 2540 1451 2609 Pariterque
1479 2539 1824 2595 concedimus
1858 2545 1914 2591 ct
1946 2536 2140 2591 contir-

569 2652 781 2695 mamus
807 2635 981 2692 eidem
1013 2640 1201 2687 sancto
1227 2629 1557 2685 monasterio
1601 2626 1872 2699 primitias
1915 2625 2001 2680 vel
2048 2624 2138 2680 de-

568 2729 738 2787 cimas
783 2729 849 2784 de
900 2725 1012 2782 suis
1052 2722 1393 2785 hominibus,
1437 2720 1549 2775 sive
1588 2719 1654 2774 de
1692 2716 2136 2787 praeceptalibus,

568 2830 731 2892 atque
774 2830 987 2875 sacrum
1030 2812 1353 2883 baptismum
1395 2810 1618 2864 licenter
1654 2807 1961 2871 celebrare,
2000 2805 2135 2862 etin

568 2909 797 2968 ecclesia
824 2906 864 2963 S
912 2901 1217 2965 Benedicti,
1246 2909 1301 2956 et
1329 2900 1386 2954 S.
1418 2898 1626 2964 Mariae,
1653 2896 1810 2952 sicuti
1840 2895 1889 2951 ei
1919 2908 2137 2949 conces-

568 3006 689 3059 "snm
718 3007 800 3055 est
831 3014 862 3053 a
891 2986 1137 3067 partibus
1176 3006 1391 3059 regum,
1429 3006 1526 3061 per
1554 2987 1805 3059 praecepti
1852 2987 2099 3058 paginam
2119 3021 2134 3052 ,

567 3091 654 3148 vel
682 3088 942 3162 quidquid
970 3085 1169 3141 ibidem
1209 3080 1474 3138 contineri
1515 3080 1750 3147 videtur,
1795 3078 1880 3133 vel
1923 3078 1969 3132 si
2007 3075 2134 3146 quid

568 3184 640 3239 ab
671 3176 1110 3236 antecessoribus
1150 3171 1351 3228 nostris
1394 3169 1742 3241 pontiﬁcibus
1783 3169 2021 3233 sanctis,
2061 3166 2137 3221 vi-

566 3274 766 3330 delicet
805 3268 1110 3339 Stephano,
1147 3264 1419 3328 Adriano,-
1446 3261 1682 3328 Joanne,
1728 3260 2016 3320 Formoso.
2055 3258 2136 3313 vel

568 3347 779 3420 abiallis
799 3355 1233 3415 antecessoribus
1252 3352 1597 3426 pontiﬁcibus
1615 3351 1788 3407 eidem
1811 3350 2138 3406 monasterio

567 3458 887 3510 concessum
926 3455 1041 3509 est.
1076 3455 1136 3500 ut
1183 3453 1353 3500 totum
1400 3443 1503 3498 hoc
1539 3443 1803 3513 integrum
1840 3440 2136 3511 apostolica

566 3542 893 3599 auctoritate
931 3537 1118 3599 vobis,
1161 3535 1463 3604 vestrisque
1504 3531 1908 3588 successoribus
1947 3544 2140 3586 conce-

568 3635 750 3693 (limus
777 3640 832 3687 et
870 3630 1274 3687 confirmamus.
1319 3623 1565 3680 Chrisma
1611 3636 1825 3694 quoque
1863 3630 1918 3679 et
1956 3621 2136 3676 oleum

566 3734 814 3784 sanctum
856 3737 887 3777 a
926 3732 1243 3794 quacunque
1281 3715 1508 3773 ecclesia
1537 3716 1799 3783 voluerit,
1828 3714 1909 3771 vel
1951 3725 2136 3784 potue-

564 3819 668 3887 rit,
695 3817 921 3874 licenter
944 3811 1243 3881 accipiant;
1271 3813 1569 3865 statuentes
1592 3807 1882 3879 apostolica
1911 3821 2136 3862 censura

563 3894 907 3984 praecipimus
935 3915 997 3961 ιιι
1025 3902 1202 3960 nullus
1243 3901 1387 3976 duv,
1426 3901 1698 3965 marchio,
1737 3914 1947 3964 comes,
1995 3900 2138 3955 vice-

567 4017 786 4066 comes,
816 3995 1142 4058 castaldius,
1169 3993 1255 4050 vel
1295 3992 1555 4064 aliquavis
1597 4006 1789 4064 magna
1833 4007 1927 4047 seu
1972 4006 2135 4062 parva

565 4087 996 4165 persona‘ullum
1040 4086 1346 4142 districtum
1389 4084 1439 4139 in
1480 4083 1747 4153 aliquibus
1785 4083 1917 4138 locis
1961 4083 2134 4153 ipsum

576 4178 964 4236 monasterium
994 4172 1199 4230 habere
1228 4173 1309 4229 vel
1333 4171 1581 4243 judicare
1605 4214 1618 4238 ,
1647 4189 1740 4227 seu
1778 4171 1978 4241 aliquid
2022 4171 2135 4241 pla-

568 4270 736 4326 citum
767 4276 952 4322 tenere
984 4266 1214 4331 audeat,
1244 4264 1345 4318 nisi
1377 4264 1444 4317 ab
1483 4264 1648 4333 ipsius
1689 4263 2001 4318 monasterii
2042 4265 2136 4317 ab-

570 4357 698 4412 bate
737 4354 996 4411 invitatus
1034 4352 1210 4407 fuerit.
1249 4350 1600 4422 “aequoque
1633 4353 1925 4424 apostolica
1957 4362 2138 4409 aucto-

2208 614 2215 621 .
2239 540 2420 597 dictus
2445 540 2614 596 abbas
2643 541 2710 596 de
2739 541 2840 595 hoc
2868 540 3063 595 szcculo
3101 540 3445 610 migraverit,
3473 555 3648 611 neque
3676 555 3823 604 rex.

2237 647 2412 702 neque
2454 633 2590 701 dux,
2623 646 2796 702 neque
2834 631 3109 692 marchio.
3142 647 3319 701 neque
3362 632 3673 702 episcopus,
3717 644 3828 689 ne-

2238 740 2342 796 que
2368 739 2589 797 comes,
2605 740 2780 795 neque
2806 724 2912 779 ulla
2941 724 3043 778 alia
3071 739 3300 795 persona
3329 724 3529 780 ibidem
3556 725 3821 781 abbatem

2237 815 2493 870 ordinare
2526 826 2848 886 praesumat,
2874 816 2967 881 sed
2998 816 3341 887 congregatis
3374 817 3427 873 in
3476 832 3645 871 unum
3680 831 3829 872 enit-

2238 911 2342 966 ctis
2390 909 2634 980 ejusdem
2688 911 3003 975 monasterii
3059 911 3359 976 fratribus,
3413 926 3480 965 ac
3539 911 3825 966 communi

2238 1016 2533 1068 consensu,
2574 1002 2667 1057 Dei
2712 1002 3085 1072 providentia,
3114 1002 3210 1072 qui
3250 1002 3442 1073 dignus
3485 1001 3593 1058 hoc
3616 1003 3831 1058 honore

2238 1091 2389 1147 visus
2420 1091 2617 1156 fuerit,
2646 1107 2711 1147 ex
2749 1093 2964 1163 prepria
2999 1095 3421 1163 congregatione
3456 1092 3710 1149 abbatem
3751 1094 3830 1147 ibi

2220 1181 2513 1237 ordinent.
2546 1182 2601 1236 Si
2632 1182 2753 1251 quis
2780 1195 2991 1247 autem,
3026 1182 3167 1251 quod
3197 1198 3302 1238 non
3333 1191 3620 1252 optamus,
3651 1191 3837 1263 teme:

2238 1272 2383 1328 rario
2415 1287 2548 1327 ausu
2587 1282 2771 1327 contra
2800 1287 2866 1326 ea
2898 1288 3017 1342 qua:
3049 1272 3117 1328 ab
3148 1273 3249 1328 hac
3276 1282 3458 1327 nostra
3492 1270 3833 1328 auctoritate

2237 1365 2325 1436 pie
2354 1373 2410 1418 et
2442 1362 2671 1418 ﬁrmiter
2697 1378 2795 1434 per
2832 1363 2935 1418 hoc
2976 1375 3216 1418 nostrum
3247 1363 3587 1435 privilegium
3618 1373 3828 1418 statuta

2241 1465 2369 1511 sunt
2403 1454 2688 1511 contraire
2728 1455 3012 1509 tentavcrit
3033 1495 3048 1519 ,
3085 1455 3170 1510 vel
3207 1454 3322 1509 haec
3355 1471 3476 1525 qua:
3503 1470 3533 1507 a
3568 1454 3732 1509 nobis
3761 1452 3837 1509 ad

2239 1544 2451 1602 laudem
2483 1546 2578 1603 Dei
2610 1560 2706 1616 pro
2735 1545 3033 1600 stabilitate
3058 1544 3169 1613 jam
3198 1544 3326 1599 dicti
3356 1544 3676 1598 monasterii
3712 1538 3835 1598 sta:

2241 1648 2352 1695 tuta
2383 1647 2508 1695 sunt
2562 1638 2859 1710 refragari,
2897 1646 2989 1692 aut
3035 1651 3248 1706 quoquo
3275 1636 3436 1691 modo
3477 1636 3831 1705 transgnedi.

2239 1730 2673 1802 praesumpserit,
2711 1731 2847 1786 sciat
2884 1744 2943 1785 se
2982 1728 3305 1784 auctoritate
3336 1728 3477 1782 beati
3510 1726 3658 1782 Petri
3692 1742 3826 1796 apo-

2239 1821 2361 1878 stoli
2397 1822 2758 1877 anathematis
2796 1819 3008 1876 vinculo
3042 1819 3389 1883 iuno-datum,
3436 1826 3492 1872 ct
3534 1833 3664 1873 cum
3710 1817 3833 1871 cia-

2238 1914 2363 1972 lnlo
2393 1922 2448 1970 et
2481 1912 2598 1983 ejus
2628 1912 2979 1990 atrocissimis
3013 1910 3255 1981 pompis,
3286 1918 3448 1979 atque
3478 1906 3619 1965 .I.tda
3655 1908 3832 1971 tradi—

2242 2015 2358 2062 tore
2410 2006 2621 2061 Domini
2669 2004 2839 2061 nostri
2889 2004 3014 2060 Jesu
3060 2004 3292 2070 Chrisi,
3344 2005 3533 2059 attenti
3584 2003 3829 2061 incendii

2236 2097 2502 2167 supplicio
2540 2099 2926 2163 cremandum,
2965 2100 3064 2154 nisi
3103 2101 3246 2170 quod
3286 2099 3426 2154 male
3457 2101 3709 2169 peccavit
3740 2100 3831 2152 d2-

2238 2206 2343 2262 gne
2389 2191 2713 2247 correxerit.
2760 2193 2832 2247 At
2878 2205 3008 2248 vero
3052 2193 3143 2263 qni
3189 2192 3278 2263 pio
3318 2192 3512 2247 intuitu
3552 2201 3746 2247 custos
3772 2201 3830 2245 ct

2238 2283 2556 2339 observator
2591 2283 2865 2339 exstiterit
2903 2282 3061 2352 lntjus
3098 2296 3212 2338 nos:
3227 2284 3268 2337 ri
3320 2282 3599 2352 apostolici
3651 2282 3826 2352 privi-

2237 2373 2393 2446 legii,
2442 2375 2531 2430 hic
2575 2375 3004 2431 conﬁrmationis
3038 2373 3136 2447 [et]
3169 2374 3559 2431 benedictianis
3588 2374 3827 2444 gratiam

2240 2477 2272 2518 α
2314 2462 2826 2519 misericordissimo
2851 2462 3034 2532 judice
3068 2462 3294 2518 Domino
3324 2472 3509 2517 nostro
3541 2463 3829 2531 vitamque

2238 2561 2495 2607 mternam
2525 2566 2648 2608 cum
2680 2552 2932 2608 omnibus
2962 2552 3150 2614 electis
3182 2552 3274 2607 Dei
3305 2552 3565 2620 consequi
3607 2567 3828 2606 merea-

2242 2650 2329 2697 tur
2357 2641 2410 2696 in
2448 2641 2641 2698 stecala
2673 2642 3011 2697 saeculorum.
3045 2642 3237 2696 Amen.

2314 2731 2506 2786 Datum
2551 2747 2643 2786 vtn
2679 2730 2752 2787 Id.
2786 2731 3041 2802 Augusti,
3076 2747 3172 2801 per
3201 2746 3392 2786 manus
3419 2730 3570 2787 Petri
3603 2731 3826 2789 diaconi

2238 2820 2636 2878 bibliothecarii
2688 2832 2745 2880 et
2786 2822 3096 2878 cancellarii
3150 2822 3209 2878 S.
3264 2823 3574 2893 apostelicte
3629 2825 3822 2887 sedis.

2237 2927 2380 2969 anno
2408 2912 2611 2969 domini
2641 2911 2836 2969 Leonis
2864 2911 2937 2967 IX
2962 2927 3112 2984 papte
3138 2927 3174 2968 n
3192 2953 3207 2979 ,
3240 2912 3350 2967 ind.
3376 2928 3446 2966 tv.

2940 3022 3120 3080 XLIII.

2163 3135 2210 3200 C
2242 3136 2305 3194 S.
2347 3137 2451 3192 Leo
2501 3136 2581 3192 IX
2616 3138 2989 3197 monasterium
3047 3137 3108 3191 S.
3176 3134 3402 3191 Victoris
3451 3132 3823 3198 Hassilfenu,

2312 3204 2472 3262 Petro
2503 3209 2688 3263 abbate
2725 3209 2779 3263 in
2815 3208 3013 3279 synodo
3048 3207 3635 3279 Vercellengipetenle.
3670 3218 3826 3279 turn-

2308 3278 2432 3333 ἀξίη
2468 3279 2684 3349 stuct'pit
2708 3275 2897 3349 ,eiqt'te
2926 3277 3186 3333 abbatiam
3218 3278 3279 3333 δ.
3318 3275 3541 3332 Victoris
3582 3275 3824 3330 Valenti-

2312 3364 2518 3403 ttensrm
2550 3348 2807 3403 concedit.

2803 3438 3005 3522 (Anno
3043 3437 3200 3494 l050.
3226 3436 3247 3508 )

2596 3549 2808 3624 [Mansi
2845 3548 3047 3607 Concil.
3084 3548 3206 3607 XIX
3236 3592 3250 3616 ,
3289 3548 3459 3623 779.]

2308 3640 2420 3698 Leo
2453 3642 2773 3713 episcopus,
2805 3657 2994 3698 servus
3024 3658 3302 3698 servorum
3336 3642 3430 3696 Dei
3457 3683 3471 3706 ,
3507 3640 3696 3697 Pereo
3725 3640 3821 3697 εὼς

2238 3733 2353 3789 bati
2388 3734 2699 3789 monasterii
2733 3733 2791 3789 S.
2825 3733 3057 3788 Victoris
3090 3733 3438 3791 Massiliensis
3467 3736 3726 3806 martyris
3761 3745 3819 3789 ct

2238 3821 2476 3878 omnium
2523 3823 2919 3893 apostolorum,
2957 3823 3173 3893 tuisque
3212 3822 3616 3880 successoribus
3652 3825 3823 3880 abba-

2242 3914 2383 3969 tibus
2410 3924 2726 3985 perpetuam
2760 3914 2811 3968 in
2845 3913 3070 3968 Domino
3097 3914 3345 3969 salutem.

2306 4000 2571 4057 Convenit
2634 4002 2933 4073 apostolico
2992 4003 3346 4058 moderamini
3405 4005 3490 4074 pia
3548 4005 3818 4075 religione

2238 4089 2562 4160 pollentibus
2622 4091 2870 4145 benivola
2914 4094 3292 4163 compassionc
3345 4110 3705 4159 succurrere,
3762 4104 3817 4150 et

2238 4163 2551 4250 petentiunr
2592 4181 2875 4237 desideriis
2937 4197 3233 4253 congruum
3290 4185 3553 4254 impertiri
3611 4187 3811 4241 suma-

2237 4270 2403 4341 gium.
2449 4268 2526 4327 Es
2569 4272 2671 4326 hoc
2709 4272 2850 4327 enim
2895 4273 3028 4328 lucri
3074 4276 3410 4345 putissimutn
3458 4279 3740 4347 przcmium
3781 4295 3812 4331 a

2238 4361 2520 4417 conditore
2542 4363 2781 4417 omnium
2798 4363 2907 4417 Deo
2934 4363 2986 4418 in
3015 4366 3241 4421 sidereis
3269 4367 3500 4421 coetibus
3528 4382 3809 4437 promere.

568 4448 739 4535 τῑιοςς
766 4442 1129 4535 ιπτεεῖρίεηάο
1158 4441 1461 4535 δξηὶείυξηίν
1500 4450 1560 4535 ιξι
1598 4457 1771 4535 {mlite
1810 4443 2132 4514 episcopus.
2161 4472 2213 4535 ι)
2239 4451 2407 4520 bitur,
2456 4452 2502 4508 si
2555 4452 2880 4509 venerabilia
2936 4452 3051 4510 loca
3103 4456 3306 4512 nostris
3362 4457 3698 4528 temporibus
3744 4459 3812 4513 ad

578 4534 664 4591 vel
695 4523 832 4603 alius
860 4533 1146 4605 quisquam
1175 4530 1242 4586 de
1271 4530 1460 4588 Ordine
1491 4532 1810 4590 clericorum
1839 4535 2096 4592 ecclesias
2117 4577 2133 4603 ,

564 4611 888 4699 parceltias,
917 4621 1111 4688 cellas,
1138 4621 1218 4676 vel
1247 4622 1444 4692 przedia
1466 4662 1481 4687 ,
1514 4622 1598 4678 vel
1621 4638 1952 4695 quacunque
1982 4625 2094 4681 loca
2115 4666 2131 4691 ,

565 4728 662 4773 seu
692 4727 783 4770 res
803 4710 1013 4785 pratl'ati
1046 4710 1361 4789 monasterii
1391 4712 1604 4766 auferre
1631 4719 1723 4766 aut
1746 4711 1981 4767 alienare
2008 4729 2136 4783 quo.

565 4820 675 4879 quo
697 4804 856 4867 modo
875 4810 1203 4876 pratsumant
1218 4838 1240 4870 ,
1258 4808 1352 4856 aut
1373 4803 1665 4879 quamlibet
1689 4804 2132 4870 εοηῑιυγυι·;.ἰ.ιηι,
2160 4878 2163 4881 ν

566 4900 685 4954 sive
704 4895 961 4965 iniuriam
982 4934 997 4962 ,
1028 4908 1121 4950 seu
1149 4888 1383 4965 aliquam
1408 4894 1556 4969 domi
1571 4891 1840 4964 facturam
1869 4895 1921 4950 in
1952 4898 2131 4963 rebus,

563 4986 1033 5060 possessionibus,
1061 4982 1147 5039 vel
1178 4984 1232 5038 in
1266 4972 1439 5057 nullis
1459 4982 1776 5059 utensilibus
1820 4988 1935 5042 sive
1974 5004 2133 5041 urna-

464 5111 468 5115 -
564 5077 788 5142 mentis,
820 5074 1078 5148 przedicto
1126 5066 1453 5130 monasterio
1472 5068 1694 5154 "'i'tilerre
1741 5078 1951 5151 audeat.
2011 5078 2137 5135 lbec

561 5167 746 5224 omoia
774 5164 897 5235 qua:
919 5165 1167 5236 superius
1196 5177 1493 5220 memorata
1526 5177 1677 5231 sum,
1709 5168 1963 5225 videlicet
1994 5170 2135 5226 deci-

562 5269 714 5298 mi-
746 5255 1041 5298 nrimhiac-
1067 5255 1370 5298 nhlntimmc
1432 5258 1498 5298 ml
1539 5253 1680 5298 emno
1717 5258 1914 5298 alietnm
1950 5275 2135 5298 mnna.

2237 4548 2516 4604 meliorem
2555 4547 2783 4614 fuerint,
2826 4548 2934 4604 Deo
2959 4547 3218 4619 jttvante,
3266 4547 3470 4603 cultum
3516 4546 3808 4619 perducta,

2234 4645 2290 4692 et
2340 4653 2371 4693 a
2431 4636 2647 4694 lesione
2694 4653 2981 4710 pravorum
3032 4638 3312 4694 hominum
3357 4647 3618 4708 protecta.
3671 4636 3808 4707 Quia

2234 4740 2283 4781 ν’
2303 4743 2364 4782 ro
2393 4736 2447 4783 Ill
2465 4770 2480 4793 ,
2510 4728 2859 4787 dilectissime
2888 4730 2960 4785 Illi
2980 4772 2993 4793 .
3026 4746 3148 4785 cum
3174 4730 3243 4785 ad
3271 4732 3534 4802 synodum
3563 4739 3806 4787 nostram

2236 4813 2632 4873 Vercellensem
2679 4820 2902 4886 venisti,
2955 4829 3195 4885 tutamen
3247 4828 3448 4875 nostrae
3496 4819 3810 4891 apostolica:

2235 4905 2598 4977 defensionis,
2627 4909 2965 4982 privilegium
2995 4911 3325 4967 monasterio
3356 4922 3479 4977 tuo,
3509 4914 3652 4982 quod
3678 4925 3803 4983 pro-

2235 4997 2350 5069 prie
2378 5008 2460 5055 est
2491 4998 2549 5054 S.
2581 4998 2760 5065 Petri,
2793 4992 3025 5071 supplici
3049 5003 3391 5059 devotione‘a
3425 5004 3583 5060 nobis
3624 5011 3808 5075 postu-

2236 5084 2354 5141 laSIi
2382 5102 2396 5140 :
2429 5086 2669 5141 inclinati
2702 5106 2778 5158 pri
2798 5089 2950 5145 cibus
2977 5092 3111 5155 tuis,
3141 5107 3237 5162 per
3264 5075 3423 5160 aut;
3452 5102 3651 5148 nostrae
3678 5108 3805 5164 apo.

2236 5173 2437 5233 siblicze
2448 5178 2822 5248 prmccptionis
2844 5180 3059 5246 seriem,
3081 5164 3805 5252 praedicit-titurmonasterium

2238 5264 2301 5298 ρο
2328 5267 2562 5298 “inin—:3
2598 5264 2852 5298 maniis-9:9
2899 5269 3243 5298 Λιιιηξιι-ηιιιιρι
3286 5273 3647 5298 annnln'-.—..n-
