4062 5352
185 427 288 497 633

1191 439 1548 502 EPISTOLAS
1591 437 1675 502 Et
1715 443 2033 502 DECRETA
2074 431 2478 502 Poxrtrtsta.

3368 458 3471 514 654

186 556 390 622 tionis,
444 558 742 628 quidquam
792 557 1064 614 violentia:
1119 569 1214 614 aut
1267 562 1471 631 rapina:
1519 563 1571 616 in
1622 561 1780 617 rebus
1812 567 1854 624 Α
1889 560 2165 631 multoque
2219 572 2461 632 tempore
2515 578 2703 620 secum
2759 566 3013 636 retinuit;
3076 576 3129 626 in
3189 587 3298 643 quo
3349 573 3468 630 loco

189 645 442 715 ejusdem
481 646 797 702 monasterii
850 655 904 702 et
943 647 1112 702 etiam
1142 650 1295 705 cellis
1351 653 1668 707 nominatim
1701 669 1787 708 sa-

183 737 390 808 crLlega
422 753 587 792 manu
617 739 959 795 committere
987 741 1205 798 audeat.
1235 741 1594 801 Couccdimus
1619 747 1784 800 etiam

184 827 292 896 ipsi
321 838 510 884 vestro
536 832 869 886 monasterio
898 833 1231 890 abbatiolam
1261 838 1554 906 quamdam
1605 839 1782 892 sancti

185 915 432 974 Victoris
459 920 680 975 nomine
711 921 852 992 apud
882 920 1228 980 Valentinani
1271 926 1546 980 civitatem
1589 927 1782 992 sitam,

183 1026 354 1080 quam
392 1012 550 1067 nobis
585 1011 636 1066 in
668 1012 781 1082 ipsa
809 1015 1014 1086 synodo
1043 1016 1211 1086 ipsius
1238 1017 1471 1073 civitatis
1497 1019 1787 1090 episcopus

182 1099 422 1157 Pontius
453 1103 710 1158 manibus
742 1106 947 1160 nostris
991 1107 1227 1162 reddidit
1253 1117 1307 1162 et
1333 1121 1431 1178 per
1473 1110 1653 1164 omnia
1698 1126 1783 1166 rc-

181 1189 419 1260 fntavit,
453 1201 691 1266 tuncque
734 1212 902 1266 usque
948 1197 1148 1268 injuste
1171 1199 1443 1254 detentam
1490 1201 1558 1254 ab
1591 1203 1785 1257 abbate

185 1281 242 1336 S.
277 1283 650 1342 Theodofrcdi
681 1303 748 1343 ex
782 1299 1026 1360 tempore
1072 1289 1423 1348 desolationis
1471 1297 1781 1351 monasterii

185 1375 245 1431 S.
279 1377 542 1436 Victoris.
589 1380 908 1438 Statuentes
951 1384 1247 1454 apostolica
1292 1401 1523 1441 censura
1567 1403 1634 1442 nc
1675 1389 1784 1444 nlla

185 1485 433 1539 unquam
468 1474 753 1528 hominum
785 1491 1051 1544 persona,
1095 1475 1462 1548 cujuscunque
1501 1480 1784 1547 potestatis

185 1561 271 1616 vel
299 1564 656 1630 conditionis,
685 1550 1062 1637 cujuscunque
1091 1584 1254 1622 sexus
1279 1579 1334 1623 ct
1363 1571 1562 1635 aetatis,
1593 1582 1782 1625 contra

193 1652 344 1709 banc
400 1664 602 1711 nostra:
654 1658 965 1728 apostolica:
1019 1660 1361 1715 auctoritatis
1413 1661 1780 1717 defensionem

182 1747 378 1800 venire
433 1756 745 1818 praetentet.
797 1749 950 1815 Quod
1003 1750 1046 1804 si
1100 1766 1263 1804 ausus
1318 1751 1506 1814 fuerit,
1560 1753 1782 1823 cuspide

1890 650 2057 704 multa
2091 652 2349 708 miracula
2375 669 2470 724 per
2499 670 2621 709 eum
2653 653 2912 714 Dominus
2948 661 3203 730 dignatus
3230 673 3312 720 est
3340 679 3473 736 0pc-

1890 757 2032 796 rarc.
2071 741 2138 797 Ut
2168 744 2235 798 de
2268 745 2484 800 caeteris
2534 753 2766 813 taceam,
2806 758 2864 804 ut
2910 751 3034 807 libri
3087 754 3230 810 illius
3281 772 3474 812 mona-

1889 834 2044 889 sterii
2085 835 2476 906 (Romanensis
2507 841 2824 895 monasterii
2875 859 2943 896 ou
2970 843 3471 920 Romammoutier),

1890 925 2215 996 loquuntur,
2249 930 2398 984 visus
2433 937 2516 984 est
2537 933 2882 1000 prtcsentiam
2923 937 3291 1004 apostolorum
3323 939 3470 996 Petri

1887 1027 1941 1072 et
1965 1017 2117 1073 Panli
2142 1029 2199 1074 et
2254 1021 2538 1076 beatorum
2593 1035 2896 1096 martyrum
2951 1027 3027 1083 ibi
3078 1031 3471 1100 quiescentium

1887 1107 1991 1162 sibi
2042 1108 2325 1190 allocutos,
2375 1121 2431 1166 ut
2478 1112 2766 1169 ecclesiam
2795 1115 2944 1172 illam
2982 1121 3349 1188 apostolorum
3378 1139 3474 1178 an-

1888 1200 2142 1255 ctoritate
2185 1202 2525 1269 sublimaret,
2557 1213 2610 1259 et
2667 1209 3040 1278 supradictum
3108 1228 3288 1285 regem
3324 1213 3386 1270 P.
3419 1225 3476 1272 et

1887 1289 2027 1348 ﬁlios
2063 1294 2182 1364 ejus
2214 1311 2368 1364 rcges
2395 1297 2624 1368 eligeret
2656 1309 2713 1355 et
2735 1314 3081 1361 consecraret
3113 1347 3128 1373 ,
3187 1318 3244 1364 et
3291 1312 3474 1368 divina

1887 1391 1939 1434 et
1975 1383 2274 1450 apostolica
2321 1389 2652 1445 auctoritate
2681 1395 3001 1464 praeciperet
3033 1407 3090 1452 ut
3118 1400 3296 1456 nullus
3325 1420 3472 1459 mor-

1887 1471 2076 1525 talium
2105 1485 2205 1542 pcr
2231 1478 2578 1533 succedentia
2631 1490 2874 1553 tempora
2913 1486 2965 1539 in
2999 1487 3089 1542 illo
3121 1505 3308 1562 regno,
3358 1493 3466 1549 nisi

1886 1563 1952 1618 de
1984 1563 2194 1619 illorum
2225 1569 2478 1638 prosapia
2527 1581 2583 1625 et
2625 1577 2924 1645 propagine
2980 1594 3163 1648 regem
3214 1582 3472 1639 ordinare

1885 1657 2130 1712 auderet.
2196 1658 2253 1713 In
2313 1664 2626 1732 supradicto
2680 1681 2810 1722 vero
2859 1671 3077 1739 negotio
3121 1673 3470 1730 etitinerein

1885 1749 2548 1818 quibusdamJurensilms
2602 1761 2850 1828 partibus
2904 1764 3079 1832 posito
3132 1769 3466 1822 monasterio

185 1837 559 1892 anathematis
611 1840 1083 1894 transverberatus
1122 1839 1225 1894 erit
1273 1857 1440 1910 usque
1470 1841 1534 1895 ad
1565 1843 1779 1913 dignam
1813 1836 2042 1928 hiussit
2085 1843 2188 1898 sibi
2231 1845 2524 1914 hospitium
2580 1865 2918 1921 przeparare;
2982 1856 3076 1910 sed
3107 1867 3388 1928 susceptus
3415 1871 3471 1913 et

180 1927 640 1993 satisfactionem.
689 1929 788 1996 Qui
839 1946 966 1990 vero
1006 1946 1066 1986 se
1113 1929 1182 1984 ab
1221 1933 1321 1985 hac
1364 1934 1780 2002 prmsumptionc
1813 1913 1855 1973 Β
1883 1931 2110 1986 servitio
2143 1913 2502 1992 habitantium
2535 1938 2754 2006 fruitus,
2788 1951 2848 1997 ut
2873 1953 2992 1999 erat
3021 1946 3140 2015 pius
3167 1957 3221 2002 et
3251 1913 3467 2004 miseri-

180 2020 542 2087 custodierit,
594 2022 1031 2080 benedictionem
1077 2039 1106 2077 a
1160 2017 1388 2078 Damino
1435 2024 1544 2079 Deo
1587 2039 1781 2080 conse-

180 2124 393 2186 quatur
422 2126 478 2170 et
505 2125 727 2171 tetcrnze
758 2117 881 2170 vita:
908 2117 1184 2188 particeps
1211 2114 1490 2170 ciliciatur.

251 2198 394 2257 Data
441 2220 513 2258 vtt
561 2203 684 2260 Idus
729 2203 1066 2274 Septembris
1106 2221 1202 2276 per
1245 2221 1434 2260 mamis
1476 2205 1621 2260 Petri
1667 2207 1780 2261 dia-

179 2296 346 2360 coni,
375 2295 786 2351 bibliothecarii
816 2307 868 2350 et
893 2296 1202 2351 cancellarii
1238 2306 1439 2350 sanct:c
1468 2297 1780 2368 apostolicae

180 2387 365 2451 scalis,
397 2402 544 2442 anno
574 2387 784 2442 Domini
816 2387 977 2451 1050,
1017 2386 1214 2442 Leonis
1248 2387 1372 2441 noni
1406 2403 1656 2460 papam,
1692 2390 1776 2445 in-

183 2476 430 2531 dictione
460 2492 534 2531 Iv.

863 2606 1043 2664 XLIV.

178 2713 487 2795 [Heinrico]
521 2722 825 2801 imperatori
871 2721 1297 2801 Romanoruuret
1363 2726 1472 2801 regi
1531 2723 1777 2801 Burgum

247 2791 512 2864 diarium]
580 2791 832 2860 episcopis
883 2803 931 2845 et
991 2794 1310 2862 principibus
1355 2791 1577 2864 regionis
1634 2791 1776 2850 illius

180 2901 188 2907 .
251 2861 556 2916 Romanum
585 2864 962 2917 monasterium
995 2867 1346 2918 rommendat.

771 2956 952 3026 (Anno
993 2955 1175 3024 1050.)

176 3043 557 3115 μιέιιιοὶνειει
612 3045 934 3100 Documents
976 3046 1040 3100 de
1080 3047 1132 3099 lu
1168 3044 1368 3102 Société
1406 3047 1674 3104 d'histoire
1713 3051 1776 3106 de

691 3117 742 3170 la
791 3115 990 3182 Suisse,
1015 3132 1069 3186 p.
1099 3116 1249 3189 δια]

247 3213 358 3268 Lzo
387 3215 700 3284 cpiscopus,
751 3222 939 3269 servus
985 3228 1262 3268 servorum
1313 3214 1546 3274 Domini.
1582 3215 1645 3269 li.
1687 3217 1770 3270 di-

175 3301 475 3360 lectissime
503 3303 617 3358 tilio
646 3302 960 3374 imperatori
1011 3303 1378 3358 Romanorum
1415 3317 1465 3359 et
1492 3307 1602 3375 regi
1634 3304 1770 3359 Bur-

173 3397 533 3466 gundionum,
573 3395 842 3466 episcopis
887 3404 941 3449 et
969 3395 1307 3465 principibus
1331 3396 1569 3467 regionis
1603 3398 1766 3466 illius,

175 3483 407 3538 salutem
443 3495 500 3540 et
529 3485 882 3554 apostolicam
913 3485 1370 3541 benedictionem.

248 3572 382 3628 Volo
403 3575 547 3630 scire
575 3574 1002 3630 dominationem
1051 3585 1286 3630 vestram
1314 3585 1370 3631 et
1390 3592 1768 3634 successorum

175 3675 481 3721 vestrorum
503 3666 631 3736 quia
655 3666 1039 3720 monasterium
1064 3666 1206 3736 quod
1230 3676 1452 3722 vocatur
1467 3668 1766 3725 Romanum

176 3755 278 3811 iuit
302 3757 583 3826 quondam
606 3757 1044 3813 commendatum
1098 3759 1537 3814 antecessoribus
1568 3760 1769 3816 nostris

174 3849 242 3904 ad
290 3851 620 3906 servandum
675 3859 731 3906 et
778 3851 1188 3908 custodiendum
1216 3861 1271 3906 et
1319 3853 1613 3916 tuendum,
1659 3869 1767 3909 non

173 3942 240 3997 ad
293 3943 530 3997 dandum
602 3951 657 3998 et
719 3944 1056 3999 vendendum
1088 3984 1102 4008 ,
1177 3958 1280 3998 nec
1325 3943 1392 3998 ad
1443 3944 1768 4000 beneﬁcium

173 4033 445 4101 dandum;
504 4036 600 4090 sed
656 4051 760 4105 qua
807 4036 1096 4092 occasione
1146 4035 1272 4091 illud
1327 4035 1542 4100 accidit,
1579 4038 1769 4107 paucis

173 4124 329 4180 vobis
360 4141 445 4181 me
483 4127 670 4181 dicere
727 4126 903 4182 libuit.
961 4127 1250 4183 Multorum
1300 4128 1562 4184 relatione
1604 4131 1766 4186 didici

174 4214 321 4282 quod
355 4215 610 4270 dominus
642 4215 950 4287 Stephanus
979 4208 1306 4274 venerabilis
1332 4217 1490 4288 hujus
1512 4220 1768 4276 Romanis

175 4305 321 4360 sedis
344 4307 656 4376 episcopus,
682 4308 1006 4377 quibusdam
1029 4308 1447 4365 necessitatibus
1477 4310 1768 4381 impeditus

175 4404 231 4450 et
265 4412 296 4451 a
323 4396 700 4470 Longobardis
726 4401 962 4468 graviter
1015 4410 1356 4473 angustatus,
1391 4418 1616 4458 necesse
1674 4403 1770 4459 ha-

175 4486 295 4542 buit
317 4491 601 4546 consilium
640 4502 887 4561 querere
943 4509 975 4547 a
1029 4485 1364 4549 Francorum
1418 4507 1577 4565 rege;
1641 4496 1766 4566 quia

1882 2036 2026 2088 cors,
2063 2023 2356 2094 hospitium
2402 2028 2634 2101 benigne
2680 2035 2921 2104 suscepit
2958 2053 2972 2089 ε
3018 2046 3075 2092 et
3107 2053 3173 2092 ex
3201 2039 3471 2096 charitate

1881 2111 2059 2168 locum
2109 2115 2390 2173 benedixit
2421 2128 2477 2174 et
2523 2123 2928 2192 sanctiﬁcat/it,
2978 2136 3034 2182 et
3081 2129 3148 2184 ad
3206 2130 3467 2187 honorem

1881 2208 2250 2276 apostolorum
2287 2211 2550 2270 ecclesias
2596 2217 2670 2271 ibi
2702 2220 3048 2274 consecravit
3080 2230 3135 2276 et
3163 2221 3470 2279 Romanum

1882 2301 2269 2356 monasterium
2298 2305 2617 2362 nominavit.
2651 2307 2754 2376 Qui
2810 2309 2983 2379 locus,
3035 2321 3095 2367 ut
3127 2313 3468 2382 audivimus,

1879 2399 2067 2460 postea
2115 2408 2145 2446 a
2196 2394 2352 2450 malis
2403 2396 2713 2455 hominibus
2759 2411 2814 2457 et
2861 2404 2930 2458 ab
2993 2405 3321 2475 importunis
3394 2411 3474 2465 vi-

1879 2481 2021 2538 cinis
2095 2484 2387 2543 destilntus
2459 2499 2576 2555 est;
2655 2491 2751 2547 sed
2815 2492 3043 2550 Domino
3093 2506 3369 2555 annuente
3429 2515 3463 2556 a

1881 2591 2010 2648 rege
2045 2576 2332 2636 Cbonrado
2382 2589 2438 2637 et.
2493 2582 2734 2651 Matilda,
2795 2585 2913 2656 ejus
2963 2589 3189 2662 conjuge
3252 2592 3471 2660 nobilis-

1881 2669 2018 2726 sima
2077 2671 2249 2726 beata:
2322 2676 2718 2733 recordationis
2743 2717 2760 2744 ,
2822 2678 3019 2736 Maiolo
3081 2693 3136 2737 et
3192 2698 3472 2740 successo-

1879 2763 2029 2819 ribus
2075 2765 2192 2835 ejus
2247 2769 2530 2824 monachis
2593 2773 3037 2840 commendatus,
3087 2790 3187 2846 per
3247 2777 3466 2832 illorum

1881 2856 2120 2925 stadium
2161 2859 2240 2920 ad
2288 2861 2604 2918 saecularem
2659 2862 2920 2921 honorem
2969 2873 3024 2921 et
3050 2867 3118 2922 ad
3149 2867 3466 2939 religionem

1881 2949 2236 3006 monasticam
2262 2951 2526 3010 deductus
2569 2963 2670 3020 est,
2704 2963 2758 3010 et
2828 2958 3136 3015 restitutus.
3171 2959 3266 3016 llla
3314 2961 3463 3017 ordi‘

1879 3040 2028 3097 natio
2061 3041 2205 3098 beati
2229 3042 2406 3100 Maioli
2437 3054 2492 3100 et
2519 3046 2661 3118 regis
2690 3055 2746 3104 et
2781 3049 2982 3120 reginae
3002 3051 3109 3106 ﬁxa
3141 3061 3200 3108 et
3253 3053 3468 3109 stabilis

1879 3144 2220 3203 permaneat.
2277 3136 2544 3194 Cteterum
2589 3140 2710 3197 volo
2763 3151 2937 3200 utres
2985 3146 3052 3200 ad
3097 3161 3199 3202 nos
3246 3162 3467 3219 semper

1880 3226 2154 3296 respiciat;
2191 3229 2266 3284 ita
2292 3238 2352 3286 ut
2379 3232 2423 3287 si
2454 3231 2654 3310 aliquis
2697 3234 2768 3289 ibi
2794 3235 3046 3306 injuriam
3078 3239 3268 3296 fecerit
3293 3249 3350 3296 et
3394 3259 3464 3298 ex

1875 3324 2063 3371 nostra
2109 3325 2266 3387 parte
2317 3328 2372 3374 et
2400 3334 2775 3379 successorum
2830 3333 3138 3384 nostrorum
3190 3330 3459 3386 reclama-

1875 3403 2076 3460 tionem
2133 3409 2364 3464 audierit
2408 3419 2464 3466 et
2515 3413 2750 3470 noluerit
2797 3419 3110 3484 emendare,
3146 3422 3213 3476 ad
3235 3421 3454 3494 plenum

1871 3497 2012 3551 sciat
2053 3513 2111 3554 se
2152 3502 2449 3570 apostolica
2496 3507 2819 3564 auctoritate
2845 3513 3455 3572 excommunicandum.

2582 3613 2743 3672 XLV.

1873 3699 1929 3754 S.
1980 3701 2081 3757 Leo
2125 3703 2206 3756 IX
2253 3709 2560 3782 monasterii
2595 3708 2664 3782 _S.
2715 3709 2980 3782 Mamurri
3024 3715 3371 3782 possessiones
3413 3727 3463 3772 et

2372 3778 2640 3846 privilegia
2669 3780 2968 3848 conﬁrmati

2471 3869 2648 3938 (Auno
2684 3870 2860 3940 l050.)

1873 3953 2028 4026 [Dom
2055 3954 2284 4022 Calmct,
2316 3955 2549 4013 Histoire
2567 3959 2632 4013 de
2660 3959 2932 4025 Lorraine,
2960 3960 3010 4026 Ι,
3038 3959 3286 4030 Prom-ss,
3309 3964 3412 4022 429
3438 3966 3459 4041 ]

1941 4048 2054 4104 Lso
2097 4049 2404 4121 episcopus,
2443 4065 2633 4106 servus
2671 4065 2951 4107 servorum
3001 4052 3116 4118 Dei,
3165 4055 3362 4112 dilecto
3405 4059 3460 4116 in

1871 4137 2088 4194 Christo
2117 4138 2226 4194 tilio
2250 4140 2474 4206 Dooom,
2509 4140 2689 4195 abbati
2720 4142 3032 4198 monasterii
3081 4141 3264 4201 Sancti
3308 4145 3462 4203 Man-

1871 4230 2028 4294 sueti,
2061 4232 2204 4301 quod
2247 4231 2299 4286 in
2327 4231 2586 4287 suburbio
2629 4243 2827 4292 nostrae
2850 4234 3091 4291 civitatis
3111 4232 3251 4296 Tulli
3296 4237 3459 4294 situm

1869 4331 1984 4386 est,
2013 4319 2240 4392 ejusque
2280 4323 2687 4379 successeribus
2725 4324 3048 4396 regulariter
3078 4329 3461 4398 promovendis

1870 4413 1924 4468 in
1953 4422 2250 4484 posterum.

1941 4503 2094 4560 Sicut
2134 4504 2331 4560 ratlotti
2363 4507 2636 4562 contraria
2665 4508 2850 4579 procul
2881 4519 2965 4566 est
2992 4503 3290 4583 alijicienda
3322 4517 3463 4586 pelio

177 4581 393 4634 carebat
421 4589 551 4635 tunc
576 4581 858 4637 Romanus
908 4583 1058 4638 orbis
1109 4599 1340 4654 persona
1395 4585 1759 4655 imperatoris,
1789 4605 1841 4665 ι)
1870 4595 1966 4662 tio,
2008 4596 2081 4652 ita
2119 4597 2171 4651 in
2201 4597 2284 4652 his
2313 4613 2433 4668 qua;
2477 4598 2614 4655 bene
2637 4601 3038 4669 desiderantur,
3059 4581 3338 4660 ἐσθειηηί
3364 4623 3461 4664 ηε..

179 4683 232 4728 et
257 4675 343 4743 qni
370 4674 623 4732 consules
661 4682 718 4729 et
761 4675 1057 4731 dictatores
1088 4676 1414 4732 videbantur
1461 4693 1566 4734 non
1607 4690 1766 4735 erant

181 4775 338 4823 tanta:
367 4770 581 4825 virtutis
634 4778 699 4824 ut
741 4777 964 4837 possent
1002 4781 1247 4826 sanctam
1300 4770 1599 4826 Ecclesiam
1656 4771 1766 4826 Ro-

179 4879 390 4920 manam
431 4866 682 4922 liberare.
721 4881 754 4920 a
832 4873 912 4921 tot
979 4865 1386 4922 imminentibus
1436 4867 1766 4923 turbinibus.

183 4946 310 5010 Erat
328 4957 469 5012 enim
495 4967 630 5012 tunc
647 4955 910 5026 temporis
935 4956 988 5010 iu
1017 4956 1264 5025 partibus
1282 4955 1470 5012 Galliae
1495 4973 1588 5012 rex
1617 4957 1760 5027 pius.

183 5048 396 5104 nomine
430 5048 678 5119 Pipinus,
712 5046 804 5102 ille
828 5047 1051 5118 Pipinus
1093 5049 1246 5119 cujus
1269 5047 1412 5103 (ilius
1442 5048 1543 5103 fuit
1587 5050 1766 5104 haeres

179 5145 240 5194 et
271 5137 506 5194 imitator
556 5138 799 5194 Karolus
857 5139 1106 5208 Magnus;
1139 5139 1231 5209 qui
1265 5139 1491 5194 audiens
1521 5141 1763 5194 necessi-

183 5234 346 5268 lalmn
394 5239 594 5268 cam-vlva
643 5228 913 5268 Rana-inm
955 5229 1206 5268 Ρτφῖεεέ-ιι
1300 5231 1508 5268 \rnnnrit
1569 5230 1762 5268 nmmli-

1865 4689 1980 4760 gari
2031 4705 2134 4744 non
2165 4691 2439 4746 contenit.
2489 4681 2620 4748 Tuis
2650 4692 2838 4764 igitur.
2871 4686 2945 4749 illi
2992 4695 3046 4750 lu
3077 4695 3298 4753 Christo
3329 4700 3462 4755 cha-

1867 4781 2097 4844 rissime,
2140 4780 2392 4850 precibus
2440 4791 2757 4846 annuentes,
2810 4784 2876 4838 ad
2925 4795 3238 4856 perpetuam
3292 4791 3458 4845 vestri

1866 4873 2178 4927 monasterii
2210 4887 2395 4942 pacem
2442 4889 2508 4928 ac
2535 4875 2906 4942 stabilitatem,
2939 4878 3224 4947 praesentis
3253 4881 3462 4938 decreti

1865 4963 2161 5017 stabilitate
2206 4962 2505 5028 sausimus,
2551 4972 2611 5016 ut
2654 4965 2706 5020 in
2749 4979 2816 5018 eo
2861 4981 2968 5021 non
3012 4965 3322 5038 episcopus,
3353 4987 3463 5028 non

1865 5051 1967 5106 alia
1996 5051 2204 5123 qumvis
2237 5067 2484 5120 persona.
2517 5064 2812 5122 gravamen
2843 5056 2930 5111 vel
2957 5056 3273 5127 quampiam
3303 5077 3466 5121 vexato

1868 5146 2066 5200 tionem
2095 5144 2382 5199 exercendi
2415 5143 2506 5213 jus
2535 5144 2754 5210 habeat,
2783 5161 2882 5202 nec
2908 5153 2977 5204 de
3007 5147 3335 5218 redditibus,
3382 5173 3470 5212 re-

2379 5235 2446 5268 .hs
2472 5235 2614 5268 α-ἱ-ΙΙῖ..
2649 5239 2722 5264 -..ει
2765 5237 2827 5264 ΔΑ
2855 5240 3001 5268 ιωΙιξ..
3059 5239 3174 5268 οἶαι-ι
3209 5243 3271 5268 ,1-
3311 5264 3327 5268 -
3357 5266 3380 5267 ,,
3436 5249 3449 5262 ο

1867 5238 1964 5268 ιιι-ε
2014 5233 2096 5268 nol
2129 5235 2331 5268 ηλήνιῖο
