4062 5352
622 330 691 387 55
1653 327 1712 384 S.
1755 326 1998 382 LEONlS
2037 328 2105 381 ιχ
2148 328 2164 382 l

2263 328 2345 385 ’ΔΕ
2386 329 2768 393 ΟΡυὸίίὶῘΙΛ.

586 445 745 505 sitiet,
786 442 898 498 sive
949 441 999 513 in
1048 440 1285 496 futurum
1333 441 1653 510 possederit,
1687 442 1754 494 ab
1798 440 1943 496 omni
1988 440 2164 495 banno
2191 470 2241 525 Α

585 534 828 593 molari
881 533 1111 588 liberum
1159 542 1214 586 et
1258 533 1531 603 quietum.
1579 534 1649 589 ab
1694 536 1839 591 omni
1884 535 2166 589 exactione

582 626 842 690 immune,
881 622 981 676 sub
1007 638 1068 676 ea
1105 620 1463 687 dimensione.
1493 638 1614 694 qua:
1657 624 1709 678 iu
1737 624 2027 695 supradicti
2055 624 2169 694 epi-

586 717 730 786 scopi
776 714 1136 784 chirographo
1166 722 1251 768 est
1275 713 1568 785 descripta,
1602 716 1929 785 possideant.
1958 715 2166 772 Conﬁr-

588 822 796 864 mamns
840 809 1002 862 etiam
1052 806 1207 861 vobis
1250 806 1439 863 cellam
1488 809 1626 879 apud
1678 808 2164 872 Medium-vicum.

584 899 773 952 cellam
801 899 867 952 de
893 907 1076 951 monte
1101 897 1283 958 narro.
1309 914 1432 953 cum
1461 899 1718 968 parochia
1742 915 1860 965 sua,
1881 900 2166 957 ecclesiam

585 990 651 1045 de
679 988 952 1054 Gcrmaio.
998 989 1283 1043 ecclesiam
1319 988 1385 1044 de
1428 987 1653 1053 Boncio,
1689 1002 1812 1045 ctnu
1856 991 2058 1062 capella
2103 992 2169 1046 de

585 1078 898 1143 Ornezons,
927 1078 1211 1133 ecclesiam
1248 1078 1315 1134 de
1355 1076 1732 1146 Godelincort';
1780 1080 2064 1135 ecclesiam
2102 1076 2169 1135 de

589 1169 845 1234 Parneio;
904 1168 1191 1225 ecclesiam
1250 1168 1319 1223 de
1369 1168 1710 1235 Btadiuiaco;
1766 1170 2048 1225 ecclesiam
2102 1172 2169 1227 de

586 1259 839 1325 Marce-io,
875 1259 1163 1315 ecclesiam
1206 1259 1272 1315 de
1300 1253 1559 1324 Tulliaco,
1598 1260 1881 1317 ecclesiam
1927 1260 1993 1317 de
2034 1260 2171 1315 Pur-

586 1367 706 1415 nes,
729 1351 1013 1406 ecclesiam
1045 1351 1109 1403 de
1141 1350 1431 1415 Boverons,
1458 1352 1739 1407 ecclesiam
1766 1352 1835 1406 de
1862 1352 2166 1416 Audcliers.

585 1443 871 1499 ecclesiam
903 1443 970 1496 de
1000 1440 1179 1506 Serto,
1210 1442 1496 1497 ecclesiam
1530 1443 1594 1497 de
1636 1441 1857 1504 Limeis.
1899 1458 2020 1498 cum
2057 1460 2171 1496 om-

588 1533 743 1588 nibus
772 1533 1098 1604 appenditiis
1130 1533 1343 1600 vestris,
1373 1548 1494 1587 eum
1537 1532 1798 1587 altaribus
1832 1542 1888 1588 et
1916 1533 2166 1599 decimis;

585 1634 642 1678 ut
663 1624 808 1679 nullo
832 1624 990 1679 modo
1030 1624 1331 1693 cuicunque
1356 1639 1598 1694 persona:
1619 1640 1685 1680 ex
1711 1624 1984 1695 przedictis
2010 1624 2170 1679 rebus

585 1717 744 1772 liceat
791 1718 1031 1772 minuere
1077 1717 1156 1771 vel
1205 1716 1439 1781 auferre,
1503 1730 1681 1786 neque
1726 1715 2008 1771 ecclesiam
2055 1715 2169 1770 sive

3725 331 3834 383 ὕεοο

2960 438 3138 493 XLVI.

2267 553 2325 609 S.
2361 555 2461 610 Leo
2486 552 2568 609 IX
2589 556 2957 626 canon‘cm-nm
2983 556 3116 609 carie
3144 556 3209 626 in,
3238 555 3295 610 S.
3315 554 3564 626 Stephani
3589 556 3844 615 Tuliensil

2757 629 2839 695 pri
2846 623 3027 696 rilcgia
3052 624 3347 695 conﬁrmat.

2857 716 3036 787 (Anno
3070 715 3250 788 1050.)

2270 805 2688 879 [Dotn.Calmct,
2712 806 2851 862 Hist.
2883 809 2944 860 de
2965 807 3237 871 Lorrat'ne,
3264 809 3309 873 l.
3339 806 3591 877 l’renves,
3611 829 3666 882 p.
3693 812 3845 886 435.]

2338 893 2448 951 Leo
2473 898 2775 967 episcopus,
2806 909 2995 953 servus
3022 913 3303 955 servorum
3333 900 3447 961 Dei.
3472 900 3840 957 dilectissime

2269 987 2508 1043 Tnllensi
2540 988 2793 1044 Ecclesia:
2844 989 3064 1060 gloriosi
3116 991 3534 1063 protomartyris
3564 990 3846 1063 Stephani,

2267 1086 2322 1131 et
2355 1092 2451 1147 per
2476 1093 2596 1132 eam
2625 1079 2963 1135 cltarissimis
3014 1078 3138 1134 ﬁliis
3178 1080 3381 1134 ibidem
3430 1079 3543 1135 Deo
3592 1092 3848 1151 perpetuo

2269 1166 2671 1229 inundantibus,
2698 1177 3012 1239 perpetuam
3039 1169 3094 1224 in
3124 1169 3348 1225 Domino
3378 1169 3634 1226 salutem.

2346 1256 2402 1312 Si
2448 1258 2773 1314 utilitatibus
2820 1268 3022 1314 sanctae
3049 1258 3236 1315 Matris
3277 1260 3530 1316 Ecclesia:
3578 1259 3848 1316 famulan-

2271 1347 2403 1401 tEum
2448 1362 2604 1416 opem
2661 1349 2905 1410 ferimus.
2937 1349 3008 1404 ob
3052 1350 3290 1406 celestis
3332 1351 3851 1421 recompensationis

2269 1455 2463 1495 munus
2495 1439 2738 1511 profecto
2767 1442 2817 1495 id
2854 1452 3050 1497 nostra:
3093 1443 3253 1498 saluti
3284 1458 3600 1500 accrescere
3634 1444 3849 1499 indubi-

2273 1541 2452 1587 tanter
2483 1548 2795 1603 speramus;
2831 1542 2884 1587 et
2927 1549 3048 1589 cmn
3076 1549 3263 1589 eorum
3306 1543 3495 1590 sancta
3538 1536 3758 1591 t'C'Ollﬂ
3783 1536 3851 1594 ad

2275 1624 2513 1681 divinum
2555 1624 2755 1679 cultum
2808 1640 2906 1694 per
2943 1640 3041 1680 nos
3091 1622 3385 1681 ferventius
3442 1637 3850 1697 augmentatur,

2273 1728 2378 1768 ron
2439 1713 2719 1768 minimam
2772 1714 3074 1784 portionem
3133 1715 3183 1768 in
3229 1730 3416 1769 eorum
3468 1717 3851 1773 retributionis

583 1811 842 1881 capellam
883 1810 1021 1864 intra
1064 1809 1402 1879 supradictas
1440 1809 1699 1863 terminos
1735 1824 1897 1864 ausus
1935 1808 2003 1863 sit
2040 1823 2168 1863 cono
2203 1807 2243 1864 lt
2274 1806 2518 1859 mercede
2553 1805 2620 1857 ab
2649 1813 2849 1858 aeterno
2868 1803 3052 1871 judice
3092 1821 3188 1860 uos
3216 1802 3566 1876 suscept-tres
3613 1809 3843 1862 conlidi:

584 1911 814 1957 struere.
863 1900 1260 1955 Contirmamus
1305 1899 1556 1955 similiter
1598 1899 1750 1955 vobis
1796 1914 1983 1954 omnes
2014 1897 2168 1953 villas

586 1999 813 2053 \cstras,
844 1988 1093 2043 videlicet
1132 1988 1491 2059 Angcriacnm
1530 2004 1651 2044 cum
1696 1989 1925 2059 piscaria
1959 1988 2168 2058 integra

586 2082 640 2135 in
670 2081 813 2135 omni
864 2096 960 2134 usu
990 2089 1043 2133 et
1076 2081 1280 2145 hanno;
1330 2079 1697 2143 Moles-lacum,
1741 2080 2071 2142 Scssiacum,
2116 2086 2171 2133 et

586 2172 813 2227 alterum
844 2171 1148 2226 Sessiacnm
1177 2185 1296 2225 cum
1341 2171 1471 2225 silva
1519 2180 1573 2225 et
1614 2170 1812 2224 hanno.
1843 2170 2163 2231 'l'nlliacum,

587 2264 803 2318 Sartum
828 2279 949 2316 cum
976 2261 1108 2317 silva
1138 2269 1192 2316 et
1222 2262 1419 2335 hanno,
1467 2260 1689 2316 Gibonis
1727 2275 1994 2324 mansum.
2037 2260 2170 2314 Pur-

583 2370 698 2419 nes,
742 2353 1073 2417 Gcrmaium,
1098 2367 1220 2407 eum
1258 2353 1389 2407 silva
1420 2361 1475 2407 et
1501 2351 1694 2413 hanno,
1735 2360 1790 2405 et
1830 2365 1949 2405 cum
1988 2351 2165 2405 omni-

586 2447 686 2499 bus
728 2445 1012 2514 mancipiis
1039 2428 1321 2514 utriusque
1368 2458 1532 2498 sexus
1572 2441 1640 2496 ad
1682 2442 1969 2512 prmdictas
2015 2442 2167 2498 villas

584 2534 992 2604 pertinentibus.
1023 2534 1286 2589 Praeterea
1321 2547 1652 2604 quascunque
1688 2532 1836 2587 idem
1855 2533 2164 2587 ctenobium

586 2626 743 2680 hodie
785 2626 931 2695 jttste
970 2625 1229 2696 possidet,
1273 2616 1387 2680 sive
1431 2624 1483 2678 in
1536 2623 1773 2678 futurum
1816 2623 2166 2678 concessione

580 2715 936 2787 pontiﬁcum,
989 2716 1312 2771 liberalitate
1362 2715 1697 2786 principum.
1752 2713 1839 2769 vel
1891 2714 2166 2770 oblatione

582 2805 820 2863 ﬁdelium
859 2806 1004 2874 juste
1034 2815 1198 2877 atque
1224 2807 1485 2862 canonice
1511 2806 1710 2877 poterit
1733 2805 1981 2875 adipisci.
2009 2804 2164 2860 ﬁrma

584 2896 678 2951 tibi
727 2897 941 2967 tuisque
986 2896 1395 2952 successoribus
1434 2890 1747 2965 illibataque
1786 2904 2160 2965 permaneant.

584 2986 935 3043 Decernimns
963 3003 1093 3059 ergo
1138 2986 1197 3044 ut
1238 2988 1365 3043 nulli
1413 2988 1637 3042 omnino
1680 2981 1960 3042 hominum
2005 2986 2165 3040 liceat

582 3081 724 3145 idem
749 3080 1055 3134 emnohium
1089 3088 1291 3135 temere
1316 3077 1652 3150 perturbare,
1687 3086 1781 3132 aut
1810 3077 1928 3146 ejus
1952 3092 2165 3147 posses-

582 3170 764 3223 siones
802 3168 1018 3224 anl’erre
1045 3210 1062 3232 ,
1107 3169 1192 3234 vel
1236 3169 1441 3222 ablatas
1484 3168 1739 3233 retinere,
1774 3168 2038 3232 minuere,
2081 3166 2164 3221 vel
2193 3147 2235 3209 ε
2268 3166 2414 3221 tione
2464 3167 2848 3222 roboraremus
2899 3186 2913 3222 :

584 3258 888 3313 temerariis
914 3258 1287 3314 vexationibtts
1316 3257 1573 3328 fatigare;
1624 3258 1719 3313 sed
1744 3257 1924 3311 omnia
1956 3257 2163 3328 integra
2201 3248 2207 3253 ’

580 3357 972 3403 conserventur
992 3363 1176 3403 eorum
1188 3364 1308 3419 qua!
1328 3363 1425 3418 pro
1446 3363 1682 3418 congrua
1706 3348 2091 3404 sustentatione
2110 3354 2165 3402 et

580 3435 966 3502 gubernatione
994 3450 1248 3490 concessa
1285 3444 1430 3495 sunt,
1471 3436 1657 3497 usibus
1688 3436 2012 3489 omnimodis
2040 3449 2167 3504 pro-

583 3526 784 3580 futura.
831 3524 885 3581 Si
920 3526 1040 3595 quis
1085 3540 1215 3580 sane
1257 3526 1590 3598 principum,
1622 3526 1996 3589 sacerdotum,
2023 3525 2164 3592 judi-

579 3632 727 3679 eum.
754 3626 915 3688 atque
956 3617 1292 3672 szrenlarium
1336 3632 1686 3689 personarum
1726 3617 1864 3672 hanc
1900 3618 2163 3673 const'tn-

581 3708 744 3762 tionis
766 3710 963 3761 nostra!
987 3708 1236 3778 paginam
1262 3723 1582 3778 agnoscens.
1613 3718 1801 3774 centra
1833 3723 1952 3761 eam
1980 3708 2162 3762 venire

579 3801 899 3863 teutaverit.
937 3800 1220 3869 potestatis
1258 3801 1582 3870 honorisque
1610 3800 1691 3855 sui
1721 3799 1980 3869 dignitate
2020 3800 2162 3853 inre-

577 3891 979 3962 ettpcrabiliter.
1016 3901 1239 3956 careat,
1298 3907 1557 3962 reumque
1615 3907 1676 3947 se
1728 3891 1909 3946 divino
1955 3890 2160 3961 judicio

573 3984 813 4045 existere
843 3984 909 4039 de
949 3992 1254 4053 perpetrata
1294 3983 1581 4052 iniquitate
1607 3990 1931 4055 cognoscat;
1964 3992 2020 4036 et
2055 3983 2159 4038 nisi

575 4072 660 4126 vel
690 4073 776 4128 illa
806 4090 926 4145 qua:
950 4078 1018 4130 ab
1048 4075 1138 4130 illo
1166 4075 1305 4129 male
1339 4076 1517 4130 ablata
1554 4086 1679 4132 sunt
1713 4075 2042 4139 restituerit,
2074 4075 2159 4131 vel

574 4162 733 4234 digna
771 4166 1088 4234 plenitentia
1123 4166 1306 4222 illicite
1342 4178 1459 4221 acta
1494 4167 1800 4235 deﬂeverit,
1832 4184 1863 4223 a
1897 4170 2157 4225 sacratis-

574 4252 714 4307 simo
737 4269 961 4326 corpore
984 4265 1039 4310 ct
1058 4256 1322 4326 sanguine
1344 4257 1440 4311 Dei
1467 4265 1522 4311 et
1546 4257 1756 4313 Domini
1784 4257 2158 4331 Redemptoris

575 4344 746 4397 nostri
793 4341 917 4401 Jesu
945 4344 1145 4400 Clu-isti
1191 4346 1399 4400 alienus
1447 4346 1559 4413 llat,
1607 4359 1769 4419 atque
1812 4349 1864 4405 in
1911 4363 2156 4406 extremo

573 4432 827 4510 examine
864 4434 1125 4489 districta:
1156 4435 1343 4490 ultioni
1387 4436 1682 4506 subjaceat.
1713 4437 1933 4493 Cunctis
1975 4449 2152 4495 autem

572 4524 745 4581 eidem
775 4524 892 4583 loco
918 4527 1061 4595 justa
1092 4528 1436 4584 servantibus
1465 4529 1537 4583 sit
1578 4543 1681 4599 pax
1727 4529 1933 4584 Domini
1966 4532 2151 4588 nostri

571 4611 697 4668 Jesn
732 4614 955 4681 Christi,
978 4627 1248 4687 quatenus
1273 4627 1330 4674 et
1360 4619 1449 4674 bie
1474 4616 1711 4674 fructum
1741 4620 1894 4675 bona:
1925 4621 2153 4679 actiOnis

572 4705 852 4777 recipiant,
877 4715 930 4763 et
951 4707 1092 4779 apud
1116 4708 1424 4765 districtum
1439 4708 1677 4778 judicent
1699 4710 1915 4780 praemia
1938 4721 2153 4767 :eternte

568 4795 719 4864 pacis
746 4795 1040 4853 inveniant.
1072 4797 1264 4854 Amen.
1297 4799 1489 4853 Amen.
1525 4799 1717 4854 Amen.
1750 4800 1943 4855 Amen.
1974 4801 2012 4872 -ι-
2040 4801 2152 4871 Ego

569 4885 677 4941 Leo
725 4888 1008 4944 catholiem
1055 4889 1309 4952 Ecclesim
1340 4890 1517 4961 repisc.
1569 4905 1714 4946 anno
1761 4889 2151 4948 incarnationis

568 4977 781 5034 Domini
818 4979 976 5044 1050,
1009 4980 1198 5038 indict.
1231 4998 1304 5038 tv.
1387 5024 1394 5031 .
2117 4987 2123 4993 ’

638 5067 770 5124 Data
796 5069 936 5123 'l‘ntli
967 5072 1017 5127 in
1050 5071 1241 5140 majori
1273 5072 1501 5131 ecclesia
1529 5090 1583 5130 XI
1619 5074 1783 5129 Kalen
1806 5075 1882 5130 Ias
1920 5074 2148 5129 Novem-

566 5158 679 5213 bris
721 5173 817 5228 per
855 5175 1045 5216 manus
1091 5161 1293 5220 Udouis
1334 5163 1605 5221 Tulleusis
1649 5174 1845 5221 nostra:
1895 5164 2146 5221 Etclesia:

2274 1911 2413 1948 mus.
2445 1894 2783 1964 Quapropter
2810 1908 2993 1949 notum
3025 1897 3092 1950 sit
3134 1897 3399 1952 universis
3441 1896 3639 1953 Clt.isti
3675 1898 3849 1952 ﬁdei-

2271 1987 2392 2050 buc,
2426 1987 2780 2055 prmsentihus
2807 1997 2862 2041 et
2890 1987 3105 2049 futuris.
3149 1989 3290 2057 quod
3322 1988 3481 2043 nobis
3525 2004 3628 2058 pro
3656 1989 3848 2045 divinae

2272 2078 2551 2146 religionis
2573 2086 2739 2138 statn.
2772 2078 2912 2148 apud
2944 2077 3214 2134 Vcrcelas
3239 2079 3290 2133 in
3316 2080 3614 2149 apostolica
3647 2081 3850 2152 synoz'o

2271 2169 2654 2230 residentibus,
2678 2168 3116 2224 adierilnestram
3142 2169 3497 2239 prazsentiam,
3519 2186 3644 2225 eum
3670 2170 3851 2225 multis

2270 2257 2389 2311 aliis
2413 2258 2522 2312 Deo
2549 2258 2778 2322 devotis,
2812 2257 2930 2314 Udo
2953 2259 3293 2329 pr'usicerius
3330 2271 3533 2315 sancta:
3578 2259 3849 2316 Tullensis

2270 2348 2558 2412 Ecclesiae,
2589 2350 2655 2402 dc
2697 2363 2802 2418 qua
2842 2349 2909 2403 ad
2954 2349 3057 2404 hoc
3107 2349 3459 2418 apes'elicnm
3509 2366 3654 2407 onus
3693 2351 3849 2407 elec‘i

2268 2455 2474 2502 smnus,
2508 2455 2612 2493 non
2643 2441 2846 2495 nostris
2873 2440 3101 2501 meritis.
3135 2443 3225 2496 sed
3271 2443 3451 2497 divina
3496 2445 3678 2514 gratia
3723 2459 3849 2500 evo-

2268 2537 2448 2588 cante.
2484 2543 2756 2598 quamque
2780 2529 2956 2585 adhuc
2982 2532 3295 2586 teneiramns
3323 2533 3425 2587 sub
3450 2543 3654 2588 nostra!
3681 2534 3848 2589 totius

2271 2617 2595 2686 provisionis
2621 2619 2989 2683 ordinatione;
3022 2636 3257 2673 exorans
3290 2630 3347 2675 ut
3371 2623 3654 2676 canonicis
3694 2624 3847 2692 ejus-

2266 2709 2385 2762 dem
2414 2708 2577 2770 sedis.
2606 2708 2736 2773 ‘Dco
2777 2722 3083 2780 sanctznque
3113 2708 3295 2767 Μαι-ἴτε
3332 2711 3586 2782 genitrici
3613 2713 3766 2781 ejus.
3799 2725 3850 2770 et

2265 2800 2424 2854 beato
2461 2804 2846 2875 protomartyri
2885 2804 3161 2876 Stephano
3192 2805 3223 2858 Γ.
3246 2806 3599 2874 ululantibus,
3629 2809 3851 2879 privile-

2265 2892 2409 2960 gium
2440 2891 2685 2946 villarum
2713 2933 2729 2955 ,
2772 2893 3147 2959 ecclesiarum,
3172 2904 3226 2950 et
3253 2911 3432 2951 rerum
3481 2898 3850 2961 diversarum,

2263 2982 2429 3037 etiam
2455 2983 2733 3039 vinearum
2763 3000 2860 3054 per
2880 2986 3057 3040 omnia
3090 2986 3204 3040 loca
3226 2986 3546 3057 jacentium,
3574 2989 3853 3057 pertinet.

2266 3072 2395 3126 tium
2424 3074 2490 3127 ad
2536 3089 2725 3129 eorum
2758 3091 2909 3142 usus,
2941 3086 3137 3132 nostra:
3172 3079 3513 3133 auctoritatis
3548 3079 3848 3134 conﬁrma-

2983 3167 3134 3238 cnjns
3185 3169 3428 3240 petitioni
3475 3180 3705 3239 paterae
3752 3186 3851 3241 per

2265 3260 2442 3312 o-unia
2467 3257 2849 3314 satisfecimus.
2886 3259 3083 3313 Deinde
3110 3270 3347 3315 nostram
3372 3262 3616 3316 eamdem
3628 3261 3851 3316 Tollen-

2267 3362 2381 3400 sem
2401 3346 2685 3401 ecclesiam
2716 3349 3019 3403 vehementi
3045 3349 3312 3404 desiderio
3336 3350 3509 3405 visere
3538 3351 3847 3420 cupientes.

2263 3446 2319 3491 et
2340 3455 2352 3488 ι
2373 3437 2716 3491 harl'ssimnm
2750 3437 2915 3507 ipsius
2936 3454 3174 3511 gregem,
3205 3456 3363 3509 quem
3395 3440 3701 3496 desolatum
3725 3442 3848 3497 reli-

2263 3541 2573 3595 queranms,
2600 3528 2803 3582 scilicet
2832 3528 3035 3584 clerum
3055 3538 3109 3585 ct
3134 3531 3385 3601 populum
3411 3533 3575 3599 illius,
3599 3543 3846 3603 paternae

2263 3619 2541 3672 clnritatis
2589 3612 2840 3689 amplecti
2881 3621 3115 3693 cupienti
3147 3624 3329 3677 animo
3358 3623 3841 3687 desideraremus;

2263 3700 2499 3763 maxime
2520 3711 2584 3764 ad
2616 3710 3048 3765 transferendum
3080 3714 3144 3767 de
3167 3714 3371 3768 tumulo
3399 3713 3449 3784 cl
3470 3715 3697 3769 iriosum
3724 3732 3847 3771 cor-

2261 3814 2361 3869 pus
2387 3800 2708 3854 sanctisrirni
2737 3804 3150 3870 pr:edecessorfs
3179 3803 3508 3859 confessoris
3533 3808 3709 3859 nostri
3740 3805 3846 3860 Geo

2262 3889 2436 3951 rardi,
2483 3889 2663 3943 divina
2711 3893 3078 3947 admonitione
3124 3894 3498 3959 sollicitantes,
3542 3897 3613 3950 ad
3668 3898 3851 3966 ipsam

2260 3977 2567 4043 ecclesiam,
2598 3978 2793 4035 all‘ectu
2827 3983 2959 4036 tanti
2988 3982 3240 4038 desiderii
3265 3985 3553 4054 completo.
3589 3988 3847 4055 perveni-

2261 4084 2401 4134 mus,
2430 4077 2483 4123 et
2511 4084 2706 4139 corpus
2736 4071 2953 4142 gloriosi
2995 4073 3326 4130 confessoris
3364 4075 3535 4129 nostri
3582 4074 3848 4140 Gcrardi,‘

2261 4172 2356 4228 per
2397 4160 2625 4228 grat'am
2666 4159 2760 4214 Dei
2795 4145 3186 4227 transtulimus,
3235 4178 3393 4231 quem
3442 4165 3508 4217 ad
3536 4162 3756 4219 laudern
3786 4175 3847 4219 et

2258 4249 2480 4318 gloriam
2503 4250 2902 4323 Omnipotentis
2925 4238 3161 4308 omnium
3188 4243 3387 4311 CltriSti
3413 4255 3499 4311 ﬁd.
3518 4254 3675 4319 liunt,
3696 4257 3837 4312 sicut

2258 4340 2476 4412 dignum
2512 4352 2567 4398 et
2593 4340 2788 4398 'ustum
2814 4344 3006 4410 iuerat,
3044 4348 3337 4401 secundum
3390 4348 3534 4417 quod
3580 4348 3845 4403 humana!

2257 4443 2312 4488 et
2353 4444 2554 4491 nostra:
2588 4436 2892 4507 apostolica:
2930 4438 3241 4492 auctoritati
3277 4439 3552 4504 convenit,
3586 4439 3835 4512 magniﬁ-

2255 4528 2461 4582 camus.
2509 4527 2641 4582 Dum
2681 4528 2823 4582 enim
2857 4529 3036 4585 adhuc
3064 4540 3357 4601 prmaentes
3386 4545 3656 4594 essemus.
3680 4540 3738 4586 et
3763 4531 3831 4584 ad

2255 4616 2661 4671 sustentandam
2711 4616 2997 4672 ecclesiam
3053 4619 3120 4674 de
3162 4619 3405 4689 pluribus
3437 4630 3829 4684 scrutarentur,

2254 4709 2540 4764 manifesta
2568 4710 2798 4766 veritate
2821 4713 3188 4782 comperimus
3213 4714 3475 4784 quosdam
3520 4729 3627 4767 non
3670 4714 3830 4768 mini-

2251 4801 2517 4866 steriales,
2561 4803 2806 4873 quatdam
2849 4804 2919 4860 de
2971 4804 3251 4877 privilegio
3293 4806 3438 4863 beati
3489 4807 3725 4861 ﬂerat-di
3771 4814 3829 4861 et

2251 4899 2460 4956 nostro,
2488 4893 2716 4949 occultis
2760 4893 3303 4966 tergiversationibus
3352 4896 3837 4966 (ap'tnlaenrro-.

2249 4981 2399 5042 dere.
2431 4980 2743 5052 quijudicio
2772 4984 3030 5047 convicti,
3062 4986 3482 5042 nonivaluerunt
3506 4984 3825 5056 procedere,

2248 5070 2377 5125 dum
2403 5067 2608 5135 causa,
2643 5073 2952 5128 testimonio
2997 5085 3161 5145 atque
3184 5077 3390 5147 judicio
3427 5076 3688 5133 Rainardi
3735 5091 3825 5130 co-

2247 5162 2412 5226 mitis.
2439 5172 2493 5217 et
2525 5165 2752 5218 aliorum
2780 5165 3144 5221 veridicorum
3169 5170 3514 5224 dominorum
3558 5168 3822 5230 civitatis.
