4062 5352
167 390 270 447 657

1155 391 1515 449 EPISTULA:
1551 391 1639 448 ΕΤ
1678 390 1995 449 DECRETA
2041 391 2444 449 PONTIFICIA.

3330 345 3434 449 es;

169 503 549 561 translationis
572 501 788 575 gloriosi
834 500 1165 561 confessoris
1207 514 1557 570 convenerat,
1587 505 1749 559 satis-
1780 506 1825 565 Α
1857 501 1929 557 ris
1983 516 2235 572 persona.
2268 516 2365 556 nec
2396 499 2833 572 archiepiscopus
2859 543 2873 568 ,
2907 516 3006 557 nec
3031 501 3339 573 episcopus,
3379 514 3437 563 et

168 597 400 652 fecimus
428 595 659 650 fratrum
688 595 953 665 μιιῑιίωιιί,
978 594 1045 653 de
1076 594 1270 665 quibus
1300 594 1416 651 hac
1442 594 1626 651 littera
1672 608 1756 649 se-

168 702 343 756 quens
371 687 627 741 indicium
654 687 775 741 erit.
809 685 912 740 Pro
937 702 1069 741 mer.
1088 684 1205 741 edis
1226 695 1426 743 nostrae
1461 696 1756 756 augmento

169 776 312 847 apud
342 776 515 831 Deum
544 778 917 843 decernentes,
945 776 1330 832 confirmamus
1375 777 1528 831 vobis
1572 775 1756 831 fratri-

167 865 271 922 bus
330 874 535 921 sancta:
577 865 849 922 Tullensis
877 865 1133 925 Ecclesia:
1185 866 1499 921 mansiones
1545 876 1756 922 vestras

171 953 315 1009 infra
345 955 646 1021 civitatem,
673 964 728 1009 et
749 965 928 1019 extra,
964 956 1034 1010 ab
1061 955 1207 1010 otuui
1248 957 1425 1010 hanno
1449 964 1504 1010 et
1541 955 1754 1026 justitia

170 1046 419 1102 szeculari
454 1046 675 1109 liberas,
705 1060 804 1102 nec
826 1064 856 1100 a
887 1047 1044 1101 modo
1075 1046 1238 1101 vestri
1280 1046 1544 1116 episcOpi,
1577 1058 1756 1115 neque

167 1137 459 1194 Tullenses
488 1138 739 1202 comites,
778 1153 952 1208 neque
982 1138 1110 1202 dus,
1146 1152 1319 1209 neque
1362 1136 1542 1208 aliqua
1586 1152 1754 1191 sarcu-

166 1227 302 1283 laris
330 1228 592 1282 exultatio
623 1230 675 1283 in
708 1228 849 1285 villis
880 1229 1073 1283 vestris
1099 1230 1439 1285 advocatiam
1479 1229 1562 1283 vel
1586 1228 1753 1284 servi-

168 1322 330 1388 tium,
356 1321 439 1377 vel
463 1321 679 1393 aliquod
704 1322 941 1377 debitum
967 1322 1168 1393 exigat,
1191 1338 1297 1391 quo
1326 1323 1677 1393 imperatores
1700 1330 1756 1378 et

168 1426 354 1484 reges,
382 1421 439 1469 et
464 1412 734 1485 gloriosus
760 1411 1043 1469 confessor
1067 1425 1286 1468 sanctus
1332 1412 1605 1467 Gerardus
1630 1428 1751 1467 om-

168 1504 305 1560 nino
333 1515 530 1559 vestra:
564 1503 925 1575 dispositioni,
956 1520 1125 1574 usque
1152 1506 1218 1558 ad
1256 1515 1443 1559 nostra
1486 1515 1750 1575 tempora,

162 1595 386 1667 'cognita
413 1594 660 1655 veritate.
680 1595 778 1650 sub
799 1596 1146 1652 anathemate
1169 1597 1501 1668 reliquerunt
1522 1597 1750 1665 liberas;

166 1688 376 1747 v'neas.
429 1697 627 1753 terras,
662 1704 900 1753 mansos,
942 1689 1191 1746 homines
1239 1688 1525 1759 cujuslibet
1568 1704 1751 1755 sexus,

165 1780 280 1834 sive
314 1796 421 1845 res,
453 1791 646 1842 terras,
670 1783 872 1851 ubique
899 1790 1296 1836 cozumorantes
1313 1791 1361 1834 et
1386 1781 1750 1849 eonjacentes,

1860 602 2117 664 pra’lerea
2147 593 2288 647 nulla
2315 594 2589 647 hominum
2614 605 2863 663 persona,
2898 592 3264 663 cujuscunque
3304 608 3435 650 cou-

1856 685 2078 741 ditionis
2121 686 2190 740 sit
2216 685 2299 741 vel
2331 684 2705 755 professionis,
2751 694 2941 739 contra
2992 685 3138 742 hanc
3193 695 3434 742 nostram

1857 777 2294 833 constitutionem
2345 777 2531 831 venire
2579 785 2892 847 praetentet;
2933 779 3078 846 quod
3124 778 3435 850 quicunque

1856 869 2063 930 fccerit.
2098 880 2285 925 nostro
2312 870 2608 939 apostolico
2639 872 2985 926 anathemate
3012 887 3183 944 usque
3212 873 3279 928 ad
3314 890 3439 930 con-

1857 960 2071 1033 dignam
2098 962 2522 1022 satisfactionem
2558 978 2847 1034 percussus
2890 964 3108 1020 existat.
3156 965 3259 1033 Qui
3309 983 3439 1022 vero

1857 1065 1916 1107 se
1948 1051 2264 1107 custodierit
2297 1062 2351 1107 et
2392 1053 2760 1108 observaverit
2787 1095 2801 1118 ,
2841 1063 3024 1109 nostra
3062 1054 3439 1113 benedictione

1856 1142 1979 1197 vitae
1999 1154 2216 1198 aeternio
2239 1143 2511 1214 particeps
2539 1142 2825 1200 efﬁciatur.
2856 1146 3048 1199 Amen.

1928 1229 2121 1284 Datum
2153 1230 2290 1289 Tulli
2321 1233 2373 1286 in
2402 1230 2588 1299 majori
2621 1232 2850 1288 ecclesia
2878 1249 2974 1305 per
3008 1250 3199 1292 manus
3232 1234 3443 1292 Udonis

1858 1319 2125 1376 'l‘ulleusis
2155 1320 2411 1380 Ecclesia:
2443 1323 2757 1392 primiecrii,
2798 1324 3104 1380 caucrllarii
3155 1337 3210 1383 et
3250 1327 3440 1383 biblio—

1856 1411 2083 1467 thecarii
2115 1422 2316 1468 sanctte
2347 1414 2655 1487 apostolicae
2676 1416 2842 1483 selis,
2868 1434 2919 1472 χι
2953 1416 3178 1474 Kalend.
3217 1418 3449 1477 Novem-

1855 1501 1989 1564 bris,
2016 1517 2159 1556 anno
2191 1501 2483 1558 Dominicze
2529 1504 2922 1561 incarnationis
2966 1508 3253 1564 millesium
3279 1510 3439 1579 quin-

1856 1592 2171 1663 quagesimo
2214 1593 2387 1661 primo
2410 1633 2425 1657 ,
2474 1593 2765 1649 indictione
2797 1611 2851 1650 tv
2873 1638 2886 1664 ,
2919 1613 3061 1653 attuo
3108 1598 3444 1670 apostolatus

1853 1681 2057 1737 domini
2085 1681 2282 1738 Leonis
2306 1683 2374 1738 ιχ
2405 1699 2558 1755 pap:e
2583 1701 2640 1739 tl.

2550 1774 2614 1828 XI
2646 1775 2751 1830 ΠΙ.

164 1870 317 1925 onmi
365 1870 611 1927 saeculari
654 1880 923 1944 potestate
961 1872 1201 1939 seclusa,
1228 1873 1424 1928 vestris
1470 1873 1657 1927 usibus
1688 1873 1753 1927 li-

1860 1859 2190 1934 Privilegmm
2220 1863 2279 1920 S.
2310 1862 2500 1944 Leucis
2526 1863 2605 1944 1
2628 1868 2695 1944 ad
2717 1882 2950 1944 senatum
2977 1867 3247 1941 "agonem
3283 1871 3347 1925 de
3367 1888 3448 1926 ec-

166 1960 298 2015 bere
324 1961 441 2017 sine
461 1976 593 2018 voce
615 1963 1080 2029 contradictionis,
1114 1964 1273 2019 simili
1300 1964 1461 2019 modo
1489 1964 1751 2036 relinqui-

166 2065 291 2105 mus
319 2060 374 2105 et
399 2051 805 2107 contirmamu-u
833 2052 891 2108 Si
923 2053 1069 2109 enim
1097 2061 1307 2108 vestros
1348 2054 1617 2119 homines.
1660 2072 1754 2112 cu-

161 2137 489 2211 juscumque
519 2158 683 2197 sexus
729 2142 954 2208 fuerint,
987 2144 1055 2200 de
1081 2144 1222 2200 villis
1248 2145 1442 2200 vestris
1469 2147 1753 2217 contigerit

167 2230 344 2296 exire,
375 2231 509 2287 nulli
540 2248 805 2304 personae,
837 2233 981 2288 nullo
1018 2233 1198 2289 hanno
1249 2235 1322 2290 sit
1375 2235 1583 2291 licitum
1635 2237 1755 2293 illos
1816 2264 1823 2267 “

167 2323 410 2379 retinere
438 2334 497 2378 ut
520 2340 671 2389 suos,
730 2342 828 2382 rec
856 2326 922 2381 de
953 2326 1163 2382 illorum
1187 2328 1503 2397 posteritate
1531 2328 1759 2384 ubicun-

167 2425 276 2480 que
327 2410 551 2483 fuerint,
579 2414 694 2480 li.:t,
724 2416 861 2470 sicut
912 2417 1090 2487 vulgo,
1140 2416 1277 2472 belle
1327 2418 1751 2485 reinvcstitura;

168 2502 265 2558 sed
291 2519 617 2576 quocunq'te
646 2506 843 2573 ierint,
892 2506 1050 2562 liccat
1079 2523 1171 2563 eos
1214 2507 1366 2564 vobis
1401 2508 1563 2563 veluti
1607 2509 1757 2581 prius
1846 2551 1856 2558 .

169 2590 342 2649 libere
369 2596 669 2665 possidere.
705 2595 883 2651 Unum
920 2597 1193 2652 hominem
1221 2599 1285 2653 de
1318 2598 1514 2653 vestris
1543 2600 1610 2654 ad
1658 2617 1755 2656 cu-

170 2684 410 2740 stodiam
441 2685 725 2741 vinearum
756 2686 932 2756 Barri,
965 2698 1147 2744 vester
1188 2688 1495 2745 clanstralis
1543 2690 1757 2751 villicus

170 2776 357 2847 eliget,
404 2785 456 2831 et
504 2777 657 2833 dabit
706 2778 1031 2834 custodiam.
1089 2780 1293 2835 Deinde
1346 2782 1412 2835 ad
1462 2780 1756 2851 jnrandam

168 2866 490 2922 ﬁdelitatem
519 2876 729 2923 tantum
771 2869 1098 2935 lmtuinibus,
1124 2871 1303 2926 villico
1329 2872 1567 2927 civitatis
1604 2874 1754 2928 illum

168 2967 548 3028 repraesentet,
579 2959 631 3013 iu
672 2961 923 3015 omnibus
952 2962 1311 3031 patcstatihus
1338 2963 1388 3017 in
1420 2964 1757 3035 quihusjure

166 3050 399 3119 antiquo
428 3050 668 3106 decimas
699 3052 1110 3111 irulominicatas
1131 3055 1508 3127 cpiscoputum
1563 3057 1759 3128 rccipi-

172 3140 263 3207 tis,
303 3154 473 3196 unum
516 3143 790 3199 imminent
822 3160 853 3205 a
881 3146 1060 3203 hanno
1103 3146 1241 3201 liber
1264 3164 1386 3203 cum
1440 3166 1603 3205 censu
1658 3165 1756 3205 suo

166 3239 226 3286 et
273 3247 488 3298 mauso,
536 3233 713 3304 primo
759 3236 899 3292 sicut
927 3246 1148 3293 sanctus
1183 3237 1454 3295 Gerardus
1501 3242 1754 3309 instituit,

167 3323 241 3376 ad
267 3324 657 3382 custodiendas
704 3326 939 3383 decimas
967 3327 1250 3396 habeatis,
1283 3340 1337 3385 et
1376 3334 1623 3401 qumtvis
1669 3333 1757 3388 ille

167 3414 393 3482 abierit,
428 3416 593 3470 alium
618 3417 685 3472 de
712 3418 898 3472 eadem
923 3428 1188 3490 potestate
1210 3421 1506 3492 accipiatis.
1555 3421 1759 3479 Contir-

170 3523 390 3565 mamus
434 3509 602 3565 etiam
653 3526 897 3567 mansum
944 3528 1108 3567 unum
1156 3513 1208 3568 in
1259 3514 1599 3580 Paterniaco,
1632 3531 1755 3569 Cllll)

170 3602 431 3658 omnibus
457 3604 780 3674 appenditiis
807 3604 941 3670 suis,
967 3603 1189 3660 omnino
1214 3606 1462 3670 liberum,
1506 3621 1627 3661 cum
1655 3621 1756 3660 crc-

171 3695 306 3751 teris
324 3696 579 3750 omnibus
600 3696 689 3767 qui
712 3698 763 3750 in
788 3696 908 3750 villa
933 3696 1121 3751 eadem
1148 3705 1303 3759 sunt;
1331 3706 1438 3751 tam
1466 3698 1517 3750 in
1540 3698 1757 3766 pascuis

171 3800 337 3855 quant
372 3787 426 3841 in
454 3788 558 3843 viis
581 3797 633 3843 et
672 3788 878 3845 semitis
920 3787 1208 3843 habentem
1238 3789 1403 3844 libere
1452 3783 1755 3859 plenarium

170 3891 368 3942 usum;
404 3882 642 3933 bannum
676 3880 839 3934 etiam
889 3880 1177 3950 piscatum:
1213 3878 1461 3941 Mosellre,
1496 3880 1758 3951 incipien-

172 3964 241 4020 tis
271 3968 527 4037 superius
548 3984 577 4021 a
612 3983 743 4038 rupe
781 3968 1070 4024 molcuditti
1116 3968 1300 4024 Sancti
1331 3969 1457 4041 Apri
1490 3979 1542 4025 et
1572 3970 1757 4027 Sancti

171 4059 415 4119 Vedaﬂi.
448 4074 619 4128 usque
644 4062 710 4115 ad
743 4060 971 4115 rivulam
1008 4060 1387 4116 decurrentem
1429 4062 1494 4116 de
1534 4062 1761 4117 summi-

169 4158 280 4207 tate
310 4150 538 4216 montis,
570 4151 789 4206 nomine
814 4150 1057 4218 Castelli,
1092 4152 1289 4207 nullius
1318 4167 1564 4222 persona:
1585 4192 1598 4215 ,
1636 4152 1758 4207 nul.

169 4240 278 4305 lius
326 4240 494 4297 banni
543 4241 820 4312 piscatura
882 4242 1281 4298 intercurrente
1325 4243 1529 4312 absque
1576 4250 1757 4301 vestra

169 4333 423 4400 licentia;
454 4348 665 4389 necnon
700 4343 753 4388 et
785 4333 1128 4389 medietatezn
1175 4332 1420 4388 ecclesia:
1456 4348 1579 4387 cum
1628 4348 1759 4388 conv

171 4426 338 4480 ductu
386 4424 578 4480 vicarii
629 4424 683 4479 in
721 4423 945 4479 Totonis
998 4424 1143 4489 villa,
1195 4439 1356 4494 quam
1418 4423 1757 4483 venerandus

169 4516 371 4587 puesul
400 4515 729 4572 Gauzelinns
756 4516 977 4575 tradidit
1020 4517 1200 4580 vobis,
1232 4517 1300 4572 ob
1328 4515 1410 4572 sui
1436 4530 1756 4571 commemo.
1789 4536 1834 4594 υ

172 4606 440 4665 rationem
475 4609 861 4667 anniversarii.
898 4607 1153 4663 llmnines
1192 4607 1361 4665 vestri
1396 4606 1533 4662 infra
1562 4609 1753 4663 civita-

173 4712 281 4755 tem
312 4701 401 4757 vel
435 4712 588 4757 extra
633 4710 1062 4765 comnzoratttes,
1110 4715 1267 4755 usum
1315 4700 1478 4755 banni
1523 4700 1760 4755 civitatis

174 4810 512 4851 comnmnem
537 4810 663 4851 cum
693 4794 949 4851 omnibus
985 4794 1199 4849 creteris
1229 4791 1487 4857 habeant,
1519 4808 1618 4849 nec
1664 4792 1755 4846 ulli

171 4887 394 4957 justitiae
421 4888 670 4945 surculari
717 4887 824 4943 nisi
880 4897 1071 4943 vestrae
1109 4888 1220 4942 sint
1266 4886 1495 4953 subditi;
1528 4888 1633 4942 nisi
1694 4887 1760 4942 de

176 4978 481 5037 forensibus
506 4978 903 5044 mercimoniis,
944 4977 989 5033 si
1018 4992 1138 5035 eum
1172 4979 1389 5033 cmteris
1436 4978 1761 5035 bannalihus

180 5058 566 5129 mercatoribus
586 5071 791 5129 fuerint
816 5073 1096 5128 constituti
1115 5088 1214 5144 per
1241 5069 1474 5127 villicum
1499 5072 1757 5129 civitatis.

181 5159 238 5217 Si
266 5162 567 5235 indigentia
626 5164 1003 5220 ministrorum
1031 5165 1282 5237 coquiure
1327 5162 1409 5219 vel
1440 5164 1655 5233 pistrini
1706 5163 1759 5223 in

181 5250 446 5309 claustrali
468 5256 695 5312 servitio
729 5253 888 5310 vobis
916 5259 1175 5323 evenerit,
1203 5255 1361 5309 liceat
1394 5256 1545 5313 vobis
1577 5258 1632 5314 in
1666 5271 1762 5311 cu-

2379 1935 2535 1990 clcsia
2563 1937 2626 1990 dc
2651 1936 2924 2006 Rnningis.

2454 2027 2633 2097 (Auno
2664 2027 2848 2099 ιυδθ.)

2317 2117 2550 2191 [Batiam
2584 2116 2852 2185 Cltmiac.,
2883 2119 2996 2193 ιι]

1926 2210 2038 2267 Leo
2059 2212 2366 2282 episcopus,
2389 2226 2579 2265 servus
2609 2226 2889 2266 servorum
2948 2212 3065 2276 Dei,
3115 2211 3322 2270 [luceat
3359 2229 3450 2270 ve-

1857 2302 2088 2356 nerabili
2114 2303 2295 2358 abbati
2323 2302 2699 2358 Cluniacensis
2721 2301 2954 2359 coenobii
2988 2302 3214 2376 ejusque
3235 2320 3452 2361 succes-

1858 2392 2071 2448 soribus
2097 2393 2148 2447 in
2178 2401 2516 2462 perpetuum.

1928 2484 2193 2552 Quoniam
2251 2486 2532 2557 postulasti
2582 2502 2610 2539 a
2665 2487 2839 2551 nobis,
2888 2485 3056 2542 frater
3088 2488 3449 2552 charissime.

1858 2574 2167 2630 confirmari
2193 2575 2487 2645 apostolica
2521 2578 2848 2632 auctoritate
2878 2579 3123 2647 quautam
3150 2578 3287 2633 bona
3321 2593 3452 2633 con-

1858 2683 2010 2723 cessa
2053 2684 2082 2722 a
2115 2669 2438 2740 quibusdam
2488 2670 2620 2724 viris
2672 2669 2838 2726 Deum
2890 2672 3204 2727 timentibus
3251 2681 3453 2727 nostra

1857 2755 2205 2815 Cluniacensi
2224 2758 2498 2824 ecclesiae;
2530 2775 2627 2829 per
2657 2761 2796 2815 hanc
2820 2771 3022 2816 nostrte
3069 2762 3451 2831 praeceptionis

1858 2852 2108 2924 paginam
2131 2852 2519 2908 confirmamus
2543 2853 2628 2906 illa
2655 2853 2749 2908 tibi
2780 2837 3449 2923 tuisque.successoribus,

1860 2946 2152 3001 secundum
2178 2946 2487 3017 petitionem
2518 2955 2687 3010 tuam,
2746 2947 2998 3017 quoniam
3048 2962 3166 3003 eam
3219 2948 3452 3001 rationa-

1860 3038 2020 3094 bilem
2051 3039 2433 3109 conspeximus
2471 3048 2527 3093 et
2552 3039 2857 3094 honestam.
2881 3038 3115 3095 Proinde
3151 3049 3307 3095 scuto
3357 3056 3452 3094 no-

1861 3141 1990 3188 suae
2034 3130 2366 3188 defensionis
2420 3133 2839 3188 corroboramus
2886 3134 3145 3203 prtetlicto
3202 3132 3449 3188 ccenobio

1858 3231 2144 3287 ecclesiam
2172 3246 2293 3285 cum
2313 3230 2533 3300 prtedio,
2566 3230 2709 3300 quod
2740 3230 2939 3285 dicitur
2981 3229 3260 3299 “attingas
3282 3270 3296 3295 ,
3352 3232 3450 3284 sub

1857 3326 2078 3382 nomine
2103 3324 2251 3379 cellae
2279 3333 2667 3386 constructam,
2696 3339 2859 3395 quam
2900 3323 3047 3378 dedit
3073 3323 3228 3377 home
3250 3337 3427 3378 meme

1861 3417 1956 3472 rirc
2008 3417 2278 3487 Iliquittus
2308 3418 2375 3471 de
2403 3414 2652 3485 Dorncjo.
2697 3414 3067 3472 consentiente
3111 3428 3280 3470 uxore
3330 3429 3451 3479 sua,

1859 3507 2146 3562 Loanccda
2172 3507 2414 3572 nomine,
2449 3514 2637 3560 nostro
2659 3504 2884 3576 pra‘fato
2911 3502 3275 3571 monasderio;
3298 3505 3451 3559 vide-

1860 3600 1989 3654 licet
2011 3599 2181 3668 ipsum
2210 3598 2466 3668 prcetlium
2505 3597 2778 3666 llaniugas
2800 3611 2924 3655 cum
2951 3596 3205 3651 omnibus
3247 3611 3451 3667 appen-

1857 3691 2016 3745 diciis
2039 3689 2172 3754 suis,
2195 3689 2356 3744 terris
2375 3687 2535 3743 cultis
2555 3698 2607 3743 et
2629 3686 2866 3753 incultis,
2885 3685 3257 3759 pratis,silvis,
3274 3687 3450 3756 aquis,

1859 3797 2229 3852 aquarumque
2255 3779 2594 3844 decursibus,
2630 3779 2869 3849 pascuis,
2920 3779 3114 3843 servis,
3145 3776 3375 3839 ancillis,
3398 3783 3453 3830 et

1858 3873 2439 3939 onmilmsusuaribus,
2472 3885 2809 3940 qumcunque
2860 3869 2933 3924 ibi
2982 3869 3079 3925 visi
3106 3875 3234 3923 sunt
3276 3867 3454 3938 possi-

1859 3961 2012 4026 dere,
2037 3961 2314 4022 ecclesias,
2350 3975 2560 4022 servos.
2591 3967 2644 4013 et
2678 3958 2925 4023 ancillas,
2958 3957 3156 4027 przedia
3212 3970 3451 4027 quoque,

1859 4052 2019 4107 sicuti
2048 4059 2175 4105 sunt
2200 4065 2229 4103 a
2269 4049 2530 4120 praedicto
2559 4046 2801 4118 Iliquino
2828 4047 3054 4118 scripta,
3117 4046 3371 4100 laudante
3398 4057 3454 4100 et

1857 4143 2232 4200 consentiente
2296 4140 2570 4196 Tullensis
2642 4139 2886 4196 ecclesia:
2943 4140 3230 4209 pontifice,
3303 4139 3452 4194 salta

1860 4245 2042 4292 tamen
2073 4234 2399 4291 auctoritate
2447 4242 2501 4289 et
2530 4233 2737 4290 honore
2790 4248 2900 4289 suae
2927 4231 3202 4299 Ecclesiae,
3255 4232 3455 4301 contir-

1861 4342 2070 4384 mamus
2111 4325 2206 4381 tibi
2265 4326 2318 4381 in
2373 4333 2719 4396 perpetuum.
2761 4322 3028 4379 Praedium
3076 4323 3264 4387 etiam,
3306 4324 3453 4394 quod

1861 4419 2016 4491 [iugo
2046 4420 2111 4476 de
2140 4418 2296 4490 longa
2320 4433 2459 4489 aqua
2487 4417 2637 4473 dedit
2666 4425 2858 4472 sancto
2881 4414 3041 4471 Pctro
3079 4413 3455 4472 Cluniacensis

1861 4510 2125 4575 ecclesize,
2148 4508 2238 4580 qui
2270 4517 2433 4580 caput
2463 4518 2550 4593 est
2587 4504 2748 4574 huju‘s
2800 4514 2996 4570 vestra:
3038 4504 3211 4571 cellae,
3254 4503 3456 4560 confir-

1862 4619 2074 4658 manms
2106 4601 2224 4656 tibi.
2265 4601 2489 4670 Insuper
2512 4607 2568 4654 et
2597 4597 2698 4653 alia
2723 4612 3057 4669 quaecunque
3083 4611 3111 4649 a
3153 4596 3311 4650 bonis
3356 4595 3458 4651 ho-

1863 4693 2099 4747 minilms
2128 4690 2387 4763 praedicto
2412 4689 2532 4745 loco
2560 4695 2760 4757 postea.
2780 4695 2908 4751 sunt
2949 4699 3212 4742 concessa
3241 4683 3325 4738 vel
3369 4681 3457 4750 ju-

1862 4794 1945 4839 ste
1971 4780 2259 4852 acquisita,
2300 4779 2383 4835 vel
2409 4794 2528 4849 quae
2551 4780 2605 4832 in
2635 4777 2873 4835 futurum
2902 4782 3159 4845 poterunt
3220 4773 3467 4843 acquiri,‘

1862 4876 2053 4932 eodem
2089 4874 2247 4929 modo
2274 4872 2559 4928 laudamus
2599 4879 2654 4933 et
2702 4868 3113 4928 confirmamus,
3158 4872 3459 4919 statuentes

1862 4967 2161 5041 apostolica
2218 4980 2447 5021 censura
2494 4973 2553 5023 ut
2598 4961 2774 5017 nullus
2799 4976 2917 5026 rex,
2967 4957 3411 5029 archiepiseOpns
3445 5000 3462 5026 ,

1861 5061 2171 5131 episcopus,
2199 5056 2556 5122 dux,comes,
2612 5053 2941 5119 vicecomes,
2992 5051 3076 5107 vel
3126 5046 3309 5121 aliqua
3357 5050 3471 5106 alia“

1857 5152 2132 5224 iudicialis
2153 5166 2384 5222 persona
2417 5149 2616 5209 audeat
2641 5146 2879 5217 aliquam
2906 5147 3115 5204 inferre
3135 5141 3469 5204 calumniam

1866 5254 2055 5309 contra
2080 5244 2220 5305 hanc
2244 5250 2489 5298 nostram
2517 5234 2940 5294 defensatricem
2972 5235 3259 5311 paginam,
3309 5252 3474 5308 quam

1942 5340 1954 5352 ι
2152 5348 2163 5352 Α
2224 5344 2258 5352 _.
2321 5335 2335 5352 I
2386 5332 2476 5352 -.ει
2513 5346 2723 5352 --..-----
2777 5343 2820 5352 ..ι
2976 5348 2985 5352 -
3050 5332 3149 5352 ΙὲμΑ
3201 5332 3297 5352 III“
3350 5350 3355 5352 _

3074 5332 3149 5352 ΕΔΑ
