4062 5352
592 259 706 333 ςεξι

1626 272 1708 333 .S.
1751 273 1994 333 LEONlS
2030 275 2098 330 IX
2136 273 2337 330 ΡΑΡᾹΞ
2374 271 2759 331 OPUSCULA.

3727 278 3832 332 650

662 387 789 439 llata
831 402 901 442 vu
942 386 1206 445 Kalendas
1245 383 1581 447 Novembris,
1613 401 1710 457 per
1733 402 1924 442 manus
1952 385 2155 442 Udonis
2185 386 2235 446 Α
2261 391 2487 438 conetur
2510 380 2873 448 monasteriis,
2927 380 3071 450 quod
3097 394 3126 434 a
3151 380 3308 437 nobis
3352 390 3547 459 contra
3599 385 3837 456 regulam

596 467 883 546 Tullcnsis,
906 479 1195 550 primiceril
1221 487 1423 534 sanctte
1467 473 1800 548 apostolica!
1831 480 1987 538 sedis.
2037 496 2165 536 cau-

586 567 801 627 cellarii
848 578 904 625 et
952 568 1347 629 bibliothecaril
1396 583 1541 628 anno
1589 568 1770 628 domiti
1816 568 2011 625 Leonis
2047 568 2162 640 IX,

585 662 777 720 indici.
802 678 875 719 tv.

1257 749 1482 805 XLVIII.

538 848 553 855 ’
581 864 643 918 δ.
809 858 910 934 IX,
935 864 1235 918 monasterii
1286 861 1345 918 S.
1386 862 1637 931 Vincentii
1685 864 1932 925 Mettensi:
1959 881 2163 934 posses-

653 931 831 987 siones
880 931 1113 1005 jamque
1138 973 1153 998 ,
1231 944 1433 1004 petente
1502 934 1830 993 Adalberoue
1879 931 2161 1007 episcopo,

652 1000 954 1068 conﬁrmat.
1354 1032 1361 1041 ι
1538 1020 1541 1021 ν

1180 1093 1360 1163 (Anno
1389 1094 1573 1158 toso.)

579 1199 743 1275 {Dom
768 1188 995 1267 Calmet,
1023 1202 1257 1258 Histoire
1280 1205 1345 1259 de
1373 1204 1647 1273 Lorraine,
1675 1206 1719 1273 1,
1743 1204 1989 1272 Ρνειιυεο,
2008 1208 2161 1282 457.)

652 1290 764 1350 Leo
796 1284 1099 1365 episcopus,
1128 1312 1319 1351 servus
1341 1311 1620 1352 servorum
1646 1296 1763 1364 Dei,
1808 1298 2160 1356 dilectissimo

577 1383 837 1441 ronl‘ratri
857 1386 1223 1457 Anucnunom,
1247 1386 1471 1444 Metensi
1498 1389 1773 1461 episc0po.

648 1472 982 1543 Divinojure
1013 1476 1372 1545 admonemur
1410 1477 1574 1549 jusla
1621 1478 1905 1536 intentioni
1951 1479 2065 1536 Deo
2098 1480 2161 1556 ll-

588 1560 789 1617 delium
814 1565 1180 1634 congautlere,
1216 1574 1491 1622 eteorum
1541 1561 1697 1624 bona:
1753 1567 2017 1629 voluntati
2063 1586 2161 1627 co-

580 1661 900 1724 operatores
922 1655 1176 1721 existere,
1199 1668 1256 1710 ut
1278 1656 1330 1715 in
1354 1657 1586 1728 ipsorum
1607 1651 1797 1730 sancta
1820 1660 2155 1730 Operatione,

579 1722 787 1817 partem
813 1753 870 1811 et
889 1745 1220 1801 consortium
1244 1747 1700 1807 remunerationis
1730 1724 2008 1805 valeamus
2041 1764 2161 1820 per,
2192 1722 2232 1782 Β

578 1833 780 1904 cipere.
807 1833 1164 1905 Quapropter,
1193 1836 1516 1894 charissime
1564 1836 1759 1906 frater,
1815 1848 1920 1893 tua:
1959 1847 2162 1894 sanctae

580 1923 854 1987 devotioni
903 1926 1306 1996 congaudemus
1351 1936 1607 1997 tuamque
1655 1928 1878 2000 dignam
1921 1929 2164 2000 postula-

577 2014 779 2079 tionem
811 2017 1104 2087 apostolica
1124 2019 1418 2079 autoritate
1467 2019 1853 2086 collaudantus,
1893 2022 2020 2105 quia
2054 2031 2162 2076 stu-

579 2103 732 2167 diose
778 2105 989 2162 laboras
1026 2118 1083 2162 ut
1110 2123 1322 2183 semper
1349 2108 1704 2183 ampliﬁcetur
1737 2120 1788 2166 et
1818 2103 2030 2167 creScat
2068 2125 2163 2183 por

575 2206 632 2258 te
677 2196 788 2251 Deo
816 2198 1161 2277 servientium
1188 2209 1379 2255 cretus.
1412 2199 1563 2257 Unde
1591 2202 1732 2271 quod
1768 2201 2025 2272 postulas,
2081 2213 2160 2271 tu,

580 2296 744 2357 atque
773 2286 1097 2345 Folchuinus
1130 2291 1295 2353 abbas
1326 2291 1399 2346 tui
1438 2292 1669 2348 coanobii
1701 2293 1768 2348 dc
1791 2292 1992 2349 Sancto
2037 2293 2162 2349 Viu-

583 2376 762 2441 centio
798 2389 1054 2452 martyre,
1085 2381 1422 2440 decrevimus
1444 2384 1676 2447 ubertim
1719 2387 2075 2458 promulgare,
2107 2397 2162 2443 et

577 2459 887 2545 apostolica:
941 2474 1294 2531 institutionis
1322 2476 1373 2530 in
1396 2477 1689 2547 privilegiis
1712 2488 1878 2549 atque
1919 2480 2162 2537 decreto:

581 2576 706 2619 rum
765 2576 995 2619 censura
1044 2564 1386 2621 confirmare.
1452 2566 1715 2623 Convenit
1762 2584 1953 2638 nempe
2004 2570 2159 2627 nobis

574 2650 873 2723 apostolico
898 2653 1265 2719 moderamine
1300 2665 1487 2722 sancta
1516 2658 1844 2721 venerabilia
1870 2658 2009 2727 loca,
2040 2675 2160 2730 qum

572 2742 779 2813 dudum
796 2742 1009 2800 fuerant
1036 2745 1090 2801 in
1124 2746 1314 2811 ruinis,
1341 2763 1643 2819 magnaque
1691 2750 1871 2827 inopia
1918 2766 1982 2817 ac
2027 2767 2160 2821 pan.

570 2842 791 2918 perlate
817 2835 1090 2904 degentia,
1118 2844 1421 2927 opportune
1445 2840 1718 2907 ordinare,
1749 2856 1843 2896 seu
1873 2841 1941 2896 ad
1973 2842 2159 2899 melio-r

569 2940 689 2989 rem
728 2925 843 2981 sine
878 2926 1041 2999 dubio
1092 2937 1293 3007 statum
1338 2925 1675 3001 perducere;
1726 2933 2027 3002 praesertim
2063 2934 2156 2990 ubi

571 3013 664 3082 illa
696 3025 976 3087 petuntur,
1025 3010 1305 3087 qum‘non
1358 3021 1423 3074 ad
1459 3009 1799 3075 commodum
1851 3023 2154 3092 petentium
2182 3061 2227 3122 Ο

573 3107 892 3177 temporale,
922 3109 1017 3164 sed
1039 3109 1106 3165 ad
1138 3118 1450 3181 perpetuam
1477 3112 1865 3182 providentiam
1884 3115 2157 3184 pertinent

572 3195 688 3252 Deo
715 3198 1065 3254 s'crvientium
1096 3201 1424 3277 animarum,
1469 3202 1677 3268 scilicet
1728 3213 1784 3257 ut
1830 3205 2155 3263 venerabilis

571 3285 723 3350 locus
793 3288 886 3359 qui
926 3305 959 3351 a
987 3291 1164 3353 beata:
1199 3292 1473 3348 memoria:
1518 3292 1813 3349 Deoderico
1858 3296 2156 3365 praetlecess

572 3391 697 3434 sore
723 3388 817 3436 tuo
843 3379 1063 3438 Metensi
1092 3382 1346 3453 pontifice
1372 3386 1425 3439 in
1449 3401 1557 3442 uno
1604 3386 1956 3457 conglobatus
1992 3397 2157 3459 atque

571 3482 818 3541 annexus
847 3480 933 3541 est
1007 3489 1131 3528 cum
1183 3476 1421 3549 propriis
1471 3480 1983 3550 congregationibus
2035 3496 2155 3550 qua:

573 3560 902 3637 regulariter
929 3561 982 3618 in
1016 3563 1261 3633 psalmis,
1293 3566 1508 3637 hymnis
1557 3576 1612 3626 et
1637 3569 1993 3634 orationibus.
2044 3571 2153 3627 Deo

572 3645 848 3713 Salvatori
904 3661 1094 3720 nostro
1143 3651 1270 3710 Jesu
1310 3655 1529 3725 Clit-isto
1576 3659 1862 3729 pervigiles
1898 3662 2152 3716 excubias

567 3739 847 3809 exhibent,
877 3743 945 3799 ab
968 3743 1272 3807 insolentiis
1314 3749 1675 3818 exterioribus
1721 3751 2154 3821 circummunitte

563 3830 767 3914 jugiter
789 3834 1005 3898 valeant
1025 3837 1097 3907 pii
1124 3835 1413 3895 famulatus
1434 3842 1691 3913 obsequia
1742 3844 1797 3903 in
1825 3847 2153 3907 monasterio

569 3922 756 3985 Sancti
782 3924 1053 3995 Vincentii
1084 3927 1361 3999 exhibere.
1388 3930 1454 3986 Et
1480 3932 1735 4001 quoniam
1760 3942 1972 3991 constat
2005 3946 2149 3990 tuam

566 4013 977 4085 religiositatem
1018 4018 1177 4089 hujus
1220 4021 1483 4094 privilegii
1534 4024 1998 4082 conﬁrmationem
2051 4044 2148 4098 poq

568 4105 838 4176 stularc‘a
865 4109 1041 4173 nobis,
1077 4121 1296 4191 propter
1326 4113 1732 4172 immutationes
1777 4119 2150 4188 temporalium

568 4207 794 4258 rerum,
854 4198 1143 4268 variosque
1190 4200 1468 4263 hominum
1522 4219 1722 4271 casus,
1795 4209 2146 4267 munitionem

573 4278 760 4339 Sancti
814 4286 1080 4342 \‘iucentii
1114 4291 1389 4367 martyris,
1437 4308 1558 4349 cum
1607 4298 1860 4352 omnibus
1895 4299 1963 4354 ad
2008 4301 2146 4360 idem

2267 469 2367 526 sub
2389 470 2750 548 anathematis
2772 468 2985 524 vinculo
3006 469 3345 539 prohibetur.
3367 469 3706 544 Quapropter
3728 485 3839 529 sta.

2268 570 2477 619 tuentes
2518 572 2680 637 atque
2703 560 3104 633 promulgantes
3131 577 3311 627 coram
3355 562 3465 622 Deo
3513 574 3569 621 et
3620 566 3839 623 terribili

2265 640 2382 725 ejus
2412 653 2593 719 futuro
2616 654 2884 719 examine,
2917 669 3014 726 per
3032 654 3193 725 hujus
3221 655 3395 710 nostri
3423 656 3688 729 privilegii
3714 673 3842 730 apo-

2265 746 2440 803 stolici
2471 756 2634 818 atque
2662 745 2938 802 constituti
2973 746 3223 818 paginam
3267 747 3567 813 sancimus,
3623 757 3678 804 et
3701 749 3841 807 beati

2264 833 2408 889 Petri
2440 832 2805 906 apostolorum
2837 833 3096 904 principis
3130 835 3458 890 auctoritate
3501 836 3841 893 decernimus

2264 935 2426 996 atque
2446 927 2787 988 obtestamur
2816 934 2923 979 tam
2949 924 3255 995 apostolica:
3279 926 3425 981 sedis
3474 924 3689 982 futuros
3712 941 3842 997 pou-

2264 1018 2441 1081 tiilces
2490 1032 2762 1088 quamque
2804 1017 2895 1087 qui
2924 1015 3288 1088 episcopalem
3344 1017 3845 1074 administraverint

2262 1110 2549 1176 actionem,
2574 1107 2661 1165 vel
2687 1108 2851 1167 etiam
2881 1123 3073 1179 magna
3118 1094 3393 1179 parvaque
3434 1122 3693 1187 persona,
3752 1120 3846 1167 aut

2261 1201 2531 1277 quispiam
2558 1199 2926 1270 cujuscunque
2954 1199 3026 1254 sit
3055 1198 3334 1270 dignitatis
3386 1200 3648 1269 praeditus
3693 1208 3845 1271 pote.

2261 1305 2425 1362 state,
2459 1309 2527 1350 ne
2549 1310 2612 1350 ea
2636 1308 2757 1364 qum
2782 1310 2813 1348 a
2837 1293 3095 1363 praediolo
3112 1292 3411 1348 Deoderioo
3437 1293 3718 1364 episcopo,
3762 1292 3845 1347 vel

2260 1400 2583 1457 quocunque
2604 1382 2731 1451 alio,
2758 1383 3053 1443 venerabili
3100 1382 3220 1439 loco
3267 1383 3463 1443 tradita
3508 1392 3673 1454 atque
3713 1399 3844 1440 eon~

2260 1490 2435 1549 cessa,
2480 1482 2538 1531 et
2576 1472 2861 1529 tricennali
2890 1474 3232 1543 possessione
3252 1488 3281 1528 a
3305 1473 3588 1529 monachis
3631 1474 3703 1529 ibi
3734 1472 3846 1530 Deo

2261 1565 2625 1621 servientibus
2648 1579 2895 1634 possessa
2923 1563 3143 1629 fuerint,
3172 1579 3391 1634 quoquo
3418 1565 3605 1631 modo,
3655 1580 3687 1621 a
3709 1581 3849 1638 quo-

2261 1671 2421 1727 quam
2449 1656 2722 1712 licentiam
2773 1655 3010 1712 habeant
3036 1655 3234 1727 saepius
3279 1657 3616 1712 nominatum
3668 1657 3846 1714 locum

2264 1746 2450 1804 Sancti
2479 1746 2744 1803 Vincentii
2770 1746 2821 1802 in
2846 1762 3012 1801 ttnum
3042 1747 3361 1812 adunatutn,
3419 1758 3585 1817 atque
3626 1748 3845 1819 spirita-

2263 1837 2386 1892 liter
2407 1836 2716 1907 apostolicae
2743 1836 3076 1895 exarationis
3111 1836 3251 1907 stylo
3277 1835 3588 1905 conjuncta,
3639 1838 3845 1909 disiun-

2262 1941 2410 1999 gere,
2434 1926 2516 1981 vel
2544 1925 2746 1995 aliquid
2779 1925 2972 1982 exinde
3000 1926 3257 1987 alienare,
3306 1925 3374 1982 Et
3399 1934 3455 1980 ut
3483 1924 3615 1980 illud
3660 1944 3849 1982 mena.

2262 2016 2484 2070 sterium
2516 2014 2702 2069 Sancti
2754 2012 3025 2071 Vincentii
3083 2013 3380 2083 respiciens
3428 2013 3502 2068 sit
3547 2015 3614 2069 ad
3665 2016 3846 2069 sedem

2262 2107 2614 2178 ep'seopalcm
2645 2107 3055 2178 protomartyris
3070 2106 3270 2163 Christi
3295 2107 3554 2178 Stephani
3569 2107 3847 2179 iubemus,

2262 2209 2424 2269 atque
2449 2201 2614 2253 abbas
2648 2200 2698 2253 in
2725 2198 2994 2270 pontiﬁcis
3023 2198 3170 2253 vices
3199 2198 3523 2268 supplendas
3551 2200 3843 2269 primatum

2262 2288 2494 2354 habeat;
2528 2288 2620 2344 sed
2649 2297 2703 2343 et
2728 2286 2771 2341 si
2801 2287 3089 2358 episcopus
3110 2287 3362 2356 defuerit,
3412 2288 3574 2344 liceat
3601 2289 3655 2349 ei
3696 2289 3746 2343 in
3773 2292 3847 2344 fe-

2261 2380 2417 2447 stivis
2446 2380 2636 2437 diebus
2663 2379 2728 2433 ad
2754 2379 2934 2434 sedem
2960 2378 3320 2448 episcopalem
3354 2378 3637 2444 accedere,
3662 2378 3845 2450 ibique

2260 2487 2382 2534 cum
2441 2470 2734 2525 dalmatica
2775 2479 2830 2525 et
2878 2469 3143 2524 sandaliis
3188 2470 3384 2525 missas
3428 2470 3732 2526 celebrare.
3787 2472 3845 2527 Si

2259 2561 2637 2633 quisinterea,
2673 2561 2816 2631 quod
2864 2576 2970 2625 non
3022 2561 3316 2627 credimus,
3372 2563 3665 2619 temerario
3708 2578 3844 2619 ausu

2260 2664 2448 2711 contra
2474 2670 2536 2710 ea
2569 2669 2690 2724 qua:
2733 2653 2802 2708 ab
2831 2653 2933 2710 hac
2960 2661 3143 2713 nostra
3193 2654 3522 2709 auctoritate
3550 2656 3640 2725 pie
3664 2664 3722 2711 et
3748 2655 3839 2712 6r-

2259 2746 2420 2811 miter
2444 2760 2543 2823 per
2569 2746 2670 2800 hoc
2690 2753 2935 2799 nostrum
2969 2744 3309 2816 privilegium
3360 2744 3628 2816 disposita
3673 2757 3794 2801 sunt
3824 2789 3840 2815 ,

2258 2838 2527 2896 contraire
2558 2838 2863 2903 tentaverit,
2894 2836 2979 2893 vel
3006 2837 3120 2893 lucc
3146 2854 3267 2909 qua:
3289 2854 3317 2893 a
3342 2855 3483 2909 saepe
3510 2840 3661 2897 dicto
3707 2842 3841 2896 Deo—

2257 2929 2440 2984 derico
2460 2928 2779 2984 Metensium
2805 2927 3055 3003 praesule,
3085 2927 3168 2981 vel
3188 2928 3425 2998 quolibet
3448 2929 3585 2997 alio,
3614 2933 3683 2986 ad
3721 2931 3837 2985 lau-

2257 3017 2379 3075 dem
2408 3018 2504 3073 Dei
2532 3032 2630 3089 pro
2656 3018 2949 3081 stabilitate
2963 3015 3075 3088 jam
3098 3014 3226 3079 dicti
3260 3020 3595 3085 monasterii,
3643 3020 3839 3075 videli;

2257 3115 2345 3165 cet
2371 3106 2554 3163 Sancti
2594 3107 2885 3172 V’incentii,
2911 3116 3134 3173 statuta,
3180 3117 3235 3163 et
3263 3124 3293 3162 a
3323 3108 3430 3165 Deo
3473 3111 3843 3167 servientibus

2257 3199 2310 3265 in
2340 3215 2404 3254 eo
2426 3199 2641 3269 triginta
2662 3199 2818 3259 annis
2843 3213 3090 3268 possessa
3112 3209 3257 3265 sunt,
3281 3200 3580 3271 refragare,
3601 3204 3842 3277 auferre,

2256 3290 2339 3345 vel
2372 3291 2610 3351 alienare
2635 3290 3064 3361 pratsumpserit,
3087 3291 3224 3353 sciat
3250 3307 3309 3347 se
3337 3293 3669 3350 auctoritate
3698 3292 3837 3369 beati

2255 3379 2400 3436 Petri
2422 3379 2788 3450 apostolorum
2815 3379 3074 3450 principis
3124 3381 3340 3443 vinculo
3364 3384 3736 3443 anathematis
3761 3387 3839 3439 iu-

2256 3472 2536 3533 nodatum,
2564 3479 2870 3540 atquecum
2915 3469 3052 3526 .luda
3097 3472 3356 3527 traditore
3401 3473 3618 3529 Domini
3671 3478 3838 3532 nostri

2210 3563 2217 3569 ’
2254 3557 2381 3614 Jesu
2407 3557 2634 3623 Christi,
2661 3559 2852 3614 mterni
2882 3559 3118 3615 incendii
3162 3561 3424 3632 supplicio
3475 3579 3839 3628 concreman-

2255 3649 2380 3703 dum
2414 3665 2428 3703 :
2456 3648 2534 3703 sic
2562 3647 2867 3716 deputatus,
2898 3664 2999 3717 nec
3043 3666 3280 3721 unquam
3309 3667 3337 3704 a
3366 3652 3564 3729 prefati
3614 3658 3835 3710 anatha

2253 3740 2671 3805 malisnexihus
2706 3739 2775 3794 sit
2798 3738 3096 3796 absolutus.
3123 3742 3194 3796 At
3217 3756 3344 3795 vero
3369 3743 3462 3812 qui
3504 3743 3596 3814 pio
3640 3746 3837 3801 intuitu

2252 3828 2575 3891 observator
2626 3829 2680 3884 in
2718 3828 2970 3888 omnibus
2997 3831 3293 3897 exstiterit,
3352 3820 3584 3904 gratiam
3618 3834 3836 3899 benedi-

2253 3921 2447 3975 ctionis
2473 3936 2503 3975 a
2532 3920 3037 3976 misericordissimo
3073 3921 3302 3977 Domino
3339 3932 3527 3978 nostro
3578 3926 3837 3995 multipli-

2252 4012 2388 4066 citer
2410 4016 2790 4081 consequatur,
2821 4021 2877 4075 et
2908 4013 3029 4069 vitae
3051 4023 3266 4077 :eteruze
3303 4015 3581 4086 particeps
3634 4016 3835 4073 cilicia-

2253 4113 2358 4168 tur,
2385 4114 2437 4167 et
2460 4114 2648 4167 catena
2676 4106 2819 4161 beati
2857 4105 3003 4161 Petri
3029 4123 3058 4160 a
3082 4117 3269 4163 sancta
3291 4106 3537 4171 Romana
3589 4109 3835 4167 Ecclesia

2249 4196 2298 4250 ei
2331 4196 2453 4249 data
2481 4195 2686 4265 aperiat
2707 4196 2754 4251 ei
2802 4197 3023 4267 januam
3053 4198 3308 4268 paradisi.
3364 4199 3419 4255 Si
3448 4215 3580 4254 vero
3632 4201 3835 4272 aliquis

2250 4286 2374 4342 huic
2406 4286 2606 4357 aliquid
2643 4288 2921 4354 minuerit,
2966 4303 3030 4344 ea
3079 4304 3244 4358 quam
3301 4290 3537 4344 diximus
3587 4301 3782 4346 catena
3812 4332 3827 4354 ,

570 4375 959 4431 monasterium
988 4379 1405 4448 pertinentibus,
1438 4391 1602 4454 atque
1654 4386 2144 4444 corroborationem
2178 4398 2223 4456 ι)
2249 4378 2464 4441 Claudat
2490 4380 2537 4433 οἱ
2560 4379 2809 4449 Ροίοτιιηὶ
2837 4394 3021 4451 regna.
3050 4379 3345 4449 Praetereas
3393 4380 3680 4444 coltfralel'
3709 4383 3832 4438 Cha-

568 4462 738 4537 ipsius
765 4467 817 4522 in
839 4466 1056 4524 Christo
1075 4473 1527 4545 congregationis,
1541 4486 1594 4531 et
1615 4491 1984 4533 successorum
2006 4477 2143 4549 ejus,

566 4553 625 4612 in
648 4566 961 4633 perpetuum
985 4558 1100 4614 ﬁeri
1126 4563 1435 4617 censuimus
1468 4575 1777 4634 :quatenus
1827 4582 1984 4634 nona:
2028 4586 2145 4624 om-

566 4645 725 4705 nium
746 4648 1015 4715 redituum
1035 4650 1319 4727 episcOpii,
1345 4653 1483 4720 etde
1501 4656 1724 4726 singulis
1744 4658 1981 4712 cortibus
1997 4674 2146 4714 man-

565 4742 683 4813 sus,
712 4754 831 4811 qua:
858 4757 889 4796 a
917 4742 1177 4812 praedicto
1199 4744 1495 4806 Deoderico
1519 4755 1575 4801 et
1594 4747 1713 4817 ejus
1740 4751 2144 4807 successoribus

567 4831 647 4894 eis
675 4833 870 4888 donata
900 4836 1048 4905 Sunt,
1077 4834 1218 4901 sicut
1247 4844 1276 4891 a
1308 4845 1363 4893 te
1379 4852 1594 4915 quoque
1624 4837 1971 4903 lauda'ziliter
2014 4858 2142 4896 con-

561 4921 851 4995 ceduntur,
882 4916 957 4978 ita
982 4923 1036 4979 in
1071 4931 1348 4994 posterum
1397 4942 1563 4998 usque
1605 4928 1659 4983 in
1710 4928 1870 4989 linem
1923 4946 2143 4987 consere

563 5025 777 5058 γρηιιιιι-
827 5014 892 5058 Rt
926 5024 982 5058 Ill
1009 5016 1098 5058 ἶΙΙει
1131 5018 1476 5058 ρηησιιρσειιῖη
1529 5020 1843 5058 innnnmmcn
1892 5023 1942 5058 in
1976 5039 2139 5058 unum

2250 4468 2484 4533 rissime,
2511 4471 2653 4539 quod
2681 4468 2925 4539 postulas
2948 4480 3005 4526 ut
3048 4470 3242 4526 cellam
3286 4472 3352 4526 de
3397 4469 3700 4536 Caliniaco,
3740 4474 3831 4531 ubi

2247 4558 2554 4628 disposuisti
2581 4561 3225 4627 monachorum-costum,
3272 4576 3572 4633 aggregare
3624 4577 3829 4634 appen-

2245 4649 2462 4715 dcntcm
2508 4651 2576 4705 ad
2601 4651 2919 4721 praedictum
2960 4652 3273 4711 cwnobium
3312 4653 3496 4708 Sancti
3533 4651 3829 4727 Yincentii,

2246 4745 2467 4800 liberam
2494 4744 2688 4811 faciam
2717 4760 2746 4800 a
2774 4761 2938 4811 censu
2977 4762 3138 4827 quem
3169 4745 3409 4803 Tullensi
3442 4747 3704 4805 Ecclesia:
3732 4751 3828 4804 ba-

2245 4844 2434 4891 ctenus
2462 4843 2839 4902 consueverat,
2863 4851 3010 4893 more
3040 4835 3268 4892 aliarum
3313 4838 3671 4908 capellarum,
3713 4857 3833 4911 per-

2245 4926 2507 4993 solvere;
2554 4927 2648 4983 tibi
2698 4928 2999 4995 laudamus,
3049 4927 3384 5001 liberamque
3407 4930 3460 4984 in
3503 4943 3827 5001 perpetuum

2244 5019 2623 5058 nnnctilnimnc
2697 5034 2761 5058 Μ
2807 5028 2998 5058 ιιιηηιιρ
3070 5027 3125 5058 nl
3166 5019 3287 5058 'illin
3342 5021 3652 5058 clnhiliqlnp
3693 5024 3827 5058 η-Λιιι
