4062 5352
223 343 322 405 Gil

225 549 473 619 insigniri
507 549 862 618 praecipimus.

299 639 434 693 Data
458 639 596 692 Tulli
623 655 674 693 tv
699 638 878 694 Nonas
906 639 1246 704 Novembris,
1275 655 1372 710 per
1398 656 1586 694 manus
1610 640 1814 696 Udnnis

225 729 501 786 Tullensis
527 731 843 799 primicerii,
876 741 930 786 et
955 740 1156 786 sanetae
1185 732 1490 802 apostolica:
1517 734 1659 787 sedis
1687 749 1818 788 can-

223 821 511 876 mtlariiet
537 821 958 884 bibliothecarii,
991 838 1134 876 anno
1161 824 1229 878 ab
1281 823 1658 879 lncarnatioue
1706 825 1812 879 Do-

225 914 360 968 mini
405 914 577 978 l05l,
625 915 826 969 domini
874 931 1005 971 vero
1050 916 1244 971 Leonis
1289 917 1419 973 noui
1467 933 1621 990 papa:
1671 931 1815 974 anno

222 1005 487 1072 secundo,
515 1006 810 1063 indictione
839 1022 912 1064 tv.

931 1104 1115 1160 XLIX.

222 1214 286 1272 3.
338 1213 530 1272 Leonis
558 1215 646 1271 IX
675 1215 818 1271 bella
852 1234 948 1286 pro
989 1220 1308 1272 monasterio
1357 1227 1657 1277 sanctorum
1686 1215 1815 1272 Bero

777 1289 900 1340 tarii
947 1299 996 1340 et
1036 1289 1267 1340 Ata'em’.
1383 1299 1390 1309 '

777 1299 900 1341 tam
947 1299 996 1342 et
1036 1299 1267 1344 Ala'ettt.
1383 1299 1390 1309 '

811 1377 991 1447 (Auno
1048 1379 1230 1452 1030.)

385 1471 617 1546 [MabilL
651 1472 844 1527 Annal.
895 1472 1012 1526 0rd.
1047 1471 1102 1526 S.
1137 1472 1352 1538 Ιίωιθά..
1387 1472 1476 1537 ιν,
1505 1471 1656 1545 740.]

294 1563 407 1620 [eo
461 1579 657 1620 servus
706 1580 987 1620 servorum
1056 1564 1170 1628 laci,
1225 1566 1467 1620 ecclesiae
1529 1565 1811 1619 beatorum

221 1662 524 1726 martyrum
553 1654 786 1710 Bertarii
811 1664 865 1709 et
892 1654 1123 1719 Ataleni,
1153 1671 1271 1724 qum
1300 1656 1496 1710 dicitur
1521 1656 1784 1710 Blederici

220 1745 373 1809 villa,
398 1745 588 1815 posita:
616 1745 669 1802 in
703 1746 958 1799 comitatu
1004 1744 1278 1808 Santensi,
1306 1755 1358 1799 et
1389 1761 1484 1816 per
1519 1761 1639 1798 eam
1683 1761 1810 1798 san-

1202 342 1560 402 EPlSTOUF.
1603 344 1688 400 ΕΤ
1732 344 2046 401 DECRETA
2089 345 2500 404 PONTlFlClA.

223 462 338 530 gitti
367 459 724 530 impressione
745 467 933 514 contra
956 458 1198 514 omnium
1223 459 1810 516 reclamantiutnvoees
1838 467 1884 525 Α
1914 463 1980 516 de
2008 461 2178 532 stirpe
2224 463 2391 533 ipsius
2443 463 2711 534 llaynardi
2751 458 3125 533 descenderit,
3156 472 3249 522 aut
3283 483 3350 523 ex
3399 475 3494 525 ctt-

1908 551 1999 622 jus
2055 553 2372 609 haereditate
2423 554 2561 608 idem
2611 554 2758 611 locus
2803 565 2887 612 est
2935 557 3200 627 inceptus,
3234 560 3493 628 praedicta

3377 329 3493 405 “ea

1916 643 2198 696 advocatia
2243 643 2553 716 perveniat;
2608 653 2662 699 et
2727 647 3026 712 annuatim,
3072 647 3126 702 in
3178 647 3494 708 Inventionc

1915 736 2084 790 sancti
2123 735 2406 806 Stephani,
2439 736 2680 791 debitum
2711 753 2930 793 censum
2982 740 3225 800 instituta
3265 756 3494 815 congre-

1914 829 2058 898 gatio
2082 829 2249 899 ipsius
2276 827 2376 884 loci
2425 845 2523 900 pro
2569 830 2904 899 subjectione
2947 834 3242 904 persolvat,
3289 837 3500 894 scilicet

1913 933 2132 974 cereum
2163 933 2354 982 unum,
2394 919 2676 974 duodecim
2721 920 2959 978 denariis
3003 921 3345 984 Tullensibus
3401 941 3498 998 ap-

1915 1012 2226 1084 pretiatum.
2258 1012 2463 1069 Donum
2515 1013 2678 1083 igitur
2701 1013 2930 1076 abbatice
2979 1015 3032 1079 in
3074 1032 3234 1072 manu
3261 1017 3496 1089 episcOpi

1914 1105 2183 1164 Tullensis
2202 1120 2416 1175 semper
2435 1107 2714 1172 consistat,
2732 1115 2786 1162 et
2806 1124 3142 1182 quascunque
3156 1110 3224 1166 de
3247 1109 3490 1180 ejusdem

1913 1195 2122 1266 pueruli
2148 1197 2364 1252 comitis
2390 1198 2560 1266 stirpe
2606 1197 2657 1252 in
2699 1197 2889 1255 eodem
2922 1201 3171 1263 emnobio
3193 1201 3385 1257 idonea
3417 1202 3498 1255 in-

1913 1294 2073 1341 venta
2116 1286 2304 1352 fuerit,
2347 1288 2708 1359 provisionem
2763 1289 2889 1357 loci,
2936 1293 3038 1348 sub
3075 1291 3294 1348 nomine
3332 1290 3501 1346 abba-

1915 1377 2082 1442 tissae,
2109 1379 2396 1450 suscipiat;
2437 1380 2520 1434 sin
2550 1389 2728 1434 autem
2753 1379 2885 1442 inibi
2917 1383 3224 1453 nequiverit
3249 1381 3499 1454 reperiri,

1913 1468 1982 1524 de
2030 1469 2150 1524 lo‘co
2197 1471 2370 1525 sancti
2429 1470 2704 1527 llamarici
2748 1471 2927 1542 aliqua
2970 1473 3037 1530 de
3073 1472 3190 1543 ejus
3240 1471 3502 1544 progenie

1915 1561 2072 1630 digna
2124 1560 2192 1616 ad
2247 1560 2576 1616 abbatissam
2629 1571 2896 1627 sumatur,
2939 1572 2994 1618 et
3039 1564 3085 1617 si
3115 1564 3277 1618 etiam
3329 1564 3382 1618 in
3414 1561 3500 1620 bis

1914 1654 2162 1722 utrisque
2189 1653 2451 1708 coenobiis
2477 1654 2621 1715 nulla
2651 1655 2847 1724 poterit
2877 1655 3126 1720 inveniri,
3173 1666 3496 1727 potestatem

1913 1746 2200 1816 episcopus
2227 1745 2450 1807 habeat,
2481 1754 2575 1798 aut
2603 1745 2670 1798 de
2711 1745 2914 1800 eisdem
2963 1745 3119 1810 locis,
3146 1756 3241 1801 aut
3272 1747 3340 1802 de
3378 1743 3500 1804 aliis

221 1837 649 1901 etintonialibus,
675 1837 870 1892 ibidem
898 1848 1156 1909 perpetuo
1205 1837 1575 1904 fantulatnris,
1623 1852 1814 1908 perpee
1844 1815 1886 1874 Β
1917 1839 2055 1894 infra
2087 1815 2392 1894 'l‘ullensetu
2437 1837 2806 1907 episc0patum
2847 1836 3008 1892 aliam
3061 1838 3275 1910 dignam
3304 1854 3500 1909 perso-

225 1939 372 1985 luam
397 1931 448 1984 in
477 1929 712 1987 Domino
750 1931 998 1986 salutem.

292 2022 373 2076 Ad
406 2023 740 2092 apostolatus
767 2026 934 2079 nostri
965 2039 1148 2079 curam
1202 2025 1389 2094 procul
1433 2025 1596 2081 dubio
1631 2026 1810 2080 credi-

224 2121 315 2165 tur
339 2112 616 2181 pertinere
648 2122 707 2166 ut
743 2113 1068 2167 venerabilia
1104 2113 1216 2167 Ittca
1269 2115 1470 2174 nostris
1501 2116 1814 2187 apostolicis

223 2204 358 2258 ﬁant
386 2203 614 2269 munita,
646 2212 702 2259 et
751 2203 906 2258 nobis
932 2204 1182 2273 proficiat
1227 2204 1292 2258 ad
1330 2205 1521 2261 salutis
1554 2222 1812 2278 augmen-

224 2304 338 2348 tum
380 2296 524 2365 quod
567 2296 650 2351 eis
695 2296 911 2366 prolicit
963 2297 1028 2350 ad
1093 2297 1372 2353 ttttamiuis
1415 2298 1808 2353 fulcimentum.

223 2385 568 2454 Quapropter
598 2400 812 2454 aequum
863 2392 918 2439 et
959 2384 1194 2440 salutare
1223 2387 1395 2440 visum
1424 2387 1523 2442 fuit
1572 2387 1727 2443 nobis
1755 2399 1815 2444 ut

222 2476 536 2545 praedictam
577 2475 864 2530 ecclesiam
920 2493 950 2529 a
990 2475 1282 2547 ltaynardo
1333 2479 1532 2538 comite
1593 2481 1812 2550 suisque

221 2566 665 2637 progenitoribus
732 2565 1005 2622 cozuditam
1081 2567 1394 2636 apostolica:
1472 2571 1813 2626 auctoritatis

223 2666 380 2711 scuto
415 2658 776 2722 muniremus,
802 2673 1034 2728 eamque
1062 2657 1114 2711 in
1146 2659 1448 2714 monastico
1473 2653 1662 2716 ordine
1684 2677 1813 2732 per-

222 2765 450 2804 manere
498 2749 942 2806 decerneremus.
986 2750 1061 2804 Ea
1104 2751 1272 2822 igitur
1315 2753 1659 2818 auctoritate,
1707 2769 1810 2821 qua

222 2840 275 2894 itt
311 2841 495 2905 terris,
555 2839 686 2896 licet
728 2840 956 2912 indigni,
1003 2842 1122 2897 vice
1175 2853 1351 2896 tamen
1382 2843 1656 2912 fungimur
1682 2844 1812 2904 bea.

223 2931 417 2985 tissimi
447 2930 594 2986 Petri
645 2932 896 3002 apostoli,
938 2933 1426 2988 confirmamtts'et
1472 2936 1810 3003 roboramus,

220 3039 321 3094 per
349 3023 496 3079 hanc
524 3025 697 3079 nostri
735 3025 1012 3096 apostolici
1045 3026 1308 3097 privilegii
1338 3027 1611 3098 paginam,
1637 3027 1810 3082 eidem

221 3125 415 3169 Sancto
464 3123 520 3169 et
563 3115 858 3170 venerabili
901 3115 1019 3170 loco
1072 3117 1252 3171 omnia
1315 3132 1436 3185 quae
1495 3116 1564 3171 ab
1623 3119 1808 3172 eodem

223 3205 517 3275 Raynardo
568 3207 770 3261 comite
814 3205 1036 3276 ejusque
1089 3209 1406 3277 parentibus
1452 3217 1508 3263 et
1532 3209 1652 3262 aliis
1686 3208 1808 3279 qui-

221 3299 543 3375 buscunqne
571 3300 820 3355 ﬁdelibus
857 3301 1057 3356 Christi
1099 3317 1358 3356 concessa
1390 3311 1442 3356 et
1466 3303 1809 3356 concedenda

221 3401 351 3446 sunt
381 3392 435 3446 in
470 3401 790 3463 perpetuum
826 3406 841 3445 :
882 3391 1229 3462 prohibentes
1284 3403 1466 3446 nostra
1518 3392 1809 3461 apostolica

224 3483 552 3537 auctoritate
618 3498 686 3537 ne
727 3497 963 3552 unquam
993 3498 1022 3538 a
1077 3481 1378 3536 mouastieo
1427 3482 1616 3536 ordine
1663 3481 1811 3537 locus

223 3574 343 3650 ipse
369 3575 666 3639 auferatur,
707 3578 801 3630 sed
826 3590 1040 3647 semper
1081 3573 1181 3630 sub
1213 3573 1394 3644 regula
1424 3574 1595 3629 sancti
1644 3575 1810 3629 liene-

221 3667 353 3722 dicti
386 3675 721 3737 permaneat,
752 3677 806 3720 et
849 3667 1168 3722 nominatim
1197 3681 1315 3736 qum
1347 3666 1459 3736 ipse
1493 3666 1811 3737 llaynardus

225 3773 415 3812 comes
446 3757 569 3811 bttic
597 3757 719 3812 Ι)ςο
770 3772 868 3827 [το
915 3757 1152 3811 remedio
1182 3757 1376 3811 anima:
1422 3773 1532 3811 sum
1562 3758 1809 3823 contulit,

222 3865 460 3920 quarum
505 3850 722 3920 quidem
774 3859 1104 3920 potestatum
1153 3852 1372 3904 nomina
1427 3851 1512 3906 hic
1544 3850 1810 3907 subscribi

225 3941 481 4005 fecimus,
531 3941 798 4011 integram
850 3941 1100 3996 videlicet
1155 3940 1640 4004 Blederieiviliam,
1689 3959 1811 3996 eum

221 4031 459 4088 ecclesia
505 4041 559 4087 et
605 4031 751 4086 omni
806 4031 1114 4102 integiilalc
1168 4048 1291 4099 sua;
1352 4031 1811 4087 limuaidi—villam

221 4140 352 4182 cum
384 4125 530 4177 omni
581 4124 923 4195 integritate;
968 4123 1202 4178 Salsuris
1251 4140 1373 4178 eum
1414 4125 1556 4178 omni
1594 4125 1814 4194 integri-

223 4208 372 4278 ta'te;
403 4213 762 4267 Pantevillare
806 4228 928 4268 cum
975 4213 1121 4266 omni
1170 4214 1503 4284 integritate;
1559 4213 1811 4268 allodinn

223 4306 297 4360 de
344 4306 545 4358 domno
595 4304 815 4371 Basolo;
852 4303 1261 4375 Ligisdicurtetu
1307 4320 1427 4359 cum
1481 4304 1810 4373 integritate,

223 4399 490 4455 allodium
522 4400 588 4453 de.
626 4396 1040 4460 Unzoniscurte.
1085 4397 1215 4456 Post
1266 4413 1495 4469 quorum
1549 4399 1813 4452 donorum

1915 1946 2040 1985 nam
2092 1930 2427 2001 perquirere,
2486 1940 2541 1984 et
2592 1929 2798 1987 inloco
2851 1929 2942 1986 illo
2980 1932 3277 1987 secundum
3327 1932 3495 1990 Deum

1913 2020 2211 2092 prteﬁcere.
2243 2018 2300 2074 Si
2333 2020 2454 2091 quis
2503 2035 2652 2090 ergo,
2693 2020 2836 2089 quod
2879 2018 3052 2080 absit!
3090 2027 3146 2076 et
3191 2021 3336 2092 quod
3379 2021 3496 2077 fieri

1915 2115 2137 2170 minime
2161 2115 2456 2178 credimus,
2484 2113 2560 2168 ab
2579 2115 2681 2172 hae
2729 2122 2914 2168 nostra
2958 2114 3173 2185 publica
3217 2114 3497 2169 sanctione

1915 2208 2224 2262 discordare
2254 2207 2661 2278 pertentavcrit,
2695 2215 2749 2263 ot
2780 2206 3022 2276 przestito
3068 2205 3298 2274 alicujus
3335 2205 3498 2276 pretii

1915 2309 2244 2366 commento,
2298 2315 2402 2358 non
2451 2301 2746 2353 seettndutn
2801 2299 3086 2356 Dominum
3130 2297 3496 2368 praelationem

1916 2392 2016 2447 loci
2048 2391 2318 2453 statuerit,
2358 2399 2450 2445 aut
2490 2390 2668 2444 locum
2725 2389 3028 2457 destruere,
3068 2389 3152 2444 vel
3195 2390 3262 2445 de
3294 2405 3499 2460 appen-

1915 2483 2069 2538 diciis
2097 2482 2419 2536 imminuere
2445 2481 2691 2546 voluerit,
2724 2481 2918 2535 habeat
2940 2481 3234 2536 advocatus
3272 2481 3496 2536 liberam

1915 2583 2239 2646 potestatem
2269 2573 2501 2634 adeundi
2554 2589 2758 2645 regem,
2785 2581 2842 2629 et
2864 2572 2936 2634 ibi
2962 2588 3155 2632 causas
3181 2573 3497 2630 monasterii

1916 2664 2185 2736 sagaciter
2206 2672 2466 2734 exponat,
2504 2672 2558 2718 et
2590 2663 2748 2736 hujus
2773 2653 2976 2718 nosira:
3019 2663 3329 2735 apostolica:
3357 2678 3498 2735 prae-

1916 2755 2183 2827 ceptionis
2236 2755 2629 2824 diruptionem,
2667 2763 2720 2809 et
2767 2763 2823 2808 ttt
2876 2753 3202 2810 refortuetur
3251 2769 3492 2809 suntmo-

1916 2862 2042 2920 pere
2063 2846 2296 2905 studeat.
2331 2844 2389 2900 Si
2414 2861 2542 2899 vero
2569 2845 2862 2900 advocatus
2901 2844 2968 2899 de
3009 2844 3354 2905 facultatibus
3383 2861 3502 2900 mo-

1916 2937 2138 2992 nasterii
2173 2937 2245 3002 vi,
2269 2945 2362 2990 aut
2408 2936 2550 2990 malo
2596 2935 2809 3006 ingenio
2861 2936 3136 3006 quidpiam
3192 2936 3499 2993 diminuere

1917 3029 2165 3095 voluerit,
2193 3036 2287 3081 aut
2317 3028 2479 3082 etiam
2521 3029 2661 3082 hanc
2691 3037 2933 3081 nostram
2981 3027 3332 3097 apostolicam
3363 3045 3496 3083 cort-

1918 3119 2278 3174 firmationem
2310 3117 2630 3189 infringere,
2659 3119 3018 3182 commonitus
3044 3119 3126 3176 bis
3167 3135 3234 3174 ac
3277 3120 3437 3174 tertio
3464 3136 3494 3184 a

1917 3209 2166 3281 prtesule,
2199 3211 2244 3266 si
2266 3227 2388 3266 cum
2426 3211 2639 3282 justitia
2671 3211 2884 3282 culpam
2915 3213 3206 3267 emendare
3242 3214 3495 3278 voluerit,

1915 3304 2196 3358 advocatis
2225 3303 2325 3358 sibi
2369 3313 2713 3374 permaneat;
2746 3313 2801 3358 at
2829 3304 2874 3360 si
2917 3312 3105 3360 contra
3135 3305 3374 3377 episcopi
3402 3307 3500 3361 ad-

1915 3394 2266 3455 monitionem
2307 3394 2391 3450 vel
2443 3395 3056 3452 excommunicationem
3108 3396 3498 3468 incorrigibilis

1915 3485 2295 3562 permanserit,
2339 3487 2616 3541 advocatia
2649 3497 2854 3553 careat,
2885 3496 2940 3542 et
2985 3487 3181 3558 praesul
3211 3487 3375 3542 alium
3402 3488 3500 3542 ade

1915 3589 2166 3634 vocatum
2215 3579 2458 3649 requirat
2513 3580 2603 3649 qui
2661 3579 2892 3636 lideliter
2947 3580 3053 3637 loci
3126 3565 3495 3636 defensionem

1915 3672 2216 3743 provideat.
2267 3671 2334 3735 Et
2373 3687 2444 3728 ne
2490 3673 2690 3744 aliquid
2745 3673 2812 3726 de
2871 3673 3203 3745 appendiciis
3253 3673 3498 3728 eeclesim

1916 3779 2181 3836 usurpare
2227 3773 2551 3836 praesumat,
2625 3764 2915 3820 statuimus
2969 3775 3028 3820 ut
3091 3764 3146 3819 in
3203 3763 3498 3820 festivitate

1915 3863 2226 3909 sanctorum
2255 3862 2554 3924 martyrutn
2580 3854 2806 3908 Bertarii
2831 3863 2887 3908 et
2912 3854 3125 3910 Ataleni
3158 3855 3356 3911 ibidem
3404 3855 3498 3910 de-

1917 3956 2004 4001 tur
2039 3948 2088 4002 ei
2143 3947 2448 4013 servitium,
2495 3947 2745 4002 videlicet
2783 3947 2994 4003 modius
3040 3961 3180 4002 unus
3215 3947 3495 4013 frumenti,

1915 4039 2126 4094 modius
2149 4055 2288 4094 unus
2317 4037 2460 4094 vini:
2502 4038 2626 4093 etsi
2658 4039 2838 4093 vinum
2873 4021 3159 4104 defecei‘it,
3186 4047 3295 4094 tres
3338 4036 3496 4094 solidi

1916 4139 2146 4183 moneta:
2175 4128 2343 4199 ipsius
2389 4129 2536 4200 pagi,
2592 4137 2644 4183 et
2692 4144 2888 4199 porcus
2937 4129 3164 4184 duorum
3205 4144 3493 4185 annorum.

1916 4218 2055 4274 llinc
2083 4235 2209 4273 vero
2232 4219 2300 4275 de
2347 4221 2508 4274 rebus
2531 4220 2614 4274 vel
2637 4219 2863 4289 justitiis
2887 4221 3118 4276 abbatiae
3138 4223 3288 4276 nullo
3335 4222 3496 4280 modo

1916 4324 1975 4365 se
2004 4320 2316 4381 praesumat,
2345 4311 2450 4367 nisi
2472 4311 2614 4368 forte
2661 4312 2730 4368 ab
2757 4313 3033 4369 abbatissa
3081 4315 3132 4369 itt
3167 4316 3496 4386 adjutorium

1916 4411 2141 4460 Vocatus
2170 4401 2355 4464 fuerit,
2401 4411 2458 4466 et
2488 4412 2614 4458 tunc
2661 4419 2758 4477 pro
2787 4419 2883 4460 sua
2931 4407 3219 4475 prmsentia
3262 4416 3314 4461 et
3354 4407 3502 4476 adju-

249 4489 599 4551 irruissitnam
650 4491 1124 4555 contraditionem,
1179 4489 1321 4544 sicut
1378 4490 1493 4559 ipse
1525 4490 1813 4558 prardictus
1847 4505 1888 4563 υ
1919 4493 2058 4546 torio
2083 4491 2296 4545 tertiam
2327 4490 2568 4562 ejusdem
2619 4494 2848 4548 abbatire
2890 4495 3122 4565 accipiat
3164 4505 3392 4566 partem.
3431 4496 3500 4553 Ut

225 4602 416 4644 comes
461 4585 576 4656 jam
624 4587 944 4656 expetierat,
984 4601 1102 4640 eam
1157 4600 1188 4639 a
1235 4585 1409 4646 nobis,
1449 4585 1571 4639 dum
1621 4584 1670 4636 in
1701 4581 1816 4637 solo

225 4681 545 4753 episcopatu
595 4677 835 4737 Tulleusi
881 4677 1215 4746 praefuimus,
1260 4677 1590 4740 consecrari,
1625 4677 1729 4729 imo
1763 4684 1817 4734 et

227 4776 548 4824 consecrata
577 4777 688 4834 est;
718 4768 790 4823 ita
816 4777 872 4822 et
918 4768 1076 4823 modo
1119 4767 1171 4822 in
1203 4767 1534 4839 apostolatus
1559 4767 1812 4829 culmine,

229 4860 412 4914 divina
438 4868 712 4929 prreeuute
737 4859 1050 4924 clementia,
1093 4859 1514 4916 misericorditer
1542 4860 1816 4914 subliniati

231 4953 639 5018 constituimus,
673 4953 815 5007 idem
864 4951 974 5006 illic
1018 4952 1086 5006 ad
1117 4951 1328 5006 laudem
1358 4950 1476 5016 Dei,
1503 4969 1565 5005 ac
1597 4959 1814 5006 sancto-

228 5057 353 5100 rum
376 5045 806 5110 venerationem,
862 5043 1116 5114 deinceps
1173 5045 1641 5114 congregationem
1695 5059 1812 5098 san-

232 5136 622 5164 ΑΙῖηςΛηῖηΙτ-ιιει
676 5135 1067 5164 ειη-ιΛ-ηᾏῖΙῖΙΛα
1093 5135 1324 5164 οιηιιςιῖιιξ
1407 5145 1454 5164 nl
1501 5138 1596 5164 ιιι-ί.
1650 5137 1818 5164 Iahn-CM

1917 4593 2097 4637 autem
2130 4581 2289 4651 hujus
2329 4585 2404 4640 rei
2454 4586 2794 4641 conﬁrmatio
2824 4587 3034 4642 cautius
3075 4587 3130 4642 in
3179 4597 3499 4658 perpetuum

1918 4673 2238 4742 ﬁrmiusque
2267 4684 2540 4742 servetur,
2578 4678 2794 4732 nonnisi
2835 4679 3046 4748 magnis
3070 4681 3322 4750 precibus
3359 4680 3502 4736 Lan-

1920 4765 2100 4821 bardis
2129 4764 2251 4820 lilize
2279 4765 2448 4836 ipsius
2466 4765 2578 4836 jam
2608 4782 2752 4838 saepe
2781 4769 2908 4824 dicti
2949 4768 3222 4842 Rayuardi
3263 4771 3500 4835 cornitis,

1918 4863 1974 4910 et
2027 4856 2271 4928 diligenti
2329 4872 2548 4912 suorum
2581 4859 2810 4913 consilio
2840 4859 3110 4923 fidelium,
3155 4859 3363 4915 scilicet
3410 4859 3502 4914 Ri-

1919 4947 2102 5002 cbuini
2145 4955 2200 5000 et
2235 4946 2495 5012 Cunonis,
2533 4959 2696 5017 atque.
2726 4948 3006 5004 Rbittdrici
3043 4962 3138 5003 seu
3184 4948 3504 5017 'l'lteobaldi,

1921 5039 2138 5110 utrique
2166 5037 2430 5106 locorum,
2449 5038 2700 5096 videlicet
2720 5047 2923 5095 sanctas
2941 5039 3508 5105 'l‘ullensisEcclesite.

1921 5128 2150 5164 alterum
2180 5127 2230 5164 in
2258 5127 2404 5164 (linln
2454 5127 2704 5164 nmnnlﬁn
2751 5143 2844 5164 uno
2906 5139 3064 5164 nmnl
3094 5126 3270 5164 vicmn
3301 5139 3379 5164 Act
3435 5129 3477 5164 ci
