4062 5352
288 234 398 292 665

1045 350 1127 406 LI.

332 456 677 531 Prwifrgfum
710 460 770 516 S.
819 459 1116 586 uanis.
1158 463 1557 532 Agauncusibtts
1584 469 1848 525 canonicis

869 561 880 570 -
978 548 1020 585 η
1063 550 1093 586 n
1123 550 1232 586 um.

869 561 880 570 ·
954 548 1232 588 ιηυηιωη.

894 622 1071 691 (Anno
1094 624 1279 696 1050.)

603 712 770 787 [σαιι.
807 714 999 772 Christ.
1032 726 1163 773 tom.
1192 720 1283 776 Xll
1307 763 1322 783 .
1353 738 1406 792 p.
1443 723 1592 797 427.]

362 805 421 859 ln
458 803 654 861 timore
705 806 800 862 Dei
839 809 1027 863 aeterni
1070 820 1128 865 et
1183 810 1482 870 Salvaturis
1535 816 1703 873 nostri
1752 815 1878 873 Iesu

290 897 521 966 Christi,
575 897 686 953 Leo
708 939 724 965 ,
775 899 1107 958 humillimus
1132 918 1321 960 servus
1355 921 1634 962 servorum
1675 908 1799 973 Dei,
1826 916 1883 963 et

291 990 348 1046 ia
372 989 661 1059 apostolici
686 990 934 1048 culminis
965 1009 1092 1051 arce
1119 1011 1224 1051 non
1266 998 1472 1052 meritis
1496 1000 1729 1069 propriis
1747 1041 1763 1064 ,
1784 1000 1878 1055 sed

290 1081 517 1137 aetherei
560 1080 811 1151 clavigeri
862 1083 1201 1155 aliorumque
1246 1087 1614 1157 apostolorum
1676 1090 1876 1160 princi-

292 1170 560 1242 pisPetri,
576 1171 755 1226 divina
777 1173 1078 1243 epitulante
1098 1176 1290 1247 gratia,
1319 1178 1664 1235 sublimatus.
1695 1180 1879 1236 Domi-

264 1326 269 1329 _
294 1279 396 1317 nus
428 1271 617 1318 noster
658 1262 816 1321 Iesus
843 1265 1119 1333 Christus‘,
1160 1277 1220 1322 ut
1252 1283 1283 1323 a
1312 1269 1468 1338 primi
1497 1270 1735 1340 parentis
1760 1271 1876 1340 pia-

291 1356 398 1411 culi
433 1354 693 1412 cautione
717 1356 1010 1412 humanum
1033 1374 1202 1428 genus
1227 1358 1507 1426 liberaret,
1535 1361 1603 1416 de
1627 1362 1782 1418 cmlis
1809 1362 1877 1415 ad

295 1456 467 1501 terras
511 1446 794 1503 descendit
841 1458 896 1504 et
934 1450 1167 1520 proprio
1191 1465 1291 1506 suo
1323 1466 1518 1508 cruore
1543 1452 1877 1523 redemptum

292 1537 353 1591 Β.
401 1536 566 1593 Petro
605 1538 931 1608 pascendum
981 1540 1296 1595 commisit:
1327 1541 1469 1611 quod
1520 1542 1875 1599 ministerium

293 1628 658 1683 successionis
692 1628 872 1693 serie,
912 1628 980 1683 ad
1021 1644 1120 1685 nos
1160 1645 1331 1700 usque
1357 1631 1606 1701 quamvis
1629 1631 1875 1702 indignos

1300 246 1656 306 EPISTOM
1690 250 1779 305 ΕΤ
1817 252 2129 309 DECRETA
2166 254 2414 314 PONTIF
2418 259 2568 317 ICIA.

1904 375 1950 427 Α
1981 363 2233 432 pnelatus
2279 366 2474 438 aliquis
2515 370 2632 425 sine
2672 375 2942 429 cmnmuni
2987 389 3174 433 eorum
3202 378 3427 434 consdio
3467 348 3550 436 vel

3424 262 3545 326 ‘666

1981 454 2242 511 electione
2284 456 2562 523 mittatur,
2592 475 2768 531 neque
2805 479 2872 519 ex
2904 468 3281 523 communibus
3306 470 3552 526 ecclesia:

1983 543 2144 601 rebus
2165 554 2287 614 post
2308 561 2607 620 congruam
2622 565 2810 606 eorum
2832 554 3236 625 dispositionem
3258 561 3552 630 quidquam

1983 647 2278 705 tractetur,
2333 657 2432 698 nec
2479 642 2606 697 licet
2658 645 2920 714 prtelibati
2970 650 3221 706 violentia
3260 653 3326 707 in
3364 666 3552 708 eorum

1982 729 2278 800 diripienda
2309 733 2527 804 propria
2554 735 2638 790 vel
2681 740 2989 793 communia
3019 742 3155 796 bona
3188 754 3388 798 temere
3416 759 3553 815 prae-

1980 823 2241 876 sumendo
2267 824 2578 893 praevaleat,
2608 826 2703 880 sed
2733 829 2912 883 omnia
2937 830 3202 903 privilegii
3230 834 3555 891 auctoritate

1980 925 2164 967 eorum
2184 913 2415 971 decretis
2440 916 2775 976 ordinentur.

2049 1003 2117 1060 Et
2138 1004 2184 1060 si
2206 1002 2345 1061 forte
2365 1022 2550 1062 eorum
2575 1008 2765 1079 aliquis
2777 1020 3179 1081 pra-occupatus
3202 1012 3361 1068 fuerit
3382 1023 3555 1071 morte

1979 1093 2150 1150 frater
2171 1138 2187 1159 ,
2238 1096 2283 1151 si
2334 1097 2604 1153 defuerint
2630 1109 2880 1170 parentes
2900 1142 2915 1164 ,
2945 1102 3019 1157 ita
3045 1102 3160 1172 ejus
3202 1104 3341 1158 bona
3372 1104 3559 1160 Eccle—

1978 1187 2100 1255 site,
2148 1187 2365 1245 familia:
2389 1199 2443 1245 ct
2466 1194 2792 1263 pauperibus
2816 1195 3141 1250 distribuant
3198 1208 3257 1251 ut
3308 1199 3559 1255 noverint

1977 1293 2260 1352 oportere,
2292 1294 2348 1339 et
2375 1300 2443 1340 ne
2471 1286 2727 1356 praelatus
2754 1287 2951 1359 aliquis
2976 1297 3294 1361 potestatem
3320 1272 3555 1361 aliquam

1978 1375 2110 1432 inihi
2169 1380 2497 1445 exercendo,
2548 1396 2734 1435 vocem
2771 1381 2968 1436 ltetitia:
3003 1398 3191 1437 eorum
3240 1384 3553 1453 perturbet,

1978 1469 2077 1522 sub
2103 1469 2467 1525 anathematis
2517 1471 2730 1526 vinculo
2780 1473 3124 1544 colligamus;
3169 1484 3224 1530 et
3269 1476 3323 1530 in
3348 1475 3555 1546 episco-

1934 1606 1937 1609 Α
1977 1568 2105 1629 patu
2137 1556 2505 1617 Lausanuensi
2534 1564 2824 1634 quamdam
2853 1574 3093 1632 curtem,
3127 1566 3344 1622 nomine
3375 1568 3555 1622 Auro-

1978 1665 2141 1717 num,
2174 1650 2446 1720 quondam
2479 1651 2560 1707 eis
2594 1652 2859 1707 sublatam
2884 1653 3138 1709 violentia
3185 1655 3557 1726 prtelatorum,

293 1719 559 1788 pervenit.
592 1718 932 1791 QuaprOptcr
964 1730 1176 1790 oportet
1212 1738 1402 1778 onmes
1430 1723 1766 1777 Christianos
1806 1722 1870 1777 ad

2127 1704 2141 1717 .
2186 1704 2208 1720 ι
2402 1704 2441 1705 ρ
2898 1704 3138 1709 «mm-ﬁ
3186 1704 3556 1726 τ-ητν-ν---η

1980 1742 2315 1800 restituimus
2342 1759 2465 1800 cum
2486 1744 2730 1800 ccclesiis
2756 1755 2813 1801 et
2842 1745 3064 1815 reliquis
3091 1745 3424 1816 appendiciis
3442 1785 3461 1812 ,
3495 1754 3556 1800 ut

293 1819 540 1867 sanctam
580 1821 815 1868 matrem
861 1813 1157 1871 Ecclesiam
1199 1822 1255 1871 et
1300 1816 1649 1884 apostolicam
1690 1816 1875 1872 sedem

292 1917 656 1970 concurrere,
683 1918 750 1959 eo
774 1905 930 1959 modo
950 1913 1007 1958 ut
1038 1906 1285 1961 conditor
1304 1904 1552 1961 effectum
1578 1906 1878 1963 devotionis

291 2006 694 2063 (ottscquatur,
740 2005 797 2051 ct
845 1996 949 2066 pia:
990 1998 1414 2053 constructionis
1445 1997 1648 2053 oraculi
1684 1998 1739 2053 in
1764 1999 1877 2067 pri—

290 2085 505 2156 vilegiis
537 2085 831 2154 largiendis
854 2102 957 2141 non
986 2089 1282 2157 denegetur
1308 2088 1567 2142 auxilium
1593 2104 1608 2155 ;
1640 2089 1880 2144 cunctis-

291 2188 398 2244 que
460 2174 784 2231 universalis
812 2174 1067 2255 Ecclesia;
1097 2175 1225 2233 libis
1255 2186 1441 2232 notum
1476 2192 1595 2232 esse
1636 2177 1879 2232 volumus

292 2266 417 2334 quia
446 2306 463 2330 ,
514 2266 642 2321 dum
688 2266 745 2321 in
806 2266 945 2322 illius
989 2267 1230 2338 partibus
1269 2268 1417 2324 orbis
1468 2268 1877 2340 naufragantcm

224 2375 229 2379 ’
294 2355 602 2413 Ecclesium
652 2356 944 2413 relevando
982 2357 1185 2415 Gallias
1246 2361 1614 2428 tenderemus,
1662 2362 1728 2416 ad
1754 2378 1879 2418 eum

292 2445 503 2513 locum,
571 2447 658 2503 cui
707 2450 993 2518 Agaunum
1070 2465 1269 2505 nomen
1326 2462 1437 2515 est,
1492 2453 1878 2521 pervenimus,

290 2552 455 2607 quem
488 2538 712 2608 pretiosi
741 2549 1008 2611 martyres
1030 2538 1313 2596 Mauritius
1336 2550 1390 2595 et
1411 2540 1530 2611 ejus
1555 2541 1881 2597 commilito-

290 2640 391 2682 nes
415 2641 514 2682 suo
537 2627 799 2698 sanguine
827 2627 1198 2698 perfuderunt,
1229 2629 1318 2684 ubi
1348 2629 1526 2686 triduo
1556 2632 1879 2686 commorati

291 2732 607 2787 quanquam
642 2717 964 2787 patrociniis
998 2727 1242 2774 sanctum
1273 2719 1494 2774 divitem
1522 2718 1698 2774 locum
1753 2735 1881 2790 apo.

290 2809 499 2863 stulicis
523 2809 816 2881 privilegiis
846 2812 1194 2876 decoratum,
1233 2811 1379 2867 omni
1414 2823 1592 2868 tamen
1628 2814 1880 2870 thesauro

290 2909 345 2956 et
372 2898 760 2955 beneficiorum
807 2901 1140 2973 plenitudine
1184 2903 1530 2971 destitutum,
1581 2916 1740 2974 prout
1786 2920 1881 2974 po-

295 2993 530 3052 tuimus.
570 2994 1007 3062 consolavimus,
1061 3010 1249 3051 eorum
1292 2995 1525 3066 denique
1578 3005 1877 3069 martyrum

291 3082 434 3138 festa
465 3084 884 3139 celebravimus.
1649 3147 1652 3151 λ

366 3176 444 3232 lbi
463 3176 625 3235 etiam
649 3178 952 3232 astantibus
978 3175 1134 3233 nobis
1158 3177 1321 3233 Petro
1374 3175 1758 3233 archidiacono
1787 3193 1883 3232 no-

290 3277 432 3332 stro,
478 3275 533 3321 ct
559 3268 827 3338 episcopis
854 3268 1132 3330 Allinardo
1157 3268 1530 3340 Lugdunensi,
1562 3278 1618 3323 et
1656 3269 1882 3338 llugone

298 3360 636 3416 Vesontiensi
652 3361 1009 3418 etl-‘rederico
1032 3361 1358 3428 Genevcnsi,
1381 3372 1434 3418 et
1456 3362 1699 3436 Aymone
1713 3362 1885 3419 Sedu-

292 3453 450 3517 nensi
477 3491 494 3518 ,
526 3454 616 3522 qui
655 3469 800 3510 nunc
838 3454 1013 3511 eidem
1042 3464 1237 3526 praeest
1279 3455 1530 3511 Ecclesia:
1553 3496 1568 3520 ,
1595 3455 1766 3510 relata
1799 3465 1883 3510 est

206 3568 213 3573 ι
292 3545 494 3611 nobis,
558 3545 853 3614 prtemissis
923 3545 1183 3615 reliquis,
1245 3546 1490 3602 luctuosa
1541 3546 1881 3601 miseriarum

290 3635 515 3695 sarcina
545 3635 689 3690 illius
733 3634 834 3690 loci
880 3635 1153 3693 canonicis
1190 3635 1368 3703 illata,
1397 3635 1659 3708 privilegii
1693 3646 1874 3694 tamen

291 3726 623 3781 auctoritate
668 3733 795 3785 ante
826 3726 1136 3796 prohibita:
1170 3728 1312 3801 quod
1356 3743 1460 3781 non
1508 3728 1882 3783 liceretcauu-

289 3818 437 3873 nicis
477 3819 531 3871 in
574 3818 682 3872 fine
707 3817 833 3872 vita:
867 3818 1079 3891 propria
1122 3819 1261 3873 bona
1305 3819 1665 3887 distribuere,
1710 3834 1884 3889 neque

291 3912 605 3981 viventibus
635 3913 701 3970 de
726 3914 1111 3971 ecclesiasticis
1136 3916 1295 3970 rebus
1334 3924 1531 3986 prmter
1562 3915 1766 3983 praelati
1799 3915 1880 3968 sui

289 4003 630 4068 voluntatem
684 4004 976 4080 quidquam
1026 4006 1299 4069 ordinare.
1344 4006 1453 4060 Nos
1500 4014 1680 4063 autem
1725 4005 1884 4075 hujus

290 4095 600 4152 inauditum
652 4096 863 4153 facinus
914 4098 1185 4168 prtedictis
1230 4097 1498 4168 episcopis
1544 4107 1599 4152 et
1649 4098 1883 4153 maxime

288 4189 472 4245 cidem
530 4191 814 4260 episcopo,
846 4192 1076 4262 Aymoni
1104 4191 1354 4248 videlicet
1401 4176 1507 4246 illis
1544 4191 1794 4260 praelato,
1827 4202 1884 4244 ut

290 4280 615 4352 imperatori
661 4280 894 4337 llenrico
931 4282 1094 4350 nobis.
1117 4281 1258 4353 apud
1288 4280 1567 4336 Coloniam
1597 4279 1883 4335 obviaturo

290 4373 638 4443 intimarent,
685 4373 1045 4444 praecepimus
1095 4383 1361 4444 quatenus
1417 4370 1533 4440 ejus
1558 4370 1785 4425 consilio
1825 4380 1880 4424 et
1913 4380 1957 4439 ι)

287 4462 564 4541 ξιιναιιιίηθ
609 4464 923 4519 sedaremus
965 4465 1179 4524 ruinam
1208 4472 1370 4517 tautre
1399 4461 1667 4516 violentiae
1693 4502 1706 4524 ,
1748 4476 1880 4529 quo-

291 4572 414 4611 rum
460 4572 567 4611 non
600 4556 772 4612 solum
807 4565 931 4611 tunc
959 4597 973 4621 ,
998 4555 1092 4611 sed
1114 4554 1395 4611 multoties
1419 4554 1596 4607 audita
1620 4552 1884 4624 lacryma-

289 4649 389 4704 bili
420 4649 756 4720 querimonia
776 4690 791 4714 ,
824 4649 1113 4705 miseratus
1160 4646 1449 4717 praedictus
1488 4646 1760 4715 piissimus
1791 4643 1881 4698 ille

291 4740 592 4812 imperator
612 4739 876 4795 Henricus
907 4736 1199 4809 postulavit
1237 4752 1268 4790 a
1312 4734 1464 4789 nobis
1497 4743 1556 4788 ut
1582 4733 1720 4787 idem
1771 4749 1883 4786 mo-

292 4835 592 4896 nasterium
636 4830 1037 4901 Agaunensium
1065 4869 1081 4895 ,
1107 4827 1161 4882 in
1190 4839 1297 4909 quo
1323 4826 1436 4895 ipse
1465 4824 1635 4895 Aymo
1659 4823 1759 4877 sub
1786 4836 1880 4875 ca-

296 4926 613 4980 izonieorum
642 4922 825 4995 regula
848 4920 1022 4976 abbas
1047 4933 1169 4975 esse
1204 4916 1568 4996 dignoscitur,
1600 4914 1880 4985 privilegio

297 5034 415 5070 cum
433 5016 576 5072 sedis
587 5012 1087 5086 apostolictcinfulis
1097 5012 1497 5074 decoraremus,
1521 5008 1683 5063 etsub
1696 5013 1881 5061 sancta

298 5110 412 5175 cui,
438 5111 549 5167 Deo
575 5119 831 5174 auctore,
859 5105 1210 5187 pratsidemus
1232 5099 1494 5167 Ecclesia,
1532 5100 1882 5154 consumtum

301 5205 688 5286 praeteritorum
718 5215 904 5273 regum
929 5199 1169 5256 ordinem
1189 5235 1205 5261 ,
1243 5191 1612 5264 gloriosissimi
1635 5187 1883 5244 videlicet

302 5296 444 5322 ....:-
471 5294 804 5322 c:-2-........a:
855 5309 917 5322 ..η
966 5292 1188 5322 ..καυνηνι
1240 5300 1425 5322 νοσηηι
1457 5293 1572 5322 nncl
1608 5291 1802 5322 chltlln
1830 5295 1880 5322 ιιι

1979 1836 2044 1890 ad
2072 1852 2318 1893 mensam
2388 1836 2618 1891 fratrum
2672 1852 2889 1908 semper
2923 1838 3212 1893 deserviat.
3265 1836 3557 1907 Pr0pterea

1977 1925 2083 1996 piis
2110 1924 2337 1980 fratrum
2372 1926 2625 1996 precibus
2650 1942 2811 1981 aures
2846 1926 3319 1981 accommodantes
3342 1933 3397 1981 et
3422 1939 3543 1996 pne

1978 2016 2109 2071 dicti
2177 2018 2491 2073 monasterii
2556 2017 2965 2089 congregationi
3037 2017 3234 2073 divinis
3287 2018 3556 2073 mandatis

1979 2107 2266 2163 inhrerenti
2288 2107 2540 2177 sedisque
2565 2106 2872 2179 apostolica:
2901 2107 3139 2179 regulam
3169 2107 3405 2164 servanti
3426 2122 3553 2181 ,per

1981 2202 2138 2272 hujus
2180 2203 2558 2273 praiceptionis
2603 2215 2799 2257 nostne
2836 2201 3238 2266 auctoritatem,
3302 2200 3359 2256 id
3414 2198 3557 2271 quod

1979 2302 2312 2365 exposcunt,
2344 2293 2535 2350 effectu
2569 2294 2963 2365 mancipamus.

2047 2386 2174 2441 Ideo
2220 2384 2503 2454 cujuslibet
2547 2385 2792 2441 ecclesia:
2844 2388 3185 2443 sacerdotem
3238 2386 3293 2443 in
3328 2388 3557 2458 praefato

1981 2480 2310 2535 monasterio
2328 2479 2413 2533 vel
2437 2481 2489 2534 in
2516 2480 2789 2547 ecclesiis,
2818 2481 2869 2535 in
2892 2478 3008 2550 ejus
3030 2481 3272 2537 curtihus
3294 2482 3416 2537 sitis
3436 2481 3559 2537 nul-

1981 2569 2091 2625 lum
2121 2571 2456 2641 pontificium
2512 2572 2786 2642 prioratus
2822 2565 3185 2641 permittimus
3216 2571 3555 2638 habiturum,

1981 2663 2074 2717 sed
2105 2672 2162 2716 ut
2190 2662 2336 2716 illum
2386 2662 2479 2733 qui
2523 2662 2795 2717 civitatem
2842 2662 3112 2717 Sedunam
3140 2703 3156 2729 ,
3206 2677 3302 2733 pro
3340 2661 3559 2716 nomine

1981 2749 2301 2819 V'allesiam,
2352 2751 2633 2816 habuerit,
2683 2751 2978 2821 quamlibet
3023 2734 3280 2807 ditionem
3330 2766 3424 2805 seu
3458 2766 3556 2819 po-

1982 2852 2232 2899 testatem
2274 2843 2546 2899 vindicare
2590 2844 2641 2898 in
2694 2860 2756 2899 ea
2788 2854 2983 2912 prteter
3005 2845 3382 2898 auctoritatem
3412 2842 3558 2896 sedis

1980 2935 2289 3006 apostolicae
2311 2935 2681 3007 prohibemus,
2722 2936 2795 2990 ita
2830 2944 2887 2989 ut
2905 2976 2920 3002 ,
2954 2935 3058 2989 nisi
3084 2950 3112 2986 a
3133 2933 3355 3005 praelato
3378 2932 3555 2988 eccle-

1907 3044 1952 3105 C
1984 3030 2076 3083 sia:
2104 3028 2186 3082 vcl
2249 3043 2279 3081 a
2329 3027 2589 3082 fratribus
2632 3027 2917 3092 invitatus,
2965 3040 3065 3080 nec
3116 3024 3398 3079 missarum
3452 3021 3557 3077 ibi-

1984 3120 2103 3175 dem
2144 3118 2464 3176 celebrauda
2516 3118 2776 3192 mysteria
2818 3118 3086 3190 quispiam
3127 3121 3420 3188 praesumat
3467 3128 3559 3168 ac-

1983 3211 2215 3278 cedere,
2266 3210 2350 3264 vel
2415 3226 2570 3266 suam
2621 3210 3042 3264 dominationem
3109 3221 3407 3271 exercere,
3458 3220 3559 3259 nec

1982 3301 2088 3355 ulla
2165 3299 2515 3356 conciliabula
2593 3300 2966 3371 praetendere,
3041 3316 3140 3354 nec
3200 3298 3560 3367 eleemosyuis

1985 3393 2040 3449 S.
2077 3394 2336 3449 Mauricio
2370 3392 2578 3449 collatis
2606 3394 2950 3464 participare,
2978 3407 3154 3461 neque
3183 3390 3419 3446 decimas
3449 3389 3557 3444 illic

1985 3502 2016 3541 a
2051 3485 2109 3541 S.
2140 3485 2486 3557 Sigismundo
2535 3485 2618 3540 vel
2648 3485 2714 3540 ab
2751 3485 2870 3541 aliis
2899 3484 3121 3540 collatas
3143 3484 3407 3554 quispiam
3439 3490 3557 3535 ten-

1985 3587 2060 3633 tet
2087 3579 2321 3644 aufcrre,
2349 3594 2413 3633 eo
2443 3579 2585 3649 quod
2617 3579 2716 3633 sub
2744 3578 2969 3633 tuitione
2996 3577 3269 3647 apostolici
3293 3574 3556 3645 privilegii

1984 3668 2308 3733 consistunt,
2334 3677 2388 3722 ct
2416 3668 2733 3723 inconcusse
2777 3680 2973 3722 cuncta
3029 3664 3320 3722 secundum
3372 3662 3558 3717 condi-

1985 3757 2117 3810 toris
2140 3755 2256 3823 ejus
2293 3756 2560 3811 desideria
2611 3771 2928 3827 permanere
2973 3756 3182 3810 cunctis
3228 3752 3560 3821 temporibus

1983 3849 2361 3904 constituimus
2387 3847 2654 3919 perlmjus
2676 3847 2877 3902 decreti
2908 3846 3073 3900 nostri
3099 3844 3367 3914 paginam,
3397 3852 3559 3910 atque

1984 3939 2357 3994 interdicimus
2402 3939 2654 3993 otnnibus
2700 3936 2989 4007 cujuslibet
3022 3934 3303 4005 dighitatis
3354 3933 3559 3987 liouurc

1982 4029 2248 4099 prteditis,
2305 4030 2409 4084 sub
2454 4028 2815 4083 anathematis
2865 4025 3084 4081 vinculo
3140 4024 3561 4095 constringimus

1983 4119 2292 4188 quicunque
2325 4116 2485 4186 hujus
2515 4118 2710 4173 seriem
2755 4115 3131 4182 institutionis,
3185 4113 3269 4169 vel
3319 4115 3557 4184 ipsarqu

1984 4207 2371 4276 st-ripturarum
2399 4207 2705 4262 sanctiones
2731 4206 2795 4260 de
2817 4205 3053 4260 denariis
3082 4221 3145 4259 ac
3168 4203 3433 4260 libertatis
3458 4205 3559 4259 ho-

1984 4317 2137 4365 nore,
2172 4318 2290 4372 qua:
2341 4318 2369 4355 a
2406 4302 2619 4373 regibus
2672 4300 2752 4355 vel
2805 4301 2925 4354 aliis
2961 4299 3206 4355 fidelibus
3254 4299 3559 4355 constituta:

1984 4403 2129 4457 sunt,
2160 4402 2214 4447 et
2241 4394 2465 4464 praefato
2493 4393 2821 4448 monasterio
2858 4392 2957 4447 sub
2995 4390 3289 4463 privilegiis
3339 4389 3560 4445 indtltze

1983 4483 2223 4554 quolibet
2253 4485 2411 4537 modo
2439 4484 2519 4536 vel
2543 4492 2783 4559 tempore
2814 4481 3043 4537 voluerit
3079 4494 3444 4549 corrumpere.

2057 4574 2166 4629 Leo
2197 4574 2306 4629 Deo
2338 4584 2565 4628 auctore
2596 4573 2649 4627 in
2681 4573 2786 4627 hac
2824 4572 2964 4626 serie
2992 4569 3255 4641 privilegii
3299 4566 3369 4622 ob
3411 4581 3561 4621 amo—

1985 4680 2099 4719 rem
2134 4664 2226 4718 Dei
2271 4673 2323 4719 et
2356 4674 2668 4719 sanctorum
2727 4673 3023 4732 martyrum
3086 4661 3343 4715 honorem
3393 4672 3421 4710 a
3472 4672 3560 4709 me

1985 4758 2124 4811 facta
2158 4755 2405 4826 relegens
2451 4755 2766 4825 subscripsi,
2812 4769 2874 4808 ac
2904 4754 3182 4824 episcopos
3227 4750 3326 4804 hos
3373 4751 3563 4804 subtus

1985 4849 2247 4903 adnotare
2271 4845 2430 4916 jussi.

2056 4938 2271 5004 Petrus,
2343 4947 2616 5008 peccator,
2664 4939 2847 5006 jussus
2899 4950 2928 4987 a
2981 4922 3199 4992 do‘mino
3254 4944 3390 5001 papa
3440 4931 3570 4987 sub-

1987 5028 2203 5101 scripsi.

2056 5119 2350 5188 Gregorius
2400 5129 2675 5190 peccator,
2727 5118 2912 5189 jussus
2944 5111 3218 5174 adomin
3261 5126 3396 5182 papa
3443 5113 3573 5169 sub-

1986 5208 2203 5280 scripsi.

2129 5312 2212 5322 ...Α
2269 5312 2398 5322 ιαμ.--
2420 5308 2522 5322 .1-..
2574 5302 2748 5322 2------“
2773 5311 2798 5322 σι
2840 5295 3057 5322 JA-..2_.-
3088 5306 3220 5322 nunc.
3251 5291 3551 5322 ...Μαι-ε..ηὲ
