4062 5352
283 274 389 333 σθο

1270 273 1625 331 nrtsrom:
1661 275 1746 330 ET
1788 273 2103 332 oneum
2136 261 2541 331 PON‘I‘lFlctA.

3422 261 3527 332 sic

287 397 501 450 domum
554 389 749 445 audeat
778 388 1054 445 celebrare
1096 404 1221 445 cum
1250 391 1395 445 ornni
1449 390 1753 446 reverentia
1800 400 1855 445 et
1880 394 1930 452 Α
1958 388 2265 459 Arnulplio,
2295 388 2550 454 Henrico,
2572 386 2844 452 Conrado,
2877 395 2932 441 ct
2960 403 2991 441 a
3026 386 3284 445 fratribus
3327 386 3540 443 Ottoni-

288 484 583 551 religione;
634 480 891 545 sandaliis
917 495 1135 553 quoque
1168 489 1414 546 utantur,
1452 489 1508 537 et
1534 481 1714 547 mitra,
1754 491 1863 535 tam
1958 479 2087 543 bus.
2114 481 2227 536 sive
2252 495 2282 534 a
2312 478 2534 549 praefato
2561 477 2670 533 lilio
2710 486 2898 532 nostro
2926 478 3268 542 charissima,
3310 477 3542 531 Henrico

287 578 397 644 ipse
422 574 865 643 sacerdos,quant
886 572 1161 636 diaconus,
1186 588 1384 628 necnon
1412 573 1785 636 subdiaconus,
1809 573 1863 628 in

288 662 678 718 festivitatibus
708 661 919 716 Domini
960 670 1017 717 et
1052 660 1352 717 Salvatoris
1390 663 1587 726 nostri,
1612 670 1669 721 et
1694 662 1867 718 beata

289 753 383 810 Dei
430 752 763 817 Geuitricis,
813 759 868 807 et
912 752 1087 806 sancti
1117 751 1397 807 Michaelis
1424 752 1760 822 archangeli,
1810 759 1868 808 et

288 844 552 900 natalitiis
582 842 948 914 apostolorum
975 852 1032 898 et
1061 851 1371 899 sanctorum
1399 853 1701 915 martyrum
1745 842 1867 899 Ste-

287 935 478 1009 phani,
512 932 805 997 Vincentii,
833 931 1046 1002 Agapiti
1078 932 1255 1005 (cujus
1292 943 1448 1004 caput
1482 934 1869 992 "condidimus

287 1041 409 1083 cum
455 1025 670 1079 brachio
713 1025 881 1079 sancti
907 1023 1161 1093 Stephani
1201 1027 1258 1080 in
1309 1025 1487 1081 eodem
1541 1026 1762 1094 altari),
1815 1034 1871 1082 et

287 1114 575 1169 beatorum
630 1111 869 1168 Ferreoli
914 1122 970 1169 et
1022 1112 1305 1179 Ferrucii,
1357 1124 1414 1170 et
1460 1116 1515 1170 in
1579 1114 1871 1173 festivitate

287 1203 534 1258 omnium
580 1211 894 1258 sanctorum
942 1210 999 1257 et
1047 1204 1392 1261 dedicatione
1429 1204 1671 1276 ejusdem
1726 1206 1868 1273 loci;

287 1293 432 1349 sicut
458 1301 515 1348 et
551 1293 879 1364 denegamus
904 1294 1160 1349 omnibus
1183 1294 1453 1364 episcopis
1486 1304 1541 1352 et
1564 1295 1871 1362 abbatibus,

287 1382 394 1440 nisi
447 1380 591 1439 forte
649 1381 862 1438 invitati
927 1382 1165 1449 fuerint;
1232 1386 1872 1465 stattientes‘apostol'ca

285 1489 520 1535 censura
566 1485 626 1531 ut
661 1476 838 1532 nullus
866 1476 1222 1536 ecclesiastiti
1253 1478 1461 1535 ordinis
1495 1479 1683 1535 horum
1719 1480 1876 1550 quid-

288 1581 473 1638 quam,
496 1566 797 1643 infringere
826 1568 1046 1623 audeat.
1093 1568 1495 1624 Conlirmamus
1520 1585 1649 1625 vero
1689 1580 1876 1626 nostro

289 1657 594 1729 apostolico
634 1658 893 1713 tutamine
920 1668 978 1713 ut
1031 1658 1210 1713 nullus
1242 1658 1571 1727 imperator,
1621 1674 1716 1715 seu
1756 1675 1874 1726 rex,

290 1748 424 1808 dux,
463 1763 668 1814 comes,
701 1749 1042 1813 vice-comes,
1075 1750 1536 1820 archiepiscopus,
1567 1753 1875 1822 episcopus,
1909 1726 1950 1785 Β

288 1839 377 1893 vel
408 1839 588 1907 aliqua
609 1837 893 1907 cujuslibet
914 1840 1121 1895 ordinis
1149 1848 1405 1909 potestas,
1420 1848 1610 1896 contra
1639 1841 1742 1896 hoc
1757 1857 1879 1897 scu-

274 1925 412 1983 tum
455 1929 767 1998 apostolicae
795 1929 1123 1984 defensionis
1164 1930 1241 1984 ire
1285 1931 1503 1995 audeat,
1530 1930 1615 1985 vel
1665 1930 1733 1993 de
1781 1933 1878 1988 bo-

290 2019 381 2072 nis
416 2018 660 2073 ecclesia
695 2034 815 2089 quae
858 2019 925 2073 ad
956 2018 1299 2088 praebendam
1344 2020 1573 2075 fratrum
1604 2022 1879 2093 pertinent

291 2111 592 2181 quidquam
617 2111 956 2175 imminuere,
987 2111 1070 2165 vel
1092 2112 1145 2165 in
1185 2111 1507 2168 beneficium
1541 2112 1700 2167 alicui
1726 2114 1875 2168 dare.

293 2202 356 2256 Si
403 2203 532 2271 quid
580 2216 712 2256 vero
759 2201 955 2255 horum
1002 2216 1122 2271 qum
1179 2202 1483 2272 possederit
1526 2217 1557 2256 a
1606 2218 1878 2272 quoquam

292 2292 503 2346 dictum
548 2290 711 2346 fuerit
766 2291 1061 2362 litigiosum
1089 2332 1105 2356 ,
1175 2291 1304 2346 nulli
1352 2293 1501 2362 prius
1546 2293 1880 2362 prehendere

282 2382 480 2445 liceat,
507 2396 670 2452 quam
698 2382 897 2452 negotii
943 2382 1111 2451 ipsius
1147 2382 1527 2437 determinatio
1551 2382 1883 2454 iudicialiter

292 2472 369 2527 sit
417 2469 584 2526 facta.
634 2471 851 2543 Siquis
903 2480 1084 2527 autem
1134 2482 1322 2526 contra
1376 2473 1479 2527 hoc
1526 2472 1880 2542 apostolicum

293 2565 578 2619 munimen
624 2579 759 2618 ausu
803 2563 1096 2619 temerario
1133 2563 1323 2618 venire
1362 2564 1683 2630 tentaverit,
1712 2563 1881 2619 nostri

294 2655 669 2723 anathematis
717 2654 901 2725 gladio
948 2654 1212 2721 feriatur,
1257 2655 1362 2710 nisi
1414 2656 1719 2724 resipuerit.
1779 2654 1883 2722 Qui

292 2758 482 2803 autem
504 2747 825 2803 custodierit
852 2748 954 2802 hoc
980 2746 1316 2813 mandatum,
1335 2755 1533 2802 nostra:
1552 2746 1885 2803 benedictio-

294 2839 387 2894 nis
414 2838 687 2894 cumulum
713 2850 1009 2895 mereatur.

376 2929 567 2984 Datum
600 2930 757 2985 tertio
812 2930 935 2986 ldus
976 2930 1217 2987 Januarii
1271 2947 1368 3003 per
1412 2945 1604 2985 manus
1636 2928 1883 2985 Widonis

295 3019 572 3077 Tallensis
615 3021 907 3090 primicerii
933 3061 950 3085 ,
978 3031 1181 3077 sancta:
1222 3021 1532 3091 apostolica:
1569 3020 1716 3076 sedis
1755 3036 1884 3074 can-

296 3108 533 3171 cellarii.
574 3111 734 3165 Anno
787 3111 990 3166 domini
1045 3110 1242 3170 Leonis
1274 3111 1347 3173 ιχ
1402 3126 1555 3183 papa:
1622 3110 1879 3177 secundo,

297 3201 497 3263 iudict.
533 3203 694 3258 tertia
726 3201 935 3283 r1049].
1332 3196 1335 3197 ⁷

296 3398 365 3467 8.
390 3402 499 3476 [fee
521 3403 606 3458 IX
624 3416 818 3476 rogatu
850 3404 1084 3461 Heinrici
1117 3406 1446 3476 imperatoris
1488 3406 1793 3460 monasterii
1815 3405 1880 3461 S.

375 3472 938 3617 faxintiTrecirensis
970 3472 1322 3548 possessiones
1360 3485 1406 3529 et
1445 3476 1716 3548 privilegia
1759 3492 1884 3535 cott-

418 3556 575 3608 rmut.

903 3640 1084 3710 (Anno
1108 3640 1264 3695 1051.

303 3746 465 3821 [Dom
486 3748 713 3815 Calmet,
746 3748 887 3805 Hist.
912 3752 977 3806 de
997 3751 1274 3817 Lorrm’ue,
1300 3753 1342 3821 l,
1376 3750 1621 3819 Preuves,
1645 3770 1700 3826 p.
1730 3750 1883 3826 ὁδὶ]

379 3839 491 3894 Leo
523 3840 826 3910 episcOpus,
857 3855 1048 3897 servus
1077 3858 1357 3898 servorum
1396 3826 1509 3906 Dei,
1551 3844 1802 3899 ecclesiis
1827 3844 1880 3898 in

301 3929 569 3994 honorem
596 3931 769 3986 sancti
790 3929 1014 3988 Joannis
1042 3933 1382 4003 evangelista:
1412 3935 1694 4003 sanctique
1717 3934 1886 3997 Maxi-

301 4021 439 4076 mini
472 4020 804 4083 confessoris
830 4022 882 4077 in
907 4024 1167 4081 subnrbio
1196 4024 1544 4079 'l‘revirorum
1577 4025 1885 4095 specialiter

302 4112 587 4176 dedicatae,
634 4120 688 4166 et
734 4106 995 4182 praeterea
1025 4113 1363 4171 Theoderico
1410 4113 1614 4178 abbati,
1659 4114 1884 4183 suisque

304 4198 735 4269 succeasoribus,
769 4203 1047 4259 monachis
1076 4204 1234 4257 ctiam
1266 4204 1396 4257 inibi
1432 4203 1539 4256 Deo
1570 4201 1882 4259 famulanti-

302 4294 431 4357 bus,
459 4293 684 4350 salutem
716 4303 771 4350 et
792 4295 1141 4365 apostolicam
1172 4295 1624 4355 benedictionem,

1966 571 2174 627 scilicet
2204 570 2531 641 imperatore
2549 567 2969 639 Augustissimo,
2997 581 3254 622 concessa
3279 566 3359 621 vel
3389 566 3545 620 attri-

1966 666 2092 720 buta
2122 671 2269 729 sunt,
2298 661 2496 718 nullius
2515 674 2759 732 persona:
2781 668 2988 729 utagna:
3018 657 3099 713 vel
3129 672 3308 727 parva:
3338 655 3547 710 violen-

1969 756 2099 811 tiam
2155 754 2466 824 patiantur,
2519 751 2615 807 sed
2662 749 2864 805 victum
2909 749 3034 803 inde
3082 759 3248 819 atque
3304 746 3544 803 habitum

1966 852 2393 915 consequantur:
2416 842 2515 899 hoc
2535 849 2640 906 est,
2666 839 2862 910 Apula,
2892 838 3365 902 Sclivrabenlteim,
3385 835 3548 891 Brin-

1969 933 2217 997 cisheitn,
2246 930 2644 994 Evernisbeim,
2676 926 3101 985 Heiutineslieim
3120 966 3136 988 .
3166 923 3543 987 Veliinoheim,

1971 1021 2426 1094 Sclieringesfell,
2472 1019 2836 1083 Budoubeim,
2885 1014 3163 1080 Alsoutia,
3214 1012 3545 1080 Basiubacb,

1973 1117 2241 1182 Siemera,
2271 1112 2594 1181 “amendal,
2620 1111 2900 1174 Narheim,
2934 1102 3338 1165 Lucsderovorf
3352 1121 3367 1159 :
3396 1112 3455 1159 et
3479 1104 3550 1159 de

1971 1211 2057 1266 his
2080 1208 2355 1271 ecclesiis,"
2382 1203 2817 1268 Gozolvesbelm,
2857 1197 3125 1263 Albucha,
3154 1194 3550 1259 Weldenotein,

1973 1300 2277 1363 Wanheim,
2292 1298 2592 1359 Flanlteim,
2608 1294 2812 1352 Nusuni
2831 1310 2844 1351 :
2867 1302 2924 1347 et
2941 1294 3008 1348 de
3026 1289 3151 1344 villa
3168 1287 3555 1345 Gundcrshau-

1974 1408 2069 1450 seu
2095 1391 2323 1461 aliisque
2350 1392 2417 1444 ad
2446 1404 2566 1445 eam
2598 1385 3012 1458 pertinentibus,
3047 1384 3099 1438 id
3126 1390 3212 1437 est
3242 1377 3552 1443 Buesbach,

1975 1484 2357 1544 lloltzltausen.
2387 1479 2685 1543 Dalfendal,
2721 1477 3187 1547 Sueppenliausun
3220 1491 3234 1529 :
3272 1482 3328 1528 et
3356 1487 3425 1527 ex
3469 1471 3555 1525 bis

1976 1576 2111 1632 locis
2164 1574 2496 1638 Rivenacha,
2543 1570 2802 1631 Lcovum.
2832 1569 3068 1633 Gracho,
3111 1565 3325 1621 decima
3361 1561 3552 1626 vallis,

1976 1680 2099 1721 cum
2148 1664 2262 1719 suis
2308 1661 2671 1734 pertinentiis.
2730 1658 3101 1730 llayrchidilh,
3156 1654 3403 1718 Billiche,
3448 1652 3555 1709 Ke-

1979 1755 2195 1819 riskee,
2257 1754 2572 1816 Daleheim,
2616 1750 2824 1814 Bislec,
2888 1748 3077 1811 Wilre,
3134 1745 3555 1813 Druhdildiuga,

1980 1841 2244 1908 Mambra,
2294 1841 2489 1906 Murm,
2525 1839 2724 1907 lringa,
2748 1838 2977 1893 ecclesia
3012 1838 3063 1890 in
3098 1832 3386 1897 Steinsela,
3422 1833 3550 1886 Die-

1979 1931 2601 1998 denhovnm,Wimarcs,
2614 1928 2831 1991 Kirelia,
2846 1926 3263 1997 Berge,Crusta,
3276 1922 3555 1985 Luterene,

1980 2027 2168 2089 Darre,
2202 2023 2439 2088 Tavena,
2471 2022 2749 2080 Liudiche.
2779 2019 3044 2082 Mersclie,
3077 2016 3328 2083 Bisanga,
3354 2023 3409 2070 et
3438 2029 3558 2083 qua:

1982 2115 2122 2171 infra
2144 2124 2198 2171 et
2223 2122 2376 2169 extra
2406 2113 2679 2168 civitatem
2696 2108 2853 2164 Metls
2882 2108 2934 2161 in
2959 2105 3210 2161 domibus
3238 2112 3331 2158 aut
3358 2101 3555 2169 vineis,

1981 2207 2143 2278 agris,
2178 2213 2272 2260 aut
2298 2204 2496 2260 arcolis
2525 2203 2746 2267 habent,
2777 2213 2964 2271 quaeve
2987 2199 3039 2253 in
3081 2212 3215 2268 pago
3245 2195 3553 2266 Bengouve,

1981 2301 2068 2356 his
2080 2300 2132 2353 in
2145 2298 2278 2354 locis
2292 2292 2695 2355 Ratheresdorf,
2716 2291 2918 2353 Bustal,
2936 2289 3337 2360 Francbingun,
3352 2286 3559 2350 Etieuo,

1983 2391 2067 2446 vel
2117 2389 2419 2446 Meisbraclt
2471 2386 2770 2457 possident,
2817 2395 2911 2439 aut
2961 2397 3081 2452 quae
3125 2381 3281 2454 juxta
3328 2378 3558 2435 Massam

1982 2480 2201 2536 ﬂuvium
2239 2480 2294 2535 in
2340 2478 2721 2548 Carmiringun
2756 2485 2810 2530 et
2854 2474 3116 2529 Fractura
3144 2513 3159 2537 ,
3195 2479 3287 2526 aut
3317 2470 3371 2525 iu
3424 2485 3564 2541 pago

1983 2573 2191 2641 Eiﬂela,
2238 2573 2322 2628 his
2352 2572 2485 2626 locis
2514 2569 2853 2634 Vahisheim,
2884 2566 2969 2621 vel
3018 2563 3292 2629 Lieznich,
3323 2562 3389 2619 ad
3415 2563 3559 2647 idem

1982 2664 2370 2722 monasterium
2396 2662 2699 2734 pertinent;
2729 2669 2936 2715 cortem
2961 2656 3124 2712 etiam
3146 2655 3436 2727 quamdam
3460 2669 3557 2708 vo-

1983 2755 2176 2812 cabulo
2203 2753 2455 2810 Prichina
2483 2753 2535 2807 in
2576 2766 2713 2823 pago
2756 2749 3013 2805 Einriclte
3045 2748 3230 2810 sitam,
3263 2759 3426 2815 quam
3452 2744 3564 2798 sic-

1986 2858 2049 2904 ut
2119 2847 2325 2903 eisdem
2378 2844 2641 2900 fratribus
2686 2842 2943 2915 prmfatus
2988 2840 3373 2896 dilectissimus
3416 2836 3563 2893 filius

1984 2947 2188 3002 noster,
2221 2936 2486 2992 Henricus
2513 2933 2764 2990 videlicet
2793 2934 3084 3002 imperator
3118 2931 3406 3000 Angustus,
3439 2937 3566 2985 ante

1986 3030 2190 3100 aliquot
2216 3044 2387 3084 annos
2417 3026 2658 3094 abstulit,
2686 3026 2759 3081 ita
2791 3025 2842 3079 in
2870 3032 3071 3078 nostris
3112 3019 3418 3090 apostolica:
3467 3034 3565 3072 au.

1985 3121 2261 3179 ctoritatis
2309 3119 2613 3190 patrocinio
2665 3117 3025 3174 commonitus
3073 3112 3323 3170 reddidit.
3381 3112 3447 3166 Et
3498 3127 3566 3169 ne

1986 3213 2109 3286 quis
2138 3228 2202 3269 ea
2229 3210 2456 3269 ulterius
2483 3226 2515 3266 a
2551 3209 2838 3283 praebenda
2875 3206 3104 3271 fratrum
3154 3205 3404 3273 cuiquam
3431 3218 3567 3272 prte-

1983 3308 2177 3363 stando
2206 3305 2574 3366 subtraheret,
2617 3316 2716 3356 suo
2756 3308 3025 3370 prmeepto
3075 3295 3330 3358 firmavit,
3360 3308 3566 3362 nosque

1985 3407 2048 3453 ut
2098 3397 2240 3454 idem
2300 3395 2607 3452 faceremus
2660 3391 3008 3448 devotissime
3056 3385 3385 3459 postulavit,
3439 3399 3570 3455 qua-

1986 3500 2142 3546 tenus
2177 3488 2340 3544 iidem
2384 3487 2580 3542 fratres
2606 3484 2674 3540 de
2717 3482 2970 3553 prtedicta
3025 3479 3174 3544 villa,
3204 3477 3435 3545 aliisque
3492 3475 3563 3545 ad

1983 3597 2103 3638 eam
2133 3579 2525 3651 pertinentibus
2555 3575 2800 3645 sagimen
2851 3570 3121 3626 interdum
3176 3567 3452 3632 habeant;
3510 3574 3568 3619 et

1984 3673 2277 3730 secundum
2321 3676 2643 3739 przcceptnm
2681 3675 2885 3721 sanctze
2935 3661 3131 3730 regula:
3176 3658 3413 3730 hospites
3441 3673 3564 3713 sus-

1984 3764 2209 3835 cipiant,
2264 3771 2322 3816 et
2360 3761 2696 3815 infirmorum
2750 3756 3115 3823 debiliumqne
3166 3766 3353 3807 curam
3403 3766 3568 3818 agen-

1985 3866 2088 3921 tes,
2113 3853 2523 3924 peregrinorum
2554 3865 2617 3904 ac
2641 3861 2937 3919 pauperum
2966 3844 3154 3899 usibus
3183 3840 3417 3896 lldeliter
3440 3839 3565 3893 inde

1986 3945 2329 4009 deserviant;
2385 3938 2663 3996 femoralia
2688 3936 2853 3992 etiam
2898 3949 2962 3990 ac
3014 3931 3279 3987 mantelas
3316 3938 3374 3985 et
3418 3943 3571 3983 men-

1987 4038 2119 4093 salia
2156 4036 2222 4090 ad
2249 4049 2378 4089 usus
2403 4030 2741 4087 necessarios
2778 4027 2903 4081 inde
2947 4023 3264 4097 percipiant.
3314 4021 3480 4093 Igitur
3506 4029 3565 4073 ut

1986 4125 2147 4179 iidem
2178 4123 2372 4180 fratres
2399 4120 2673 4191 prmlibata
2706 4118 2824 4173 loca
2847 4128 2968 4171 cum
3003 4114 3255 4169 omnibus
3290 4111 3569 4181 pertinens

1987 4217 2077 4271 tiis
2098 4216 2230 4279 suis,
2259 4225 2315 4268 et
2337 4227 2528 4267 omnes
2556 4213 2721 4266 totius
2746 4210 2978 4265 abbatis)
3002 4205 3283 4272 ecclesias,
3318 4218 3440 4271 eum
3470 4202 3575 4269 de:

1986 4307 2161 4371 cimis,
2196 4306 2346 4369 dote,
2373 4303 2761 4372 dotalibusque
2787 4301 2856 4355 ad
2882 4300 3025 4370 ipsas
3051 4294 3478 4368 pertinentibus;
3514 4302 3572 4347 ct

379 4385 536 4446 Sacri
570 4386 900 4461 apostolatus
936 4387 1070 4441 ordo
1104 4395 1158 4441 et
1202 4396 1405 4442 sancta:
1456 4386 1709 4439 Romana:
1740 4384 1880 4439 sedis

1987 4406 2210 4452 cunctas
2237 4395 2433 4450 salicas
2453 4392 2860 4455 decimationes,
2878 4406 3012 4460 quas
3034 4389 3086 4442 in
3114 4401 3242 4443 usus
3266 4384 3565 4455 hospitum,

305 4478 393 4547 pia
427 4478 638 4532 devotio
670 4477 724 4531 id
769 4492 982 4547 semper
1023 4478 1189 4549 exigit
1216 4494 1244 4531 a
1279 4478 1456 4543 nobis,
1494 4486 1552 4530 ut
1600 4477 1883 4547 vigilanter

308 4565 675 4627 Ecclesiarum
709 4566 1123 4622 sollicitudinem
1164 4582 1371 4637 gerere,
1420 4578 1475 4624 et
1516 4567 1774 4624 utilitates
1806 4568 1881 4622 fa-

307 4656 576 4715 mulorum
604 4655 700 4711 Dei
733 4655 892 4726 digne
915 4655 1197 4726 providere
1225 4657 1581 4712 debeamusiu
1605 4657 1878 4717 omnibus.

307 4746 511 4801 Idcirco
536 4755 764 4817 propter
803 4763 1047 4807 amorem
1077 4748 1309 4812 Domini,
1334 4757 1391 4802 ct
1439 4749 1508 4802 ob
1559 4749 1879 4823 petitionem

308 4837 642 4901 dilectissimi
673 4838 768 4892 lilii
793 4838 989 4905 nostri,
1023 4838 1239 4895 llonrici
1266 4839 1511 4895 videlicet
1538 4840 1886 4911 imperatoris

309 4931 561 5005 Augusti,
589 4928 855 4985 ecclesias
884 4938 941 4984 et
968 4928 1124 4989 villas
1165 4928 1232 4982 ad
1291 4930 1541 4987 victualia
1591 4932 1886 4986 inonaclto-

313 5035 429 5073 rum
452 5021 504 5075 in
530 5019 758 5090 prtefato
786 5018 1033 5074 cceuobio
1073 5017 1185 5074 Deo
1212 5016 1586 5072 famulantium
1634 5005 1888 5089 speciali.

316 5118 398 5164 ter
425 5110 779 5179 pe;tinentes,
805 5119 999 5164 nostra:
1027 5106 1335 5179 apostolica:
1360 5109 1697 5163 auctoritatis
1720 5110 1887 5178 privi.

315 5198 450 5266 legio
483 5200 550 5254 ad
597 5215 726 5255 usus
766 5196 1011 5265 illorum,
1061 5197 1519 5268 prmdecessormn
1576 5210 1888 5256 nostrorum

318 5304 467 5324 mn“
530 5292 854 5324 nnssnrannrn
884 5292 1220 5324 n'nnnn‘vimnc
1299 5288 1551 5324 Vn'nsnno
1603 5293 1786 5324 :lnnnn
1839 5305 1886 5324 Α.

1982 4489 2384 4561 peregrinorum
2411 4502 2476 4541 ac
2507 4500 2804 4556 pauperum
2850 4481 3227 4547 concedimus,
3256 4481 3357 4533 sub
3384 4490 3581 4531 eorum.

1983 4595 2110 4638 Cura
2135 4586 2446 4642 teneant,et
2467 4576 2621 4643 juxta
2643 4590 2798 4629 suum
2823 4572 3106 4627 arbitrium
3131 4582 3345 4630 secure,
3369 4565 3573 4636 quiete,

1983 4681 2039 4726 et
2070 4669 2291 4738 pacilice
2319 4668 2635 4737 possideant
2663 4682 2676 4718 :
2713 4664 2893 4718 divina
2922 4659 3306 4723 obtestatione,
3362 4666 3415 4710 et
3470 4654 3575 4708 liae

1986 4773 2168 4819 nostra
2217 4760 2515 4829 apostolica
2544 4755 2963 4813 confirmatione
2992 4751 3174 4808 taliter
3205 4748 3310 4802 illis
3346 4746 3574 4800 robora-

1988 4867 2132 4912 mus,
2155 4859 2217 4904 ut
2241 4848 2418 4903 nullus
2447 4849 2764 4917 imperator,
2792 4842 2971 4898 nullus
3003 4854 3115 4901 rex,
3157 4837 3334 4890 nullus
3384 4836 3587 4905 abbas,

1988 4941 2167 4995 nullus
2194 4940 2324 5001 dux,
2342 4938 2519 4992 nullus
2541 4950 2722 4991 comes
2745 4941 2837 4986 aut
2864 4933 3191 4989 vicecomes.
3216 4925 3377 4985 nulla:
3403 4926 3592 5001 eccleg

1989 5030 2224 5087 siasticce
2274 5027 2556 5095 dignitatis
2591 5024 2677 5078 vel
2711 5024 2997 5081 mundatue
3028 5016 3359 5076 conditionis
3385 5032 3585 5091 magna

1989 5131 2268 5192 parvaque
2297 5130 2549 5184 persona,
2574 5113 2730 5168 alicui
2755 5112 2926 5169 libero
2955 5107 3185 5173 homini,
3209 5108 3323 5162 sive
3352 5108 3584 5169 alterius

1989 5207 2235 5268 ecclesiae
2269 5204 2350 5260 vel
2375 5207 2582 5262 Domini
2610 5203 2827 5268 formdo,
2853 5207 2939 5261 vel
2976 5200 3354 5263 ministrormn
3374 5201 3605 5273 aliquid

1992 5300 2115 5324 :—.'A
2140 5305 2403 5324 nummi-ann
2448 5297 2527 5324 ..ΑΙ
2552 5311 2578 5324 Α
2606 5293 2888 5324 σι’-αιιιηηιισι
2924 5296 3150 5324 Ρ-αερηηὶ
3178 5301 3397 5324 ηιὶηηηΛ
3425 5294 3584 5324 ωΛσΙιι
