4062 5352
534 205 630 264 ϐτί

1564 214 1569 219 ’
1621 208 1678 265 S.
1719 208 1966 266 LEON'IS
2001 207 2072 264 lx
2109 206 2313 262 PAPIE
2352 203 2736 263 OPUSCULA.

3670 178 3798 260 ’στι

539 324 757 383 tuaiitor
780 333 1156 396 permaneant.
1186 324 1243 379 Si
1273 325 1398 397 quis
1425 333 1608 379 autem
1633 326 1797 397 (quod
1821 324 1984 395 absit)
2014 338 2108 377 ne-
2138 326 2191 385 Α
2217 319 2268 373 in
2302 318 2400 374 hoc
2431 319 2707 388 ignorans,
2731 326 2787 373 et
2816 317 2883 373 de
2909 328 3017 387 quo
3061 316 3264 372 dictum
3310 326 3391 374 est
3443 317 3795 386 assimiletur,

538 418 676 474 fat-io
715 433 851 474 ausu
897 417 1306 489 praesumpserit
1334 417 1469 483 haec,
1501 433 1623 488 qua:
1652 417 1739 472 vel
1762 433 1791 471 a
1821 417 1980 473 nobis
2023 423 2118 471 aut

537 510 657 564 aliis
682 509 1173 581 prredecessoribus
1195 509 1397 566 nostris
1422 511 1481 564 S.
1514 509 1583 565 [ἰ.
1636 510 1890 568 Ecclesiae
1939 510 2118 581 ponti-

478 586 486 595 ’
538 600 729 657 fieibus
755 601 1115 657 sanctissimis
1136 601 1204 657 ad
1232 599 1444 657 laudem
1475 601 1861 672 omnipotentis
1887 602 1981 657 Dei
2019 616 2118 671 pro

536 690 959 759 stabilitatejam
978 691 1107 746 dicti
1131 691 1454 747 venerabilis
1478 691 1713 747 coenobii
1737 699 1940 747 statuta
1966 698 2112 757 sunt,

520 779 829 852 infringere
856 791 948 836 aut
985 782 1037 836 in
1079 796 1349 853 quoquam
1376 782 1578 837 violare
1609 783 1896 849 studuerit,
1926 797 1994 838 ex
2024 800 2111 839 au-

534 869 791 925 ctoritate
841 870 1228 940 omnipotentis
1280 871 1375 926 Dei
1427 887 1524 943 per
1562 872 1930 928 interventum
1968 873 2114 929 beati

497 1021 500 1024 ,
536 956 684 1013 Petri
715 958 1083 1028 apostolorum
1126 960 1408 1030 principis,
1450 960 1603 1029 cujus
1648 962 1768 1017 vice
1817 962 2116 1034 fungimur,

536 1059 592 1103 et
620 1059 821 1104 nostra:
846 1049 1165 1104 humilitatis
1202 1050 1511 1121 apostolica:
1539 1052 1944 1118 constitutione,
1988 1069 2118 1108 ana-

539 1142 793 1196 thematis
820 1141 1035 1196 vinculo
1065 1142 1511 1199 inextricabiliter
1537 1144 1880 1201 innodamus.

610 1232 741 1287 Data
777 1249 884 1287 xvn
915 1233 1140 1289 Kalend.
1187 1234 1468 1290 Februarii
1524 1253 1623 1307 per
1670 1252 1864 1293 manus
1910 1238 2119 1295 Udonls

488 1351 492 1353 Α
536 1334 739 1381 sanctze
765 1326 1073 1396 apostolica:
1101 1328 1245 1383 sedis
1268 1328 1574 1384 cancellarii
1606 1338 1657 1383 et
1700 1330 2116 1401 bibliothecarii,

538 1415 807 1473 Tullensis
838 1419 1156 1488 primicerii,
1182 1436 1327 1476 anno
1376 1421 1588 1477 Domini
1620 1422 1817 1477 Lsoms
1864 1421 1933 1478 IX
1968 1439 2120 1497 papa:

536 1524 596 1574 tt,
631 1508 924 1565 indictione
952 1525 1026 1578 tv,
1057 1511 1450 1568 incarnationis
1480 1512 1691 1568 Domini
1720 1514 1878 1570 1051.

1273 1624 1385 1682 LV.

535 1714 598 1776 δ.
623 1715 729 1775 Leo
757 1716 845 1774 1X
884 1719 1119 1791 majoris
1149 1718 1380 1775 ecclesire
1437 1718 1689 1775 Lucensis
1742 1722 2118 1781 canonicorum

1104 1790 1236 1845 bona
1268 1791 1564 1859 conﬁrmat.

1146 1882 1521 1955 (Αιιηοίοδι.)

879 1974 1138 2048 [Ughelli,
1160 1974 1321 2029 Italia
1347 1992 1519 2042 sacra,
1542 1976 1585 2042 ι’
1611 1976 1764 2049 805.]

612 2065 726 2124 Leo
773 2068 1082 2138 episcopus,
1134 2082 1324 2123 servus
1383 2084 1665 2123 servorum
1698 2069 1813 2132 [Μ.
1840 2071 2120 2125 canonicis

538 2157 857 2229 principalis
906 2171 972 2212 ac
1027 2155 1249 2225 majoris
1291 2156 1537 2213 ecclesize
1571 2158 1624 2213 in
1669 2159 1889 2214 civitate
1954 2158 2118 2227 Luca,

544 2251 656 2308 Deo
712 2268 776 2309 ac
829 2251 889 2310 S.
941 2252 1175 2309 Martino
1221 2250 1548 2318 confessori,
1597 2253 1899 2322 regularem
1953 2254 2119 2309 vitam

539 2343 671 2400 inibi
700 2332 966 2411 ducendo,
995 2353 1051 2399 et
1078 2343 1384 2399 castitatem
1435 2345 1702 2400 servando
1741 2343 2117 2412 famulaturis,

537 2442 857 2509 perpetuam
890 2436 945 2490 in
973 2435 1202 2492 Domino
1233 2436 1485 2491 salutem.

607 2525 743 2583 Cum
808 2528 876 2580 ad
937 2528 1077 2583 bona
1131 2527 1494 2583 Ecclesiarum
1553 2527 1782 2584 firmiter
1827 2529 2119 2585 obtinenda

537 2630 734 2687 magna
759 2617 830 2671 sit
855 2617 1158 2673 adhibenda
1204 2617 1530 2684 sollicitudo,
1556 2628 1613 2673 ut
1639 2635 1826 2674 eorum
1852 2620 1941 2689 qui
1967 2629 2120 2675 ‘caste

538 2722 605 2765 ac
635 2708 960 2779 regulariter
988 2718 1178 2764 sancto
1211 2708 1370 2765 altari
1396 2712 1602 2765 servire
1634 2711 1966 2776 desiderant,
2002 2713 2119 2767 ani-

538 2816 640 2856 ma:
668 2810 953 2857 serventur
1001 2809 1057 2857 et
1087 2816 1336 2873 corpora,
1365 2802 1589 2858 avidiori
1620 2812 1701 2857 est
1723 2805 2119 2873 procurandum

538 2891 828 2957 desiderio,
846 2891 995 2961 quia,
1016 2891 1141 2945 dum
1154 2891 1285 2947 inibi
1314 2892 1561 2947 laborant
1576 2892 1805 2948 ﬁdeliter
1824 2892 2116 2958 deservire,

540 2994 756 3054 oportet
792 2999 887 3039 eos
926 2982 981 3038 in
1020 2983 1341 3039 canonicum
1382 2999 1535 3039 usutn
1575 2984 1752 3038 victus
1789 2999 1853 3039 ac
1891 2985 2119 3039 vestitus

541 3077 810 3147 accipere,
834 3091 923 3141 ne,
937 3076 1061 3131 dum
1085 3076 1189 3132 ista
1212 3090 1325 3146 pra:
1338 3077 1662 3132 necessitate
1683 3077 1990 3147 quaeritant,
2007 3078 2118 3132 cul-

537 3168 1289 3241 pamvagationisincurrant.
1322 3167 1460 3223 Huic
1487 3168 1754 3239 siquidem
1768 3176 1954 3224 vestro
1975 3168 2122 3223 defe-

540 3260 651 3317 ctui
675 3258 990 3314 benevolam
1002 3258 1450 3330 compositionem
1466 3275 1531 3313 ac
1550 3260 1840 3330 benignam
1856 3261 2096 3331 provisio

539 3364 666 3406 nem
689 3349 929 3404 volentes
952 3349 1292 3420 impendere,
1316 3349 1416 3419 pia:
1445 3351 1757 3420 apostolica:
1780 3352 2121 3407 auctoritatis

540 3441 738 3512 pagina
769 3440 951 3495 omnia
982 3457 1103 3512 quae
1143 3441 1210 3496 ad
1239 3456 1581 3497 communem
1613 3458 1769 3497 usum
1798 3443 2122 3513 regulariter

539 3529 759 3585 vivendi
810 3530 971 3585 modo
1017 3529 1248 3597 habetis,
1284 3530 1370 3585 vel
1414 3531 1467 3586 in
1513 3542 1832 3603 perpetuum
1878 3533 2116 3594 habituri

544 3623 710 3692 estis,
747 3631 842 3678 aut
870 3623 1109 3694 episcOpi
1139 3623 1307 3680 vestri
1334 3624 1718 3692 concessione,
1746 3625 1837 3696 qui
1866 3641 2011 3682 nunc
2039 3634 2123 3683 est

540 3714 837 3771 benevolus
864 3722 918 3769 et
946 3714 1138 3770 hilaris
1165 3723 1346 3771 vester
1381 3713 1599 3784 adjutor
1641 3716 1829 3782 frater,
1859 3726 1914 3772 et
1937 3716 2121 3787 coepi-

542 3812 751 3877 scoptts'
785 3815 972 3862 noster
1010 3805 1270 3871 Joannes,
1315 3815 1410 3861 aut
1453 3822 1826 3865 successorum
1871 3824 2117 3877 suorum,

539 3898 628 3956 vel
675 3899 982 3970 aliquorum
1027 3898 1262 3955 fidelium
1292 3899 1616 3955 charitativa
1662 3899 1983 3967 donatione,
2021 3917 2120 3957 vo-

538 3990 720 4048 lamus
768 4001 884 4048 rata
920 3990 1096 4059 vobis,
1136 4002 1192 4049 et
1236 3994 1556 4049 confirmata
1582 4034 1596 4060 ,
1628 4003 1683 4047 et
1719 3994 1865 4050 nulla
1912 3996 2123 4054 ratione

539 4082 791 4138 violanda
841 4098 992 4149 esse,
1047 4091 1103 4139 et
1147 4084 1192 4139 si
1245 4084 1506 4142 Dominus
1557 4084 1703 4141 Deus
1753 4086 2119 4142 humilitatem

539 4170 797 4229 Ecclesia:
842 4189 954 4228 suae
1000 4173 1425 4231 misericorditer
1468 4176 1767 4245 respiciens
1816 4177 2117 4234 Ecclesium

544 4273 783 4320 vestram
811 4266 879 4320 ab
906 4265 1147 4321 uxoratis
1173 4266 1520 4338 presbyteris,
1550 4277 1607 4323 et
1633 4270 1856 4325 omnino
1882 4286 1912 4326 a
1937 4271 2120 4326 Domi-

2218 411 2342 481 quia
2368 411 2536 465 omnis
2558 411 2806 481 ignorans
2826 409 3174 480 ignorabitur,
3201 409 3483 480 coadjutor
3498 421 3679 469 vester
3700 428 3802 484 per

2219 502 2510 558 Martinam
2541 511 2786 557 sanctum
2816 516 3033 572 semper
3057 500 3272 571 adjutus
3293 502 3800 575 congaudcatopm-

2218 610 2340 649 mus
2392 594 2588 648 divlnte
2622 592 2959 649 retributioni
3005 607 3135 650 vere
3185 593 3416 650 dicens:
3460 594 3800 667 Adjutoriunt

2219 694 2453 738 nostrum
2475 684 2529 738 in
2556 684 2765 737 nomine
2786 682 3019 738 Domini.

2289 772 2483 826 Datum
2509 787 2562 827 tv
2584 771 2660 826 Id.
2694 771 2895 837 Martii,
2920 788 3019 843 per
3044 789 3239 830 manus
3261 773 3541 832 Fredcrlci
3572 779 3800 834 canct'll.

2203 861 2354 917 .Vice
2383 861 2587 917 domini
2611 860 2925 917 llerimanni
2950 861 3009 917 8.
3039 872 3213 934 apost.
3246 865 3393 920 sedis
3413 867 3798 922 archicanall.

2224 962 2277 1008 et
2303 952 2583 1008 Colonieu.
2627 953 2869 1025 archiep.
2917 968 3059 1011 anno
3088 955 3150 1010 Ι).
3180 955 3375 1012 Leonis
3417 954 3490 1013 lX
3522 972 3677 1030 papae
3713 973 3797 1026 tu,

2220 1048 2332 1103 inzl.
2361 1063 2435 1103 IV.

2948 1143 3077 1200 LVI.

2222 1249 2285 1307 S.
2327 1249 2430 1308 Leo
2457 1250 2535 1306 IX
2576 1252 2827 1333 Ecclesia:
2852 1253 3112 1333 Tulleusis
3147 1259 3497 1333 possessiones
3522 1264 3803 1333 quasdam,

2503 1331 2701 1393 petente
2727 1323 2770 1379 U
2778 1324 2911 1380 done
2933 1323 3196 1397 episcopo,
3219 1328 3518 1400 conﬁrmat.

2814 1415 2992 1487 (Anno
3020 1416 3200 1491 test.)

2246 1528 2247 1531 η
2330 1504 2580 1578 [Défense
2601 1508 2665 1561 de
2695 1506 2912 1579 l‘Eglise
2940 1510 3004 1563 de
3033 1508 3188 1577 Toul,
3219 1509 3465 1579 Preuvcs,
3497 1533 3553 1587 p.
3587 1512 3701 1590 12.]

2293 1596 2403 1653 Leo
2430 1598 2733 1669 episcopus,
2769 1614 2959 1656 servus
2989 1615 3267 1658 servorum
3313 1605 3432 1671 Dei,
3478 1604 3650 1663 UDONI
3683 1611 3806 1679 cpi-

2147 1676 2192 1735 B
2221 1702 2386 1759 scopo
2417 1698 2618 1743 sancta:
2650 1688 2918 1745 Tullcusls
2950 1689 3225 1759 Ecclesia},
3255 1705 3308 1752 et
3337 1711 3436 1766 per
3463 1698 3603 1752 eum
3623 1676 3804 1754 enini-

2223 1780 2321 1834 bus
2345 1780 2750 1836 successoribus
2773 1782 2908 1852 suis,
2931 1782 3161 1839 salutem
3185 1795 3240 1841 et
3264 1789 3616 1858 apostolicam
3646 1793 3809 1850 bene—

2221 1873 2532 1928 dictionem.

2290 1965 2347 2021 Si
2370 1965 2690 2023 utilitatibus
2721 1976 2919 2024 sancta:
2941 1971 3098 2029 matri
3131 1970 3385 2029 Ecclesia:
3418 1972 3805 2034 famulantiam

2220 2076 2375 2131 opem
2414 2058 2663 2127 ferimus,
2694 2063 2761 2118 ob
2788 2063 3028 2120 caelestis
3063 2070 3588 2138 recompensationis
3615 2087 3810 2128 munus

2220 2152 2460 2225 profecto
2508 2154 2561 2210 id
2610 2164 2809 2215 nostra:
2856 2156 3015 2212 saluti
3067 2172 3381 2215 accrescere
3431 2160 3810 2223 indubitanter

2221 2260 2526 2316 speramus,
2548 2254 2602 2300 et
2629 2261 2750 2301 cum
2780 2261 2969 2303 eorum
3000 2257 3186 2305 sancta
3222 2250 3439 2313 devotio
3467 2253 3535 2306 ad
3565 2254 3810 2310 divinum

2221 2336 2420 2393 cultum
2452 2343 2551 2407 per
2580 2352 2679 2393 nos
2705 2336 3004 2396 ferventius
3036 2351 3451 2412 augmentatur,
3500 2360 3609 2399 non
3652 2345 3812 2401 mini-

2219 2445 2365 2484 ntam
2408 2430 2713 2501 portionem
2744 2431 2797 2486 in
2830 2447 3019 2487 eorum
3053 2434 3427 2491 retributionis
3456 2438 3712 2492 mercede.
3742 2439 3811 2492 ab

2220 2531 2425 2575 aeterno
2456 2518 2646 2577 Judice
2674 2536 2772 2577 nos
2807 2532 3155 2594 suscepturos
3177 2526 3522 2582 conﬁdimus.
3555 2528 3808 2600 Quapro-

2222 2622 2358 2684 pter,
2394 2613 2535 2680 Udo,
2567 2615 2640 2671 fili
2672 2615 3011 2685 charissima,
3039 2635 3251 2689 {equum
3280 2630 3331 2675 et
3359 2621 3596 2679 salutare
3634 2625 3808 2678 visum

2222 2704 2321 2759 fuit
2349 2705 2501 2761 nobis
2530 2716 2589 2760 ut
2614 2706 2900 2775 beneficia,
2929 2716 3038 2763 tam
3058 2710 3421 2768 ecclesiastica
3444 2728 3608 2782 quam
3640 2730 3811 2769 saccu-

2221 2796 2381 2863 laria,
2436 2797 2503 2853 ad
2552 2799 2914 2871 episcopalem
2960 2818 3200 2859 mensam
3230 2803 3487 2861 Ecclesia:
3532 2804 3809 2878 Tpllensis

2221 2894 2549 2965 pertinentia
2571 2903 2625 2951 et
2658 2895 2827 2968 ipsius
2853 2898 3101 2970 dignitati
3125 2900 3456 2967 obedientia,
3485 2903 3807 2972 apostolica:

2223 2988 2559 3043 auctoritatis
2580 2998 2733 3044 scuto
2767 2990 3101 3046 muniremus
3148 3006 3319 3063 eaque
3346 2992 3515 3050 libera
3547 3004 3604 3048 et
3629 2995 3807 3049 Invio—

2223 3079 2404 3135 labilia
2435 3079 2502 3135 ab
2530 3080 2781 3137 omnibus
2807 3080 3176 3153 cujuscunque
3206 3084 3536 3140 conditionis
3566 3084 3654 3142 vel
3674 3102 3803 3158 pro-

2222 3171 2474 3227 fessionis
2498 3171 2719 3238 fuerint,
2746 3188 3067 3244 permanere
3096 3175 3532 3231 decerneremus.

2294 3263 2369 3318 Ea
2394 3265 2555 3331 igitur
2587 3266 2935 3331 auctoritate,
2965 3282 3072 3336 qua
3100 3267 3152 3320 in
3185 3267 3373 3332 terris,
3400 3267 3530 3323 licet
3557 3265 3799 3340 indigne,

2222 3354 2340 3410 vice
2371 3365 2549 3410 tamen
2596 3354 2871 3428 fungimur
2913 3357 3211 3412 beatissimi
3255 3357 3486 3429 apostoli
3538 3359 3806 3429 principis

2223 3445 2586 3516 apostolorum
2634 3443 2806 3512 Petri,
2842 3445 3224 3503 confirmamus
3252 3457 3308 3503 et
3352 3448 3679 3505 roborannts
3711 3465 3805 3520 per

2222 3536 2366 3592 hanc
2402 3536 2573 3591 nostri
2603 3535 2871 3607 privilegii
2899 3537 3148 3609 paginam
3203 3538 3317 3593 hare
3344 3537 3411 3593 de
3439 3539 3640 3608 quibus
3654 3540 3804 3611 judi-

2221 3629 2365 3684 cium
2393 3627 2499 3684 erit
2525 3644 2759 3699 sequens
2800 3628 3007 3694 littera,
3039 3644 3158 3701 qua:
3187 3644 3251 3684 cx
3281 3630 3505 3701 antiquo
3534 3644 3711 3700 usque
3737 3630 3805 3687 ad

2222 3730 2404 3777 nostra
2429 3728 2670 3790 tempora
2689 3721 2813 3776 sine
2838 3719 3106 3775 calumnia
3134 3719 3437 3776 audivimus
3459 3730 3515 3776 et
3542 3721 3805 3791 cognovi-

2223 3827 2345 3869 mus
2389 3812 2729 3875 inconcussa,
2764 3811 2970 3867 scilicet
3009 3810 3282 3866 abbatiam
3312 3811 3487 3865 sancti
3510 3811 3647 3882 Apri
3676 3827 3802 3867 cum

2222 3901 2472 3957 omnibus
2516 3900 2874 3972 appendiciis,
2910 3910 2962 3955 et
3007 3901 3276 3956 abhatiam
3325 3900 3496 3956 sancti
3536 3900 3805 3956 Mansueti

2223 4006 2344 4047 cum
2375 3990 2640 4045 universis
2677 3988 3013 4061 adjacentiis,
3068 3988 3341 4046 abbatiam
3368 3990 3529 4044 etiam
3557 3988 3796 4047 Mcdiani

2222 4081 2536 4140 monasterii
2557 4081 2715 4137 sitam
2744 4081 2794 4136 in
2818 4081 3073 4137 comitatu
3100 4079 3464 4136 Culmontensi
3487 4080 3539 4156 in
3562 4078 3801 4154 Vosago,

2223 4178 2390 4243 'super
2441 4170 2660 4225 ﬂuvium
2719 4168 3085 4236 R-tbasouem,
3139 4170 3373 4227 dicatam
3419 4169 3473 4227 in
3537 4168 3802 4227 honorem

2224 4263 2394 4319 sancti
2443 4262 2589 4318 Petri
2620 4278 2740 4318 cum
2789 4261 3041 4317 omnibus
3086 4260 3423 4332 appendiciis
3458 4261 3596 4332 ejus,
3638 4277 3801 4331 quam

540 4354 662 4411 nica
694 4354 969 4410 oblatione
1013 4353 1336 4424 repellendis
1385 4355 1723 4423 liberaverit,
1759 4375 1858 4429 pro
1897 4359 2119 4415 incestis
2150 4365 2197 4425 ι)
2223 4364 2536 4408 antecessor
2584 4361 2767 4408 noster
2798 4351 3139 4419 Gauselinus,
3187 4353 3509 4411 venerabilis
3550 4355 3801 4419 antistes,

539 4444 711 4510 casti,
749 4460 850 4515 pro
889 4443 1181 4500 immundis
1228 4444 1413 4500 mundi
1461 4446 1841 4512 restituantur,
1874 4457 1928 4504 et
1976 4449 2117 4503 bona

539 4555 662 4611 quae
684 4539 886 4595 habent
909 4537 1301 4604 ecclesiastica,
1324 4552 1445 4609 qua:
1475 4537 1553 4594 illi
1584 4538 1858 4596 luxuriose
1885 4540 2119 4596 vivendo

539 4635 874 4705 dissipantur
896 4676 909 4698 ,
941 4633 997 4688 in
1029 4647 1370 4688 communem
1424 4647 1580 4687 usum
1612 4632 1871 4687 canonice
1897 4634 2118 4688 cohabi-

543 4728 771 4782 tantium
804 4725 1140 4796 redigantur,
1166 4725 1353 4792 sicque
1380 4723 1571 4778 horum
1595 4724 1954 4794 exeptabillus
1983 4725 2119 4779 inte-

541 4820 677 4874 ritus
707 4816 996 4888 pastoralis
1044 4816 1136 4872 llat
1177 4816 1397 4872 familia:
1443 4817 1899 4872 desideratissima
1950 4818 2115 4875 salus.

502 4892 517 4902 ’
541 4923 641 4962 nec
685 4909 737 4961 in
772 4906 1073 4976 praebendis
1109 4907 1300 4962 dandis
1328 4905 1560 4976 aliquam
1612 4907 1770 4978 pretii
1810 4917 1902 4964 aut
1926 4908 2118 4962 vendi-

544 4999 706 5051 tionis
763 4997 1062 5051 molestiam
1119 4997 1187 5052 ab
1227 4998 1478 5068 episcopo
1526 5014 1626 5053 suo
1676 4999 1979 5054 sustineant
2033 4999 2118 5052 hic

542 5086 716 5142 lidelis
745 5095 1060 5141 conventus.
1087 5088 1270 5156 Usque
1301 5091 1459 5145 modo
1494 5089 1658 5160 igitur
1687 5091 1941 5149 tenebrat.
1977 5106 2120 5146 tuuuc

541 5184 719 5231 autem
758 5174 849 5228 lux
891 5173 1033 5230 facta
1067 5177 1120 5231 in
1155 5178 1397 5240 Domino,
1427 5190 1484 5233 ιιι
1516 5180 1608 5234 lilii
1647 5179 1782 5234 lucis
1820 5181 2115 5243 ambulate,

541 5277 599 5322 ut
634 5265 919 5319 unanimes
956 5281 1063 5319 uno
1088 5282 1182 5322 ore
1210 5269 1577 5326 ltouorificctis
1606 5265 1792 5331 Deum,
1819 5282 1873 5326 et
1902 5270 2118 5325 Pilll‘i'lll

2225 4446 2368 4501 illius
2412 4446 2625 4501 misera:
2669 4444 2916 4504 servituti
2946 4456 3000 4502 et
3032 4447 3350 4503 desolatioui
3386 4457 3627 4518 paternae
3671 4464 3802 4504 con-

2221 4537 2589 4605 dcscendens,
2619 4548 2673 4593 et
2721 4539 2787 4594 ad
2838 4536 3179 4593 revelantlam
3207 4548 3583 4609 paupertatem
3614 4555 3803 4594 mona-

2220 4630 2447 4685 chorum
2484 4628 2575 4701 qui
2620 4645 2716 4700 per
2771 4628 3067 4700 potentiam
3104 4629 3383 4684 saecularis
3425 4628 3645 4683 malitia:
3685 4628 3800 4698 jam

2220 4723 2598 4779 exsulaveraut
2630 4724 2866 4777 maxima
2905 4723 3190 4777 honestate
3230 4722 3310 4776 sui
3345 4729 3399 4775 ct
3434 4721 3702 4791 sapientia
3731 4723 3802 4776 ab

2222 4831 2323 4870 avo
2347 4824 2399 4869 et
2433 4814 2677 4886 genitore
2723 4814 2926 4869 domini
2955 4813 3168 4891 Ottonis
3215 4814 3584 4884 imperatoris,
3629 4813 3802 4884 itupr

2222 4909 2385 4963 travit
2413 4909 2478 4964 ad
2521 4917 2862 4981 augmentum
2896 4906 3165 4973 Tullensis
3194 4906 3468 4974 Ecclesiae,
3493 4921 3613 4976 qua:
3640 4905 3798 4973 sinti-

2222 4998 2343 5054 litcr
2397 4997 2648 5054 dominus
2693 4995 2820 5053 Otto
2875 4995 3167 5066 imperator
3204 5005 3456 5051 sanctum
3497 4994 3794 5053 Gerardum

2221 5090 2666 5158 [mrdecessorem
2713 5095 2959 5141 nostrmn
2991 5083 3326 5140 reiuvestivit
3382 5100 3508 5141 cum
3538 5083 3685 5141 omni
3714 5085 3795 5138 in-

2224 5178 2493 5249 tegritate,
2527 5186 2585 5231 ut
2609 5176 2812 5247 absque
2831 5172 3259 5233 contradictione
3283 5171 3533 5244 alicujus,
3559 5171 3794 5227 dominio

2223 5266 2487 5327 Tulleusis
2520 5267 2773 5321 Ecclesiae
2803 5265 3030 5321 tenenda
3061 5263 3447 5335 perpetualiter
3474 5262 3795 5319 reformare-
