4062 5352
267 343 375 427 57s

1266 342 1617 399 EPISTOLJ'I
1655 343 1740 399 ET
1781 343 2096 402 DECRETA
2135 348 2535 407 PONTiFICl.\.

3405 357 3508 412 671

266 454 434 525 giniS.
464 454 516 506 in
546 451 662 506 loco
692 452 780 523 qui
822 451 1017 506 dicitur
1044 451 1447 518 Portussuavis,
1493 463 1547 507 et
1580 453 1851 508 abbaliam
1876 465 1925 523 Α
1957 457 2028 512 rit
2058 459 2262 516 ultione
2299 462 2480 515 divina
2521 470 2577 517 et
2610 464 2934 520 auctoritate
2975 467 3343 536 apostolorum
3376 467 3526 533 Petri

267 551 584 597 sanctorum
614 539 839 595 Bertnrii
866 549 919 594 et
947 540 1208 607 Attaleni,
1234 541 1354 597 loco
1379 541 1472 611 qui
1500 542 1700 597 dicitur
1730 541 1849 599 Ble-

267 632 586 688 dericivifla.

352 723 623 793 Similiter
650 721 1032 777 conﬁrmamus
1062 722 1189 787 tibi,
1219 722 1298 778 illi
1345 722 1462 779 Udo
1494 723 1847 789 cbarissime,

264 822 323 869 et
369 814 627 869 Ecclesiae
679 824 782 869 mae
823 815 1097 868 abbatiam
1153 815 1327 870 sancti
1374 814 1519 870 Petri
1568 826 1624 871 et
1673 818 1848 872 sancti

264 903 568 967 Bereharii,
622 904 678 958 in
724 904 864 958 saltu
925 903 1183 960 Dervensi
1242 905 1423 969 sitam,
1476 914 1533 960 et
1575 906 1848 961 abbatiam

267 995 441 1050 sancti
494 992 762 1065 Genulpbi
814 992 1051 1058 Vcrone,
1098 1010 1220 1050 cum
1266 996 1631 1066 appendiciis,
1671 997 1851 1052 curias

267 1086 589 1147 etiam,cum
611 1082 860 1139 omnibus
882 1085 1214 1154 appendieiis
1241 1100 1454 1151 earum,
1479 1087 1545 1139 ad
1568 1086 1851 1142 servitium

268 1184 323 1230 et
362 1189 611 1230 mensam
652 1175 1011 1245 episcopalem
1055 1175 1424 1245 pertinentes,
1464 1176 1627 1230 etiam
1651 1176 1851 1231 confir-

268 1279 502 1329 mamus,
529 1264 736 1319 scilicet
764 1265 1056 1333 quamdam
1093 1265 1301 1319 curiam
1334 1264 1640 1331 Bcrebcim,
1688 1282 1849 1336 quam

266 1353 600 1410 Gauzelinus
652 1353 937 1422 episcopus
996 1362 1203 1406 tantum
1259 1354 1324 1406 ad
1380 1369 1537 1408 usum
1591 1369 1748 1408 suum
1789 1364 1848 1409 et

264 1461 648 1500 successorum
678 1461 706 1497 a
738 1444 1009 1515 praedictis
1049 1445 1266 1514 regibus
1295 1444 1427 1501 satis
1458 1446 1560 1502 sibi
1601 1463 1851 1501 necessa-

267 1536 405 1589 riam
421 1545 474 1589 et
500 1533 744 1589 ecclesia:
764 1534 1001 1604 suscepit
1024 1542 1080 1588 et
1104 1534 1282 1604 quiete
1304 1535 1475 1588 trnuit
1497 1542 1551 1589 et
1574 1550 1850 1593 successo-

268 1627 421 1679 ribus
470 1625 741 1694 episcopis
806 1624 1058 1694 reliquit;
1114 1635 1413 1680 mercatum
1479 1626 1644 1681 etiam
1707 1627 1851 1683 illius

265 1717 432 1771 carice
472 1731 593 1770 eum
636 1718 813 1771 hanno
854 1728 908 1773 et
937 1727 1174 1781 moneta,
1208 1735 1327 1790 qua}
1367 1720 1484 1784 tibi,
1526 1720 1599 1774 ﬁli
1639 1720 1850 1783 charis-

266 1808 426 1871 siute,
460 1807 729 1876 gloriosus
762 1807 1054 1877 imperator
1084 1809 1349 1866 Henricus
1378 1820 1431 1864 ct
1462 1810 1713 1867 Ecclesiae
1743 1821 1844 1866 tua:
1878 1808 1920 1867 Β
2017 1843 2131 1898 Lm
2166 1844 2346 1912 epis“,

266 1896 654 1966 perpetuditer
676 1898 921 1952 contulit.
946 1897 1344 1956 Conﬁrmamus
1371 1901 1536 1957 etiam
1571 1902 1843 1959 abbatiam

266 1988 441 2042 sancti
492 1987 789 2044 Salvatoris
820 2006 940 2045 cum
968 1992 1221 2047 omnibus
1249 1995 1681 2062 possessionibus
1709 1995 1843 2061 suis,

265 2077 477 2130 curiam
509 2077 673 2131 etiam
708 2077 940 2135 Budonis
985 2083 1295 2138 monasterii
1326 2101 1451 2139 cum
1496 2087 1748 2141 omnibus
1775 2087 1845 2142 ad

265 2181 388 2220 eum
426 2169 850 2237 pertinentibus,
880 2171 1084 2225 curiam
1113 2173 1277 2229 etiam
1309 2176 1374 2230 de
1406 2174 1575 2248 Bcrga
1595 2218 1610 2243 ,
1638 2179 1845 2233 curiam

267 2261 334 2313 de
367 2260 713 2325 Leberduuo,
743 2262 946 2316 curiam
972 2265 1035 2317 de
1071 2263 1317 2329 Luciaco,
1350 2268 1556 2321 curiam
1592 2270 1658 2323 de
1687 2269 1850 2325 Seru-

270 2349 414 2417 pulu,
445 2351 654 2403 curiam
704 2352 768 2404 de
811 2352 1069 2424 Brureyo,
1103 2357 1308 2408 curiam
1337 2357 1403 2409 de
1426 2355 1724 2424 Buckilcio,
1755 2375 1845 2414 cu-

281 2441 418 2491 riam
451 2441 518 2495 de
558 2440 841 2507 Ilunivilla,
878 2445 1083 2497 curiam
1114 2445 1180 2500 de
1219 2446 1509 2513 Salvineio,
1540 2450 1746 2504 curiam
1783 2450 1850 2505 de

280 2528 515 2584 i’arneio
541 2546 702 2600 supra
737 2532 959 2598 Mosam,
998 2533 1203 2589 curiam
1242 2536 1308 2591 de
1347 2536 1637 2603 Blamiaeo,
1669 2537 1848 2593 villam

267 2621 650 2678 Caldoniacum
673 2641 793 2678 cum
817 2625 1065 2681 omnibus
1089 2628 1439 2696 appendieiis,
1464 2643 1648 2683 earum
1679 2629 1848 2695 silvis,

266 2716 462 2783 pratis,
496 2715 687 2779 vineis,
720 2717 955 2784 pascuis,
995 2735 1257 2788 aquarum
1300 2719 1638 2786 decursibus,
1693 2723 1851 2778 terris

267 2805 431 2860 cultis
458 2816 513 2861 et
536 2806 775 2872 incultis,
813 2811 1114 2880 mancipiis,
1144 2811 1350 2865 curiam
1380 2812 1541 2867 etiam
1565 2813 1631 2866 de
1657 2813 1854 2870 Archi-

268 2897 419 2952 riaco
457 2913 563 2953 non
596 2901 752 2971 longe
787 2900 1009 2955 multum
1068 2916 1097 2955 a
1129 2902 1263 2957 valle
1311 2904 1480 2958 sancti
1514 2903 1734 2960 Deodati
1774 2906 1851 2960 si-

250 2996 381 3041 tam
416 3003 542 3043 eum
570 2991 823 3044 omnibus
843 2992 909 3045 ad
940 3006 1057 3045 eam
1086 2992 1497 3062 pertinentibus.
1826 3054 1831 3059 ,

343 3079 745 3136 Conlirrnamus
790 3081 1040 3138 similiter
1085 3092 1289 3139 sancta:
1332 3077 1564 3139 Tullensi
1601 3083 1853 3139 Ecclesiae

268 3173 580 3227 ctrnohium
611 3174 782 3229 sancti
813 3174 1057 3240 Deodati,
1087 3190 1205 3246 qua;
1221 3176 1348 3231 olim
1370 3176 1582 3231 abbatia
1622 3178 1850 3242 exstitit,
1881 3147 1926 3212 Ο

269 3274 321 3317 et
354 3263 566 3318 Galilea
591 3263 892 3330 dicebatur,
919 3266 1080 3320 sitam
1105 3268 1157 3321 itt
1191 3267 1398 3337 Vosago
1424 3266 1585 3335 saltu,
1612 3266 1665 3321 in
1692 3267 1853 3323 terri-

275 3355 418 3408 torio
445 3354 683 3425 undique
722 3354 991 3410 Tullcnsis
1032 3356 1305 3423 Ecclesiae,
1332 3357 1568 3412 debitam
1617 3356 1854 3411 funditus

271 3447 340 3496 ab
380 3445 498 3512 ipso
545 3443 831 3500 fundature
871 3463 937 3501 ex
974 3448 1295 3517 antiquitate
1324 3446 1492 3519 ipsius
1524 3444 1856 3503 l'undationis

272 3536 374 3603 ipsi
407 3533 648 3590 Tulleusi
687 3536 975 3603 Eeclesitc;
1012 3552 1171 3608 quam
1220 3538 1349 3593 olim
1384 3539 1640 3610 episcOpi,
1668 3539 1859 3604 ἀερθέν

271 3641 426 3680 seres
458 3629 764 3697 nostri,per
791 3630 1227 3685 retlantationem
1254 3630 1663 3701 praedecessoris
1686 3633 1856 3688 nostri

277 3719 457 3771 sancti
481 3716 707 3775 Gerardi
739 3735 768 3773 a
797 3718 1013 3775 domino
1028 3719 1221 3776 Ottone
1248 3738 1373 3794 rege
1398 3733 1855 3791 recuperaverunt

272 3820 330 3862 et
353 3824 479 3863 cum
503 3810 815 3881 integritate
844 3819 1152 3877 tenuerunt,
1179 3812 1441 3869 habentes
1468 3812 1520 3867 in
1558 3812 1658 3867 hoc
1680 3814 1857 3883 regale

270 3906 601 3971 praeceptum
625 3910 680 3956 et
694 3903 1047 3973 apostolicum
1067 3903 1322 3959 lloiuana:
1338 3896 1477 3959 sedis
1494 3902 1828 3975 privilegium
1840 3947 1853 3969 ,

276 4006 402 4059 quze
452 3992 551 4061 per
593 3992 848 4063 iniuriam
895 4002 948 4047 et
989 3994 1191 4059 ofium,
1235 4002 1290 4050 et
1346 3994 1578 4050 maxime
1616 3992 1855 4050 Lmharii

275 4083 422 4153 regis
450 4085 899 4139 eseommnnicati
946 4087 1089 4150 zelo,
1117 4095 1167 4140 et
1195 4086 1295 4150 ira,
1334 4094 1388 4142 et
1417 4088 1638 4156 invidia,
1673 4105 1702 4143 a
1740 4089 1858 4142 loco

274 4172 518 4229 Tullensi
551 4176 863 4246 usurpalira
892 4177 1075 4231 fraude
1100 4176 1312 4231 sublata
1336 4176 1585 4233 fueratet
1613 4180 1665 4234 in
1696 4179 1859 4235 bene-

275 4264 461 4319 ﬁcium
512 4282 771 4323 concessa
820 4269 991 4324 laieis.
1045 4267 1375 4325 Comitatum
1429 4270 1736 4328 Tullensem
1790 4272 1857 4326 ad

274 4359 422 4417 sedis
448 4362 712 4421 Tullensis
749 4375 1068 4436 potestatem
1096 4369 1316 4425 omnino
1345 4371 1619 4441 pertinere
1652 4374 1853 4428 conﬁr-

1956 557 2011 602 et
2041 547 2216 613 Pauli,
2248 558 2303 604 ct
2337 560 2523 605 nostro
2559 554 2852 622 apostolico
2881 559 3231 612 anathemate
3263 574 3433 629 usque
3460 548 3529 618 ad

1950 639 2271 708 condignam
2309 641 2739 699 satisfactionem
2774 653 2928 701 extra
2959 646 3252 702 Ecclesium
3282 649 3519 706 fidelium

1949 724 2148 781 Christi
2187 744 2474 797 percussus
2510 745 2858 801 permaneat;
2906 738 2995 806 qui
3022 752 3148 792 vero
3185 739 3522 806 custodierit,

1952 832 2135 875 nostra
2185 823 2559 880 benedictione
2612 826 2981 883 sanetiticetur
3032 839 3087 885 et
3138 840 3356 887 aeterna:
3405 834 3529 890 vitae

1948 914 2225 984 particeps
2259 914 2538 972 eiiiciatur.
2570 917 2762 973 Amen.

2019 1004 2176 1057 Anno
2206 1005 2499 1063 Dominiezn
2536 1007 2807 1065 lnearuat.
2836 1009 2994 1065 1051.

2019 1095 2215 1151 Datum
2247 1097 2429 1153 Romae
2454 1115 2546 1155 vm
2578 1100 2700 1155 Kal.
2739 1102 2961 1172 Aprilis.

2661 1193 2821 1250 LVII.

1952 1277 2013 1335 S.
2044 1279 2142 1335 Leo
2156 1280 2239 1359 IX
2263 1282 2603 1350 Edwardum,
2624 1287 2916 1359 Anglorum
2935 1294 3199 1359 regem,ob
3223 1296 3529 1356 seditiosum

2023 1352 2166 1432 regni
2198 1364 2389 1406 stutum
2419 1367 2533 1435 colo
2572 1352 3009 1435 trierat-Romani
3031 1352 3209 1427 eundi,
3241 1377 3287 1419 et
3317 1370 3363 1421 ei
3388 1352 3527 1435 pall

2022 1422 2144 1501 cipit
2172 1434 2220 1473 ut
2249 1426 2495 1501 pecuuiﬁcs
2520 1430 2586 1501 {ut
2613 1429 2711 1501 iter
2735 1427 2965 1501 decretas
2990 1422 3303 1501 pauperibus
3327 1422 3525 1492 diuidat

2022 1501 2070 1542 et
2100 1492 2157 1542 in
2194 1507 2380 1545 norum
2413 1493 2478 1547 Β.
2515 1495 2658 1549 Petri
2684 1492 3058 1553 monasterium
3090 1492 3414 1560 condendam
3437 1519 3529 1562 aut

2021 1571 2273 1615 uetustum
2313 1564 2648 1633 reﬁciendum
2674 1577 2967 1624 consumat.

2548 1663 2726 1734 (Anno
2743 1665 2871 1720 1051
2887 1666 2926 1737 .)

2377 1752 2581 1828 [Labbc
2608 1756 2769 1812 Cone.
2799 1758 2888 1823 XI,
2924 1760 3104 1834 II89.]

2354 1862 2454 1916 pus
2490 1863 2682 1905 servus
2732 1865 3010 1906 servorum
3059 1855 3152 1909 Dei
3195 1856 3392 1916 dilecto
3420 1860 3529 1917 lilio

1947 1950 2047 1989 suo
2074 1936 2668 2011 Edwardo,Anglorum
2693 1942 2827 2014 regi,
2852 1943 3082 2000 salutem
3098 1955 3151 2001 et
3175 1951 3525 2019 apostol’cam

1946 2024 2397 2083 benedictionem.

2019 2115 2284 2182 Quoniam
2338 2118 2672 2176 voluntatem
2718 2122 3041 2182 laudabilem
3081 2138 3134 2183 et
3175 2130 3284 2186 Deo
3314 2142 3522 2201 gratam

1949 2208 2287 2276 agnovimus,
2336 2212 2536 2281 gratias
2590 2215 2801 2283 agimus
2844 2216 2974 2283 Deo,
3026 2234 3121 2289 per
3165 2237 3323 2291 quem
3372 2238 3527 2292 rcges

1950 2308 2212 2365 regnant,
2261 2308 2317 2353 et
2354 2291 2625 2371 principes
2669 2303 2813 2369 justa
2868 2307 3185 2365 decernunt.
3242 2311 3346 2366 Sed
3404 2291 3526 2382 quit

1950 2400 2120 2456 prope
2161 2397 2247 2442 est
2278 2388 2535 2444 Dominus
2566 2391 2619 2444 iu
2648 2395 2794 2448 onmi
2827 2394 2946 2451 loco
2990 2399 3359 2456 invocantibus
3405 2420 3528 2459 eum

1950 2478 2006 2535 in
2036 2481 2283 2547 veritate,
2315 2492 2371 2538 et
2410 2485 2579 2537 sancti
2622 2486 2850 2554 apostoli
2894 2503 3014 2544 cum
3061 2507 3158 2546 suo
3195 2494 3370 2562 capite
3393 2511 3529 2550 con-1

1948 2569 2144 2637 juncti,
2174 2581 2299 2626 sunt
2343 2588 2482 2627 ttnus
2525 2574 2767 2643 spiritus,
2796 2584 2849 2632 et
2889 2579 3004 2647 pias
3039 2594 3228 2651 preces
3255 2585 3529 2650 retgtt-tlitcr

1951 2661 2211 2728 audiunt;
2236 2670 2290 2715 ct
2311 2662 2434 2729 quia
2463 2673 2675 2717 constat
2698 2667 2994 2733 periclitari
3022 2671 3300 2740 regionem
3351 2674 3530 2742 Angli-

1952 2764 2166 2804 cam-ex
2199 2761 2288 2802 tua
2315 2750 2664 2814 discessione,
2689 2754 2779 2822 qui
2809 2753 2965 2809 freno
2986 2757 3212 2824 iustitiae
3245 2761 3531 2817 seditiosos

1952 2841 2071 2910 ejus
2100 2852 2281 2896 nzntus
2300 2843 2539 2907 cohibes,
2566 2860 2628 2899 ex
2651 2847 2973 2903 auctoritate
3001 2848 3113 2911 Dei,
3139 2861 3193 2906 et
3219 2864 3530 2909 sanctorum

1955 2932 2348 3003 apostolorum,
2392 2943 2450 2988 et
2504 2944 2709 2990 sancta:
2761 2938 2974 3006 synodi,
3018 2940 3348 2996 absolvimus
3406 2955 3457 2998 te
3497 2961 3526 2999 a

1954 3023 2338 3093 peeeatoillius
2352 3024 2483 3090 voti,
2509 3040 2607 3095 pro
2630 3040 2737 3095 quo
2760 3027 2855 3083 Dei
2882 3027 3141 3083 offensam
3167 3032 3348 3096 times,
3375 3044 3427 3086 ct
3458 3036 3528 3090 ab

1956 3117 2205 3172 omnibus
2218 3116 2620 3187 negligentiiset
2645 3120 3017 3189 iniquitatibus
3044 3124 3172 3189 tuis,
3188 3140 3250 3177 ea
3275 3126 3528 3185 nimirum

1958 3218 2222 3279 potestate
2242 3210 2522 3281 usi,quam
2544 3211 2800 3269 Dominus
2824 3214 2874 3269 in
2899 3217 3058 3271 beato
3083 3217 3241 3273 Petro
3259 3217 3532 3276 concessit

1956 3299 2131 3366 nobis,
2162 3299 2394 3356 dicens:
2436 3301 2772 3373 Quwcuttque
2816 3305 3075 3360 solvet-itis
3118 3325 3275 3378 super
3316 3320 3533 3376 terram,

1956 3390 2130 3445 solum
2154 3402 2306 3445 erunt
2327 3402 2375 3445 et
2404 3392 2460 3446 in
2482 3395 2622 3452 cali:
2651 3393 2867 3465 (Matth.
2896 3400 3029 3467 ινι).
3060 3397 3260 3454 Deinde
3288 3396 3533 3471 prtecipi-

1956 3497 2077 3537 mus
2107 3482 2202 3537 tibi
2232 3483 2336 3536 sub
2366 3485 2585 3549 nomine
2609 3496 2812 3541 sanctae
2835 3488 3155 3543 obeiientim
3183 3498 3238 3545 ct
3264 3492 3534 3560 pmniten-

1958 3573 2064 3637 tite,
2093 3583 2152 3627 ut
2177 3588 2441 3643 expensas
2463 3590 2598 3644 quas
2620 3579 2686 3631 ad
2710 3576 2850 3632 istud
2875 3578 2978 3634 lter
2998 3594 3306 3649 paraveras.
3334 3599 3535 3653 paupe-

1957 3661 2108 3717 ribus
2133 3677 2341 3733 eroges,
2372 3674 2427 3718 et
2451 3666 2756 3721 cmuobinm
2788 3671 3163 3724 monachicum
3192 3670 3246 3725 in
3278 3671 3534 3726 honorem

1957 3753 2129 3807 sancti
2162 3753 2311 3808 Petri
2339 3755 2702 3823 apostolorum
2731 3757 3009 3828 principis,
3039 3769 3133 3813 aut
3181 3775 3379 3815 norum
3405 3778 3535 3815 €01!-

1958 3855 2160 3910 struas.
2190 3858 2282 3903 aut
2320 3860 2588 3906 vetustum
2621 3854 2895 3919 emendes,
2924 3865 2978 3910 et
3022 3872 3243 3927 augeas,
3289 3866 3344 3910 et
3393 3854 3533 3911 sumo

1958 3937 2217 3994 cientiam
2246 3942 2554 3997 vietualium
2585 3943 2844 3999 fratribus
2889 3946 2955 4000 de
2980 3946 3085 4000 tuis
3119 3947 3378 4002 reditibus
3409 3963 3534 4002 con--

1958 4029 2184 4094 stituas,
2225 4041 2493 4100 quatenus
2538 4033 2663 4087 dum
2704 4034 2778 4089 illi
2810 4028 3024 4090 assidue
3058 4036 3184 4091 inibi
3216 4038 3382 4093 Deum
3425 4039 3538 4092 lau-

1958 4120 2228 4184 daverint,
2264 4132 2321 4177 et
2349 4125 2549 4179 sanctis
2594 4134 2858 4194 augcatur
2903 4125 3094 4196 gloria,
3123 4136 3178 4182 et
3225 4127 3318 4182 tibi
3356 4127 3537 4182 indul-

1957 4212 2159 4282 gentia.
2188 4212 2306 4268 'Cui
2354 4214 2473 4270 loco
2516 4216 2776 4285 quidquid
2803 4216 3119 4283 contuleris,
3149 4217 3232 4271 vel
3283 4217 3538 4272 collatum

1959 4311 2064 4368 est,
2091 4302 2176 4357 vel
2219 4302 2553 4370 conferetur,
2580 4313 2638 4359 ut
2669 4315 2844 4361 ratum
2875 4307 2962 4369 sit,
2995 4308 3291 4376 apostolica
3335 4307 3540 4362 naturi-

1964 4406 2080 4451 tate
2109 4397 2485 4468 prrecipimus;
2521 4409 2575 4455 et
2605 4408 2665 4455 ut
2694 4415 2910 4472 semper
2952 4403 3215 4459 habitatio
3246 4404 3539 4458 monacho—

280 4466 523 4518 mamus,
547 4469 706 4556 quem
739 4454 1068 4562 iambicus
1106 4458 1390 4562 episcopus
1427 4459 1755 4562 Gali-aclibus
1793 4461 1861 4517 ab
1892 4492 1937 4550 ι)
1965 4503 2083 4543 rum
2107 4454 2199 4551 sit,
2230 4454 2292 4544 et
2312 4489 2442 4544 nulli
2468 4490 2617 4545 laicte
2641 4454 2886 4561 persoria:
2906 4493 3009 4548 nisi
3042 4493 3151 4562 regi
3183 4493 3464 4556 subdatur,
3488 4502 3543 4547 et

277 4559 403 4609 avo,
444 4545 689 4615 genitore
733 4547 940 4602 domini
980 4547 1193 4604 Ottouis
1240 4552 1603 4622 imperatoris,
1655 4556 1861 4626 integre

277 4635 534 4701 obtinuit,
562 4647 874 4693 casamenta
925 4639 1169 4696 ecclesia:
1218 4643 1398 4700 nullus
1460 4655 1766 4702 casatorum
1805 4646 1860 4701 in

279 4724 514 4780 alodium
542 4726 861 4793 transferat,
893 4729 1014 4797 quia
1047 4741 1237 4786 contra
1268 4731 1434 4803 legem
1471 4734 1562 4791 Dei
1590 4735 1691 4791 hoc
1717 4745 1862 4792 esset

278 4821 335 4869 et
358 4816 719 4889 sacrilegium.
740 4816 865 4872 Hrec
886 4818 1065 4873 omnia
1084 4822 1491 4890 prteuominata,
1510 4825 1634 4879 dum
1658 4836 1861 4881 sancta:

281 4909 547 4967 Tulleusis
583 4910 847 4967 Ecclesiae
890 4910 1056 4967 frater
1081 4921 1134 4968 ct
1163 4913 1447 4986 episcopus
1472 4915 1693 4982 fuimus,
1727 4917 1863 4972 vidi-

260 5015 424 5066 mus,
473 5001 794 5059 inconcussa
834 5002 1070 5073 legitima
1099 5006 1441 5075 possessione
1495 5008 1762 5067 tenuimus
1808 5017 1863 5063 et

285 5092 484 5159 quieta.
513 5093 916 5151 Conlirmamus
943 5097 1103 5152 etiam
1131 5112 1238 5150 non
1268 5101 1570 5167 nominata,
1598 5100 1859 5171 acquisita

286 5184 371 5238 vel
419 5188 778 5257 aequirenda,
812 5202 935 5258 qua
990 5204 1088 5260 per
1135 5187 1431 5257 legitimum
1491 5200 1734 5246 tenorem
1780 5192 1861 5267 vel

291 5276 614 5322 thltalinnpm
642 5279 842 5322 mleril
878 5280 1109 5322 rotinm-n
1135 5276 1401 5322 'll‘nllmtcic
1432 5282 1669 5322 ηρριρρῑο
1724 5281 1863 5322 ΓΛη-

1961 4596 2294 4652 quaecunque
2320 4583 2599 4654 privilegia
2632 4584 2702 4638 ibi
2746 4585 3029 4641 instituere
3059 4585 3315 4648 volueris,
3343 4586 3410 4639 ad
3443 4585 3542 4638 ho-

1964 4686 2148 4727 norem
2178 4670 2271 4727 Dei
2298 4674 2647 4741 pertinentia,
2678 4676 3044 4741 concedimus,
3087 4686 3141 4730 et
3165 4673 3542 4730 robustissima

1963 4761 2287 4816 auctoritate
2307 4763 2710 4831 conﬁrmamus,
2725 4773 2780 4822 et
2794 4764 3117 4823 infractores
3128 4779 3313 4822 eorum
3338 4774 3544 4825 ειη-ιιι

1964 4850 2346 4907 maledictione
2374 4853 2716 4911 damnamus.

2666 4966 2844 5024 LVIII.

1963 5076 2022 5135 S.
2062 5078 2166 5133 Leo
2212 5073 2293 5132 IX
2333 5080 2563 5136 ecclesia:
2604 5079 2662 5136 S.
2713 5080 2990 5140 Trinitatis
3037 5078 3385 5138 Piscarieusis
3419 5084 3554 5149 bona

2598 5151 2899 5222 conﬁrmat.
3290 5209 3295 5214 .
3510 5174 3517 5179 ‘

2564 5265 2741 5322 (Anno
2782 5264 2968 5322 IOSIJ
