4062 5352
537 370 638 428 Βῖἓῖ

538 593 679 634 tttum
689 613 704 630 ο

598 668 857 722 Convenit
885 665 1208 736 apostolatui
1235 675 1420 722 nostro
1442 668 1602 737 digne
1625 669 1930 738 petentibus
1954 671 2117 728 bene-

533 759 647 814 vola
677 760 1050 830 compassione
1085 775 1404 815 succurrere
1424 801 1437 826 ,
1475 770 1527 814 et
1558 762 1893 831 poseentlum
1922 764 2117 819 aninns

528 849 694 904 alacri
728 849 1018 904 devotione
1050 849 1314 918 impertiri
1358 849 1703 922 suffragium;
1744 869 1807 906 ex
1842 853 1942 908 hoc
1973 853 2116 907 enim

537 939 666 994 uteri
693 939 1030 1009 potissimum
1056 939 1338 1008 prannium
1368 955 1395 992 a
1422 940 1713 994 Conditore
1743 941 1980 994 omnium
2012 943 2118 996 Deo

537 1027 719 1096 procul
757 1027 922 1081 dubio
967 1029 1418 1097 promerebimur,
1459 1030 1583 1082 dum
1626 1031 1727 1098 piis
1769 1031 2119 1100 petitionibus

537 1127 862 1183 annuentes,
891 1134 954 1172 ea
985 1135 1103 1188 qua:
1136 1119 1363 1174 distorta
1393 1120 1475 1174 vel
1511 1121 1704 1190 injuste
1731 1121 1940 1175 sublata
1971 1133 2115 1187 sunt,

538 1218 720 1264 nostro
761 1209 848 1278 pio
875 1206 1077 1264 fuerint
1116 1210 1232 1264 sine
1274 1211 1434 1264 dubio
1471 1212 1838 1264 tnmlcrautiue
1873 1214 2116 1267 restituta

534 1309 699 1370 atque
735 1301 960 1354 directa.
1000 1300 1338 1370 Quapropter
1385 1301 1508 1365 tibi,
1556 1302 1723 1356 frater
1761 1303 2116 1368 cbarissime,

537 1406 692 1461 quem
729 1393 898 1462 magis
930 1394 1066 1447 bona
1107 1393 1350 1448 ecclesiae
1381 1404 1480 1447 tua:
1519 1395 1572 1448 in
1603 1403 1862 1462 quantum
1894 1396 2120 1465 possibi-

538 1481 657 1536 litas
682 1491 769 1535 ttta
798 1483 1024 1549 obtinet,
1050 1497 1246 1554 augere
1272 1498 1434 1552 quam
1465 1484 1706 1538 minuere
1735 1485 1814 1538 vel
1843 1487 2122 1541 destruere

539 1574 807 1639 novimus,
836 1575 1178 1638 charitativa,
1210 1584 1268 1628 ut
1291 1584 1506 1644 oportet
1527 1609 1542 1640 ,-
1571 1576 1859 1630 dilectione
1886 1577 1936 1629 in
1970 1586 2120 1631 recta

538 1673 623 1717 tua
650 1664 953 1734 pulsatioue
977 1666 1249 1734 aperimus
1272 1667 1468 1721 ostium
1499 1667 1885 1722 misericordiae
1907 1682 2122 1739 aposto-

537 1756 652 1811 licae
681 1796 695 1821 ,
746 1757 1130 1814 continuantes
1169 1767 1226 1812 et
1270 1759 1686 1815 corroborantes
1734 1777 1829 1829 per
1876 1772 2118 1815 sanctum

535 1862 760 1902 summm
785 1858 983 1903 nostra:
1009 1850 1152 1904 sedis
1173 1850 1532 1920 privilegium,
1589 1852 1706 1905 sine
1734 1852 1878 1904 omni
1906 1851 2121 1906 ιωείοηο

538 1936 619 1991 vel
666 1938 845 2007 aliqua
893 1939 1324 2007 perturbatione,
1353 1941 1600 1994 obtinere
1637 1939 1924 1994 ecclesiam
1974 1951 2120 1995 tuam

537 2028 716 2080 omnia
745 2040 863 2096 qua:
887 2043 1057 2096 usque
1087 2029 1247 2082 modo
1272 2031 1534 2097 possedit,
1567 2029 1835 2085 vclmodo
1861 2030 2119 2100 possidet,

538 2114 616 2168 vel
645 2130 960 2184 possessura
991 2128 1075 2171 est
1106 2117 1160 2172 in
1197 2127 1494 2188 posterum.
1538 2117 1689 2174 Unde
1723 2135 1788 2173 ex
1827 2121 2120 2189 apostolica

537 2207 901 2278 apostolorum
931 2209 1190 2278 principis
1229 2209 1405 2276 Petri,
1445 2219 1498 2265 et
1525 2221 1741 2273 nostra,
1774 2209 1925 2279 cujus
1951 2214 2122 2267 vicem

538 2296 794 2363 gerimus,
817 2297 1161 2364 auctoritate,
1191 2299 1536 2370 prmeipimus
1565 2310 1728 2371 atque
1753 2303 2124 2359 interdicimus

540 2392 597 2435 ut
625 2384 806 2438 nullus
835 2386 934 2440 sub
969 2387 1138 2440 nostri
1172 2388 1456 2457 apostolici
1484 2390 1762 2460 regiminis
1776 2391 1900 2460 jure
1921 2392 2122 2464 degen-

540 2473 674 2528 tiutn
698 2515 711 2539 ,
750 2475 991 2543 scilicet,
1037 2477 1351 2547 imperator,
1393 2494 1509 2544 rex,
1545 2480 1675 2545 dux,
1725 2481 1996 2547 marcbio,
2036 2495 2125 2534 ar‘-

540 2565 934 2635 chiepiscopus,
965 2566 1250 2637 episcopus
1270 2607 1284 2631 ,
1315 2582 1528 2634 comes,
1559 2570 1640 2624 vel
1671 2571 2002 2635 vicecomes,
2031 2578 2124 2626 aut

533 2655 734 2726 aliquis
757 2656 1081 2725 jesactorum
1117 2655 1344 2724 alicujus
1381 2658 1489 2723 rei,
1533 2667 1640 2712 tam
1672 2658 1932 2714 laicorum
1961 2675 2122 2730 quam

533 2747 1053 2814 ecclesiasticarum,
1080 2756 1174 2801 aut
1199 2763 1418 2818 magna,
1446 2758 1537 2803 aut
1564 2766 1732 2819 parva
1757 2753 2014 2822 cujuscun
2034 2765 2124 2822 ,ue

538 2839 860 2895 conditionis
887 2855 1114 2908 persona
1148 2841 1426 2907 invadere,
1454 2842 1772 2907 distrahere,
1805 2843 2008 2899 violare
2031 2853 2124 2899 aut

537 2931 857 3005 perturbare
883 2941 1177 3000 praesumat
1201 2932 1436 3002 praefatae
1463 2933 1601 2989 bona
1627 2934 1870 2988 ecclesia:
1900 2937 1950 2988 in
1975 2935 2122 2990 cellis

536 3028 595 3088 et
623 3019 875 3086 castellis,
908 3021 962 3074 in
1001 3021 1163 3087 villis,
1199 3037 1261 3077 ac
1290 3022 1522 3090 praediis,
1556 3023 1636 3077 vel
1672 3023 2120 3094 possessionibus,

539 3125 597 3172 et
635 3132 755 3187 qua:
793 3117 990 3187 ubique
1037 3117 1089 3171 in
1131 3118 1283 3188 pagis
1325 3117 1409 3173 vel
1462 3119 1750 3173 territoriis
1795 3118 2123 3188 quibuslibet

539 3177 857 3278 praescripta
890 3177 1078 3277 legalia
1107 3177 1312 3277 vel‘per
1341 3219 1608 3277 praecepta
1636 3209 1878 3277 possidet
1903 3209 2121 3278 regalia.
2153 3177 2198 3237 Ο

544 3296 602 3355 Si
635 3298 755 3368 quis
778 3307 955 3352 autem
983 3309 1170 3352 contra
1203 3300 1362 3369 hujus
1385 3310 1583 3356 nostrae
1613 3303 1989 3372 praeceptionis
2019 3303 2128 3371 pri-

533 3368 886 3457 'vilegium....
927 3391 1358 3460 praesumpserit,
1391 3401 1482 3445 aut.
1510 3395 1958 3461 prwsumentibus
1999 3411 2128 3449 eon-

540 3480 792 3544 senserit,
815 3489 906 3534 aut
928 3480 1105 3535 fautor
1123 3483 1415 3551 exstiterit,
1436 3494 1487 3540 et
1508 3503 1613 3540 non
1638 3488 1815 3556 potius
1837 3489 2128 3544 observare

541 3568 598 3622 in
626 3568 895 3640 integrum
928 3573 1229 3639 studuerit,
1259 3584 1315 3630 et
1345 3586 1583 3631 nostram
1609 3579 1956 3648 apostolicam
1992 3581 2129 3635 hanc

498 3659 995 3733 'lpraaceptionem,
1041 3663 1470 3721 interdictionem
1521 3669 1822 3738 transgredi
1869 3684 2129 3739 praesuin-

537 3749 742 3819 pserit,
774 3751 910 3806 sciat
941 3768 998 3808 se
1039 3756 1357 3811 auctoritate
1395 3757 1535 3812 beati
1583 3758 1724 3813 Petri
1764 3761 2128 3829 apestolorum

541 3842 828 3915 principis,
870 3847 1128 3902 cmlorum
1174 3849 1321 3921 regni
1356 3849 1638 3922 clavigeri,
1675 3861 1964 3922 nostroque
1995 3869 2127 3906 ana—

544 3935 798 3991 thematis
822 3938 1038 3994 vinculo
1067 3940 1376 4002 innodatum
1397 3978 1413 4008 ,
1451 3951 1505 3998 et
1533 3959 1562 3996 a
1601 3960 1764 4015 regno
1792 3946 1888 4000 Dei
1921 3946 2127 4000 aliena—

535 4033 676 4091 tum,
709 4037 870 4097 atque
901 4044 1023 4084 cum
1051 4031 1268 4088 diabolo
1303 4041 1358 4086 et
1379 4033 1495 4102 ejus
1526 4035 1882 4090 atrocissimis
1905 4038 2131 4106 .pmnpis

539 4123 1030 4186 transgressorem,
1074 4132 1378 4178 sanctorum
1415 4123 1638 4180 Patrum
1669 4127 1925 4183 canonica
1967 4128 2130 4182 tradi-

547 4203 696 4259 tione
735 4207 1066 4276 depntatum.
1111 4212 1376 4278 Quoniam
1415 4215 1675 4284 scriptum
1716 4224 1832 4283 est,
1871 4217 2130 4272 terminos

547 4293 770 4349 Patrum
807 4308 1116 4354 nostrorum
1153 4301 1300 4356 nulla
1328 4305 1652 4359 auctoritate
1678 4305 1877 4361 illicitae
1910 4307 2128 4362 temeri-

535 4384 672 4452 tatis
725 4389 1024 4459 transgredi
1079 4393 1371 4460 prmsumi;
1427 4403 1482 4449 et
1535 4397 1660 4465 quia
1713 4398 2132 4467 Opporttmitatis

545 4476 711 4549 exigit.
743 4479 878 4534 ratio
909 4493 1128 4552 propter
1152 4499 1276 4550 vos,
1307 4496 1362 4541 et
1399 4495 1828 4559 transgressores
1856 4491 2130 4545 canonica:

543 4568 894 4624 correctionis
935 4569 1130 4626 debere
1168 4572 1324 4628 freno
1361 4577 1678 4648 constringi.
1722 4577 1868 4634 illius
1910 4579 2130 4649 insuper

537 4655 811 4728 ,spirituali
827 4659 1008 4729 jaculo
1031 4664 1226 4732 perdat
1249 4666 1510 4732 animam,
1534 4669 1687 4739 cujus
1713 4671 1993 4740 temporali
2017 4672 2129 4741 gla-

545 4749 637 4805 dio
664 4749 906 4807 Malchus
931 4755 1110 4810 amisit
1137 4759 1457 4814 auriculam.
1484 4760 1584 4827 Qui
1613 4773 1794 4817 autem
1817 4763 2130 4820 observator

542 4841 829 4907 exstiterit,
855 4843 1054 4900 ditetnr
1074 4848 1215 4903 dono
1235 4849 1542 4920 apostolica:
1564 4851 1974 4921 benedictionis,
1995 4865 2125 4922 etc.,

542 4926 683 4983 bene
714 4930 905 4987 valete.
1259 4984 1261 4986 .
1531 4926 1544 4944 ’

615 5018 805 5074 Datum
845 5040 878 5074 Χ
913 5024 1028 5074 Kal-
1059 5026 1181 5074 Julii
1216 5046 1310 5074 nor
1341 5047 1556 5074 mimum
1599 5033 1840 5074 Ρηιρι-ἰρί
1875 5034 2088 5074 Λίειρηιιί

1519 398 1524 404 ι
1603 372 1661 428 S.
1704 373 1950 431 LEONlS
1989 376 2050 430 IX
2096 375 2296 432 ΡΑΡΑΞ
2335 376 2722 435 OPUSCULA:

537 483 783 556 martyris
809 481 1128 554 requiescit,
1163 481 1378 553 tuisque
1405 485 1812 541 successoribus
1841 486 1893 540 in
1925 502 2114 558 perpe-
2142 498 2187 554 Α

3687 385 3796 444 676

2945 491 3076 548 LIX.

2205 575 2278 630 ‘3.
2312 570 2417 631 Leo
2448 577 2530 632 IX
2564 577 2814 659 Ecclesia:
2843 581 3195 659 Solet-nilono'
3214 589 3342 656 jura
3373 589 3807 659 me'ropo’imua,

2409 660 2608 718 petente
2636 650 2844 706 Joanne
2870 650 3281 723 archiepiscopo,
3309 650 3584 726 conﬁrmet

2810 743 2986 812 (Anno
3027 745 3210 816 1031.)

2451 830 2669 901 [Barom
2701 835 2770 886 ad
2798 851 2885 888 an.
2922 836 3076 898 1051,
3115 845 3247 892 tom.
3279 839 3382 904 XI,
3418 839 3521 894 195
3549 841 3568 914 ]

2288 918 2400 974 Leo
2427 924 2728 994 cpiscopus,
2759 942 2948 982 servus
2971 944 3249 984 servorum
3276 931 3393 998 Dei,
3421 947 3624 988 sam-tre
3649 949 3813 992 vene.

2221 1010 2374 1063 rabili
2402 1011 2756 1070 Salernitanze
2778 1018 3048 1082 Ecclesize,
3081 1036 3199 1089 qua:
3221 1032 3298 1077 est
3324 1024 3498 1078 beaue
3521 1035 3573 1079 et
3598 1043 3813 1098 semper

2218 1102 2445 1172 virginis
2485 1106 2575 1160 Dei
2622 1109 2901 1176 genitricis
2942 1110 3149 1176 Mariae,
3190 1114 3276 1167 ubi
3314 1116 3480 1169 etiam
3518 1119 3808 1186 gloriosum

2223 1194 2455 1249 Matthxi
2498 1199 2722 1266 apostoli
2767 1210 2822 1254 et
2860 1204 3203 1272 evangelista:
3249 1222 3445 1275 corpus
3485 1225 3608 1262 cum
3656 1211 3751 1262 lca
3781 1227 3813 1261 ο

2221 1294 2456 1356 martyre
2490 1287 2786 1343 Fortunato
2817 1295 3137 1361 requiescit,
3167 1307 3220 1348 et
3259 1313 3356 1366 per
3385 1315 3508 1352 cum
3549 1300 3810 1355 conflari

2222 1387 2407 1432 nostro
2447 1378 2634 1434 Jonth
2679 1381 2921 1450 ejusdem
2969 1384 3224 1442 Ecclesiae
3267 1391 3713 1462 archiepiscopo,
3760 1395 3811 1446 in

2222 1479 2567 1536 perpetuum.

2294 1555 2538 1613 Ollicium
2589 1562 2926 1618 sacerdotale
2959 1578 3269 1632 assumere,
3314 1569 3357 1622 si
3407 1571 3652 1625 interiori
3684 1573 3814 1644 vigi-

2223 1649 2381 1705 lautia
2411 1658 2826 1724 perpendamus,
2851 1661 3033 1714 oneris
3062 1671 3142 1716 est
3173 1664 3343 1735 magis
3372 1682 3532 1733 quam
3563 1669 3812 1735 honoris;

2224 1746 2418 1815 quippe
2452 1750 2535 1802 cui
2563 1751 2778 1819 propria
2807 1768 2998 1808 curare
3023 1772 3126 1809 non
3163 1757 3390 1810 sollieiat
3412 1799 3424 1821 ,
3456 1760 3558 1813 nisi
3587 1770 3642 1814 et
3671 1761 3813 1816 salt:-

2151 1835 2195 1895 B
2227 1836 2392 1890 l-.riter
2421 1842 2646 1908 gesserit
2672 1842 2863 1896 aliena.
2896 1844 3030 1898 Nam
3058 1849 3124 1900 ad
3154 1847 3255 1902 hoc
3280 1853 3575 1918 pastoralis
3599 1855 3816 1922 regimio

2224 1927 2306 1980 nis
2331 1943 2516 1983 curant
2547 1934 2859 2003 aggreditur
2885 1945 2942 1990 ut
2965 1937 3190 1992 aliorum
3232 1941 3283 1993 in
3310 1960 3367 1994 se
3395 1943 3816 2000 sollieitu.lincm

2228 2019 2312 2086 pia
2355 2022 2660 2088 provisione
2705 2027 2999 2096 suscipiat,
3042 2039 3098 2084 ut
3143 2026 3194 2086 in
3237 2049 3423 2088 eorum
3468 2053 3527 2090 se
3574 2041 3817 2094 cnsto.Zia

2223 2108 2508 2179 vigilanter
2545 2114 2828 2184 disponat,
2861 2134 2929 2173 ne
2969 2131 3152 2176 nostra
3185 2123 3324 2179 forte
3355 2128 3561 2182 desidia
3609 2130 3819 2184 invidos

2221 2201 2394 2257 hostis
2421 2205 2626 2271 rabida,
2654 2208 2794 2278 quod
2821 2211 2983 2278 absit,
3010 2229 3333 2286 quemquam
3356 2217 3510 2275 fauce
3533 2222 3566 2274 (Ι
3604 2221 3817 2292 glu;iat,

2225 2300 2275 2346 et
2299 2308 2484 2348 eorum
2507 2296 2572 2350 ad
2597 2308 2832 2354 nostram
2857 2317 2960 2355 non
2983 2303 3256 2361 immerito
3277 2309 3581 2378 applicetur
3603 2326 3820 2381 pennam

2221 2385 2488 2453 perditio,
2529 2389 2620 2456 qui
2663 2391 2982 2448 commissos
3021 2394 3248 2451 sollicita
3295 2401 3572 2458 custodire
3610 2403 3820 2458 cautela

2225 2474 2568 2544 negligimus.
2603 2479 2969 2538 Exhibeamus
2995 2500 3124 2556 ergo
3153 2489 3293 2556 quod
3325 2491 3586 2559 dicimus,
3618 2505 3676 2550 ct
3703 2497 3820 2566 qui-

2223 2565 2326 2621 bus
2349 2567 2514 2623 divini
2532 2571 2934 2641 dispensatione
2953 2579 3164 2633 consilii
3189 2596 3420 2650 praeesse
3442 2601 3544 2640 nos
3565 2565 3819 2658 contigit,

2223 2651 2479 2727 prodesse
2513 2673 2772 2732 quantum
2816 2683 3102 2737 possumus
3145 2672 3498 2742 festinemus,
3550 2688 3648 2744 ut,
3691 2651 3822 2736 dum

2225 2751 2460 2807 creditor
2484 2755 2747 2811 rationem
2776 2758 3052 2816 nobiscum
3083 2765 3354 2833 positurus
3385 2770 3700 2835 advenerit,
3733 2769 3817 2828 lu-

2225 2856 2375 2896 crum
2417 2861 2514 2900 nos
2544 2845 2738 2903 fecisse
2776 2853 3037 2922 reperiat,
3083 2864 3138 2910 et
3179 2873 3274 2912 sua
3300 2900 3314 2922 ,
3352 2860 3491 2915 sicut
3533 2865 3820 2933 promisit,

2225 2939 2664 2996 remuneratione
2693 2942 2947 3000 laetificat.
2980 2947 3045 3002 Et
3068 2951 3322 3019 quoniam
3349 2954 3416 3008 ad
3442 2970 3686 3024 prmscns
3723 2973 3818 3014 ec-

2225 3025 2444 3080 clesiam
2479 3029 2635 3084 istam
2667 3032 2824 3088 nullis
2860 3035 3016 3091 bonis
3046 3043 3247 3096 nostris
3275 3043 3580 3111 honorare,
3610 3048 3816 3112 ditare,

2227 3113 2336 3178 vel,
2364 3123 2420 3169 ut
2449 3129 2690 3187 oportet,
2719 3123 2986 3195 adaugere
3011 3143 3328 3197 possumus,
3363 3148 3457 3185 sua
3486 3134 3591 3189 sibi
3619 3137 3817 3190 conﬁr-

2231 3219 2378 3260 mare
2431 3217 2486 3261 et
2511 3208 2790 3266 indiscissa
2839 3214 2923 3268 vel
2953 3215 3234 3272 imminuta
3261 3220 3346 3290 pia
3375 3220 3666 3279 devotione
3691 3241 3820 3280 cet.-

2229 3307 2410 3349 semus
2431 3312 2774 3356 conservare.
2805 3303 2956 3360 Unde
2979 3305 3161 3363 fratris
3182 3307 3403 3366 Joannis
3426 3315 3820 3385 archiepiscopi

2230 3388 2477 3457 petitioni
2529 3391 2886 3452 libentissime
2933 3410 3274 3469 annuentes,
3331 3404 3432 3459 hoc
3484 3409 3818 3476 apostolazus

2230 3483 2399 3536 nostri
2437 3484 2774 3556 privilegium
2807 3488 2921 3544 fieri
2957 3492 3326 3561 decrevimus,
3359 3505 3664 3555 statuentes
3694 3516 3820 3570 ape-

2231 3573 2418 3629 stolica
2454 3591 2680 3632 censura
2726 3588 2783 3632 nt
2823 3597 3158 3655 quazcunque
3198 3585 3584 3656 imperatores,
3633 3606 3816 3661 rcges,

2233 3668 2516 3739 principes,
2543 3682 2635 3725 aut
2657 3673 2746 3742 qui
2771 3691 2910 3731 nunc
2932 3677 3076 3731 clare
3093 3682 3815 3753 principaturGuatmarins,

2231 3762 2296 3815 ad
2335 3763 2474 3817 hanc
2504 3764 2717 3820 domum
2757 3767 2965 3823 Domini
2997 3773 3224 3826 contulit
3252 3775 3387 3830 bona
3408 3818 3422 3842 ,
3462 3779 3542 3833 vel
3575 3783 3759 3836 omnia
3788 3798 3818 3836 a

2230 3851 2640 3924 quibuscunque
2674 3855 2872 3912 Christi
2902 3858 3151 3917 fidelibus
3180 3880 3431 3922 concessa
3453 3908 3469 3933 ,
3499 3870 3583 3924 vel
3615 3871 3670 3924 in
3703 3889 3821 3941 per-

2231 3951 2448 4011 petuum
2487 3955 2610 4000 sunt
2641 3949 3020 4029 concedenda,
3067 3965 3182 4009 rata
3217 3970 3430 4027 semper
3465 3969 3521 4014 et
3563 3961 3816 4018 inviolata

2231 4043 2596 4101 permaneant.

2302 4124 2695 4186 Conflrmamus
2718 4132 2881 4187 etiam
2912 4133 3004 4190 tibi
3035 4137 3206 4206 ipsum
3230 4152 3292 4195 ex
3317 4140 3525 4212 integro
3547 4145 3820 4215 archiepi.

2232 4229 2509 4289 scapatum
2542 4220 2940 4281 Salernitanum
2971 4242 3092 4284 cum
3123 4231 3222 4286 sibi
3252 4233 3625 4303 adjacentibus
3657 4253 3814 4308 parm

2232 4309 2370 4366 cbiis
2394 4313 2524 4367 suis.
2555 4313 2622 4367 Et
2650 4315 2872 4386 insuper
2895 4317 3165 4376 licentiam
3193 4332 3250 4377 et
3272 4335 3592 4394 potestatem
3623 4330 3817 4386 damus

2231 4400 2516 4456 ordinandi
2546 4412 2601 4457 et
2625 4409 2980 4464 consecrandi
3009 4409 3062 4464 in
3089 4411 3172 4467 bis
3200 4415 3454 4485 subjectis
3475 4419 3634 4476 nobis
3659 4420 3817 4492 locis,

2233 4486 2336 4544 hoc
2366 4499 2479 4554 est,
2523 4489 2908 4552 Pestaneusem
2941 4500 3308 4571 episcopatum
3343 4521 3464 4562 cum
3503 4486 3829 4582 parochiis,

2230 4588 2286 4632 et
2313 4579 2629 4648 adjacentiis
2654 4588 2794 4648 suis,
2823 4598 2876 4643 et
2911 4588 3208 4658 Nolanum,
3249 4606 3304 4650 et
3342 4597 3651 4658 Consanum
3691 4579 3815 4662 cum

2231 4672 2502 4738 parochiis
2524 4683 2578 4728 et
2603 4675 2920 4743 adjacentiis
2943 4681 3076 4748 suis,
3100 4699 3307 4741 necnon
3338 4687 3726 4765 Maluivanum,
3762 4711 3817 4754 et

2231 4760 2603 4828 Cusentinnm,
2636 4768 2902 4840 simulque
2934 4773 3302 4846 episcopatum
3333 4780 3811 4851 Bisunianensem,

2215 4855 2393 4923 atque
2423 4854 2789 4926 episcopatum
2817 4860 3202 4921 Acerentinum
3232 4885 3354 4924 cum
3379 4875 3631 4931 omnibus
3656 4893 3815 4947 paro-

2231 4945 2448 5000 chiiset
2479 4948 2793 5018 adjacentiis
2824 4969 3034 5011 eorum.
3078 4957 3191 5015 Nec
3217 4977 3319 5016 non
3347 4963 3509 5021 liceat
3540 4969 3634 5023 tibi
3657 4945 3812 5026 ordie

2231 5050 2364 5074 Πηνρ
2418 5037 2696 5074 Ωηῖαηηηηρ
2737 5058 2901 5074 clinicu-
2947 5050 3288 5074 Ann~n.-n.-n:,-
3325 5052 3338 5074 1
