4062 5352
217 291 326 345 677

1199 290 1554 348 EPISTOL/E
1595 291 1682 346 ET
1724 289 2040 348 DECRETA
2076 291 2482 353 PONTIFICIA.

3389 308 3494 368 678

214 407 592 471 consenserit,
623 415 714 462 aut
747 406 926 462 l'autor
949 406 1246 474 exstiterit,
1273 417 1329 463 et
1359 423 1464 463 non
1497 409 1674 478 potius
1697 408 1785 464 ob-

1904 403 2210 460 cessoribus
2265 405 2318 460 in
2372 415 2690 478 perpetuum
2727 448 2742 476 ,
2807 417 3108 469 statuentes
3182 417 3481 486 apostolica

215 510 444 551 scrvare
477 497 608 552 illud
645 497 910 568 integrum
948 498 1244 564 studuerit,
1283 499 1375 553 sed
1407 508 1645 554 nostram
1680 515 1812 570 apo-

213 587 465 658 stolicam
490 588 628 643 hanc
649 589 1026 659 praeceptionis
1047 589 1480 644 interdictionem
1505 599 1567 645 tr.
1592 590 1806 660 nsgrcdi

212 678 644 747 przesumpserit,
666 677 799 734 sciat
821 693 880 734 se
901 680 1225 734 auctoritate
1251 681 1394 736 beati
1419 679 1562 734 Petri
1591 691 1810 750 aposto-

210 763 390 821 lorum
422 768 686 838 principis
713 768 973 824 ctelorum
1010 773 1161 842 regni
1194 770 1483 842 clavigeri,
1513 781 1806 841 nostroque

209 857 579 912 anathematis
608 859 820 914 vinculo
857 869 912 914 et
953 861 1300 927 innodatum,
1343 871 1399 918 et
1436 879 1465 917 a
1507 877 1670 933 regno
1710 862 1802 918 Dei

211 948 512 1003 alienatum
539 990 554 1012 ,
589 962 754 1020 atque
787 967 910 1007 cum
945 951 1164 1009 diabolo
1193 963 1249 1009 et
1288 953 1405 1023 ejus
1448 960 1805 1016 atrocissimis

211 1041 445 1109 potnpis,
475 1051 930 1111 transgressorem
960 1057 1269 1103 sanctorum
1292 1048 1511 1108 Patrum
1540 1055 1802 1112 canonica

212 1129 506 1184 traditione
544 1133 880 1202 deputatum.
916 1136 1182 1204 Quoniam
1219 1141 1479 1212 scriptum
1516 1155 1602 1201 est
1631 1164 1642 1200 :
1678 1147 1803 1203 Ter-

212 1222 390 1276 minos
432 1233 650 1292 patrum
698 1236 1006 1283 nostrorum
1045 1231 1187 1285 nulla
1233 1236 1554 1292 auctoritate
1603 1237 1801 1295 illicita:

213 1317 540 1373 temeritatis
571 1320 870 1390 transgredi
899 1323 1144 1390 praesumi
1174 1321 1356 1393 (Prov.
1387 1329 1543 1398 xxii).
1574 1329 1640 1383 Et
1672 1331 1798 1400 quia

207 1409 634 1476 Opportunitatis
663 1411 828 1479 exigit
870 1412 1004 1466 ratio
1029 1422 1313 1481 protervos
1343 1433 1406 1471 ac
1437 1428 1798 1488 transgresso-

211 1512 294 1552 res
313 1514 382 1553 ex
405 1502 687 1557 canonica:
701 1504 1057 1558 correctionis
1079 1504 1231 1559 freno
1250 1507 1447 1564 debere
1467 1512 1794 1582 constringi;

208 1588 355 1645 illius
394 1591 619 1661 insuper
652 1595 868 1664 speciali
903 1594 1219 1670 [spirituali]
1247 1597 1429 1666 jaculo
1455 1603 1646 1671 perdat
1679 1605 1797 1658 ani-

208 1696 376 1748 utam,
406 1682 564 1752 cujus
593 1685 873 1754 temporali
901 1686 1076 1756 gladio
1106 1687 1347 1745 Malchus
1375 1693 1552 1746 amisit
1579 1693 1793 1750 auricu-

1911 511 2140 551 censura
2192 505 2252 552 ut
2294 496 2472 552 nullus
2524 499 2859 571 imperator,
2914 504 3092 560 nullus
3137 523 3226 562 rex
3255 549 3270 574 ,
3315 510 3494 570 nullus

1910 588 2039 652 duv,
2087 589 2264 644 nullus
2309 591 2580 657 marchio,
2635 595 2812 650 nullus
2856 611 3080 666 comes,
3134 601 3312 659 nullus
3352 605 3494 662 vice-

1907 692 2108 739 comes,
2145 678 2323 735 nullus
2347 682 2626 746 castaldio,
2663 694 2718 738 et
2764 695 3026 754 prmterea
3067 691 3246 748 nullus
3278 697 3491 766 episco-

1907 782 2040 839 pus,
2099 768 2182 824 vel
2233 771 2520 841 cujuslibet
2570 774 2776 830 ordlnis
2826 791 2920 831 seu
2975 778 3249 849 dignitatis
3297 803 3490 859 magna

1906 873 2181 928 parvaque
2233 876 2484 930 persona,
2519 872 2706 920 contra
2757 867 2896 922 hanc
2931 878 3129 926 nostrae
3172 880 3492 948 przccepiio.

1906 948 2011 1011 nis,
2055 951 2424 1006 concessionis
2475 960 2530 1006 et
2583 954 3044 1014 corroboratiouis
3097 965 3345 1034 paginam
3395 984 3490 1023 au-

1905 1039 2031 1093 deat
2072 1050 2404 1109 pertentarc.
2455 1042 2554 1110 Qui
2607 1061 2738 1100 vero
2799 1049 2956 1117 hujus
3008 1056 3176 1109 nostri
3220 1057 3489 1132 privilegii

1902 1126 2135 1182 violator
2184 1129 2478 1197 exstiterit,
2532 1136 2892 1192 anathematis
2943 1149 2994 1194 et
3054 1149 3490 1204 excommunica-

1905 1222 2067 1277 tionis
2094 1223 2309 1280 vinculo
2336 1226 2405 1279 sit
2435 1226 2707 1299 alligatus,
2756 1241 2810 1286 ct
2856 1249 2975 1288 cum
3021 1235 3158 1292 Juda
3208 1241 3489 1309 proditore

1901 1314 2147 1382 Christi,
2203 1317 2304 1371 nisi
2367 1320 2694 1390 rcsipucrit,
2754 1326 2826 1380 sit
2879 1338 3096 1386 :ctcrna:
3151 1333 3486 1396 damnationi

1903 1407 2156 1466 traditus.
2187 1409 2252 1463 Et
2275 1413 2364 1480 qui
2397 1413 2717 1470 observator
2756 1417 2951 1485 fuerit,
3004 1424 3072 1478 ab
3119 1427 3487 1496 omnipotente

1901 1497 2012 1552 Deo
2042 1499 2398 1556 benedicatur
2423 1512 2478 1558 et
2516 1506 2888 1575 spiritualibus
2937 1514 3144 1582 gaudiis
3193 1518 3483 1587 repleatur.

1901 1592 2203 1650 Statuitnus
2266 1597 2431 1651 etiam
2493 1608 2552 1653 ut
2613 1618 2640 1654 a
2699 1602 2943 1660 Romano
3003 1610 3256 1678 pontifice
3317 1615 3485 1671 abbas

1897 1683 2057 1752 hujus
2111 1688 2426 1744 monasterii
2478 1691 2711 1763 accipiat
2775 1701 3202 1757 consecrationis
3257 1704 3482 1762 benedi-

206 1773 333 1830 lam.
365 1777 468 1844 Qui
507 1793 637 1833 vero
668 1779 825 1850 hujus
858 1782 1024 1836 nostri
1061 1784 1324 1854 privilegii
1354 1788 1794 1842 constitutionem
1828 1765 1871 1825 B
1902 1777 2159 1832 οιίοηθῐη·

205 1878 255 1921 et
282 1869 757 1926 conﬁrmationem
783 1875 1152 1930 observaverit
1183 1893 1213 1930 a
1245 1877 1471 1932 Domino
1500 1880 1608 1933 Deo
1631 1880 1795 1935 bene-

206 1959 435 2024 dicatur,
462 1971 516 2015 et
536 1965 725 2018 aeterni
748 1967 921 2036 regni,
946 1967 1103 2022 beato
1125 1969 1516 2027 interveniente
1537 1972 1792 2030 Matthaco

204 2053 555 2121 evangelista,
589 2057 857 2127 particeps
885 2058 1023 2113 efﬁci
1052 2072 1341 2116 mereatur.

275 2143 468 2198 Datum
503 2162 554 2199 χι
592 2147 861 2204 Kalendas
888 2152 1135 2221 Augusti,
1188 2169 1284 2223 per
1313 2171 1502 2210 manus
1527 2153 1789 2214 Friderici

203 2231 414 2294 diaconi
445 2245 648 2290 sanctae
675 2231 981 2307 apostolicae
1005 2241 1146 2296 sedis
1171 2243 1564 2301 bibliothecarii
1589 2257 1640 2302 et
1664 2264 1788 2303 can-

202 2323 438 2392 cellarii,
472 2339 526 2381 ct
552 2331 753 2384 domini
792 2331 1107 2389 llerimanni
1146 2335 1481 2394 Coloniensis
1515 2342 1788 2412 archiepi-

200 2416 345 2486 εωρί
394 2426 447 2471 et
489 2420 946 2478 archicancellarii
975 2464 991 2489 ,
1037 2440 1180 2481 anno
1225 2429 1427 2486 domini
1474 2429 1672 2490 Leonis
1717 2434 1786 2492 IX

198 2520 350 2577 papa:
380 2511 565 2577 tertio,
601 2512 892 2570 indictione
919 2528 1132 2586 quarta.

929 2631 1040 2687 LX.

196 2707 255 2767 S.
285 2711 392 2768 Leo
421 2713 509 2767 IX
536 2720 855 2800 monasterii
892 2721 954 2776 S.
1011 2723 1202 2800 λζανὶιε
1231 2727 1283 2782 in
1315 2726 1556 2800 Gorgona
1608 2733 1786 2793 insula

501 2788 587 2840 siti
622 2789 890 2860 privilegia
924 2795 1198 2863 conﬁrmat
1229 2808 1276 2852 et
1302 2788 1474 2872 auge}.

798 2885 976 2954 (Anno
1015 2888 1196 2956 1051.)

502 2969 760 3042 [Ughelli,
790 2973 954 3030 Italia
983 2976 1174 3046 Sacra,
1202 2981 1285 3047 lll,
1318 2983 1470 3056 358.]

267 3055 384 3112 Leo
430 3061 740 3131 episcopus,
794 3079 984 3122 servus
1037 3085 1318 3126 servorum
1372 3055 1488 3141 Dei,
1540 3078 1783 3135 ecclesra:

195 3155 400 3202 sanetae
429 3147 522 3203 Dei
567 3153 850 3221 genitricis
898 3170 961 3210 ac
995 3159 1218 3230 virginis
1266 3161 1449 3219 Maria:
1503 3166 1556 3221 in
1607 3168 1781 3226 insula

193 3235 447 3310 Gorgona
479 3279 495 3304 ,
554 3241 644 3296 ubi
705 3245 868 3298 etiam
931 3263 1128 3316 corpus
1187 3251 1332 3308 beati
1386 3255 1639 3328 Gorgonii
1700 3279 1785 3317 te-

191 3330 451 3400 quiescit,
481 3341 534 3387 et
563 3349 660 3403 per
687 3351 806 3391 eam
839 3338 932 3394 tibi
979 3339 1127 3399 Bono
1155 3344 1360 3414 abbati,
1409 3351 1622 3421 tuisque
1660 3370 1784 3410 suc-

191 3424 500 3479 cessoribus
528 3426 582 3479 in
611 3439 951 3498 perpetuum.

259 3511 534 3570 Convenit
585 3519 881 3587 apostolico
916 3524 1268 3582 moderamini
1305 3537 1452 3584 recte
1483 3535 1778 3600 petentium

189 3603 491 3675 adimplere
549 3608 922 3677 desiderium,
977 3623 1032 3668 et
1069 3615 1232 3683 justis
1296 3621 1780 3691 supplicationibus

190 3695 457 3766 impertiri
511 3696 847 3770 suffragium.
903 3702 1037 3770 Quia
1082 3707 1366 3775 postulasti
1420 3727 1450 3766 a
1503 3715 1678 3776 nobis.
1702 3716 1778 3771 ﬁli

187 3787 537 3852 cbarissime,
570 3800 844 3860 quatenus
892 3796 1333 3864 concederemus,
1377 3811 1432 3855 et
1479 3806 1775 3860 conﬁrma-

187 3889 394 3943 renius,
433 3895 528 3935 seu
562 3884 1043 3940 corrohoraremns
1090 3886 1182 3942 tibi
1232 3890 1447 3961 tuisque
1499 3910 1778 3952 successo-

185 3971 361 4036 ribus,
393 3987 493 4041 per
541 3975 709 4029 nostri
742 3977 1006 4048 privilegii
1056 3980 1330 4051 paginam,
1388 3989 1774 4044 monasterium

183 4061 238 4114 in
293 4062 560 4117 honorem
619 4063 679 4120 S.
736 4065 920 4123 Maria:
959 4068 1144 4125 Matris
1195 4070 1409 4128 Domini
1445 4077 1772 4147 dedicatum,

182 4159 234 4205 et
266 4152 319 4205 in
353 4152 527 4206 insula
557 4153 811 4226 Gorgona
855 4161 1089 4229 positum
1120 4180 1134 4217 :
1167 4178 1287 4234 quae
1319 4165 1514 4233 insula,
1547 4169 1686 4225 sicut
1719 4172 1773 4226 in

183 4241 240 4298 S.
275 4243 422 4299 Petri
486 4247 781 4319 privilegiis
835 4250 1048 4322 legitur,
1097 4255 1202 4311 sub
1244 4256 1367 4326 jure
1391 4269 1447 4314 et
1480 4261 1682 4316 ditione
1711 4262 1768 4318 S.

183 4339 378 4394 matris
418 4352 622 4397 nosme
665 4343 923 4401 Romana:
969 4351 1218 4406 consistit
1262 4354 1537 4412 Ecclesiae.
1581 4357 1767 4428 Igitur,

1966 1869 2156 1923 Datum
2203 1889 2313 1928 xvn
2364 1874 2589 1930 Kalend.
2640 1876 2958 1936 Novembris
3001 1900 3098 1953 per
3141 1903 3335 1945 manus
3381 1891 3484 1948 Fc-

1893 1956 2061 2013 dorici
2095 1962 2326 2027 diaconi,
2353 1975 2553 2021 sancta:
2596 1967 2856 2025 Romana:
2901 1971 3157 2031 Ecclesia:
3187 1978 3478 2040 bibliothe-

1893 2051 2463 2123 cariiettancellarii,
2506 2060 2624 2116 vice
2681 2064 2881 2118 domini
2932 2065 3246 2128 llerimanni
3297 2076 3480 2130 archi-

1891 2144 2197 2200 cancellarii
2252 2158 2306 2202 et.
2360 2148 2699 2209 Coloniensis
2743 2156 3170 2232 archiepiSCOpi,
3229 2180 3374 2223 anno
3424 2169 3479 2226 tl.

1890 2233 2091 2292 Leonis
2123 2237 2190 2292 IX
2220 2237 2323 2295 Pl’.
2360 2255 2441 2309 tn,
2478 2243 2668 2300 indict.
2697 2262 2771 2301 tv.

2616 2333 2754 2391 LXI.

1895 2487 1906 2501 ‘
1995 2412 2054 2471 S.
2080 2414 2181 2473 Leo
2211 2416 2295 2472 ΙΧ
2322 2425 2994 2565 monasteriiﬁSablacemt's
3020 2438 3372 2504 possessiones

2537 2513 2631 2548 con
2681 2509 2835 2553 nnat.

2537 2509 2835 2553 conﬁrmat.

2491 2585 2671 2652 (Anno
2690 2588 2868 2660 1051.)

2171 2667 2475 2744 [Muratori,
2506 2678 2682 2749 Aatiq.
2719 2679 2846 2735 Ital.
2873 2682 2962 2749 iV,
2996 2686 3182 2762 1062.]

1958 2797 1972 2812 .
2018 2799 2030 2814 .
2074 2799 2089 2815 .
2134 2760 2286 2818 Unde
2352 2765 2487 2834 tibi,
2542 2780 2730 2826 sancte
2787 2788 2850 2828 ac
2917 2760 3228 2837 venerande
3269 2784 3475 2857 Pater,

1888 2859 1975 2904 tua
2007 2853 2103 2908 tibi
2150 2855 2539 2914 conﬁrmamus
2584 2862 2732 2918 omni
2776 2865 3071 2937 diligentia,
3119 2875 3266 2930 omni
3311 2853 3476 2934 devo;

1885 2943 2033 3004 tione
2073 2984 2088 2999 .
2132 2986 2147 3002 .
2188 2985 2202 3000 .
2242 2963 2306 3004 ac
2364 2949 2594 3008 salutem
2644 2953 2698 3008 in
2757 2964 2971 3014 tuorum
3037 2963 3126 3033 pia
3174 2974 3228 3020 et
3280 2969 3474 3028 devota

1884 3038 2259 3095 observatione
2316 3043 2477 3114 digna
2544 3062 2702 3102 soror
2762 3060 2853 3125 tua
2917 3055 3067 3128 virgo
3131 3057 3472 3130 Scholastica

1810 3113 1854 3176 (ἶ
1887 3139 2063 3212 tecum
2119 3133 2234 3188 lucc
2279 3113 2462 3190 omnia
2519 3138 2719 3195 habeat
2764 3113 2922 3200 et‘in
2971 3113 3290 3219 pcrpetuum
3341 3127 3471 3228 pos?

1885 3223 2079 3278 sideat.

1952 3314 2214 3371 Fraterna
2295 3319 2610 3388 charitate,
2679 3324 2901 3394 speciali
2972 3336 3272 3392 reverentia
3341 3355 3470 3412 ergo

1883 3403 2218 3476 quascunque
2247 3409 2400 3465 vobis
2429 3425 2457 3464 a
2488 3411 2693 3468 Christi
2740 3416 2988 3476 ﬁdelibus
3031 3439 3292 3484 concessa
3317 3403 3470 3500 sntit.

1882 3494 1963 3550 vel
1992 3499 2338 3565 possidentur
2384 3500 2466 3555 vel
2504 3501 2557 3555 in
2592 3514 2868 3573 posterum
2919 3514 3338 3581 possidebuntur
3367 3494 3470 3578 sub

1881 3585 2102 3661 obtentu
2157 3591 2354 3646 summi
2399 3591 2604 3650 Iudicis
2649 3605 2705 3650 et
2751 3604 3076 3662 auctoritate
3118 3613 3289 3666 sancti
3319 3613 3468 3671 Petri

1880 3678 2250 3747 apostolorum
2323 3685 2626 3755 principis,
2699 3708 2796 3762 per
2855 3694 3196 3767 privilegium
3261 3715 3466 3761 sancta)

1878 3765 2137 3824 Romanae
2182 3774 2326 3830 sedis
2379 3779 2767 3838 conﬁrmamus
2817 3794 2870 3839 et
2922 3790 3240 3847 roboramus
3288 3797 3463 3852 vobis.

1876 3859 1934 3913 ln
1985 3861 2174 3932 primis
2229 3881 2448 3935 specum
2510 3873 2896 3939 tenebrosum,
2947 3883 3191 3949 corporis
3242 3885 3316 3938 tui
3367 3903 3463 3958 per

1877 3951 2095 4021 aliquod
2151 3963 2362 4026 temphs
2414 3971 2511 4028 pro
2573 3962 2790 4021 Christo
2839 3966 2943 4024 vile
3011 3951 3462 4049 reclinatoriuiu,

1877 4041 1973 4096 tibi
2035 4052 2158 4097 actu
2212 4055 2264 4099 et
2319 4049 2537 4104 nomine
2588 4053 2855 4123 regularis
2887 4093 2902 4109 .
2943 4096 2957 4112 .
2997 4102 3009 4114 .
3044 4059 3206 4118 Pater
3265 4041 3462 4140 magno

1875 4132 2258 4198 discretionis,
2309 4148 2498 4192 sancte
2549 4134 2838 4200 Benedicto
2867 4188 2881 4211 ,
2921 4148 3080 4205 sicuti
3148 4132 3482 4230 specialiter

1875 4221 1968 4274 tibi
1998 4221 2238 4278 solitario
2264 4225 2566 4282 solitarium
2603 4231 2835 4302 elegisti,
2880 4237 2952 4293 ita
2999 4221 3234 4300 etiam'a
3263 4257 3314 4303 te
3341 4251 3458 4306 solo

1872 4313 2184 4384 specialiter
2237 4318 2572 4389 disponimus
2615 4326 2901 4393 possideri.
2951 4330 3028 4386 lta
3080 4336 3261 4392 omnia
3304 4340 3458 4396 volu-

183 4429 429 4486 inclinati
460 4433 719 4492 precibus
755 4439 880 4492 tuis.
913 4443 1257 4492 concedimus
1284 4455 1337 4492 et
1362 4416 1765 4492 ρηηηιιιιιξιηηιί
1798 4462 1848 4492 τι
1871 4421 1992 4461 mus
2039 4421 2071 4460 ³
2115 4416 2193 4473 le'
2245 4417 2299 4465 et
2341 4425 2372 4464 ⁸
2422 4420 2514 4492 ιυα
2567 4429 2756 4472 δοτοτθ
2805 4418 3044 4479 fraterna
3077 4430 3459 4492 communione

183 4430 198 4441 .
298 4435 308 4443 .
417 4432 429 4444 .
597 4433 609 4445 .
815 4439 826 4450 .
1121 4445 1132 4454 .
1874 4430 1992 4461 ιιιυδ
2039 4430 2071 4460 a
2115 4430 2193 4473 te,
2245 4430 2299 4465 et.
2341 4430 2372 4464 a
2423 4430 2456 4466 lt

181 4430 429 4486 mdrnatr
459 4435 719 4504 precrbus
755 4447 880 4505 tuis,
913 4443 1257 4500 concedimus
1284 4455 1338 4500 et
1362 4447 1766 4517 confirmamus,
1796 4462 1848 4523 ι)
1877 4499 2044 4523 ,ΛΜ-ε
2105 4510 2184 4523 ,η
2451 4490 2456 4496 ~

181 4532 276 4577 ιω
327 4527 751 4580 corroboramus
788 4527 882 4583 tibi
934 4530 1143 4601 tuisque
1187 4533 1238 4587 in
1288 4546 1605 4607 perpetuum
1647 4555 1772 4596 suc-

183 4613 494 4668 cessoribus
521 4629 620 4683 per
642 4616 803 4685 lmjus
826 4620 998 4674 nostri
1023 4622 1288 4695 privilegii
1318 4628 1569 4698 paginam
1596 4629 1794 4700 ipsum~

180 4706 578 4761 monasterium
607 4723 730 4762 cum
778 4713 1035 4780 prmdicta
1081 4716 1272 4782 insula,
1321 4731 1379 4774 ut
1421 4737 1634 4795 semper
1661 4727 1771 4782 sint

181 4796 575 4851 monachorum
623 4797 952 4864 habitacula,
998 4819 1066 4858 nc
1103 4807 1194 4861 tiat
1222 4810 1473 4878 spelunca
1520 4814 1766 4886 latronis,

182 4903 299 4959 quae
351 4891 504 4961 prius
549 4889 650 4946 fuit
703 4892 895 4950 domus
943 4899 1226 4954 orationis.
1282 4903 1466 4959 Abbas
1500 4908 1766 4978 siquidem

182 4981 234 5036 in
257 4984 446 5038 eodem
479 4985 730 5040 eoenobio
768 5002 1046 5059 nunquam
1095 4991 1378 5048 ordinetur
1421 5012 1520 5067 pro
1567 5001 1763 5070 pretio.

182 5075 273 5128 sed
325 5075 417 5144 qui
493 5077 790 5132 secundum
858 5077 1098 5149 regulam
1171 5083 1229 5137 S.
1287 5085 1563 5144 Benedicti
1638 5108 1763 5148 cum

181 5165 405 5222 fratrum
463 5169 690 5224 consilio
733 5171 1007 5228 invenitur
1062 5174 1254 5228 melior
1283 5175 1336 5231 in
1402 5179 1518 5250 ipso
1569 5198 1762 5240 mona-

182 5261 382 5325 sterio;
425 5269 478 5314 et
523 5277 859 5334 qurecunque
911 5280 940 5319 a
995 5262 1129 5319 viris
1176 5268 1441 5338 religiosis
1482 5282 1537 5328 et
1590 5275 1759 5331 Deum

1876 4499 2070 4565 teneri,
2102 4510 2208 4557 etc.

1944 4589 2136 4646 Datum
2189 4596 2425 4652 secundo
2463 4597 2732 4659 Kalendas
2780 4603 3102 4665 Novembris
3138 4626 3237 4682 per
3263 4630 3458 4675 manus

1870 4675 2142 4736 Fredcrici
2189 4684 2444 4754 diaconi,
2476 4699 2530 4744 et
2559 4702 2761 4748 sancta:
2814 4695 3072 4754 Romana:
3118 4700 3372 4761 Ecclesia:
3400 4716 3458 4765 et

1871 4774 2178 4842 apostolicae
2211 4779 2355 4834 sedis
2384 4783 2713 4848 cancellarii,
2749 4787 2865 4842 vice
2908 4791 3108 4846 domini
3139 4793 3454 4860 Herimanni

1869 4867 2334 4926 archicancellarii
2363 4885 2417 4928 et
2442 4873 2776 4932 Coloniensis
2807 4882 3221 4956 archiepiscopi.

2581 4965 2741 5022 ιλιι.

1867 5048 1926 5104 S.
1970 5049 2160 5104 Leonis
2206 5049 2294 5131 Ιλξ
2335 5053 2478 5134 bulla
2512 5059 2924 5140 'coriﬁrrrtatoria
2967 5063 3357 5140 privilegion

2264 5121 2475 5190 jurium
2503 5121 2778 5196 Farfensir
2807 5121 3048 5190 caenoln'i.

2035 5208 2345 5282 [Muratori,
2379 5212 2499 5271 Rer.
2525 5215 2649 5270 Ital.
2684 5215 2908 5288 Script.,
2941 5223 3016 5291 ll,
3049 5242 3107 5294 tt,
3132 5227 3282 5302 585.]

2469 5308 2646 5352 (Amm
2675 5305 2851 5352 ΙΩΒΙΛ
