4062 5352
581 341 685 400 679

1640 343 1698 400 S.
1741 339 1990 402 [.EONlS
2027 342 2098 400 IX
2139 339 2341 399 PAPJE
2382 340 2765 401 OPUSCUIA.

3737 351 3835 406 630

654 451 869 523 Initium
903 453 1182 524 sapientim
1214 453 1375 512 timor
1404 453 1616 511 Domini
1653 475 1664 510 :
1693 454 1847 525 cujus
1878 456 2070 511 timore
2098 470 2161 510 ac
2189 457 2237 517 Α
2266 453 2543 510 civitatem
2572 455 2858 512 ecclesiam
2888 455 3071 512 Sancti
3119 454 3341 512 Adriani
3368 454 3420 512 in
3459 452 3747 531 integrum.
3783 465 3827 518 ιτ

585 544 764 601 debita
816 545 1120 605 reverentia
1160 545 1498 612 commoniti,
1526 562 1624 617 pro
1669 547 1905 616 glorioso
1950 547 2086 602 Filio
2111 556 2167 603 et

589 647 760 703 casto,
783 636 1028 709 gloriosa:
1052 634 1208 692 Matri
1237 638 1395 693 simul
1421 648 1475 693 ct
1514 648 1677 693 castae
1703 640 1959 695 honorem
1990 639 2165 695 liben-

587 737 670 782 ter
689 726 1009 781 exhibemus
1038 726 1123 796 pia
1147 727 1459 794 devotione,
1480 727 1666 781 etsuis
1686 727 2037 783 servitoribns
2067 743 2163 782 ne-

580 817 879 874 cessarium
934 833 999 871 ac
1029 817 1278 889 regulare
1315 820 1562 889 cupimus
1591 817 1924 890 suffragium,
1953 827 2012 874 ut
2037 821 2164 875 dum

583 920 768 965 nostro
790 909 1065 980 adjutorio
1085 911 1222 967 bene
1250 912 1583 979 deserviunt,
1613 913 1908 983 participes
1929 912 2162 983 prtemii,

580 1000 825 1071 corporis
869 1009 925 1055 et
969 999 1164 1055 anima:
1210 1000 1570 1071 suscipiamus
1618 1001 1982 1059 commodum.
2021 1000 2165 1056 [nter

579 1090 696 1146 haec
744 1089 1012 1159 siquidem
1067 1104 1204 1160 pure
1253 1090 1320 1145 ad
1378 1090 1722 1146 serviendum
1774 1091 1883 1146 Deo
1937 1090 2161 1156 virenti,

580 1188 781 1234 nostra:
825 1178 1124 1233 voluntatis
1176 1177 1442 1234 beneﬁcio
1489 1178 1754 1244 volumus,
1788 1179 1896 1235 imo
1920 1188 1975 1235 et
2001 1195 2160 1250 quam

580 1272 815 1342 maxime
842 1270 1235 1329 desideramus.
1266 1279 1325 1325 ιιι
1352 1271 1494 1325 sicut
1515 1270 1654 1324 inter
1680 1279 1905 1325 cartcros
1928 1270 2162 1326 nominis

579 1362 743 1427 fama,
776 1365 847 1419 ita
876 1371 931 1419 et
969 1362 1294 1419 necessariis
1344 1362 1505 1416 rebus
1557 1362 1845 1431 gloriosius
1894 1361 2163 1417 exaltetur

581 1471 682 1525 per
701 1468 938 1513 nostram
971 1456 1336 1512 httmilitatem
1368 1464 1554 1509 sancta
1590 1454 1957 1525 Pharphensis
1988 1454 2163 1510 eccle-

579 1547 680 1602 sia.
711 1547 1004 1619 Argentum
1029 1545 1173 1602 enim
1204 1553 1263 1599 et
1311 1560 1502 1599 aurum
1532 1559 1639 1599 non
1667 1552 1751 1599 est
1788 1543 1944 1599 nobis
1976 1562 1988 1597 :
2015 1544 2160 1614 quod

581 1649 763 1697 autem
790 1640 1071 1705 habemus,
1105 1638 1340 1694 libenter
1372 1639 1447 1702 ei,
1479 1638 1569 1708 qui
1617 1638 1772 1693 nobis
1816 1638 1918 1692 hoc
1971 1639 2161 1695 trilmit

2268 543 2472 598 Collina
2496 543 2780 600 ecclesiam
2810 544 2993 601 Sancti
3030 546 3257 601 Andrem
3280 561 3402 602 cum
3448 551 3698 605 omnibus
3726 554 3831 606 suis

2268 636 2631 706 pertinentiis.
2660 636 2716 690 lu
2743 636 2875 692 urbe
2902 636 3070 691 Roma
3092 632 3377 692 ecclesiam
3403 639 3617 695 Sancta:
3638 640 3839 710 Maria,

2267 735 2322 779 et
2352 725 2536 780 Sancti
2570 724 2872 781 Salvatoris
2896 742 3018 782 cum
3048 728 3258 796 criptis,
3301 736 3356 783 et
3382 732 3576 795 muris,
3606 742 3659 787 et
3687 734 3838 789 Cam-

2266 826 2392 884 pum
2415 816 2616 886 Agonis
2649 817 2700 870 in
2726 818 3014 887 integrum.
3036 817 3093 872 In
3122 819 3383 874 comitatu
3413 821 3631 876 As'sino
3654 823 3838 882 cellam

2267 905 2451 961 Sancti
2474 907 2750 963 Benedicti
2779 909 2829 963 iu
2859 908 3149 979 integrum.
3195 911 3252 965 In
3278 912 3540 967 comitatu
3588 913 3841 973 Firmano

2264 995 2453 1052 cellam
2506 998 2720 1054 Sanctae
2771 999 2952 1055 Maria:
3008 1002 3060 1055 in
3111 1002 3308 1069 Clenti,
3365 1012 3418 1060 et
3456 1008 3840 1064 monasterium

2264 1087 2567 1158 puellarum
2614 1091 2757 1159 quod
2780 1091 2979 1146 dicitur
3007 1091 3194 1148 Sancti
3241 1095 3562 1161 Salvatoris,
3591 1108 3647 1153 et
3672 1100 3840 1156 eccle-

2265 1178 2398 1233 siam
2448 1178 2632 1235 Sancti
2676 1180 2954 1237 Benedicti
3011 1184 3066 1238 in
3115 1183 3275 1255 Ripa,
3310 1195 3365 1242 et
3410 1190 3601 1243 cellam
3631 1190 3842 1248 Sancte

2264 1270 2519 1326 Victoria:
2540 1288 2660 1327 cum
2689 1275 2938 1329 omnibus
2989 1290 3174 1330 earum
3214 1278 3556 1347 pertinentiis
3603 1291 3661 1335 et
3699 1284 3843 1353 adja-

2263 1363 2476 1417 centiis.
2518 1365 2575 1418 ln
2626 1365 2882 1419 comitatu
2927 1365 3199 1422 Asculauo
3237 1370 3429 1425 cellas:
3459 1386 3626 1428 unam
3661 1374 3840 1432 Sancti

2265 1453 2731 1525 Salvatorisjuxta
2766 1454 2962 1512 flumen
3002 1458 3202 1523 Asum;
3233 1459 3457 1515 alteram
3491 1461 3710 1518 Sanctm
3730 1464 3840 1518 Ma-

2263 1543 2355 1597 rite
2388 1544 2437 1596 iu
2468 1542 2675 1614 Opltida
2712 1545 2765 1598 in
2792 1544 3077 1616 integrum.
3103 1548 3159 1601 ln
3202 1550 3458 1603 comitatu
3482 1551 3714 1607 Tcatino
3732 1556 3837 1609 cel-

2261 1631 2365 1685 lam
2402 1632 2584 1688 Sancti
2615 1633 2872 1704 Stephani
2903 1635 2955 1688 in
2979 1634 3271 1706 integrum.
3299 1638 3353 1692 In
3377 1642 3644 1695 comitatu
3676 1643 3839 1698 Seno-

578 1734 770 1805 gratis,
848 1732 1076 1787 Domino
1127 1740 1314 1787 nostro
1363 1740 1418 1786 et
1458 1731 1793 1802 angelorum,
1841 1747 1904 1785 ac
1958 1741 2158 1786 nostra:
2191 1795 2228 1805 __
2260 1722 2506 1792 galliensi
2550 1732 2758 1777 curtem
2790 1724 2856 1779 dc
2889 1724 3128 1781 Luzano.
3161 1727 3215 1781 ln
3264 1730 3523 1784 comitatu
3557 1735 3626 1786 de
3655 1732 3838 1788 Canac-

577 1823 823 1878 Domina:
853 1823 1128 1878 reddimus
1159 1840 1172 1876 :
1205 1822 1410 1877 scilicet
1434 1838 1529 1877 cor
1567 1821 1790 1885 humile,
1842 1821 2033 1875 bonum
2067 1837 2158 1875 γοα
2190 1795 2231 1853 Β
2263 1814 2379 1867 rino
2420 1822 2628 1868 curtem
2675 1814 2741 1869 de
2790 1813 2914 1867 Sala
2944 1814 3109 1870 lrona.
3145 1816 3199 1870 ln
3249 1818 3509 1873 comitatu
3539 1819 3839 1877 Auximana

574 1916 864 1979 luutatcm,
891 1926 945 1970 et
969 1916 1243 1979 devotam,
1267 1923 1327 1969 ut
1355 1922 1590 1985 oportet,
1620 1913 1934 1971 servitutem
1968 1930 2160 1969 secun-

575 2007 703 2061 dum
766 2015 965 2065 nostra:
1029 2004 1337 2075 fragilitatis
1401 2004 1834 2074 possibilitatem.
1903 2003 2160 2059 Solebant

577 2109 793 2165 semper
831 2093 1078 2152 ecclesiis
1118 2095 1255 2148 bona
1287 2109 1382 2148 sua
1413 2094 1744 2159 confirmari,
1776 2094 1885 2149 imo
1930 2104 1986 2148 et
2030 2109 2159 2149 cou-

578 2183 867 2238 firmantur
892 2184 1069 2239 adlmc
1100 2197 1195 2253 per
1216 2183 1509 2252 apostolica
1552 2199 1776 2238 summae
1824 2184 1968 2239 sedis
1995 2184 2159 2255 priri-

574 2275 881 2347 legia,qn:e
927 2277 1036 2331 Deo
1086 2275 1348 2347 largiente
1398 2292 1503 2331 non
1554 2277 1811 2333 refutabit
1850 2293 1917 2333 ex
1969 2288 2158 2335 nostra

573 2381 728 2439 parte
754 2368 1032 2424 humiliter
1060 2370 1334 2438 suscipere
1375 2369 1629 2441 specialis
1670 2370 1959 2440 spirituum
1983 2378 2038 2423 et
2064 2369 2162 2424 lto-

574 2459 780 2513 miuum
827 2459 1036 2528 regina,
1084 2467 1258 2513 mater
1311 2457 1656 2521 humilitatis,
1699 2459 1920 2514 Domina
1951 2468 2157 2526 nostra,

573 2550 686 2620 pia,
714 2557 771 2606 et
809 2549 976 2612 mitis,
1007 2564 1073 2604 ac
1114 2550 1255 2604 bona
1285 2548 1472 2605 Maria.
1521 2549 1746 2619 Suscipe
1788 2565 1937 2621 ergo,
1970 2562 2157 2606 sancta

573 2637 763 2709 Virgo.
812 2649 998 2694 sancta
1026 2638 1251 2705 Parens,
1283 2653 1408 2695 cum
1451 2639 1584 2694 Filio
1612 2649 1703 2695 tuo
1732 2646 1870 2695 bona
1908 2649 2022 2706 tua,
2050 2656 2157 2697 non

572 2745 605 2784 a
630 2729 785 2786 nobis
816 2730 962 2795 data,
986 2729 1080 2785 sed
1108 2738 1296 2785 nostro
1325 2731 1417 2785 tibi
1449 2730 1663 2785 firmata
1688 2729 1987 2802 privilegio.
2012 2731 2158 2788 Tene

572 2833 693 2889 qua!
721 2829 903 2885 tenes;
928 2833 1053 2873 cum
1102 2819 1480 2875 benedictione
1527 2819 1649 2875 Filii
1681 2823 1756 2876 tui
1799 2822 2011 2892 posside
2038 2836 2157 2892 quae

577 2909 841 2981 possides.
868 2910 1155 2967 Benedicta
1171 2910 1388 2982 quidem
1411 2924 1472 2967 es
1497 2912 1635 2967 inter
1653 2926 1842 2967 omnes
1867 2910 2151 2966 mulieres:

573 3010 661 3057 tua
709 3004 803 3061 tibi
856 3004 1035 3059 nullus
1087 3003 1333 3072 auferat;
1368 3003 1421 3059 in
1462 3004 1619 3061 bonis
1651 3004 1757 3059 tuis
1787 3010 1841 3061 te
1883 3004 2156 3059 offendere

570 3094 706 3151 nulli
750 3111 988 3167 unquam
1043 3095 1236 3162 liceat;
1287 3103 1343 3151 et
1386 3095 1504 3151 vice
1526 3111 1621 3151 sua
1668 3094 1783 3160 tibi,
1824 3093 2059 3151 Berarde
2096 3094 2149 3150 in
2173 3133 2225 3197 ο

569 3188 788 3253 Christo
832 3186 905 3242 flli
958 3187 1168 3252 dilecte,
1212 3186 1355 3243 ﬁdeli
1409 3187 1723 3243 monasterii
1755 3185 1913 3257 hujus
1944 3186 2147 3253 abbati,

571 3278 678 3334 hoc
704 3292 876 3335 sacrae
919 3278 1130 3348 paginae
1174 3278 1434 3349 scriptum
1482 3278 1832 3334 concedimus
1868 3278 1935 3334 ad
1966 3278 2155 3334 obser-

571 3368 836 3433 vandum,
889 3376 951 3422 ut
988 3368 1149 3423 simul
1186 3376 1240 3423 et
1286 3369 1543 3439 scriptum
1589 3370 1834 3425 ecclesias
1884 3385 2149 3440 reserves,

572 3474 674 3515 nec
702 3474 811 3515 non
859 3467 915 3514 et
962 3474 1123 3515 omne
1152 3462 1350 3515 bonum
1405 3461 1500 3518 tibi
1529 3461 1918 3526 commissum.
1953 3462 2151 3519 Sancta

574 3548 760 3619 itaque
780 3549 1077 3618 apostolica
1099 3551 1424 3607 auctoritate
1460 3552 1642 3608 omnia
1698 3569 1817 3623 quae
1842 3555 2155 3624 supradicta

571 3639 739 3695 habet
764 3640 818 3695 in
840 3641 1030 3696 eodem
1055 3641 1175 3697 loco
1196 3642 1452 3712 ecclesia,
1474 3643 1860 3700 conlirmantus
1885 3655 1941 3701 et
1966 3660 2154 3702 corro-

572 3731 849 3797 boramus,
872 3730 1014 3786 sicut
1033 3733 1191 3786 modo
1213 3733 1470 3803 possidet,
1503 3743 1556 3789 et
1585 3734 1653 3789 ab
1676 3735 1831 3791 initio
1859 3735 1998 3791 infra
2021 3752 2145 3807 pos-

571 3824 733 3893 sedit,
783 3834 839 3882 et
881 3835 1035 3881 extra
1066 3825 1377 3891 :videlicet,
1407 3826 1662 3897 quidquid
1716 3827 1914 3885 habere
1941 3829 2154 3885 videtur

570 3916 627 3972 in
655 3916 928 3974 territorio
958 3915 1269 3984 Sabinensi,
1301 3917 1351 3973 id
1379 3927 1463 3972 est
1493 3917 1778 3973 ecclesiam
1839 3917 2023 3974 Sancti
2055 3919 2153 3975 Be-

574 4008 806 4075 nedicti,
847 4016 903 4063 ct
925 4016 1134 4064 curtem
1168 4007 1353 4064 Sancti
1398 4008 1658 4073 Gethulii,
1692 4018 1746 4063 et
1777 4009 2054 4064 castellmn
2086 4011 2151 4065 de

572 4100 831 4167 Tribueo,
876 4110 932 4155 et
983 4100 1208 4157 Pedium
1260 4102 1496 4159 filiorum
1536 4101 1829 4169 Palumbae,
1862 4104 2149 4160 ctalreum

572 4191 835 4262 Pharphae
867 4202 1034 4248 totmn
1062 4213 1074 4248 :
1101 4205 1153 4249 et
1180 4195 1296 4249 hatc
1323 4195 1504 4251 omnia
1533 4206 1655 4250 cum
1709 4196 1960 4251 omnibus
1986 4196 2152 4266 perti-

574 4282 774 4336 nentiis
801 4282 914 4337 suis
935 4282 988 4336 in
1016 4283 1303 4353 integrum.
1335 4282 1635 4340 Ecclesium
1658 4280 1845 4341 Sancti
1875 4287 2065 4357 Angeli
2098 4287 2150 4342 in

576 4370 780 4427 Tancia
803 4388 926 4427 cum
955 4372 1150 4441 gualdo
1199 4385 1250 4429 et
1278 4375 1528 4429 omnibus
1549 4375 1919 4444 pertinentiis;
1959 4377 2153 4433 castelo

2260 1913 2467 1958 curtem
2513 1904 2578 1959 de
2627 1903 2805 1959 Monte
2832 1904 3076 1961 Panliseo
3126 1907 3180 1961 in
3211 1908 3499 1979 integrum.
3533 1911 3689 1967 lianc
3715 1928 3839 1983 ergo

2260 1994 2515 2064 majorem
2557 2005 2612 2050 ct
2661 1996 3009 2067 principalem
3069 1997 3283 2054 Sancta:
3322 2000 3415 2054 Dei
3461 2001 3747 2069 genitricis
3779 2016 3839 2057 ac

2267 2084 2494 2156 lt'irginis
2516 2086 2693 2141 Mariae
2716 2088 2999 2143 ecclesiam
3033 2088 3085 2142 in
3115 2088 3384 2160 l‘harpha,
3417 2107 3540 2146 cum
3587 2094 3841 2149 omnibus

2258 2175 2602 2246 supradictis,
2635 2185 2688 2231 et
2720 2177 2841 2232 aliis
2869 2178 3032 2232 etiam
3079 2178 3229 2234 cellis
3276 2179 3388 2236 suis
3435 2181 3758 2250 majoribus,
3790 2194 3840 2239 ct

2257 2282 2444 2331 earum
2471 2268 2715 2324 ecclesiis
2738 2270 2850 2324 suis
2873 2270 3171 2326 minoribus
3190 2312 3204 2335 ,
3228 2288 3350 2327 cum
3387 2275 3654 2341 castellis,
3688 2278 3838 2343 vicis,

2257 2367 2310 2412 et
2351 2358 2582 2428 oppidis,
2634 2358 2795 2413 terris
2820 2359 2983 2415 cultis
3015 2367 3068 2415 et
3099 2360 3335 2428 incultis,
3364 2363 3560 2434 pratis,
3601 2368 3838 2436 pascuis,

2259 2458 2314 2504 et
2368 2448 2563 2514 vincis,
2620 2447 2790 2514 silvis,
2842 2450 3018 2520 aquis,
3067 2467 3437 2525 aquarumque
3491 2455 3837 2521 decursibus,

2258 2538 2511 2608 piscariis
2535 2546 2590 2593 et
2621 2537 3035 2609 piscatiouihus,
3085 2541 3333 2609 portibus
3356 2543 3524 2597 maris
3548 2552 3604 2599 et
3645 2545 3842 2599 littori-

2257 2631 2378 2694 bus,
2431 2638 2484 2684 et
2536 2629 2830 2697 universis,
2885 2631 3318 2702 quantiscunquc
3373 2633 3841 2707 qualibuscuuque

2256 2720 2618 2791 pertinentiis,
2664 2729 2870 2776 etcum
2899 2721 3149 2777 omnibus
3197 2738 3317 2793 qua:
3359 2738 3389 2778 a
3431 2725 3682 2781 Romana
3716 2728 3842 2783 sede

2261 2810 2471 2866 obtinet
2494 2827 2594 2882 per
2614 2811 2908 2882 apostolica
2936 2812 3237 2883 privilegia,
3269 2814 3353 2869 vel
3378 2816 3446 2869 ab
3492 2815 3842 2886 imperatori-

2255 2903 2377 2970 bus,
2406 2912 2462 2959 et
2486 2904 2702 2975 regibus
2726 2919 2823 2976 per
2854 2913 3138 2975 prtecepta,
3186 2906 3488 2971 immotam,
3514 2918 3567 2962 et
3593 2908 3837 2978 quietam

2256 2995 2323 3048 ab
2366 2993 2617 3049 omnibus
2662 3010 2783 3050 esse
2813 2994 3107 3051 sancimus.
3155 2995 3221 3050 Et
3270 2996 3632 3068 quodcunque
3673 2998 3776 3054 sibi
3807 3016 3839 3054 ι

2254 3087 2664 3159 quibuscunque
2694 3087 2939 3143 fidelibus
2963 3086 3164 3144 Christi
3193 3103 3509 3145 concessum
3539 3099 3647 3156 est,
3678 3091 3769 3145 vel
3784 3092 3836 3146 in

2252 3187 2528 3248 posterum
2558 3180 2892 3244 conceditur,
2943 3178 2989 3235 si
3031 3178 3229 3235 divina:
3274 3179 3491 3249 pietatis
3529 3191 3839 3251 respectum

2253 3267 2548 3336 desiderat,
2577 3268 2754 3325 nullus
2778 3268 3018 3335 invadat,
3040 3269 3221 3324 nullus
3251 3271 3479 3332 minuat,
3509 3271 3596 3326 vel
3624 3274 3839 3327 subtras

2253 3357 2370 3413 hat.
2423 3357 2479 3414 Si
2525 3360 2650 3430 quis
2693 3360 2837 3415 enim
2878 3360 3020 3430 piam
3054 3360 3283 3417 Matrem
3334 3361 3547 3418 Domini
3596 3364 3837 3420 scienter

2252 3446 2554 3516 oll'enderit,
2592 3451 2788 3505 bonam
2838 3451 3170 3507 voluntatem
3214 3451 3331 3507 Filii
3381 3451 3501 3522 ejus
3545 3454 3834 3525 unigeniti,

2254 3538 2363 3594 imo
2384 3550 2437 3595 et
2462 3540 2804 3611 primogeniti
2855 3539 3155 3596 Salvatoris
3185 3542 3357 3596 nostri
3388 3543 3591 3597 habere
3611 3546 3836 3599 omnino

2253 3645 2357 3685 non
2388 3629 2605 3701 poterit.
2630 3629 2878 3684 Decimas
2897 3639 2949 3684 et
2969 3631 3272 3686 oblationes
3292 3641 3632 3686 mortuorum
3653 3633 3838 3703 quieto

2254 3719 2355 3774 ista
2389 3727 2569 3775 teneat
2597 3718 2849 3775 ecclesia.
2880 3717 2988 3774 Nec
3012 3720 3282 3776 ordinatio
3310 3722 3726 3788 monaehcrum,
3756 3721 3843 3777 rel

2254 3812 2694 3883 presbyterorum
2746 3810 2904 3880 hujus
2934 3812 3272 3879 monasterii,
3301 3812 3386 3868 vel
3414 3813 3679 3868 cellarum
3702 3812 3836 3883 ejus,

2253 3919 2283 3958 a
2314 3905 2507 3974 quovis
2549 3904 2621 3959 ibi
2668 3904 2760 3958 flat
2791 3905 3064 3973 episcopo.
3100 3905 3203 3959 nisi
3232 3919 3393 3974 quem
3435 3904 3610 3959 abbas
3640 3905 3839 3959 inritae

2252 3996 2416 4062 verit,
2448 4004 2562 4060 aut,
2596 3996 2640 4049 si
2686 4009 2791 4049 non
2825 3994 3000 4058 adest,
3031 4009 3129 4049 suo
3174 4004 3442 4063 praecepto
3462 3994 3585 4063 ejus
3610 4008 3841 4065 congre-

2252 4087 2418 4159 gatio,
2443 4084 2653 4141 scilicet
2700 4087 2830 4156 quia
2878 4086 2951 4140 ita
2996 4085 3231 4140 habetur
3268 4083 3322 4139 in
3362 4084 3652 4156 privilegio
3684 4085 3841 4140 babae

2253 4177 2524 4231 memoriae
2573 4174 2730 4229 Pauli
2771 4191 2941 4245 ναίειν,
2974 4182 3033 4230 ut
3078 4174 3340 4245 synodum
3367 4174 3549 4229 nullus
3576 4176 3670 4232 hic
3698 4175 3839 4229 rele-

2254 4267 2372 4321 bret
2395 4268 2700 4338 episcopus,
2723 4282 2823 4321 nec
2850 4266 2959 4320 alio
3005 4263 3195 4321 'veuire
3222 4265 3561 4336 constringat
3604 4268 3837 4336 presby-

2256 4369 2401 4415 teros
2432 4361 2603 4431 ipsius
2619 4359 2872 4424 ahbatiac,
2892 4360 3151 4441 quoniam
3175 4359 3317 4429 quod
3341 4358 3543 4429 ahipso
3568 4359 3664 4414 hic
3685 4359 3837 4414 locus

576 4459 687 4516 lum
729 4462 797 4517 de
849 4461 1203 4527 Bucciniauo,
1248 4472 1304 4517 et
1351 4462 1586 4519 Roccatn
1635 4465 1688 4519 in
1728 4465 1996 4535 integrum
2027 4482 2149 4522 cum

2257 4469 2351 4524 per
2371 4453 2713 4523 privilegium
2744 4451 2999 4518 obtinuit,
3022 4467 3121 4508 nos
3147 4451 3442 4523 infringere
3467 4450 3746 4509 nolumus.
3771 4452 3839 4507 Et

575 4542 751 4609 Massa
781 4568 811 4607 a
840 4569 976 4623 papa
1017 4553 1311 4612 Benedicto
1353 4555 1455 4623 ipsi
1502 4557 1837 4613 monasterio
1863 4572 2147 4625 concessa;

575 4647 824 4703 Castrum
848 4645 1056 4703 Pharae.
1079 4643 1206 4704 llaec
1228 4648 1424 4704 iterum
1442 4649 1624 4705 omnia
1651 4649 1813 4706 simul
1835 4667 1955 4707 cum
1977 4653 2151 4708 omni-

577 4740 680 4795 bus
721 4740 833 4795 suis
877 4739 1221 4809 pertinentils
1270 4748 1326 4795 et
1378 4737 1752 4808 subjacentiis.
1807 4740 2030 4796 Terram
2086 4743 2152 4797 de

576 4826 811 4894 Ortella;
843 4829 895 4885 in
926 4828 1148 4885 civitate
1173 4828 1379 4887 Ortana
1427 4828 1714 4886 ecclesiam
1755 4830 1937 4887 Sancti
1972 4829 2149 4888 Theo.

574 4919 692 4975 dori
719 4918 772 4974 in
800 4921 1088 4990 integrum.
1126 4920 1182 4975 In
1212 4913 1453 4977 V’iterbio
1473 4921 1757 4978 ecclesiam
1784 4921 2000 4978 Sanctae
2032 4923 2148 4979 Ma-

578 5010 673 5064 ria:
713 5009 767 5065 in
808 5010 1097 5081 integrum.
1125 5010 1181 5065 In
1215 5010 1464 5066 Tuscano
1495 5011 1686 5067 cellam
1715 5012 1929 5068 Sancta:
1968 5012 2153 5068 Mariae

2253 4544 2687 4600 consecratioues
2715 4542 3069 4600 ecclesiarum
3112 4561 3139 4596 a
3186 4546 3378 4613 quovis
3417 4554 3628 4613 qumrat
3667 4543 3838 4601 abbas

2251 4636 2505 4707 religioso
2558 4635 2846 4707 episcopo;
2903 4635 3287 4691 habeatsimul
3335 4646 3389 4690 et
3433 4637 3696 4691 chrisma.
3752 4635 3836 4691 Ad

2252 4723 2503 4780 idoneum
2533 4726 2781 4781 abbatem
2806 4724 3132 4796 eligendum,
3158 4728 3457 4781 secundum
3512 4726 3704 4782 Sacen
3734 4727 3837 4781 Be-

2252 4817 2449 4873 nedicti
2506 4817 2767 4887 regulam.
2823 4817 2895 4872 sit
2940 4817 3245 4871 comnmnis
3291 4831 3611 4881 consensus.
3640 4827 3699 4872 et
3728 4818 3832 4873 im-

2254 4909 2464 4980 pleatur
2508 4908 2696 4978 petitio
2741 4906 2990 4962 fratrum.
3061 4905 3337 4978 Scriptum
3390 4915 3473 4963 est
3524 4917 3711 4964 autem
3776 4909 3830 4963 iu

2253 4999 2550 5056 canonibus
2611 5014 2625 5048 :
2689 4997 2965 5052 i'nvnsorcr
3020 4996 3358 5051 ccrlesimum
3417 4999 3527 5052 sine
3578 4996 3832 5069 dilatione
