4062 5352
586 308 691 366 683

1608 374 1613 381 ,
1646 307 1705 364 S.
1747 307 1994 366 LEOMS
2029 311 2093 365 ιι
2136 309 2338 368 ΡΑΡΑΕ
2376 304 2760 370 ορυδιξιιωι.

3666 380 3675 390 ,
3726 313 3831 373 est

582 424 947 495 apostolorum
984 424 1135 480 9etri
1182 433 1237 479 et
1280 421 1440 479 Pauli
1488 422 1761 479 Natalitiis
1807 424 2156 480 solemnibus.
2189 438 2234 494 Α
2264 428 2405 482 dono
2427 427 2849 485 concederemus
2877 438 3075 486 vestrae
3101 429 3434 502 religiositati
3458 433 3829 490 massacellam

582 514 688 571 Sed
713 514 886 572 nullas
913 515 1037 571 inde
1063 514 1365 571 oblationes
1389 514 1540 570 tollat
1560 516 1733 589 [invito
1750 515 1947 571 abbate
1971 525 2026 571 et
2050 515 2159 570 fra-

579 607 769 662 tribus.

565 722 578 730 -
651 697 738 751 10.
771 696 1322 767 Statuimusautem,
1366 671 1413 752 si
1454 697 1675 768 quando
1710 695 1879 754 abbas
1917 678 2190 767 ejusdem.

567 788 893 844 monasterii
930 789 1248 855 decesserit,
1276 798 1333 844 ιιι
1362 789 1542 845 nullus
1569 789 1640 844 ab
1669 789 1790 845 aliis
1803 790 2062 860 personis
2085 789 2157 845 ibi
2186 844 2191 847 .

575 880 811 967 eligatur
834 879 1024 947 abbas,
1051 880 1096 967 si
1127 882 1403 951 potuerint
1442 882 1509 935 ad
1541 881 1644 935 hoc
1671 896 1806 951 opus
1838 881 1902 934 de
1930 895 2185 950 congre-_

574 962 794 1048 gatioue
820 962 1071 1031 idoneum
1098 974 1319 1031 fratrem
1347 975 1578 1047 eligere;
1617 976 1695 1031 sic
1724 976 1969 1031 videlicet
2009 991 2187 1039 com-,

577 1068 723 1122 muni
756 1083 821 1123 ac
856 1066 1089 1138 regulari
1120 1066 1348 1126 consilio
1375 1067 1579 1136 absque
1633 1067 1831 1138 pretio,
1859 1083 1888 1121 a
1911 1066 2157 1122 ltomano

574 1156 829 1226 pontiﬁce
849 1155 1300 1213 consecrandum.

646 1250 736 1307 ll.
783 1248 1042 1305 Jubemus
1088 1249 1252 1323 etiam
1304 1256 1363 1302 ιιι
1412 1261 1602 1303 omnes
1658 1246 1862 1301 nociva;
1911 1244 2157 1301 ecclesia:

576 1344 746 1402 vestri
777 1342 1092 1399 monasterii
1139 1340 1400 1397 chartulae
1421 1341 1640 1396 omnino
1667 1354 1849 1395 vacua:
1874 1347 1928 1392 et
1968 1340 2156 1394 inanes

572 1435 896 1492 consistant.

643 1526 729 1582 12.
763 1525 1029 1580 Praeterea
1061 1522 1355 1595 apostolica
1385 1529 1570 1577 nostra
1600 1521 1922 1576 auctoritate
1951 1520 2176 1580 constio.

571 1617 772 1673 tuimus
828 1624 883 1670 et
911 1615 1297 1671 conﬁrmamus
1323 1623 1382 1667 ut
1425 1612 1606 1669 nullus
1663 1612 1996 1681 imperator,
2031 1625 2147 1675 rex,

568 1709 877 1779 cpiscopus,
930 1707 1073 1771 dux,
1120 1705 1395 1770 marcltio,
1431 1719 1635 1769 comes,
1682 1703 2010 1767 vicecOmes,
2059 1718 2152 1772 go-

2263 514 2562 586 iutegram,
2588 531 2708 586 qua:
2749 527 2976 574 vocatur
3017 518 3327 583 Matcraria,
3359 531 3413 575 et
3439 537 3680 577 massam
3709 540 3829 594 (litle

2258 614 2484 658 vocatur
2510 604 2789 670 Mauseuli,
2840 607 3125 677 integrann,
3173 616 3226 663 et
3267 607 3490 663 fundum
3539 616 3829 682 integrum,

2258 693 2351 764 qui
2379 706 2604 749 vocatur
2643 694 3092 765 Casalepublico,
3126 706 3182 753 et
3234 714 3467 754 massam
3521 717 3645 771 qua:
3672 718 3829 757 voca-

2262 789 2349 835 tur
2391 781 2605 859 Nepoti,
2638 793 2691 839 et
2746 800 2979 840 massam
3033 800 3155 856 qua:
3206 797 3432 841 vocatur
3477 787 3829 859 Caputboris,

2260 878 2461 926 terram
2521 884 2576 928 et
2591 874 2829 940 vineam,
2858 875 3014 931 sicuti
3044 877 3202 932 modo
3255 893 3353 934 vos
3390 880 3627 945 habetis,
3656 890 3710 936 ct
3755 892 3831 935 te-

2257 963 2538 1037 netisjure
2559 963 2701 1019 beati
2729 964 2875 1020 Petri
2924 966 3150 1036 apostoli
3196 984 3402 1023 necnon
3452 978 3507 1024 et
3529 970 3707 1041 ripam
3730 970 3831 1026 ﬂu-

2256 1057 2419 1110 minis
2453 1056 2732 1112 Alcmonis
2759 1072 2826 1112 ex
2860 1059 3104 1129 utrisque
3130 1059 3372 1130 partibus
3411 1061 3568 1131 juxta
3596 1078 3831 1115 massam

2178 1194 2182 1219 ί
2256 1162 2377 1218 qua:
2399 1158 2627 1203 vocatur
2650 1149 2831 1214 Prata,
2857 1153 3183 1207 extendente
3212 1153 3324 1221 ipsa
3347 1153 3462 1222 ripa
3492 1169 3521 1206 a
3556 1152 3832 1223 Bigaziolo

2256 1241 2521 1309 usquead
2571 1257 2820 1312 campum
2849 1242 3088 1307 Beduili,
3140 1251 3197 1297 et
3257 1252 3453 1299 terram
3510 1252 3568 1298 et
3618 1246 3829 1298 vineam

2248 1332 2406 1402 juxta
2449 1350 2648 1390 muros
2686 1334 2924 1390 civitatis
2974 1334 3249 1390 Ravenna:
3302 1351 3425 1388 cum
3490 1344 3665 1400 turre,
3715 1350 3833 1405 quat

2170 1469 2176 1476 .
2254 1437 2478 1482 vocatur
2512 1426 2752 1491 Brattea,
2798 1426 2853 1480 in
2885 1426 3148 1496 integrum
3182 1440 3215 1481 a
3258 1424 3540 1481 Pusterula
3589 1426 3832 1498 Augusta

2253 1538 2425 1592 usque
2447 1522 2512 1575 ad
2552 1521 2766 1576 Portam
2799 1518 3154 1575 Taurenscm.
3191 1519 3258 1574 Et
3286 1520 3501 1574 hortum
3552 1535 3724 1573 unum
3778 1521 3831 1573 in

2253 1613 2521 1682 integrum
2545 1612 2597 1666 itt
2629 1610 2750 1667 loco
2770 1610 2965 1665 Pontis
2990 1609 3214 1665 Calciati
3245 1609 3319 1664 in.
3356 1649 3371 1663 .
3401 1648 3425 1663 .
3466 1647 3481 1662 .
3523 1648 3541 1663 .
3585 1647 3601 1661 .
3636 1608 3830 1663 Sancti

2252 1705 2484 1758 Andreae
2541 1718 2571 1757 a
2600 1701 2808 1758 duobus
2860 1700 3116 1755 lateribus
3159 1698 3284 1768 jure
3320 1698 3489 1769 ipsius
3530 1698 3747 1763 Sancti,
3797 1712 3828 1750 a

567 1798 781 1861 staldio,
811 1806 906 1852 aut
934 1796 1038 1852 alia
1070 1796 1324 1866 quaelibet
1350 1810 1542 1866 magna
1585 1796 1861 1864 parvaque
1893 1808 2144 1863 persona,
2180 1781 2222 1839 Β
2254 1793 2474 1863 reliquis
2499 1793 2708 1848 duobus
2757 1792 2838 1845 via
2871 1790 3104 1860 publica.
3149 1789 3214 1843 Et
3249 1789 3446 1854 lacum,
3478 1789 3571 1858 qui
3604 1799 3830 1844 vocatur

568 1901 622 1947 te
640 1890 954 1960 praedictum
972 1889 1246 1954 abbatem,
1272 1897 1500 1957 tuosque
1522 1900 1868 1941 successores
1888 1885 2149 1941 canonice
2174 1950 2177 1955 η

569 1982 833 2036 intrantes
861 1980 928 2035 de
949 1979 1063 2049 jam
1096 1978 1246 2034 dioto
1276 1977 1629 2042 monasterio,
1662 1976 1745 2031 vel
1781 1977 1851 2032 de
1895 1977 2146 2032 omnibus

565 2073 681 2126 suis
706 2072 886 2136 rebus,
914 2082 968 2124 et
997 2070 1419 2140 proprietatibus
1451 2068 1744 2123 mobilibus
1768 2077 1824 2138 et
1851 2068 2144 2123 immobili-

564 2164 667 2218 bus
707 2161 986 2225 divertire,
1014 2169 1110 2213 aut
1157 2158 1462 2228 inquietare
1517 2158 1745 2223 audeat;
1781 2166 1836 2210 et
1876 2158 1968 2226 qui
2012 2171 2169 2227 prae-7

563 2253 854 2323 sumpserit
899 2252 1036 2307 sciat
1083 2266 1143 2305 se
1196 2250 1519 2305 auctoritate
1548 2248 1761 2303 Domini
1807 2248 1975 2303 nostri
2019 2246 2171 2302 Jcsu-

561 2343 788 2410 Christi,
812 2354 867 2400 et
897 2344 1179 2398 beatorum
1209 2341 1575 2411 apostolorum
1609 2339 1755 2394 Petri
1785 2347 1842 2393 et
1885 2337 2035 2393 Pauli
2083 2353 2147 2393 ac

561 2443 744 2492 nostra
779 2433 1158 2490 maledictione
1187 2428 1657 2486 anatltematizari.

612 2528 723 2584 13.
756 2527 855 2599 Qui
884 2542 1013 2585 vero
1044 2526 1184 2585 hanc
1220 2523 1504 2585 ecclesiam
1527 2520 1898 2589 honoraverit,
1928 2531 1984 2578 et
2010 2519 2147 2578 nihil

561 2622 688 2678 inde
702 2621 977 2685 auferens,
995 2620 1061 2675 de
1086 2620 1199 2675 suis
1213 2633 1313 2689 pro
1340 2616 1706 2687 redemptione
1727 2615 1922 2669 anima:
1966 2614 2163 2684 aiiqua'

557 2712 607 2769 ei
635 2710 946 2776 contulerit,
978 2709 1371 2765 benedictionis
1416 2708 1645 2779 gratiam
1696 2723 1725 2761 a
1774 2706 1999 2761 Domino
2036 2705 2146 2762 Deo

560 2813 927 2872 consequatur
951 2810 1007 2855 et
1059 2814 1154 2871 per
1182 2799 1525 2869 clavigerum‘
1560 2799 1861 2869 principem
1917 2798 2041 2854 catli
2090 2797 2146 2853 in

555 2894 754 2963 ianuas
779 2894 928 2964 regni
961 2892 1203 2948 caelestis
1234 2890 1501 2946 introduci
1533 2900 1830 2947 mereatur.

632 2987 764 3041 Data
814 3002 887 3041 vtt
934 2985 1059 3041 ldus
1105 2984 1282 3039 Martii
1311 2999 1426 3055 per
1472 2998 1667 3039 manus
1708 2982 1973 3038 Friderici
2028 2982 2145 3038 dia-

492 3070 498 3078 ’
558 3078 680 3130 coni
710 3086 766 3130 et
797 3084 997 3130 sancta:
1026 3075 1284 3141 Romana:
1332 3073 1586 3129 Ecclesia
1631 3072 2031 3128 bibtiotltecarii
2088 3080 2144 3127 et

558 3168 888 3232 cancellarii,
915 3166 1037 3222 vice
1062 3165 1266 3220 domini
1307 3164 1621 3220 Herimauni
1651 3162 2140 3229 arcbicaneellarii,

558 3268 610 3311 et
638 3258 976 3313 Coloniensis
1020 3256 1283 3327 episcopi,
1313 3272 1455 3311 anno
1501 3255 1706 3311 domini
1754 3254 1951 3311 Leonis
2009 3256 2139 3311 noni

560 3363 711 3419 pupae
733 3364 809 3414 tv,
838 3348 1132 3403 indictione
1157 3362 1211 3402 ν.

1223 3437 1386 3495 LXV.

559 3554 745 3608 Leonis
774 3570 922 3623 papa?
954 3552 1119 3618 bulla,
1148 3570 1251 3624 qua
1326 3553 1639 3624 titanastcrio
1676 3551 1887 3610 Sanctae
1941 3552 2133 3608 Mariis

590 3661 595 3666 -
633 3631 693 3678 de
718 3622 999 3692 Pontpost'a
1025 3622 1299 3693 confirmat
1335 3625 1483 3677 curia
1510 3622 1656 3678 illius
1677 3625 1805 3693 jura
1826 3634 1874 3678 et
1910 3624 2066 3678 bona.

1146 3715 1327 3786 (Anno
1370 3712 1551 3786 1052.)

845 3805 1123 3880 [Muratori
1149 3845 1165 3871 ,
1190 3805 1370 3877 Antiq.
1395 3805 1520 3861 Ital.
1551 3845 1567 3871 ,
1599 3805 1673 3874 ν,
1703 3805 1854 3880 557.]

626 3898 740 3957 Leo
777 3900 1085 3971 episcopus,
1149 3913 1343 3954 servus
1390 3914 1670 3955 servorum
1724 3900 1840 3966 Dei,
1895 3900 2149 3957 ecclesiae

566 3991 820 4066 gloriosa:
848 3991 1039 4047 matris
1063 4001 1120 4047 et
1149 3992 1374 4063 virginis
1400 4001 1706 4062 perpetua,
1734 3992 1906 4048 beatae
1933 3991 2132 4059 Maria,

555 4084 676 4139 sits
737 4084 791 4139 in
838 4083 1010 4138 insula
1055 4082 1374 4153 Pomposke,
1425 4092 1481 4139 et
1537 4099 1637 4153 per
1680 4099 1799 4139 eam
1851 4083 2049 4139 dilecto
2070 4084 2134 4139 in

555 4178 784 4233 Domino
805 4176 931 4233 Jesu
976 4176 1196 4233 Christo
1253 4178 1361 4233 tilio
1402 4176 1687 4233 Humano
1709 4177 2005 4234 venerabili
2037 4177 2133 4233 ab-

557 4269 689 4334 bati,
749 4269 963 4339 tuisque
1004 4269 1417 4326 successoribus
1482 4269 1628 4339 juste
1686 4270 2017 4326 intrantibus
2075 4271 2145 4326 in.

556 4369 895 4428 perpetuum.

2249 1884 2506 1948 Sanctus,
2546 1897 2669 1937 cum
2708 1882 2960 1935 omnibus
3003 1881 3167 1935 rebus
3202 1888 3259 1935 et
3296 1880 3649 1949 pertittentiis
3687 1881 3819 1943 suis,

2249 1992 2370 2032 cunt
2408 1977 2564 2048 plebe
2601 1983 2657 2030 et
2714 1973 2935 2043 capellis
2988 1988 3055 2027 ac
3095 1970 3267 2026 titulis
3305 1962 3506 2041 ipsius,
3548 1971 3825 2025 vocabulis

2248 2070 2462 2125 Sanctze
2500 2067 2683 2123 Mariae
2708 2106 2724 2134 ,
2781 2079 2836 2122 et
2884 2066 3068 2122 Sancti
3108 2066 3360 2133 Martini,
3399 2065 3587 2120 Sancti
3630 2065 3782 2119 Petri
3809 2107 3825 2131 ,

2248 2159 2540 2228 Sanctique
2590 2157 2873 2223 Vcnantii,
2930 2173 3053 2213 cum
3102 2157 3341 2228 .piscaria
3389 2172 3511 2227 qua:
3577 2166 3826 2218 vocatur,

2248 2252 2462 2317 Tidini,
2499 2261 2555 2306 et
2592 2251 2758 2307 Fossa
2794 2251 3299 2323 Archipresbyteri,
3330 2260 3389 2305 et
3415 2250 3652 2318 piscaria
3705 2263 3827 2317 qua:

2249 2352 2473 2398 vocatur
2527 2341 2727 2409 Falce,
2766 2358 2891 2398 eum
2955 2342 3074 2397 loco
3134 2342 3224 2411 qui
3280 2340 3479 2397 dicitur
3515 2341 3829 2395 Monthello

2245 2433 2372 2490 ιι.ιυί
2439 2434 2605 2498 sicco,
2647 2449 2769 2488 cum
2810 2434 2940 2503 ripis
2977 2432 3216 2488 ﬂuminis
3248 2433 3380 2488 Padi
3428 2443 3485 2486 et
3524 2431 3696 2487 Gauri
3756 2446 3823 2484 ex

2246 2527 2489 2602 utr-fsque
2524 2527 2766 2601 partibus
2785 2542 2957 2602 usque
2981 2526 3035 2586 in
3074 2542 3245 2595 mare,
3273 2534 3327 2580 et
3365 2542 3396 2579 a
3432 2526 3553 2581 loco
3589 2524 3827 2580 Concha:

2244 2626 2470 2695 Agathar
2523 2638 2588 2678 ex
2644 2606 2751 2678 una
2790 2634 2947 2694 parte
2986 2638 3150 2693 usque
3213 2625 3265 2677 in
3310 2633 3479 2686 mars,
3513 2633 3639 2675 cum
3707 2616 3823 2669 loco

2245 2718 2300 2772 in
2356 2717 2626 2786 integrum
2655 2715 2748 2785 qui
2787 2715 2988 2769 dicitur
3023 2712 3390 2776 Masinzatica,
3448 2712 3595 2764 inter
3634 2704 3818 2764 aﬂines

2245 2810 2313 2866 de
2354 2819 2468 2864 toto
2510 2809 2628 2863 loco
2676 2822 2741 2863 ac
2800 2806 3075 2862 territorio
3132 2821 3360 2867 massae,
3414 2821 3533 2873 qua:
3594 2815 3835 2873 rotatu;

2244 2899 2420 2955 Lacus
2458 2898 2709 2963 Sanctus,
2749 2897 2818 2950 ab
2856 2911 2965 2951 uno
3019 2895 3187 2950 latere
3212 2894 3380 2949 Fossa
3426 2894 3714 2947 hiulettdiui
3755 2895 3816 2944 «is
3866 2962 3871 2967 .

2250 2987 2398 3044 Volta
2440 2987 2697 3052 Latercli,
2733 2987 3092 3041 descendente
3132 2986 3183 3038 in
3220 2983 3497 3054 aquiliolo,
3527 2993 3586 3037 et
3648 2998 3679 3035 a
3716 2981 3815 3035 ilu-

2244 3082 2331 3135 vio
2369 3079 2565 3135 Tribba
2605 3094 2776 3148 usque
2814 3077 2865 3132 in
2905 3076 3118 3151 Elliam,
3157 3087 3210 3131 et
3236 3090 3337 3144 per
3370 3074 3619 3144 paludem
3646 3088 3815 3142 usque

2245 3171 2476 3226 mediam
2516 3171 2773 3235 Cui-bam,
2814 3168 3061 3237 ultraque
3102 3167 3335 3221 Curbaut
3380 3179 3550 3235 usque
3584 3163 3812 3225 Padum,

2243 3272 2297 3318 ct
2327 3262 2464 3316 ultra
2507 3261 2707 3315 Padum
2745 3275 2916 3329 usque
2949 3260 3017 3311 ad
3056 3258 3282 3312 Gazium
3308 3256 3569 3327 cpiscopii
3602 3256 3815 3309 Satn-nn

2242 3354 2609 3411 Comacleusis
2647 3352 2919 3416 Ecclesizr,
2963 3352 3086 3405 inde
3122 3364 3291 3418 usque
3342 3349 3409 3402 ad
3443 3347 3691 3409 ﬂuvium,
3724 3346 3811 3414 qui

2246 3459 2467 3504 vocatur
2501 3446 2644 3513 Cesi;
2695 3445 2763 3500 ab
2811 3445 2916 3499 alio
2955 3443 3124 3497 latere
3149 3441 3313 3496 Curio
3351 3438 3722 3494 descendente
3756 3440 3805 3489 itt

2240 3538 2511 3594 Concham
2533 3534 2793 3607 Agatulae,
2818 3542 2873 3588 et
2895 3548 2991 3603 per
3011 3534 3182 3603 ipSam
3221 3530 3524 3585 inGaurutn
3547 3544 3563 3594 ;
3592 3544 3622 3581 a
3657 3527 3811 3582 tertio

2241 3631 2409 3686 latere
2451 3628 2663 3699 palude,
2722 3641 2841 3695 qua:
2869 3624 3042 3695 pergit
3078 3624 3220 3677 inter
3268 3621 3458 3695 rivum
3507 3620 3698 3673 Attzeli
3758 3626 3812 3670 ct

2148 3750 2153 3757 ~
2240 3720 2654 3777 Mascnzaticum
2689 3733 2858 3788 usque
2907 3716 3262 3778 Monticellos,
3290 3722 3347 3769 et
3379 3712 3648 3768 \‘cdctosa
3694 3726 3812 3766 cur-

2239 3824 2389 3871 rente
2447 3815 2500 3869 in
2549 3813 2790 3879 Padum;
2842 3827 2872 3864 a
2918 3818 3111 3881 quarto
3137 3809 3304 3864 latere
3334 3807 3592 3864 Vaculino
3621 3816 3671 3861 et
3705 3806 3810 3858 Ar-

2237 3920 2362 3960 zere
2409 3903 2576 3970 malo,
2639 3911 2697 3957 et
2724 3900 2871 3957 Callo
2916 3902 2982 3955 de
3053 3898 3343 3954 Vittcarcto
3386 3906 3705 3968 pergentem
3756 3895 3807 3947 itt

2236 3990 2599 4049 Latereulum.

2306 4086 2527 4156 Insuper
2550 4086 2973 4140 concederemus
2999 4083 3151 4139 vobis
3189 4081 3479 4154 piscariam
3517 4081 3804 4149 integrant,

2234 4191 2353 4247 qua:
2388 4187 2610 4231 vocatur
2670 4174 2864 4231 Volana
2894 4191 3015 4230 cum
3064 4174 3201 4229 Rivo
3237 4174 3505 4229 Badarim
3544 4181 3593 4226 et
3636 4170 3809 4225 Care-

2234 4271 2356 4325 luna
2388 4270 2590 4340 Majore
2630 4269 2700 4323 ad
2750 4270 2922 4340 ipsam
2975 4269 3267 4339 piscarium
3297 4267 3628 4336 pertinente,
3680 4279 3804 4319 cunt

2233 4362 2528 4431 pot-ticellis
2565 4376 2631 4415 ex
2686 4362 2930 4428 utrisque
2966 4358 3236 4428 pattibus,
3284 4359 3423 4410 sicut
3472 4355 3603 4408 olim
3634 4356 3802 4408 intra-

631 4448 834 4521 Regina
885 4449 1182 4517 caelorum.
1239 4450 1334 4506 Dei
1382 4449 1634 4506 Genitrix
1663 4491 1679 4516 ,
1725 4466 1888 4522 super
1932 4453 2128 4509 choros
2159 4460 2428 4518 Dveruut
2479 4452 2532 4505 in
2596 4465 2783 4514 mare,
2850 4449 3027 4504 eidem
3082 4448 3330 4501 similiter
3387 4444 3805 4515 pertinentibus.

549 4540 869 4612 angelorum
895 4540 1153 4605 exaltata,
1194 4550 1254 4595 ιιι
1304 4557 1334 4595 a
1364 4541 1529 4596 nobis
1554 4542 1639 4612 pia
1666 4542 1937 4597 exaltetur
1963 4544 2126 4599 devo-

548 4635 727 4697 tione,
753 4643 959 4699 nostm,
1012 4633 1064 4687 itt
1103 4641 1362 4702 quantum
1392 4640 1590 4703 potest,
1631 4633 1915 4704 providere
1967 4634 2128 4689 debet

545 4723 796 4788 solertia,
818 4722 1026 4778 scilicet
1046 4723 1100 4776 in
1124 4722 1258 4777 locis
1280 4722 1481 4776 nomini
1509 4736 1611 4777 suo
1638 4722 1856 4786 dicatis,
1881 4725 2129 4795 augendo

548 4816 904 4879 beneﬁcium,
944 4830 1054 4886 quo
1102 4815 1184 4871 sui
1255 4813 1518 4885 speciales
1558 4813 1742 4869 famuli
1794 4816 2141 4871 commodius

547 4908 653 4964 sibi
704 4909 919 4980 possint
961 4909 1222 4964 exhibere
1276 4908 1581 4963 servitium.
1623 4906 1966 4979 Quapropter
2018 4917 2071 4963 te
2105 4948 2122 4973 ,

552 5009 658 5051 ven
671 4999 874 5052 erande
900 4998 1001 5063 ﬁli,
1029 5012 1188 5067 quem
1211 4997 1311 5052 sibi
1341 4997 1642 5051 videbimus
1666 4995 1914 5051 ﬁdeliter.
1940 5036 1954 5051 .
1983 5035 1998 5050 .
2025 5035 2039 5050 .
2064 5036 2079 5051 .
2108 5033 2126 5052 .

552 5083 611 5138 in
678 5089 905 5156 praefato
965 5087 1294 5142 monasterio
1326 5087 1379 5142 ei
1425 5085 1813 5140 fantulantibus
1851 5086 2130 5140 monachis

556 5173 805 5231 volumus
826 5185 1016 5231 nostro
1072 5177 1341 5248 adiutorio
1378 5177 1516 5231 bene
1558 5190 1811 5247 pratesse,
1841 5184 1900 5230 ut
1930 5183 1983 5228 tu
2012 5174 2129 5243 ipse

559 5265 857 5330 moraliter,
912 5269 1053 5322 sicut
1105 5276 1347 5337 oportet,
1409 5267 1557 5321 vivas
1585 5307 1600 5332 ,
1654 5266 1890 5321 debitum
1939 5266 2128 5319 dantes

2230 4544 2437 4600 Cuncta
2495 4542 2749 4612 praedicta
2776 4541 2888 4595 loca
2918 4556 3038 4595 cum
3089 4538 3337 4593 omnibus
3374 4537 3489 4592 suis
3518 4539 3805 4609 integrita-

2235 4635 2377 4691 tibus
2406 4649 2469 4690 ac
2495 4634 2858 4704 pertittetttiis,
2883 4643 3141 4703 quantum
3170 4643 3372 4685 sancta:
3405 4629 3689 4691 Romanae,
3716 4628 3801 4682 eui

2232 4729 2341 4784 Deo
2391 4736 2614 4782 auctore
2651 4727 3001 4795 pnesidemus
3050 4741 3113 4781 ac
3142 4724 3505 4784 deservintus,
3532 4723 3804 4791 pertinere

2230 4820 2485 4872 Vitlt'nl'lll'
2511 4816 2785 4881 Ecclesitc,
2817 4816 2967 4869 vobis
3006 4816 3072 4868 atl
3114 4815 3399 4868 tenendum
3431 4815 3630 4869 emissa
3669 4829 3807 4883 prae-

2231 4907 2477 4977 ceptione
2513 4906 2811 4960 concedere
2861 4906 3198 4959 debet-emus.
3263 4902 3508 4957 lnclinati
3538 4905 3806 4972 praecibns

2231 4999 2427 5053 vestris
2462 5008 2656 5053 cuncta
2686 4996 2909 5067 prtcfuta
2967 4996 3104 5061 loca,
3145 4997 3227 5050 vel
3265 5000 3602 5066 quaecunque
3643 4997 3803 5049 modo

2231 5089 2442 5144 habetis
2469 5103 2533 5142 ac
2561 5086 2755 5142 tenetis
2780 5102 2903 5141 cum
2953 5089 3203 5141 omnibus
3231 5091 3371 5141 suis-
3401 5086 3802 5157 itttegritatiims

2228 5190 2285 5234 et
2311 5179 2669 5251 pertinetttiis,
2724 5189 2782 5231 ut
2819 5194 2979 5249 supra
3032 5178 3248 5247 legitur,
3279 5186 3334 5232 et
3363 5178 3583 5247 insuper
3613 5184 3801 5230 nostro

2229 5273 2372 5326 dono
2396 5285 2462 5324 ac
2505 5267 2859 5338 benignitate,
2901 5270 2944 5321 si
2978 5268 3176 5339 aliquid
3203 5252 3399 5322 antodo
3433 5268 3486 5322 in
3514 5266 3696 5322 futuro
3735 5266 3798 5317 de
