4062 5352
178 133 267 187 635
414 141 421 147 ’
1124 132 1476 189 EPISTULA?
1520 131 1605 187 ΕΤ
1646 130 1963 188 DECRETA
1998 131 2400 191 PONTIFICIA.

3284 136 3386 192 63¢
3418 220 3425 231 .

177 248 477 313 virentibus,
507 247 885 321 perpetualiter
925 249 1273 306 concedimus
1309 251 1613 305 habendum
1662 258 1718 303 et
1744 252 1791 308 Α
1823 257 1911 302 tur
1933 249 2177 304 ecclesia:
2199 251 2460 305 unitatem
2487 267 2499 304 ε
2530 251 2775 307 videl’cet
2798 253 3020 308 ahhatcs
3039 263 3089 308 et
3116 258 3320 310 numne!
3347 256 3385 318 ³,

176 344 463 396 tcucudum.
490 340 560 394 Ita
584 356 734 400 sane.
773 351 830 394 ut
869 356 899 393 a
946 349 997 394 te
1050 340 1263 410 tuisque
1315 340 1720 395 successoribus

174 431 372 503 singulis
394 431 696 502 quibusque
723 434 908 495 annis.
935 432 1211 501 pensionis
1241 432 1480 495 nomine,
1516 440 1721 486 sant-ta:

172 535 351 578 nostra:
391 520 646 578 Ecclesia:
698 520 953 576 Rontanre
999 530 1112 575 tres
1140 522 1347 592 argenti
1372 521 1554 584 solidi,
1585 520 1743 575 dilIi-'

169 618 353 677 atItate
384 614 720 686 postposita.
767 614 1143 684 persolvantur
1196 614 1524 669 artiouariis.
1572 611 1735 677 Pr.e-,

173 725 300 766 terea
346 723 532 764 amore
598 706 836 776 ejusdem
876 708 1210 762 intemeratae
1247 706 1542 763 Genitricis
1600 708 1715 771 Dei,

172 812 349 871 tuoque
392 800 592 854 dilecte
648 799 701 853 in
765 799 993 855 Domino
1052 798 1178 863 Fili,
1236 799 1614 853 constituimus
1666 807 1720 852 et

172 893 460 945 ordinamus
488 905 588 960 per
635 890 779 943 illam
813 890 1220 948 auctoritatem.
1265 905 1426 959 quant
1472 888 1720 944 Christus

175 984 407 1039 Dominus
433 992 622 1038 noster
646 983 804 1038 beato
834 981 994 1037 Petro
1038 981 1404 1052 apostolorum
1462 965 1715 1051 principi,

172 1089 361 1144 sumne
388 1073 643 1129 Ecclesia:
665 1074 968 1128 rectoribus
1016 1072 1308 1134 concessit.
1358 1080 1414 1125 ut
1443 1087 1716 1142 nunquam

173 1170 303 1225 Iocus
351 1170 483 1238 ipse,
550 1176 644 1221 aut
698 1183 784 1221 res
840 1168 906 1219 ad
953 1166 1128 1236 ipsum
1176 1166 1525 1234 pertinentes.
1558 1163 1714 1220 alicui

172 1261 533 1317 submittantur
578 1273 844 1328 personae.
902 1255 1002 1311 nisi
1039 1255 1346 1318 apostolicae
1399 1254 1607 1309 tuitioni
1663 1262 1719 1307 et

175 1351 312 1419 rrgia:
332 1349 551 1411 ditioni;
576 1346 862 1417 nullusque
885 1345 1192 1401 mortalium
1213 1344 1719 1415 praeterimperialis

174 1439 427 1511 potestatis
484 1436 702 1492 culmen
754 1436 809 1491 in
853 1434 1077 1504 pnefato
1133 1435 1477 1496 uumasterio,
1523 1443 1618 1488 aut
1663 1434 1715 1487 iu

174 1531 403 1594 curtibtts,
428 1529 510 1583 vel
541 1529 595 1583 in
620 1528 886 1591 castellis,
913 1529 1026 1583 sive
1053 1527 1105 1581 iu
1132 1525 1398 1596 plebibus.
1429 1534 1522 1579 aut
1543 1525 1713 1588 cellis,

1820 341 1911 411 qui
1949 356 2053 394 non
2089 341 2271 395 studio
2297 339 2599 408 charitatis,
2628 341 2722 397 sed
2757 340 2872 397 zelo
2902 342 3217 414 rapacitatis
3246 344 3387 401 Imb

1820 427 2021 497 gilant.
2055 440 2109 485 et
2135 431 2328 487 docent
2358 440 2520 500 atque
2546 433 2806 487 seducere
2842 448 2947 487 non
2976 443 3191 489 cessant
3216 447 3388 490 siccu-

1820 506 1960 575 Iares
1987 521 2234 576 homines
2258 537 2396 592 quos
2423 521 2716 592 illaqueare
2760 532 3018 593 possunt.
3049 533 3109 578 ut
3143 539 3236 581 res
3262 539 3391 581 suas

1821 620 1983 683 atque
2035 614 2438 683 possessiones.
2492 615 2607 668 sive
2650 612 2704 667 in
2751 612 2903 678 vita.
2952 614 3065 668 sive
3115 614 3167 669 in
3217 625 3392 671 morte

1822 703 2027 776 [Forte
2081 703 2337 757 redundat
2363 704 2441 765 in.
2495 700 2639 775 IL],
2694 702 2745 757 in
2797 703 3141 759 monasteriis
3176 702 3388 758 illorum

1822 793 2065 853 tradant;
2096 801 2152 848 et
2175 791 2425 847 ecclesiis
2454 792 2650 862 quibus
2693 790 2921 861 subjecti
2950 807 3072 845 ρεςυ
3118 792 3385 845 videnlur.

1818 893 1872 940 et
1901 900 1932 939 a
1960 884 2156 955 quibus
2182 886 2531 956 baptismum,
2553 883 2953 954 pmnitentiam,
2984 883 3392 944 eucharistiam.

1821 989 2028 1029 necnon
2054 973 2309 1045 pabulum
2332 973 2457 1028 vita:
2480 988 2600 1027 cum
2624 971 2767 1028 lacte
2790 980 3117 1042 acceperunt
3137 971 3218 1025 vel
3247 972 3392 1025 acci-

1821 1062 2004 1132 piunt.
2039 1062 2174 1116 nihil
2200 1062 2267 1116 de
2296 1061 2453 1116 bonis
2481 1062 2595 1117 suis
2628 1061 2954 1132 relinquant.
2989 1059 3139 1116 lianc
3167 1062 3400 1129 denique

1819 1154 2049 1210 ftirmatn
2091 1154 2375 1208 discordiae
2421 1170 2520 1209 nos
2565 1156 3096 1217 animadvertentes,
3140 1154 3395 1208 omnibus

1820 1241 1994 1294 modis
2025 1241 2268 1295 inhibere
2317 1241 2599 1307 volumus;
2631 1250 2719 1306 et,
2769 1258 2836 1297 ne
2867 1241 3096 1312 amplius
3130 1240 3218 1296 liat
3238 1281 3255 1305 .
3286 1256 3397 1296 om-

1818 1329 1947 1384 nino
2000 1331 2351 1403 prohibemus
2386 1348 2401 1385 :
2431 1332 2840 1386 considerantes
2879 1348 2984 1385 non
3032 1346 3152 1387 esse
3194 1331 3394 1385 bonum

1820 1426 1879 1472 ttt
1909 1419 1982 1474 illi
2015 1420 2108 1490 qui
2141 1419 2267 1474 olim
2300 1419 2657 1476 I‘ueruulsocii
2684 1421 2990 1491 passionum
3015 1421 3099 1490 (11
3113 1419 3236 1477 Cur.
3262 1422 3393 1492 1,7).

1818 1510 2115 1564 secundum
2142 1508 2479 1577 Apostolum,
2504 1510 2610 1564 sint
2633 1510 2902 1565 immunes
2924 1526 2952 1564 a
2978 1513 3237 1565 societate
3260 1528 3391 1565 con-

173 1638 251 1674 scu
277 1620 425 1681 villis,
465 1618 554 1672 vel
609 1619 859 1672 omnibus
912 1618 1071 1672 rebus
1111 1615 1400 1671 mobilibus
1429 1623 1484 1671 et
1524 1615 1715 1670 immo-

1822 1596 2176 1663 solationum;
2211 1605 2269 1651 et
2307 1600 2431 1669 quia
2476 1598 2674 1668 dignus
2699 1608 2787 1654 est
2832 1600 3114 1669 operarius
3146 1603 3395 1655 mercede

176 1711 343 1764 bilihns
392 1709 490 1777 ipsi
557 1708 974 1779 pertinentibus,
1023 1722 1230 1762 necnon
1306 1707 1359 1760 in
1407 1707 1579 1761 servis
1627 1714 1720 1759 aut

177 1800 360 1855 famulis
407 1800 696 1868 utriusque
746 1813 927 1861 sexus.
985 1799 1100 1854 sive
1124 1797 1288 1852 etiam
1337 1796 1580 1851 villiciss
1622 1811 1718 1865 per

179 1897 344 1943 terram
392 1888 642 1958 ejusdem
697 1887 1005 1943 monasterii
1049 1887 1429 1949 residentibus,
1480 1887 1718 1957 aliquam

177 1977 556 2042 ordinationem,
618 1985 713 2031 aut
752 1977 1210 2047 iurisdictionem.
1255 1976 1338 2031 vel
1395 1987 1716 2047 potestatem

178 2076 346 2128 tenere,
376 2076 467 2121 aut
514 2069 981 2123 conversationem
1013 2067 1398 2121 monachorum
1437 2066 1715 2136 impedire,

177 2174 256 2213 seu
281 2157 571 2212 molestiam
608 2155 810 2211 inferre
867 2167 1182 2228 prrcsumat,
1226 2157 1305 2210 vel
1339 2157 1390 2210 in
1448 2157 1719 2226 aliquibus

178 2247 286 2302 locis
309 2248 466 2317 ipsius
487 2248 801 2302 districtum
837 2262 930 2302 seu
985 2248 1242 2317 placitum
1277 2258 1481 2312 tenere,
1514 2257 1606 2299 aut
1634 2260 1719 2299 res

179 2338 454 2393 monasterii
495 2338 778 2401 invadere,
804 2336 884 2391 vei
933 2337 1124 2407 quovis
1155 2338 1309 2390 modo
1339 2336 1595 2398 alienare,
1626 2345 1720 2389 aut

176 2426 370 2492 factum,
398 2431 475 2485 vel
498 2440 738 2502 paratas,
764 2446 858 2486 seu
906 2432 1113 2501 aliquas
1132 2430 1375 2501 publicas
1417 2430 1719 2485 functiones

176 2520 357 2589 exigere
409 2522 627 2574 audeat.
691 2520 859 2589 Ipsius
907 2535 1120 2589 quoque
1147 2520 1503 2589 proprietates
1532 2534 1721 2572 mona-

176 2609 300 2662 sterii
362 2620 463 2663 tant
513 2625 544 2664 a
624 2618 892 2681 potestate
979 2611 1507 2680 archiepiscoporum
1554 2625 1716 2680 quam

176 2702 379 2752 omnium
414 2701 725 2755 mortalium
750 2739 767 2763 ,
799 2708 993 2769 pneter
1022 2699 1182 2769 regia:
1219 2699 1614 2752 sublimitatis...
1637 2735 1653 2750 .
1672 2737 1683 2748 .
1702 2738 1716 2750 .

177 2790 1036 2852 irrcvocabilitcrsubtrahimus,ac
1049 2790 1271 2844 liberam
1284 2805 1403 2845 esse
1415 2804 1716 2853 censemus,

177 2881 297 2935 salva
320 2884 440 2937 inibi
475 2882 806 2937 auctoritate
850 2881 1167 2953 apostolica,
1229 2896 1293 2936 ac
1341 2897 1528 2952 ptume
1575 2883 1719 2935 sedis

177 2973 405 3037 invocata.
463 2975 508 3029 si
566 2988 792 3029 necesse
841 2973 1022 3039 fuerit,
1076 2973 1370 3028 audientia.
1428 2971 1485 3026 In
1539 2970 1722 3040 acqui-

176 3067 331 3121 mndis
370 3079 544 3121 autem
581 3065 745 3120 bonis
779 3065 960 3120 Sancti
992 3064 1134 3119 Petri
1160 3065 1273 3119 hiEC
1312 3073 1557 3118 servetur
1587 3078 1718 3117 con-

176 3156 306 3225 ditio,
357 3170 413 3212 ut
462 3159 622 3229 prius
677 3174 744 3212 ex
788 3160 901 3229 ipsa
952 3166 1007 3212 et
1057 3157 1288 3227 qualitas
1346 3164 1401 3210 et
1446 3154 1721 3224 quantitas

176 3263 328 3306 rerum
356 3252 525 3315 nobis,
556 3260 659 3305 aut
704 3252 904 3305 nostris
953 3248 1358 3304 successoribus
1413 3247 1715 3311 iuttmetur,

176 3350 347 3397 ettunc
392 3343 635 3405 licentia.
697 3352 982 3412 prteceplo,
1034 3349 1090 3394 et
1134 3340 1361 3397 consilio
1409 3354 1438 3392 a
1479 3338 1720 3392 Romana

177 3432 280 3486 sedc
303 3442 533 3503 accepto,
565 3432 911 3505 addimjtts";
940 3429 1217 3509 pensione,
1245 3447 1275 3492 ιι
1298 3439 1352 3491 to
1374 3429 1719 3508 saszipiztat.

180 3520 269 3584 list:
293 3525 500 3599 quidam
527 3527 697 3587 modo
740 3533 1040 3602 proprietas
1082 3540 1346 3585 terrarum
1379 3541 1433 3584 et
1460 3545 1719 3600 aquarum

179 3633 335 3677 sancto
366 3622 523 3679 Petro
573 3623 913 3686 remanebit,
968 3632 1025 3676 et
1079 3621 1220 3677 bono
1247 3637 1435 3678 eorum
1477 3636 1574 3675 usu
1626 3635 1723 3675 vos

178 3715 342 3768 antoon
404 3715 682 3771 Iruemini.
753 3713 1075 3770 Violatorem
1147 3714 1311 3784 igitur
1364 3714 1522 3769 huius
1578 3713 1720 3769 sacri

178 3801 426 3875 privilegii,
456 3805 562 3860 nisi
610 3804 916 3875 resipuerit,
951 3814 1008 3860 et
1052 3805 1120 3859 ad
1145 3805 1470 3877 condignam
1501 3805 1720 3859 satisfa-

179 3893 379 3951 ctiouem
402 3898 638 3960 venerit,
671 3896 1026 3967 apostolicum
1054 3897 1343 3951 anathema
1376 3896 1719 3951 condemnet.

184 3980 607 4043 Couscrvatorem
640 4000 769 4041 vero
811 3986 1043 4041 domina:
1095 3993 1298 4041 nosti-te
1334 3986 1503 4040 beatae
1545 3986 1723 4039 Maria:

180 4069 461 4129 intercessio
489 4074 730 4145 gloriosa
761 4074 1016 4129 lzetilicet.
1394 4076 1399 4079 ’

239 4162 408 4217 Datum
446 4180 513 4218 xv
546 4163 818 4218 Kalendas
851 4163 1073 4234 Aprilis,
1116 4178 1215 4234 per
1241 4163 1721 4217 ntanus‘Friderici

181 4262 349 4308 sancte
371 4254 631 4311 Romana:
678 4256 824 4311 sedis
873 4255 1268 4311 hihliothecarii
1297 4266 1352 4311 et
1379 4255 1717 4319 caurcllarii,
1747 4253 1801 4317 D

180 4341 276 4396 vice
297 4344 466 4400 domui
496 4345 837 4410 Herimanni,
862 4347 1323 4405 archicancellarii
1352 4356 1409 4401 et
1434 4348 1719 4402 Colonien-

180 4429 241 4484 εἰς
263 4435 657 4506 archiepiscopi,
688 4451 831 4499 anno
862 4438 1042 4492 domui
1072 4435 1269 4493 Leonis
1298 4451 1448 4507 papae
1501 4446 1716 4507 quarto,

182 4519 448 4583 indictione
471 4543 529 4581 v.

836 4617 1019 4677 LXVI.

183 4715 235 4780 3ο
247 4722 425 4804 μοναί
450 4729 674 4804 epistola
702 4730 773 4784 ad
802 4747 975 4787 omnes
1000 4750 1091 4802 per
1119 4732 1341 4789 Italiam
1362 4722 1724 4804 episcopos.—

239 4789 679 4879 iIe_pogsessiones
726 4816 902 4855 omnes
936 4789 1059 4879 suae
1084 4789 1562 4879 quisquami'done't
1585 4820 1723 4879 _m_o-

239 4870 477 4931 materia,
508 4870 600 4923 sed
650 4885 831 4925 eorum
872 4871 1053 4928 saltem
1096 4870 1427 4929 medietatem
1471 4873 1723 4927 Ecclesiie

239 4933 300 4986 ed
319 4951 467 5004 quam
497 4940 738 5008 pertinet.

742 5028 918 5097 (Anno
948 5030 1129 5105 1052.)
1250 5058 1255 5063 η

645 5117 864 5191 [Mansi,
892 5118 1037 5191 XIX,
1073 5119 1231 5196 κω]

1819 1702 1937 1741 sua.
1968 1684 2200 1757 Ideoque
2225 1688 2570 1757 przecipimus
2597 1690 3048 1761 atquejubentus,
3085 1702 3140 1744 ut
3168 1691 3395 1759 quicun-

1818 1794 1921 1846 quc
1934 1778 2127 1832 amodo
2141 1778 2193 1832 itt
2208 1778 2543 1833 monasterio
2563 1794 2620 1833 se
2638 1780 2879 1834 convorti
2898 1779 3165 1834 voluerint
3180 1777 3392 1853 [Form

1819 1868 2192 1943 volueris,H.],
2211 1870 2388 1924 sivein
2404 1869 2535 1933 vita.
2552 1871 2667 1925 sive
2685 1871 2736 1924 in
2749 1880 2944 1936 morte,
2957 1870 3196 1924 ontninm
3211 1886 3390 1925 rerum

1818 1967 1874 2012 et
1896 1960 2319 2030 posscssionum,
2347 1975 2483 2031 quas
2507 1976 2606 2030 pro
2631 1960 2804 2015 salute
2833 1961 3028 2015 animae
3047 1975 3160 2015 sua:
3182 1961 3391 2031 disponi

1818 2050 2153 2117 decreverit,
2186 2052 2533 2107 medietatem
2560 2052 2833 2117 ecclesiae,
2864 2053 2947 2107 cui
2978 2053 3092 2122 ipse
3122 2052 3394 2121 pertinere.

1819 2142 2173 2213 dignoscitur,
2206 2143 2476 2213 relinquat
2501 2158 2517 2198 :
2539 2153 2595 2198 et
2619 2145 2696 2199 sic
2719 2146 2931 2198 demum
2955 2145 3008 2197 in
3035 2144 3389 2203 monasterio.

1818 2239 1978 2301 prout
2035 2230 2245 2285 libitum
2301 2231 2403 2286 sibi
2457 2231 2650 2298 fuerit,
2704 2232 2864 2286 eundi
2932 2234 3395 2302 couvertendique

1821 2322 2017 2377 habeat
2062 2322 2354 2377 licentiam.
2404 2321 2723 2394 Quicunque
2752 2334 2934 2379 autem
2983 2324 3143 2394 hujus
3189 2326 3395 2381 decreti

1818 2412 2187 2466 coutradictor
2232 2414 2505 2467 exstiterit
2550 2429 2614 2469 ac
2662 2424 2976 2478 temerator.
3030 2416 3398 2471 anathematis

1818 2503 1998 2573 gladio
2022 2504 2318 2575 subjaceat.

2511 2594 2601 2651 LX
2610 2595 2714 2651 VII.

1820 2680 1979 2736 Bttlia
2022 2680 2085 2738 S.
2134 2679 2321 2737 Leonis
2352 2681 2435 2737 IX
2460 2701 2555 2806 aro
2586 2686 2903 2740 monasterio
2947 2683 3228 2741 Cum-Dei
3253 2688 3394 2754 apud

2516 2771 2750 2806 neruos.

2516 2771 2750 2811 ﬂIﬂ‘NOS.

2412 2846 2590 2913 (Anno
2620 2846 2798 2917 1052.)

1826 2934 2061 3007 [Baluz.,
2077 2933 2213 3005 Opp.
2236 2936 2298 2990 Β.
2313 2936 2524 2992 Servati
2550 2936 2682 3007 Lupi
2698 2937 3081 3004 Ferrariensis,
3098 2951 3220 3010 pag.
3238 2936 3394 3011 527.]

1892 3027 2002 3082 Leo
2044 3028 2361 3099 episcopus,
2408 3042 2913 3098 servusservorum
2961 3029 3091 3094 Dei.
3155 3030 3399 3085 ccilesia:

1824 3123 2102 3175 beatorum
2131 3130 2427 3192 martyrum
2450 3120 2639 3176 Vitalis
2666 3130 2722 3176 et
2747 3122 3026 3193 Agricolae,
3054 3137 3176 3192 qua:
3197 3123 3397 3177 dicitur

1820 3211 2113 3276 Casa-Dei,
2170 3218 2226 3265 et
2273 3226 2372 3281 per
2419 3226 2539 3265 eam
2592 3211 2772 3266 abbati
2824 3214 3038 3267 nomine
3103 3211 3399 3276 (tonsura.

1823 3300 2045 3369 ejusque
2072 3300 2479 3356 successoribus
2525 3299 2648 3355 illuc
2680 3302 2937 3357 canonice
2968 3303 3295 3357 intrantibus
3343 3303 3395 3355 iu

1734 3430 1737 3433 ν
1823 3401 2161 3467 ιωιῬειυιιιιιι.

1893 3481 3086 3560 Convenit«pastuiieomoéeramadeuntibus
3107 3481 3393 3547 inClu-isto

1826 3577 1914 3648 pie
1940 3579 2121 3634 vivere
2154 3579 2459 3634 volentilms
2491 3592 2677 3635 contra
2724 3582 2963 3637 omnium
2994 3582 3419 3657 adversantium

1827 3670 1967 3725 ictus
1983 3670 2337 3740 protectionis
2356 3671 2570 3742 clypeos
2588 3675 2847 3742 prmbere.
2862 3684 3127 3744 quatenus
3146 3676 3393 3745 quisquis

1825 3759 2016 3833 sejugo
2028 3762 2277 3832 subjugat
2289 3762 2512 3827 Christi,
2524 3764 2724 3818 auxilio
2743 3780 2807 3819 ac
2828 3776 3024 3835 protec.
3036 3764 3158 3821 ioue
3170 3780 3395 3819 summa:

1825 3860 1969 3907 sedis
1989 3860 2046 3906 et
2071 3852 2381 3922 apostolicae
2415 3854 2543 3909 illud
2578 3855 2631 3909 in
2664 3855 2887 3910 tuitione
2911 3857 3074 3910 etiam
3117 3857 3403 3924 temporali

1826 3952 2178 4012 recognoscat
2203 3953 2257 3997 et
2282 3946 2484 3999 sentiat
2502 3947 2648 4015 quod
2667 3955 2867 4002 sanctae
2886 3946 3141 4003 Ecclesiae
3169 3963 3403 4018 sponsus

1826 4047 1990 4088 verus
2014 4041 2068 4087 et
2081 4033 2416 4105 unusjugum
2436 4036 2857 4106 suscipientibus
2867 4053 3024 4095 suum
3048 4039 3295 4095 lenienda
3308 4042 3402 4095 de-

1826 4125 2042 4181 nuntiat
2053 4126 2258 4181 dicens:
2271 4128 2465 4198 Iugum
2477 4144 2647 4184 meum
2656 4145 2816 4185 suave
2823 4141 2899 4185 est
2910 4139 2959 4186 et
2971 4148 3103 4187 onus
3114 4146 3283 4186 meum
3294 4132 3404 4186 lere

1827 4212 2044 4283 (Matth.
2058 4215 2734 4289 xt,30).Quapropterjam
2758 4222 3277 4291 prmdictzeecclesite
3298 4238 3366 4277 au
3387 4254 3411 4265 -

1825 4304 2078 4361 claritate
2095 4308 2386 4377 apostolica
2407 4310 2814 4383 concedimuset
2827 4312 3398 4384 impcrtimurprivile-

1824 4397 1896 4467 gii
1919 4399 2172 4467 gratiam,
2190 4415 2294 4469 qua
2324 4401 2465 4455 tueri
2486 4413 2651 4471 queat
2672 4416 2733 4457 se
2757 4403 2825 4457 ab
2843 4405 3085 4459 omnium
3106 4390 3165 4460 se
3198 4404 3396 4474 injuste

1826 4489 2197 4558 impotentium
2227 4490 2529 4559 calumnia,
2555 4501 2612 4547 ut
2629 4494 2888 4564 quidquid
2919 4496 3051 4550 inibi
3080 4510 3111 4549 a
3140 4495 3401 4551 chcone

1822 4579 2053 4646 pnesule
2086 4581 2341 4636 collatum
2368 4592 2480 4649 est,
2528 4583 2609 4640 vel
2639 4585 2708 4641 ab
2736 4585 3007 4653 aliquibus
3034 4586 3235 4641 Christi
3270 4588 3395 4642 lide-

1825 4669 1964 4724 libus
1985 4670 2097 4739 jam
2119 4673 2313 4728 collata
2343 4674 2425 4728 vel
2446 4673 2766 4729 conferenda
2788 4685 2973 4742 erunt,
2997 4678 3049 4733 in
3073 4688 3393 4747 perpetuum

1824 4760 1928 4814 sub
1955 4761 2181 4817 tuitione
2222 4764 2515 4832 apostolica
2543 4764 2643 4818 sibi
2690 4754 2907 4833 semper
2941 4767 3411 4829 maneantincon~

1825 4849 1972 4904 vulsa
1989 4890 2003 4914 .
2030 4863 2303 4920 quatenus
2331 4852 2528 4908 ibidem
2555 4853 2883 4918 servientes,
2911 4858 3098 4926 quiete
3122 4861 3179 4909 et
3219 4871 3421 4919 securo

1824 4953 2262 5009 commanentes,
2319 4950 2469 4997 tanto
2523 4942 2771 4997 devotius
2835 4940 3045 5005 Christi
3115 4941 3430 5009 inhaereant

1826 5027 2207 5100 discipulatui,
2234 5040 2443 5102 quanto
2471 5041 2527 5088 et
2546 5045 2576 5085 a
2601 5028 2777 5105 furiali
2804 5037 3000 5092 mundi
3030 5038 3237 5101 impetu
3254 5074 3275 5100 ,
3298 5054 3435 5112 pm.

1827 5119 1955 5174 tecti
1976 5119 2084 5176 hac
2137 5120 2431 5197 apostolica
2482 5122 2706 5194 pagina,
2736 5119 2949 5182 fuerint
2991 5123 3175 5184 alicui.
3225 5123 3441 5192 Pauci.

240 5200 340 5261 Leo
356 5208 646 5300 episcopus
665 5248 681 5271 .
709 5208 955 5267 omnibus
976 5214 1253 5288 episcopis
1283 5210 1340 5267 in
1375 5209 1594 5269 Christo
1623 5223 1726 5279 per
1824 5211 2035 5280 pientes
2056 5213 2222 5286 igitur
2236 5214 2357 5270 vice
2375 5216 2548 5269 sancti
2573 5212 2716 5267 Petri
2731 5219 3119 5282 apostolorum
3140 5218 3443 5300 principis,

191 5300 326 5352 lotam
352 5299 568 5352 Italiam.

1825 5305 2169 5352 nminimne
2228 5306 2419 5352 ruins-
2453 5304 2702 5352 nnamvis
2732 5304 2981 5352 imum-nn
3050 5312 3201 5352 wit-pa
3248 5320 3444 5352 Im..-“
