4062 5352
213 307 321 362 uss

1208 312 1566 397 EDI$TOL£
1594 317 1688 395 112T
1729 317 2047 397 DECRETA
2083 320 2480 379 PONTIFICIA.

3330 317 3467 397 ,φο

212 414 569 484 rbiepismpi.
599 414 750 470 Auno
775 414 985 471 Domini
1029 417 1317 501 millesimo
1344 419 1795 493 quinquagesimo
1824 431 1868 489 Λ
1898 427 2100 483 domini
2170 406 2461 485 llermanni
2526 412 3015 485 archicancellarii'
3035 436 3095 483 et
3132 426 3463 501 Coloniettsis

207 504 456 559 secundo
481 503 679 560 Leonis
705 504 772 560 IX
802 518 951 575 papa:
975 494 1190 574 qnai'to,
1220 504 1512 566 indictione
1533 510 1741 583 quinta.

916 592 1101 651 LXIX.
1214 645 1225 654 .
1382 594 1387 599 ’

272 710 275 713 -
354 682 516 738 Bulla
535 682 595 739 S.
629 684 815 739 Leonis
844 684 927 739 IX
948 705 1044 756 pro
1080 688 1313 744 coenobio
1341 689 1664 762 Alter/ictui.

764 766 767 775 ’
844 790 989 830 anno
1019 775 1157 831 1052
1190 798 1198 807 ·
1496 786 1497 791 ‘

673 862 837 937 (uati.
862 863 1069 922 C-biist.
1098 864 1162 929 v,
1191 864 1342 942 ιη]

284 953 399 1008 Leo
436 954 742 1024 episcopus.
771 971 1048 1010 servorum
1088 956 1178 1012 Dei
1211 975 1427 1018 servus.
1455 958 1796 1018 Juctrnsnro

209 1043 399 1097 abbati
432 1043 687 1098 Ecclesia:
728 1045 896 1099 sancti
925 1043 1164 1116 Cyriaci,
1218 1052 1406 1118 posita!
1458 1049 1510 1105 in
1557 1051 1794 1118 Alsatite,

208 1133 339 1187 loco
356 1132 450 1201 qui
470 1133 670 1187 dicitur
693 1133 870 1188 Altum
892 1136 1221 1201 cmnobiutn,
1253 1137 1476 1207 ejusque
1507 1152 1794 1195 successo-

206 1221 387 1283 ribus.
415 1231 471 1275 et
506 1235 607 1291 per
628 1238 753 1277 eum
800 1226 1082 1280 monachis
1111 1225 1305 1281 ibidem
1337 1238 1597 1299 perpetuo
1624 1229 1796 1284 fantu—

210 1313 430 1373 laturis.
458 1323 773 1383 perpetuam
804 1315 1110 1371 inDeinino
1135 1315 1393 1372 salutem.‘

281 1404 558 1469 Quoniam
612 1404 827 1474 quidem
884 1407 1193 1476 apostolica:
1254 1407 1510 1463 convenit
1554 1424 1798 1490 censura:

186 1494 691 1550 "evambiiiaioca
720 1497 934 1567 propria
957 1500 1238 1567 protegere
1257 1499 1796 1570 mitione-,quatcnns
1852 1506 1855 1511 ‘

211 1584 327 1639 Deo
352 1583 681 1640 famulantes
718 1576 797 1639 ab
818 1586 1192 1657 impetentium
1223 1602 1282 1642 se
1313 1580 1598 1657 injuste....
1629 1587 1794 1657 quieti

206 1683 268 1728 et
295 1674 455 1730 liberi
479 1689 697 1745 semper
717 1677 934 1731 valeant
960 1692 1197 1734 manere.
1222 1679 1568 1749 Quapropter
1598 1679 1796 1749 :eqnis-

1897 518 2308 589 archiepiscopi,
2332 534 2473 577 ποιηο
2495 516 2693 573 domini
2708 514 2905 575 Leonis
2930 516 3055 573 noui
3079 532 3229 588 papa:
3244 503 3463 591 quat'tp,

1900 608 2085 663 indici.
2113 624 2168 674 v,
2199 609 2411 665 Domini
2443 624 2569 664 vero
2599 608 2757 666 £052.

2595 697 2759 755 LXX.
3406 748 3411 757 .

1899 785 1957 841 S.
1990 785 2179 841 Leonis
2206 783 2291 841 IX
2315 785 2637 856 m't't'iicgium
2678 804 2770 855 pro
2817 790 3131 863 attonusmio
3169 788 3460 861 Catinensi.

2486 875 2666 946 (Auno
2692 874 2872 946 1052.)

2251 964 2512 1039 [Galluia,
2548 963 2688 1018 Hist.
2718 962 2924 1029 ϐοείη..
2949 963 3095 1038 117.]

1969 1055 2081 1111 Leo
2116 1056 2420 1127 episcopus,
2472 1071 2663 1110 servus
2699 1070 2975 1110 servorum
3033 1054 3150 1121 Dei,
3199 1053 3465 1115 Biennio

1895 1147 2076 1202 abbati
2133 1146 2447 1200 monasterii
2518 1143 2814 1218 beatissimi
2869 1142 3075 1200 Christi
3106 1145 3466 1216 .confessoris

1892 1235 2192 1300 Benedicti,
2225 1236 2493 1311 quodest
2519 1244 2887 1289 constructum
2924 1234 2976 1289 in
3021 1234 3202 1291 monte
3236 1236 3329 1306 qui
3369 1235 3468 1292 Ca-

1858 1336 1861 1341 ‘
1896 1326 2048 1379 sinus
2069 1324 2289 1388 dicitur,
2314 1325 2373 1397 iu‘
2409 1326 2681 1379 territorio
2716 1314 3119 1397 Beneventano.
3151 1320 3464 1397 cunctisque

1897 1415 2004 1469 tuis
2024 1394 2428 1483 successoribus
2468 1406 2891 1489 juxtaprazdieti
2937 1400 3266 1495 confessoris
3292 1415 3464 1491 Bene-

1898 1496 2025 1589 dicti
2078 1504 2340 1563 statutum
2370 1498 2773 1567 ca‘ndni’ccilluc
2816 1494 3149 1595 intrantibus
3191 1508 3244 1565 in
3274 1524 3466 1583 perpe-

1896 1602 2049 1650 tuum
2450 1606 2551 1675 ‘h
3084 1658 3107 1671 _

1967 1683 2233 1752 Quoniam
2279 1670 2846 1758 quidem-apostolica:
2910 1670 3163 1759 convenit
3220 1705 3466 1761 censura:

208 1766 412 1818 simum
464 1764 777 1819 censuimus
825 1776 1025 1822 nostra:
1086 1768 1381 1822 sanctiouis
1437 1766 1631 1838 pagina
1676 1765 1793 1835 jam
1827 1766 2008 1829 BDeo
2035 1773 2417 1830 famulantibus
2438 1777 2612 1833 omnis
2638 1776 3144 1849 protéctionisjusta
3191 1766 3247 1836 et
3276 1781 3468 1852 aequis-

209 1853 526 1924 prrdictam
554 1852 863 1918 ecclesiam,
896 1870 925 1909 a
964 1856 1165 1910 nostris
1202 1856 1641 1927 progenitoribus
1669 1870 1798 1909 eon-

207 1938 499 2008 smctam,
556 1958 818 2023 perpetuo
838 1960 1057 2001 manere
1096 1934 1356 2001 munitam
1387 1948 1798 2014 monasticoqne

158 2046 163 2047 '
208 2037 391 2111 ordini
422 2027 808 2091 inviolabiliter
831 2038 976 2092 omni
1008 2047 1250 2109 tempore
1296 2052 1417 2093 esse
1468 2038 1792 2093 dedicatam.

206 2126 451 2199 igiturea
488 2128 810 2184 auctoritate
846 2143 951 2197 qua
979 2130 1147 2183 Sancti
1180 2126 1324 2183 Petri
1353 2127 1627 2199 fungimur
1655 2128 1792 2191 vice,

210 2216 601 2271 confirmamus
642 2228 802 2287 atque
838 2214 1255 2273 corroboramus
1295 2216 1535 2272 ecclesia:
1581 2210 1794 2286 praeno-

211 2309 435 2365 minatre
463 2309 639 2365 nostri
696 2306 977 2381 apostolici
1021 2309 1286 2379 privilegii
1336 2318 1600 2380 potestate
1649 2323 1796 2379 quae-

209 2417 428 2470 cunque
475 2418 505 2454 a
556 2402 758 2456 nostris
806 2402 1121 2471 parentibus
1172 2402 1369 2457 ibidem
1406 2417 1661 2469 concessa
1712 2400 1793 2455 vel

212 2493 555 2547 conceleuda
593 2502 737 2555 sunt,
791 2503 850 2546 ut
901 2493 1104 2548 nemini
1158 2492 1315 2548 liceat
1362 2493 1563 2564 aliquid
1601 2495 1795 2548 exinde

211 2587 484 2648 minuere,
508 2585 589 2640 vel
612 2584 902 2655 quidquam
927 2582 1162 2649 auferre,
1187 2584 1280 2639 sed
1307 2585 1487 2639 omnia
1516 2584 1794 2639 monachis

212 2676 325 2733 Deo
382 2678 516 2732 inibi
580 2678 942 2732 servientibus
1013 2676 1360 2750 integerrima
1416 2692 1631 2750 semper
1683 2692 1794 2731 ma-

211 2782 401 2822 neant.
429 2768 564 2823 illud
595 2769 760 2841 etiam
789 2768 1220 2823 confirmandum
1242 2746 1581 2823 decrevimus
1601 2777 1677 2832 ut,
1701 2769 1796 2822 ah-

209 2857 339 2911 bate
386 2858 555 2926 ipsius
602 2858 705 2913 loci
755 2858 935 2930 aliquo
987 2858 1094 2912 vita
1163 2859 1478 2923 decedente,
1544 2841 1792 2912 monachi

208 2950 450 3004 (mnu
479 2948 722 3020 ejusdem
754 2949 1025 3015 abbatem,
1057 2949 1144 3020 qui
1179 2949 1260 3003 eis
1307 2948 1549 3020 legaliter
1572 2957 1627 3002 et
1649 2949 1795 3019 juste

203 3041 362 3109 juxta
430 3042 730 3097 beatissimi
799 3042 1077 3097 Benedicti
1141 3041 1535 3117 institutionem
1588 3040 1791 3112 prmsit,

210 3144 539 3204 pcrestatezn
583 3133 820 3188 habeant
844 3135 1066 3203 eligere,
1097 3147 1227 3188 sane
1255 3144 1314 3186 ut
1343 3132 1410 3187 de
1438 3132 1569 3193 suis.
1602 3130 1645 3186 si
1669 3145 1797 3187 con~

210 3226 437 3296 dignum
496 3222 742 3279 invenire
794 3223 1085 3294 potuerint,
1142 3220 1365 3291 eligant,
1420 3214 1813 3291 prmcipintus;

212 3316 296 3369 sin
338 3324 545 3378 autem,
573 3328 682 3385 quo
723 3312 998 3368 meliorem
1051 3314 1327 3383 potuerint
1373 3313 1611 3382 reperire
1655 3312 1797 3366 acci—

213 3406 390 3473 piant.
415 3417 473 3460 et
503 3404 735 3460 electum
766 3405 1188 3459 consecrandum
1216 3402 1469 3474 episeopo
1494 3403 1792 3469 deducant;

211 3495 425 3562 ηπεοιεὶ
462 3491 625 3563 justh
647 3492 872 3547 fratrum
917 3492 1159 3563 petitioni
1209 3492 1557 3561 acquiescere
1590 3490 1800 3560 episco-

215 3598 317 3657 ρης
338 3581 601 3651 tenuerit,
626 3579 710 3637 vel
730 3579 1009 3643 sitnouiale
1032 3581 1084 3643 in
1114 3595 1238 3639 eum
1268 3594 1429 3652 agere
1455 3581 1656 3661 aliquid
1678 3589 1807 3642 ten-.

214 3685 445 3746 taverit.,
494 3670 817 3751 putestatem
868 3682 1192 3736 auctoritate
1240 3680 1534 3752 apostolica
1564 3680 1794 3737 adeundi

215 3781 456 3827 noetram
493 3770 728 3826 habeant
756 3771 1120 3841 praesentiam.
1256 3752 1261 3763 ’
1356 3762 1359 3763 ⁷
1480 3764 1485 3771 ’

286 3860 557 3918 Praeterea
603 3864 946 3919 decernimus
1003 3873 1065 3919 ut
1111 3862 1287 3919 nullus
1329 3879 1571 3935 unquam
1617 3854 1797 3936 aliqua

213 3972 411 4028 magna
442 3966 718 4027 parvaque
752 3968 1009 4027 persona,
1031 3955 1403 4027 cujuscunque
1451 3955 1797 4021 conditionis,

212 4067 311 4105 seu
343 4046 628 4119 potestatis
654 4048 953 4102 munimine
984 4048 1293 4115 roboratus,
1317 4062 1347 4100 a
1372 4045 1593 4116 praefata
1619 4046 1796 4101 cccle-

211 4143 296 4197 sia
327 4157 423 4197 seu
456 4141 790 4195 monasterio
819 4138 1000 4210 aliqua
1045 4138 1262 4211 exigere
1292 4138 1507 4202 audeat,
1538 4138 1639 4195 nisi
1667 4140 1797 4210 quid

214 4248 312 4285 sua
346 4241 537 4303 sponte
556 4230 668 4303 jam
692 4232 821 4286 dicti
847 4230 950 4286 loci
984 4230 1153 4286 abbas
1182 4229 1457 4286 obtulerit.
1480 4230 1646 4300 igitur
1671 4245 1801 4301 apo-

215 4322 409 4375 stolica
438 4336 667 4376 censura
717 4320 1056 4377 decernimus
1099 4329 1153 4375 et
1193 4319 1620 4374 irrevocabilitcr
1665 4333 1797 4374 con-

1898 1865 2030 1919 sima
2061 1880 2294 1937 semper,
2323 1876 2373 1923 et
2402 1862 2662 1923 indeiic‘ua
2696 1866 2951 1925 adhibere
2978 1872 3296 1938 munimina,
3334 1888 3469 1943 qua-

1896 1964 2053 2009 tenus
2089 1962 2336 2025 possessa
2383 1960 2586 2029 absque
2622 1957 2891 2035 nilajuste
2936 1946 3308 2030 inquietudine
3338 1978 3463 2037 pose

1867 2045 1870 2048 ’
1895 2044 2130 2111 sideant,
2155 2055 2209 2101 et
2240 2045 2436 2117 injuste
2463 2048 2562 2103 sibi
2585 2032 2857 2104 subtracta
2885 2032 3464 2135 recuperarewvaleant.

1892 2134 2129 2190 Proinde
2154 2151 2276 2191 cum
2304 2146 2487 2206 partes
2541 2138 2992 2211 pertransiremus
3039 2128 3364 2229 catnpaiiiaz,
3396 2128 3469 2216 pet

1896 2227 2037 2294 apud
2060 2225 2123 2281 S.
2166 2226 2497 2281 Germanum
2541 2229 2640 2283 sub
2678 2228 2936 2307 praedicto
2991 2225 3174 2307 monte
3231 2231 3465 2307 positum

1880 2326 2366 2372 'commaueremus
2395 2334 2516 2373 cum
2538 2319 2739 2374 nostris
2766 2306 2901 2374 conf
2903 2306 3140 2375 ratribus
3163 2337 3321 2391 qttam
3350 2306 3470 2392 pln-

1895 2408 2046 2462 ribus
2087 2408 2339 2465 videlicet
2366 2410 2788 2482 archiepiscopis
2813 2422 2868 2467 et
2894 2412 3184 2484 episcopis,
3233 2413 3462 2483 aliisque

1896 2499 1957 2554 S.
1999 2499 2169 2565 Petri,
2222 2502 2531 2572 nostrisque
2575 2500 2844 2569 fidelibus,
2886 2511 3012 2563 tunc
3063 2494 3465 2574 praefatns'jatn

1896 2589 2183 2645 lticherins
2229 2591 2577 2662 suprascripti
2604 2591 2917 2646 monasterii
2946 2590 3295 2651 benedicendi
3315 2606 3459 2647 sim-

1894 2696 1993 2750 per
2017 2680 2076 2736 S.
2108 2680 2383 2736 Benedicti
2414 2680 2624 2736 abbatis
2651 2697 2772 2736 cum
2796 2681 2908 2736 suis
2927 2681 3310 2744 confratribus,
3339 2694 3470 2751 quo-

1894 2787 2014 2826 rum
2034 2787 2175 2827 unus
2199 2781 2423 2827 vocatur
2442 2771 2680 2838 Firmus,
2705 2770 2987 2843 conquesti
3024 2781 3146 2827 sunt
3172 2772 3465 2826 Ecclesiam

1893 2869 1949 2915 et
1993 2861 2300 2917 emnobium
2345 2872 2461 2929 jam
2511 2860 2638 2917 dicti
2662 2859 2941 2917 Benedicti
2986 2860 3315 2917 sanctissimi
3358 2861 3468 2931 pri-

1894 2962 2081 3006 vatum
2131 2961 2185 3007 et
2229 2953 2490 3007 nudatum
2532 2951 2760 3007 ecclesia
2797 2954 2853 3007 et
2899 2951 3307 3023 monasteries.
3350 2952 3470 3008 Stc-

1821 3070 1864 3158 C-
1894 3042 2059 3112 phani
2078 3041 2237 3111 juxta
2269 3043 2545 3098 civitatem
2570 3042 3017 3097 Terracinensem
3065 3042 3274 3112 posito,
3322 3040 3465 3111 quod

1847 3140 1867 3158 Δ
1898 3134 2184 3158 -.ι-,ΠΑιηη
2232 3142 2280 3158 ..ι
2334 3132 2439 3158 n-..
2488 3133 2836 3158 A2-..2--:.....-
2880 3132 2965 3158 -.ε-
3011 3130 3329 3158 οΑ-Αλξηιιιη
3381 3133 3429 3158 ..ι

1896 3134 2186 3204 pmdictus
2229 3142 2286 3187 et
2331 3132 2442 3188 Deo
2486 3133 2838 3203 dignissimus
2880 3132 2965 3187 vir
3010 3130 3353 3198 Benedictus,
3381 3133 3461 3186 vi-

1899 3236 2060 3277 vente
2116 3238 2367 3292 corpore,
2434 3230 2835 3279 construxerat.
2891 3222 3132 3294 Denique
3177 3220 3293 3290 ejus
3343 3223 3467 3278 vita:

1898 3315 2178 3370 historiam
2203 3331 2233 3369 a
2267 3315 2577 3370 beatissimo
2604 3329 2741 3385 papa
2789 3314 3049 3391 Gregmib
3082 3313 3286 3376 editam
3332 3325 3472 3376 altu-

1896 3402 2083 3467 leﬂtnl
2127 3404 2184 3460 in
2237 3404 2472 3465 medium
2502 3418 2518 3479 ζ
2548 3404 2732 3482 ibique
2778 3412 3133 3483 perquisitum
3190 3411 3465 3466 inventum

1895 3502 1982 3550 est
2007 3504 2077 3551 ut.
2102 3493 2339 3564 qualiter
2382 3497 2552 3557 isdem
2592 3512 2812 3558 sanctus
2839 3518 2869 3557 a
2895 3503 3126 3573 quodam
3159 3510 3382 3575 rogatus
3413 3502 3465 3557 in

1895 3585 2015 3662 ejus
2034 3592 2237 3663 pradio
2259 3592 2643 3648 monasterium
2665 3602 3002 3660 construere,
3030 3592 3303 3659 abbatem,
3332 3607 3471 3661 prm-

1896 3687 2264 3755 pnsitumque,
2297 3684 2389 3756 qui
2419 3684 2491 3739 illi
2515 3695 2661 3740 esset
2708 3684 2996 3752 secundus,
3027 3685 3079 3739 in
3107 3680 3469 3739 construendo

1898 3775 2165 3847 delegavit
2188 3776 2456 3841 eoenobio,
2480 3776 2807 3830 denuntians
2831 3775 2971 3831 diem
3017 3788 3124 3846 quo
3148 3783 3293 3829 esset
3317 3768 3473 3827 adfu-

1899 3876 2079 3933 turus,
2129 3873 2187 3921 ut
2213 3866 2427 3937 singula
2471 3868 2551 3921 eis
2580 3866 2912 3933 ostenderet,
2944 3881 3052 3935 quo
3089 3870 3473 3921 construerent

1896 3956 2039 4023 lota,
2065 3955 2307 4013 oﬁiciuas
2332 3955 2739 4011 commanendis
2764 3956 3067 4019 monachis,
3097 3963 3153 4009 et
3177 3948 3471 4007 advenien-

1898 4049 2006 4112 dis,
2034 4064 2130 4103 seu
2161 4047 2522 4118 suscipiendis
2543 4046 2843 4116 hospitibus
2872 4047 3201 4102 necessaria.
3228 4044 3472 4117 Cumque

1899 4140 2181 4210 promissu:
2205 4138 2311 4193 diei
2364 4153 2467 4192 nox
2495 4138 2805 4206 perveniret
2836 4138 2889 4192 in
2921 4138 3152 4195 somnis.
3181 4134 3465 4192 sanctissi-

1901 4244 2020 4287 mus
2056 4230 2139 4283 vir
2171 4228 2403 4294 Domini,
2437 4229 2776 4293 Benedictus,
2801 4228 3036 4301 prtefatis
3064 4229 3327 4283 ambolus
3355 4225 3466 4282 sci-

1902 4319 2031 4376 licet
2076 4318 2250 4374 electo
2297 4318 2479 4374 abbati
2552 4304 2779 4390 ejusque
2848 4320 3144 4389 pueposito
3197 4308 3472 4389 apparuit,

220 4410 501 4465 firmamus
524 4418 584 4465 ut
608 4409 786 4466 nullus
814 4411 1122 4482 imperator,
1155 4412 1247 4464 aut
1278 4424 1392 4475 rex,
1415 4418 1507 4463 aut
1532 4410 1661 4474 dux,
1686 4410 1799 4466 sive
1832 4442 1879 4498 ο
1903 4412 2094 4480 eisque
2152 4410 2269 4466 loca
2332 4409 2571 4480 singula,
2614 4418 2676 4465 ut
2726 4412 3079 4479 promiserat,
3112 4399 3472 4498 designavit.

217 4503 486 4569 mat-chio,
533 4518 736 4566 comes,
792 4500 886 4557 seu
947 4503 1273 4567 vicecomes,
1318 4502 1598 4571 nullusque
1636 4502 1802 4557 advo-

217 4602 396 4657 catus,
431 4592 611 4649 uullus
633 4592 1095 4663 archiepismpus,
1125 4608 1216 4648 seu
1248 4593 1548 4662 episcopus,
1581 4602 1635 4648 et
1665 4608 1802 4664 pra!-

220 4693 370 4742 terea
397 4685 538 4741 nulla
562 4682 841 4740 hominum
866 4698 1092 4754 persona
1118 4683 1398 4754 utriusque
1410 4682 1803 4747 sexus,:etalis,

212 4772 407 4832 contra
423 4778 563 4833 hane
592 4785 794 4831 nostra:
826 4766 1131 4845 apostolicis
1149 4777 1494 4830 auctoritatis
1515 4774 1804 4831 conﬁrma-

202 4862 419 4923 tionem
443 4879 607 4939 atque
630 4867 1070 4925 constitutionem
1100 4877 1269 4923 tentet
1292 4868 1495 4931 venire;
1523 4868 1617 4922 sed
1634 4882 1806 4935 neque

174 4945 180 4949 ⁴
222 4960 545 5014 constitutus
576 4960 649 5013 ibi
679 4957 850 5011 abbas
876 4956 1015 5014 bona
1044 4959 1359 5013 monasterii
1393 4958 1587 5027 injuste
1609 4960 1806 5014 audeat

219 5049 452 5104 vendere
483 5047 565 5103 vel
592 5048 938 5103 distribuere.
952 5049 1104 5117 Quod
1129 5049 1439 5120 quicunque
1470 5049 1677 5113 fecerit,
1704 5064 1805 5104 no-

223 5150 338 5193 stro
360 5139 657 5209 apostolico
685 5140 1034 5194 anathemate
1084 5152 1257 5211 usque
1278 5143 1343 5193 ad
1375 5139 1805 5196 satisfactionem

240 5233 431 5252 I‘,.__._A,
470 5246 764 5252 H,__,------
800 5232 987 5252 ---!-a-a
1043 5231 1097 5252 1‘,

1904 4500 2118 4569 Quique
2177 4515 2300 4570 qute
2350 4499 2626 4570 sigillatim
2694 4500 2945 4554 viderant
3010 4499 3308 4555 retulerunt
3372 4484 3476 4553 sibi

1906 4591 2150 4648 vicissim
2187 4592 2479 4649 collatione
2529 4600 2732 4654 mutua,
2784 4606 2890 4645 non
2938 4599 3121 4646 tamen
3155 4588 3347 4643 visioni
3399 4585 3479 4644 illi

1904 4682 2599 4737 tidemaccommodantes
2622 4680 2960 4749 corporalem
3002 4678 3297 4751 praestolati
3350 4686 3480 4733 sunt

1908 4772 2273 4841 praesentiam.
2297 4770 2469 4838 Quem
2486 4771 2613 4826 dum
2635 4778 2948 4839 exspectato
2970 4769 3190 4825 minime
3214 4761 3483 4823 vidissent

1907 4862 1995 4916 die
2015 4862 2438 4929 venisse,mmsti
2465 4870 2591 4917 sunt
2618 4861 2847 4927 reversi,
2872 4868 3267 4933 conquerentes
3289 4859 3484 4939 advers

1906 4971 2000 5010 sus
2029 4956 2122 5011 Dei
2155 4955 2419 5011 famulum
2468 4970 2526 5011 se
2559 4956 2713 5010 illum
2760 4952 3197 5022 exspectavisse,
3382 4963 3489 5017 quo

1909 5046 2136 5102 minime
2153 5046 2306 5115 juxta
2331 5060 2485 5100 suam
2540 5043 2892 5114 sponsionem
2943 5038 3249 5098 advenisse.
3281 5033 3499 5106 Quibus

1910 5139 2039 5192 dum
2094 5136 2452 5206 approbasset
2509 5135 2652 5205 quod
2698 5132 3030 5202 promiserat
3082 5140 3181 5199 pro
3231 5135 3394 5183 certo
3446 5142 3503 5178 se

1950 5227 2266 5252 -..---t..-.:---
2321 5226 2440 5250 ,ιημ
2502 5223 2849 5250 ..-ειυς-..-ευι-
2908 5217 3226 5248 ..1.--....ιςω
3262 5214 3503 5246 ρὲιιηιιιῖο
