4062 5352
651 181 745 235 CM

1711 192 1766 249 5.
1809 193 2053 252 LEONlS
2091 198 2156 255 IX
2200 200 2399 256 PAP£
2439 204 2822 262 Ol’bSCULA.

3788 221 3887 275 692

652 304 776 347 esse
802 303 1229 396 cognoscentes,
1280 297 1657 370 dignis-sinum
1713 307 1959 362 arbitrati
2006 327 2216 379 sanius,
2247 320 2292 374 Α
2324 313 2380 367 8.
2416 315 2673 386 Stephani
2737 320 2891 392 juxta
2949 321 3291 378 Terracmam
3346 329 3519 396 posita
3575 346 3673 384 nos
3714 335 3887 385 reddi-

649 391 706 437 et
780 384 1092 440 censuimus
1149 387 1428 456 przefatatn
1502 394 1560 447 S.
1616 395 1873 466 Stephani
1926 402 2218 458 ecclesiam

652 473 963 529 monasticae
1001 474 1241 546 religioni
1272 496 1300 532 a
1327 481 1592 551 principio
1643 488 1727 541 sui
1753 489 2078 557 dedicatam,
2114 495 2220 550 sic-

651 573 704 614 ut
725 560 839 655 jam
863 562 1066 619 dictum
1110 574 1227 630 est,
1252 567 1410 636 juxta
1451 571 1798 633 Terracinam
1832 582 2063 649 positam
2084 602 2221 655 prte-

647 649 946 716 nominato,
989 664 1047 708 ct
1079 670 1190 723 pra:
1210 659 1385 716 electo
1412 663 1514 718 SS.
1559 667 1900 726 Coal‘essoris
1942 649 2217 732 Benedicti

646 740 897 796 coenobio
948 744 1178 802 reddere
1218 758 1274 804 et
1307 754 1600 822 apostolica
1655 763 1977 819 auctoritate
2020 767 2220 821 conﬁr-

647 845 816 927 mare.
871 832 1149 902 Quatenus
1197 859 1317 912 quae
1365 845 1480 914 ejus
1531 850 1749 907 fundata
1789 865 1873 909 est
1910 857 2220 927 magisterio

647 917 789 975 ilius
803 936 1020 994 semper
1044 942 1261 1001 regatur
1287 944 1448 1006 atque
1468 941 1741 996 muniatur
1759 917 2027 1013 imperio:
2035 947 2218 1018 Itaque

649 1015 743 1069 tibi
774 1015 1030 1093 Bicberio
1058 1023 1259 1090 abbati,
1319 1032 1638 1103 cunctisque
1670 1035 1776 1090 tuis
1812 1015 2217 1095 successoribus

642 1105 784 1201 j-uste
835 1109 887 1162 in
940 1117 1330 1171 monasterium
1368 1121 1422 1175 in
1472 1137 1654 1180 monte
1703 1126 1898 1182 Casino
1925 1131 2153 1201 positum
2186 1148 2217 1185 a

650 1193 944 1254 Benedicto
962 1199 1273 1260 beatissimo
1291 1205 1451 1265 Patre
1472 1222 1842 1271 constructum
1867 1193 2217 1287 init-antibus,

649 1295 812 1354 atque
843 1291 1103 1360 pnefatis.
1148 1305 1201 1351 ct
1237 1314 1380 1370 sa‘pe
1410 1304 1669 1361 nominati
1709 1307 1984 1365 Benedicti
2030 1327 2222 1367 mona-

645 1379 812 1470 sterio
838 1390 892 1436 et
916 1384 1158 1441 ecclesiae
1188 1390 1497 1458 praedictam
1549 1398 1722 1453 sancti
1762 1398 2020 1470 Stephani
2044 1402 2218 1458 cccle-

644 1465 859 1560 si:tmet
889 1477 1275 1534 monasterium
1301 1498 1423 1537 cum
1447 1485 1698 1544 omnibus
1740 1465 2217 1560 suis-pertinentiis

647 1557 941 1627 reddimus,
955 1567 1387 1637 conceditnus,et
1408 1577 1842 1634 corroboramus.
1873 1557 2217 1640 Constituen-

645 1656 727 1700 tes
765 1648 931 1718 igitur
953 1669 1163 1712 summa
1181 1668 1235 1714 et
1256 1664 1549 1732 apostolica
1571 1683 1798 1725 censura
1816 1674 2213 1742 constituimus,
2250 1648 2290 1705 Β

646 1745 705 1789 ttt
733 1739 864 1796 nulli
893 1745 1143 1817 cuiquam
1170 1750 1351 1822 aliquo
1371 1755 1423 1811 in
1458 1768 1701 1829 tempore
1724 1763 1879 1820 liccat
1906 1739 2220 1835 pnedictam

643 1832 923 1931 invadere,
982 1839 1064 1893 vel
1120 1845 1404 1914 subripere
1455 1853 1768 1920 ecclesiam,
1818 1867 1911 1912 aut
1941 1860 1992 1912 in
2038 1860 2222 1931 aliquo

641 1923 790 1992 juste
806 1928 907 1983 sibi
932 1946 997 1985 ex
1015 1941 1445 2005 competentibus
1467 1959 1587 1999 eam
1611 1946 1826 2014 ltedet'e,
1842 1951 1921 2005 vel
1955 1952 2219 2021 minuere,

646 2018 733 2074 vel
764 2020 977 2094 direpta
1009 2025 1204 2095 injuste
1225 2032 1272 2086 ei
1296 2037 1645 2102 contendere,
1696 2057 1788 2096 seu
1823 2060 1851 2096 a
1891 2049 2222 2103 monasterio

645 2112 818 2168 sancti
865 2124 921 2170 et
949 2117 1245 2178 beatissimi
1286 2126 1562 2185 Benedicti
1616 2144 1797 2190 monte
1833 2135 2035 2192 Casino
2080 2140 2222 2209 posi-

646 2211 758 2300 tum
785 2206 1038 2275 avellere,
1072 2213 1187 2269 sive
1240 2215 1497 2286 alienare,
1542 2233 1631 2278 aut
1663 2227 1924 2296 quidquid
1973 2230 2047 2285 illi
2071 2206 2222 2300 juste

639 2302 752 2356 jam
788 2308 1042 2354 concessa
1068 2306 1315 2371 quamvis
1360 2309 1646 2367 vidcantur
1669 2316 1735 2369 ab
1762 2318 1884 2373 aliis
1929 2336 2073 2377 nunc
2100 2338 2221 2393 pos-

645 2387 922 2477 sessa,ch
945 2405 1066 2459 qua:
1089 2393 1182 2448 tibi
1237 2407 1365 2453 sunt
1413 2402 1590 2460 adlmc
1636 2409 2003 2477 concedenda,
2028 2387 2219 2470 contra

643 2476 916 2567 :equitatis
952 2478 1220 2547 justitiam
1280 2490 1584 2562 subripere,
1619 2497 1899 2567 invadere,
1924 2476 2018 2558 seu
2042 2504 2221 2560 diver-

648 2566 767 2631 tiro,
794 2569 878 2624 vel
916 2570 1099 2644 aliquo
1144 2579 1303 2636 modo
1344 2587 1697 2644 contendere.
1745 2589 2217 2666 Nonimperator,

608 2740 613 2741 ί
643 2672 733 2721 aut
760 2679 881 2736 rex,
914 2682 1042 2740 non,
1075 2670 1318 2751 inquam,
1351 2679 1480 2755 des,
1508 2681 1591 2743 vel
1627 2685 1893 2752 marcido.
1923 2698 2222 2745 comesam

606 2776 971 2835 ἴνιςεοοηιρε,
1038 2784 1165 2843 non,
1224 2775 1686 2850 archiepiscopus,
1737 2801 1834 2837 seu
1913 2779 2216 2858 episcoptls.

643 2858 737 2903 aut
772 2852 968 2925 aliquis
994 2858 1315 2930 cujusquam
1340 2866 1569 2934 ordinis,
1597 2871 1712 2926 sive
1737 2852 2020 2940 potestatis
2045 2852 2218 2931 inuni-

2323 403 2495 470 disse,
2547 415 2603 460 et
2661 408 3016 465 conﬁrmasse
3079 415 3404 472 monasterio
3472 418 3531 471 8.
3582 416 3889 485 Benedicti,

2323 502 2506 549 monte
2540 495 2739 552 Casino
2775 502 3010 568 positum
3051 518 3173 557 cum
3205 507 3455 559 omnibus
3486 508 3603 562 suis
3625 510 3889 576 pertinen-

2323 585 2433 651 tiis,
2474 602 2595 657 qua:
2626 588 2726 644 sibi
2769 588 2915 657 juste
2963 594 3244 649 debentur.
3292 594 3526 651 Proinde
3560 599 3891 668 praecipimus

2320 677 2647 731 auctoritate
2703 680 2996 749 apostolica
3044 693 3101 735 ut
3131 683 3306 739 nullus
3365 685 3704 756 privilegium
3758 691 3892 756 quod

2278 838 2281 845 ‘
2318 766 2495 821 eidem
2540 770 2871 825 monasterio
2913 770 3141 827 fecimus
3186 785 3239 829 et
3282 777 3758 831 corroboravimus
3808 796 3896 831 au-

2319 853 2446 908 deat
2488 854 2916 928 inlriugere,qui
2967 863 3331 917 auathematis
3378 877 3593 932 puniant
3624 881 3746 919 mou
3791 866 3898 919 vult

2322 945 2637 1013 incurrere;
2689 951 2782 1005 sed
2852 938 3159 1022 quicunque
3207 953 3402 1023 injuste
3449 956 3651 1026 aliquid
3696 957 3899 1020 detinc:

2317 1050 2382 1088 cx
2432 1050 2494 1090 ea
2521 1036 2667 1107 juste
2716 1041 2981 1108 restituat,
3034 1052 3089 1097 ut
3138 1045 3569 1101 benedictionem
3612 1046 3813 1101 habeat
3849 1056 3899 1101 et

2320 1143 2496 1183 meam
2528 1131 2725 1184 bonam
2756 1130 3085 1189 voluntatem
3116 1150 3222 1190 non
3252 1135 3463 1191 perdat.

3005 1226 3214 1283 LXXII.

2319 1314 2377 1371 S.
2417 1316 2521 1372 Leo
2555 1316 2637 1371 IX
2667 1320 2970 1389 monasterii
2998 1318 3058 1374 S.
3089 1318 3299 1385 Sophia:
3334 1320 3685 1375 Benrrentani
3710 1335 3902 1389 possa-

2681 1388 2850 1443 sioncs
2869 1401 2915 1443 ct
2942 1389 3210 1460 privilegia
3230 1391 3525 1459 conﬁrmat.

2912 1482 3088 1548 (Anno
3126 1480 3310 1545 1052.)

2703 1566 2920 1640 [31311εῇ
2946 1567 3174 1636 ϐοοκ-ξι..
3204 1570 3356 1638 XIX,
3387 1571 3540 1645 687.]

2388 1656 2499 1712 Leo
2521 1658 2803 1729 cpiscopus
2822 1698 2836 1723 ,
2867 1675 3055 1716 servus
3083 1676 3361 1716 servorum
3396 1663 3522 1727 Dei,
3553 1662 3901 1729 Stcsxomo,

2323 1745 2521 1802 dilecto
2563 1759 2748 1802 nostro
2782 1748 2833 1803 in
2863 1748 3076 1804 Christo
3120 1752 3229 1805 tilio
3271 1761 3325 1807 et
3369 1752 3551 1806 abbati
3586 1753 3903 1808 venerahibs

2321 1838 2556 1896 cmnubii
2606 1840 2760 1895 almte
2802 1850 2860 1896 et
2906 1851 3190 1898 coaeternze
3240 1841 3465 1900 Domino
3497 1843 3649 1900 Patri
3698 1846 3904 1915 Sophim

2325 1932 2465 1987 intra
2495 1932 2889 1997 Beneventum,
2936 1934 2989 1989 in
3031 1935 3146 1991 loco
3177 1947 3485 2007 nuncupata
3516 1937 3901 2003 Urbe-Vetere,

2326 2024 2669 2089 constructi,
2730 2033 2785 2079 et
2844 2036 2967 2095 post
3017 2035 3069 2081 te
3126 2027 3178 2081 in
3245 2026 3434 2081 eodem
3491 2028 3748 2084 coenobio
3806 2029 3902 2081 tuis

2323 2114 2733 2169 successoribus
2800 2115 3059 2171 canonice
3130 2116 3509 2187 promovendis
3583 2117 3649 2172 in
3715 2133 3903 2187 perpe-

2324 2212 2495 2258 tuum.

2391 2295 2472 2351 Ad
2503 2296 2605 2353 hoc
2650 2298 2702 2352 in
2746 2298 3065 2354 sacerdotali
3117 2297 3351 2353 culmine
3393 2298 3678 2354 constituti
3727 2315 3905 2351 sumus

2322 2395 2381 2441 ιιι
2406 2386 2702 2442 evellamus
2728 2427 2744 2453 ,
2776 2402 2981 2443 necnon
3011 2398 3065 2443 et
3092 2390 3454 2451 destrnamus,
3490 2399 3547 2446 et
3578 2392 3906 2445 ardiﬁccttitts

2317 2480 2468 2549 juxta
2526 2493 2592 2533 ac
2640 2477 2942 2548 plantcmus
2993 2479 3051 2533 in
3091 2480 3309 2535 nomine
3355 2480 3491 2551 ejus.
3527 2481 3720 2536 chito
3751 2481 3905 2535 oilitii

2321 2568 2488 2625 nostri
2539 2568 2819 2639 exigente,
2850 2568 3114 2638 Optimum
3163 2568 3415 2625 duximus
3442 2571 3633 2624 diebus
3686 2573 3905 2631 nostris,

2321 2668 2482 2729 prout
2530 2673 2762 2727 superna
2831 2658 3004 2728 gratia
3059 2662 3429 2725 concesserit,
3474 2660 3635 2715 obvia
3683 2677 3909 2730 qua:th

2322 2751 2477 2807 nobis
2526 2750 2709 2805 illicita
2767 2748 2902 2805 falce
2948 2751 3328 2807 ecclesiasticae
3375 2752 3677 2821 disciplina;
3726 2756 3907 2812 εις-ωρ-

2324 2854 2451 2907 tere,
2486 2852 2538 2897 et
2573 2842 2736 2899 licitis
2780 2844 2992 2911 copiam
3022 2837 3379 2906 fructiﬁcandi
3419 2854 3620 2922 passim
3662 2854 3912 2921 summa-

645 2941 790 2999 tuine
861 2948 1051 3016 fultus,
1106 2954 1473 3028 cujuscunque
1528 2936 1875 3030 conditionis,
1922 2968 2004 3022 vel
2053 2986 2217 3025 sexus
2245 2996 2290 3054 ρ
2323 2955 2457 3054 ωνῆ
2501 2936 2860 3054 ρίῖδπηήίξεω
2908 2941 3907 3054 Ροδί.

644 3051 897 3134 persona,
948 3053 1143 3099 contra
1173 3046 1276 3103 hoc
1325 3060 1524 3106 nostra:
1554 3056 1851 3114 sane-tionis
1879 3062 2216 3134 privilegium

645 3126 799 3184 adire
825 3131 1041 3187 audeat.
1072 3135 1393 3209 Quicunque
1441 3143 1608 3212 igitur
1655 3159 1846 3204 contra
1879 3126 2002 3207 ἰιοε
2023 3126 2212 3222 ju'stis-

646 3220 798 3315 sima:
860 3222 1247 3284 moderationis
1292 3231 1592 3300 decretum,
1638 3250 1804 3310 atque
1858 3220 2215 3315 privilegium,
2282 3292 2285 3293 ν

647 3308 790 3374 quod
823 3316 1144 3371 auctoritate
1165 3323 1483 3391 apostolica,
1530 3308 1801 3386 annuente
1823 3308 1931 3387 Deo
1978 3308 2219 3407 om'nipo;

648 3408 816 3465 tente,
848 3407 1175 3461 tnonastmiu
1208 3411 1313 3464 Deo
1346 3412 1642 3484 dignissimi
1673 3417 2220 3488 Benedicti,cunctis-

614 3524 617 3529 η
646 3504 753 3559 que
794 3493 1475 3582 illucjuste'prteordinatis
1497 3508 1782 3568 abbatibus
1805 3513 2059 3583 fecimus,
2084 3534 2216 3573 con-

645 3583 999 3655 ﬁrmavimus,
1064 3601 1225 3663 atque
1273 3597 1745 3662 corroboravimus
1792 3610 2112 3665 contraierit
2165 3623 2218 3667 ct

645 3675 861 3733 rebellis
888 3682 1312 3749 exstiterit,nisi
1360 3692 1670 3762 resipuerit,
1714 3708 1977 3769 perpetuo
2006 3706 2218 3762 confes-

642 3773 1100 3832 susanathemate
1153 3780 1375 3837 ultrices
1425 3788 1755 3844 :cternalitcr
1807 3808 2001 3863 poenas
2046 3798 2215 3854 susti-

644 3871 788 3916 nent.
824 3864 1184 3939 Coitservator
1205 3886 1332 3929 vero
1357 3874 1656 3935 beatissimi
1690 3881 1968 3940 Benedicti
2025 3904 2217 3944 mona-

640 3955 869 4010 chorum
893 3957 1090 4027 Patris,
1116 3970 1169 4017 et
1208 3962 1364 4021 ducis
1390 3970 1591 4040 egregii
1624 3973 1896 4040 precibus,
1924 3986 1980 4032 et
2002 3980 2216 4035 nteritis

645 4046 882 4111 auditus,
936 4049 1004 4103 ab
1038 4052 1185 4106 utnni
1248 4065 1400 4110 reatu
1449 4045 1752 4126 absolutus,
1821 4066 2217 4125 benedictionis

652 4134 897 4200 gratiam,
937 4144 992 4189 et
1014 4138 1176 4193 vitam
1209 4142 1442 4212 adipisci.
1468 4158 1741 4204 mereatur
1768 4162 2052 4211 mternant.

718 4229 850 4283 Data
899 4250 998 4302 per
1041 4252 1230 4293 manus
1266 4240 1539 4299 Frederici
1583 4247 1816 4313 diaconi,
1860 4249 1919 4304 S.
1961 4249 2215 4307 Romana:

643 4320 894 4377 Ecclesia:
947 4327 1254 4385 caucellarii
1285 4342 1340 4386 et
1378 4334 1797 4405 bibliothecarii,
1852 4343 1971 4396 vice
2028 4343 2188 4399 donu.

644 4408 982 4479 Herimanni,
1040 4419 1503 4480 archicancellarii
1556 4435 1719 4498 atque
1754 4431 1994 4488 Coloniae
2032 4436 2215 4490 archi-

645 4503 902 4572 episcopi,
935 4508 1094 4562 tertio
1123 4510 1332 4567 decimo
1358 4511 1628 4571 Kalendas
1655 4518 1819 4581 Junii,
1864 4522 2049 4577 domui
2082 4524 2216 4580 Leo-

642 4595 728 4649 nis
750 4597 873 4650 noni
901 4613 1051 4669 papa:
1077 4616 1222 4658 anno
1244 4614 1462 4673 quarto,
1489 4606 1783 4667 indictione
1811 4614 2017 4681 quinta.

1338 4713 1524 4771 LXXI.

644 4798 707 4854 S.
749 4798 972 4877 Lc_0_lX
1016 4801 1215 4877 detinui
1263 4809 1499 4877 episcopo
1546 4819 1593 4864 et
1637 4812 1875 4868 omnibus
1924 4814 2219 4873 Terracina!

713 4870 1193 4953 positisecﬁlosium
1235 4870 1684 4953 et'mon'as'erinm
1727 4883 1795 4938 S.
1821 4870 2219 4953 Stephanitae;

713 4941 940 4996 materia
978 4940 1254 5000 Catinensi
1279 4965 1311 5001 α
1335 4964 1444 5002 sese
1481 4952 1718 5005 restituta
1742 4940 1975 5009 nuntiet.

1126 5070 1129 5071 ν
1205 5036 1419 5113 ,(Αειηο
1474 5040 1654 5113 1952-)

1014 5103 1273 5174 [Galtttla',
1304 5107 1447 5163 Hist.
1475 5103 1680 5166 Cassin.
1719 5114 1866 5186 118.]

718 5187 827 5243 Leo
865 5192 1169 5264 episcopus,
1215 5215 1406 5253 servus
1432 5216 1708 5258 servorum
1743 5205 1856 5269 Dei,
1883 5204 2068 5260 JOANNI
2106 5208 2219 5278 epi-
2270 5208 2275 5213 ’

644 5294 809 5347 scopo
864 5289 919 5335 et
968 5287 1217 5342 omnibus
1267 5290 1576 5348 Terracinae
1618 5295 1808 5352 positis
1857 5296 1945 5352 vel
1988 5297 2039 5352 in
2102 5296 2221 5352 eius

2322 3042 2677 3107 ventanorunt
2696 3073 2711 3097 ,
2740 3042 2900 3104 quam
2931 3033 3269 3104 pertulerunt
3304 3031 3446 3099 iuste
3473 3032 3544 3089 ob
3573 3030 3831 3101 injuriam
3858 3042 3911 3083 t't

2318 3123 2629 3193 superbiam
2681 3124 3045 3179 Romanorum
3096 3122 3414 3203 pontiﬁcum
3464 3130 3520 3177 et
3561 3122 3910 3177 dominorum

2320 3218 2731 3288 imperatorum,
2761 3228 2987 3288 postque
3010 3232 3196 3272 eorum
3227 3215 3587 3271 miserabilem
3618 3225 3675 3270 et
3705 3216 3910 3270 luctuo-

2318 3324 2432 3364 sam
2463 3308 2910 3373 satisfactionem,
2936 3307 3032 3363 tibi
3052 3308 3166 3377 jam
3196 3307 3340 3361 dicto
3369 3305 3721 3376 Sicenolpho,
3750 3320 3906 3372 quem

2318 3396 2438 3453 loco
2484 3397 2626 3453 illius
2674 3397 2866 3467 dejecti
2932 3412 2998 3452 ac
3060 3395 3312 3452 scelerati
3360 3394 3647 3464 Gregorii,
3702 3386 3911 3449 abbath

2320 3487 2593 3543 immerito
2628 3488 2780 3552 dicti,
2810 3501 2909 3543 nec
2927 3486 3039 3555 jam
3068 3485 3301 3550 dicendi,
3334 3484 3731 3547 ordinavi-tnus,
3756 3495 3906 3553 juxta

2318 3578 2596 3648 petitionis
2651 3587 2756 3633 tua:
2804 3585 3090 3640 tenorem,
3147 3575 3532 3630 conﬁrmamus
3574 3588 3642 3627 ex
3698 3573 3908 3642 integro

2318 3668 2594 3739 praefatam
2620 3667 2893 3725 abbatiam
2924 3654 2982 3722 8.
3013 3666 3052 3722 8
3076 3666 3227 3736 pbia:
3251 3706 3267 3732 ,
3294 3681 3416 3720 cum
3463 3663 3719 3719 ecclesiis
3740 3705 3757 3727 .
3784 3680 3906 3718 cur-

2320 3760 2481 3827 tilms,
2510 3761 2677 3820 villis.
2704 3760 2992 3824 casalibus,
3022 3757 3216 3822 vincis,
3266 3756 3445 3819 terris,
3477 3755 3655 3809 servis
3705 3771 3772 3808 ac
3817 3769 3906 3806 an-

2317 3852 2475 3917 cillis,
2504 3853 2863 3922 omnibusque
2911 3850 3201 3906 mobilibus
3227 3848 3310 3904 vel
3343 3845 3712 3903 immobilibus
3740 3846 3808 3899 ad
3849 3860 3905 3898 se

2311 3944 2457 4013 juste
2485 3945 2896 4016 pertinentibus,
2943 3951 3051 3997 tam
3078 3932 3156 3996 ea
3184 3957 3303 4012 qum
3328 3941 3593 3997 hactenus
3621 3939 3905 4008 acquirere

2316 4038 2491 4108 potuit
2538 4052 2700 4109 quam
2744 4051 2866 4105 qua:
2910 4034 3167 4102 deinceps
3219 4030 3570 4092 liberalitate,
3619 4028 3906 4082 collatione

2316 4129 2429 4183 sive
2460 4116 2809 4182 conceSsionc
2835 4121 3199 4197 quorumlibet
3226 4120 3597 4190 religiosorum
3623 4118 3903 4173 hominum

2316 4216 2514 4287 poterit
2538 4213 2781 4284 adipisci,
2811 4222 2971 4282 atque
2999 4226 3242 4283 prorsus,
3270 4222 3607 4279 quacunque
3637 4220 3899 4263 concessa

2198 4296 2215 4399 ξ
2245 4328 2290 4386 D
2317 4313 2443 4360 sunt
2480 4303 2575 4368 illi,
2606 4296 2959 4358 corroborata
2989 4303 3198 4371 piorum
3229 4299 3615 4370 imperatorum
3642 4298 3729 4352 Vel
3758 4297 3898 4367 prin-

2319 4399 2496 4468 ciputn
2528 4396 2812 4468 pratceptis
2853 4406 2942 4450 aut
2975 4386 3368 4464 cltirugraphis.
3400 4393 3671 4449 Praeterea
3721 4404 3898 4448 aucto-

2320 4489 2476 4542 ritate
2547 4487 2856 4557 apostolicae
2926 4485 3069 4543 sedis
3133 4485 3388 4540 Romanis
3435 4485 3788 4540 concedimus
3838 4501 3898 4539 ac

2318 4580 2699 4637 conﬁrmamus
2722 4580 2812 4635 tibi
2842 4564 3049 4650 tuisque
3070 4580 3471 4636 successoribus
3500 4581 3552 4635 in
3578 4591 3896 4652 perpetuum

2317 4686 2508 4728 omnes
2534 4673 2585 4726 in
2618 4672 2882 4741 integrum
2910 4671 3212 4725 oblationes
3239 4669 3483 4726 vivorum
3527 4686 3592 4724 ac
3618 4670 3899 4724 defuncto»

2319 4778 2460 4827 rum,
2500 4776 2621 4830 qua:
2668 4760 2861 4816 amodo
2894 4768 2950 4815 ct
2993 4759 3245 4829 deinceps
3292 4758 3392 4829 ipsi
3435 4758 3770 4814 monasterio
3819 4758 3896 4813 vel

2318 4852 2565 4911 ecclesiis
2587 4853 2659 4909 illi
2695 4853 2949 4924 subjectis
2983 4871 3013 4908 a
3045 4854 3454 4925 quibuseuuque
3483 4851 3733 4922 personis
3760 4856 3895 4909 data:

2321 4944 2555 5005 fuerint;
2598 4944 2760 5001 liccat.
2797 4961 3011 5017 quoque
3072 4946 3203 5016 ipsis
3268 4944 3550 5001 monachis
3596 4961 3666 5002 ex
3710 4948 3890 5001 eadem

2321 5034 2735 5106 congregatione
2757 5034 2956 5105 eligere
2975 5021 3221 5089 abbatem
3252 5036 3376 5100 sibi,
3407 5035 3454 5090 si
3481 5035 3613 5091 inibi
3644 5036 3892 5090 idoneum

2319 5126 2387 5180 ad
2433 5124 2536 5178 hoc
2559 5122 2790 5179 cilicium
2836 5112 3135 5180 invenerint
3167 5141 3180 5179 :
3212 5124 3295 5179 sin
3338 5125 3495 5189 alias,
3543 5125 3895 5195 undecunque

2320 5230 2560 5288 possunt,
2596 5215 2813 5295 dignum
2858 5227 3122 5272 rectorem
3158 5216 3259 5272 sibi
3287 5215 3514 5287 eligant;
3546 5226 3600 5272 et
3635 5227 3890 5286 perpetuo

2322 5310 2537 5352 maneat
2585 5302 2690 5352 iam
2721 5319 2863 5352 smne
2894 5302 3061 5352 fatum
3109 5304 3414 5352 cmunbinm
3456 5307 3558 5352 sub
3584 5307 3753 5352 tutela
3799 5322 3887 5352 son
