4062 5352
249 348 360 406 G93

1249 350 1605 412 EPlSTOLA-J
1643 352 1728 410 ΒΥ
1764 349 2089 412 DECRETA
2127 351 2543 416 PONTIFICIA.

3410 357 3515 418 σοι

216 536 221 545 ⁸
245 463 452 535 aliqua,
490 463 585 519 sed
614 461 829 535 penitus
854 463 1119 522 habeatur
1145 460 1334 523 frivola
1356 476 1412 523 ct
1436 460 1614 528 irrita,
1650 460 1826 534 sitque
1854 449 1907 526 Ai
1930 464 2220 533 Bernardi,
2250 468 2489 540 episcopi
2519 467 2581 525 S.
2604 467 2860 526 Ecclesia:
2886 468 3183 534 Esculaoae.
3211 470 3520 540 apostolica

236 565 366 619 ,rata
396 557 784 611 controversiae
831 557 970 613 illius
1002 557 1286 614 manifeste
1332 572 1397 614 ac
1441 557 1653 628 publice
1697 556 1839 611 facta

210 628 498 703 4deﬁnitio
565 665 596 703 ιι
655 647 919 719 religiosis
988 650 1320 718 principibus
1380 646 1727 717 Jaodolpho,
1775 661 1839 700 ac

249 732 590 808 Pandoi‘pho,
637 738 975 807 magnatibns
1003 754 1068 794 ac
1106 738 1329 794 ducibus
1372 753 1599 802 eorum,
1626 738 1839 807 quando

247 828 403 898 prius
432 827 750 897 Maiepotus.
783 828 973 901 deinde
1016 826 1250 884 Joannes
1301 827 1625 885 Casioeoscs
1676 818 1841 882 abba-

248 926 374 982 tes,
420 919 683 973 adversus
726 911 925 975 Ursum
976 934 1039 974 ac
1105 919 1424 988 Gregorium
1495 917 1727 974 abitalia:
1778 917 1834 973 S.

248 1009 468 1078 Sophia:
494 1017 753 1072 rectores,
803 1023 966 1077 super
1014 1010 1125 1062 hate
1157 1007 1303 1062 litem
1351 1023 1658 1079 suscepere.
1690 1006 1841 1062 Obti-

251 1106 382 1153 neat
406 1112 537 1168 ergo
566 1107 621 1154 et
670 1098 944 1169 possideat
989 1112 1204 1167 semper
1245 1097 1547 1151 libertatem
1596 1106 1843 1152 anteces-

251 1203 439 1242 sorom
478 1197 787 1241 neatrorum
819 1186 1110 1256 privilegiis
1147 1195 1200 1240 et
1231 1187 1615 1257 imperatorum
1640 1200 1843 1257 praece-

250 1280 360 1349 ptis
387 1280 652 1333 hactenus
679 1279 780 1334 sibi
808 1293 1123 1334 concessam
1154 1289 1208 1333 et
1234 1279 1606 1334 confirmatam
1632 1320 1647 1344 ,
1681 1279 1752 1333 ita
1786 1287 1844 1332 ιιι

249 1370 433 1423 nullos
472 1371 730 1447 deinceps
777 1369 1163 1439 imperatorum
1189 1409 1205 1435 ,
1258 1385 1441 1440 regum
1465 1410 1480 1434 ,
1530 1369 1726 1424 ducum
1758 1365 1842 1422 vel

247 1460 581 1529 pr'ucipum,
632 1467 725 1513 aut
756 1458 1147 1522 marchionum,
1194 1473 1293 1513 nec
1342 1458 1445 1511 ulla
1477 1456 1844 1527 cujuscunque

245 1550 532 1620 dignitatis
558 1564 791 1618 persona
819 1555 1005 1603 contra
1033 1548 1170 1603 hanc
1197 1558 1438 1603 nostram
1467 1547 1842 1601 auctoritatem

251 1651 351 1697 aut
392 1641 759 1697 conditionem
807 1639 1210 1709 privilegiorum
1253 1640 1440 1694 venire
1486 1639 1682 1693 audeat
1709 1679 1724 1703 ,
1752 1646 1846 1691 aut

250 1733 322 1787 de
347 1732 506 1787 bonis
543 1732 789 1802 ejusdem
827 1714 1065 1785 abhatiaal
1088 1744 1185 1800 per
1211 1745 1309 1785 nos
1354 1738 1449 1784 aut
1495 1743 1845 1799 quoscunque

249 1826 553 1887 concessis,
581 1836 866 1892 usurpare,
898 1822 1142 1876 minuere
1170 1831 1264 1876 aut
1286 1821 1524 1877 alienare
1545 1820 1841 1893 quidquam

250 1931 581 1987 quocunque
643 1915 805 1969 tnodo
852 1922 947 1967 aut
995 1913 1211 1983 ingenio
1268 1922 1597 1982 praesumat,
1649 1928 1717 1968 ne
1750 1911 1851 1966 sub

243 2009 456 2076 judicio
489 2007 718 2061 districti
750 2004 1111 2059 anathematis
1149 2005 1384 2058 decidat.
1422 2002 1591 2057 Porro
1624 2002 1750 2073 quia
1782 2003 1850 2058 ab

252 2098 531 2166 aliquibus
577 2094 851 2163 episcopis
888 2091 1063 2146 solent
1095 2093 1339 2148 coenobia
1367 2093 1701 2166 gravamiua.
1734 2109 1854 2149 sus-

253 2189 465 2252 tinere,
523 2199 624 2238 nos
668 2199 796 2238 vero
841 2182 1001 2237 alicui
1048 2182 1416 2252 pnrjudicinm
1468 2199 1568 2238 nec
1612 2183 1855 2240 volumus
1926 2192 1929 2195 ‘

252 2291 358 2332 nec
390 2276 657 2329 debemus
704 2271 922 2336 facere;
967 2270 1069 2325 hoc
1098 2271 1312 2326 tandem
1358 2272 1705 2328 concedimus
1760 2272 1853 2327 tibi

257 2370 361 2422 hac
404 2376 588 2421 nostra
617 2363 962 2425 auctoritate,
995 2369 1054 2415 ut
1098 2362 1143 2415 si
1191 2362 1258 2416 ab
1305 2363 1572 2432 episcopo.
1604 2363 1655 2417 in
1703 2361 1856 2432 cujus

255 2460 478 2519 dioseesi
512 2456 786 2522 consistis,
838 2455 1157 2525 nequiveris
1186 2454 1587 2511 ecclesiasticas
1634 2456 1853 2511 ordina-

258 2555 434 2609 tiones
458 2555 627 2624 gratis
658 2566 717 2608 et
742 2558 1001 2613 canonice
1028 2550 1331 2621 acquirere,
1359 2536 1630 2604 licenliam
1654 2548 1856 2601 habeas

256 2662 289 2701 ι
319 2634 642 2714 quocunque
673 2647 771 2702 tibi
801 2648 1013 2717 tuisque
1036 2641 1351 2715 acquirendi
1381 2655 1475 2695 eas
1495 2639 1660 2708 joste.
1688 2638 1858 2709 llnjns

258 2738 433 2792 nostri
467 2739 735 2809 privilegii
775 2749 974 2794 statuta
1021 2738 1313 2806 infringere
1346 2742 1401 2788 et
1428 2747 1647 2789 cassare
1682 2731 1858 2786 nullos

256 2828 551 2902 aiiquando
579 2846 901 2901 quacunque
941 2838 1057 2885 arte
1101 2835 1410 2898 praesumat,
1451 2837 1518 2879 ne
1557 2823 1859 2878 damnatio-

254 2937 387 2976 nem
419 2922 489 2977 ab
517 2921 670 2978 initio
715 2940 746 2979 a
791 2924 993 2979 sanctis
1036 2921 1288 2976 Patrihus
1334 2918 1727 2990 promulgatam
1762 2932 1859 2986 pro

257 3011 550 3083 sacrilegis
598 3014 860 3069 incurrat.
905 3013 1038 3069 Nam
1087 3013 1334 3084 quisquis
1378 3011 1493 3067 lucc
1533 3010 1620 3081 pio
1658 3002 1857 3063 Divini-

1939 557 2280 614 auctoritatis
2347 558 2624 615 munimen
2673 560 3033 616 concedentes
3061 600 3077 627 ,
3120 569 3177 616 et
3243 574 3340 631 per
3393 576 3517 617 eam

1939 648 2165 719 praefato
2220 649 2517 719 episcopo,
2562 651 2882 721 cunctisque
2948 648 3069 720 ejus
3117 651 3537 707 successoribus

1939 747 2201 802 canonice
2244 746 2377 802 inibi
2424 747 2827 811 inthronizatis,
2858 761 2980 816 qua:
3009 746 3075 799 ad
3121 745 3377 801 honorem
3427 742 3521 798 Dei

1938 836 2218 907 genitricis
2268 851 2592 907 semperque
2628 836 2855 907 virginis
2903 834 3085 890 Maria:
3135 844 3221 888 est
3252 833 3529 897 dedicata.

1941 944 2042 984 nec
2071 929 2122 983 in
2150 928 2423 984 inferioris
2451 928 2789 985 liberalitatis
2808 927 3199 997 praescriptum,
3225 924 3318 977 sed
3342 923 3529 980 obsn-

1914 1018 2120 1075 .colum
2172 1029 2228 1074 et
2263 1021 2430 1079 totius
2456 1019 2809 1091 protectioois
2837 1017 3082 1089 clypeum
3111 1014 3375 1087 privilegii
3403 1029 3526 1069 mu-

1942 1111 2122 1166 nimen
2158 1110 2524 1175 conferimus,
2551 1119 2610 1166 ut
2649 1109 2876 1166 ecclesia
2922 1122 3041 1176 qua:
3072 1104 3276 1160 notuiui
3327 1100 3532 1157 sutumi

1942 1202 2329 1272 omnipotentis
2354 1201 2518 1270 Regis
2539 1209 2832 1271 martyrum
2870 1208 2952 1253 est
2979 1197 3244 1256 dedicata,
3272 1194 3341 1247 sit
3363 1193 3529 1246 etiam

1942 1292 2140 1349 summi
2189 1292 2378 1346 tnilitis
2424 1290 2544 1361 ejus
2578 1291 2670 1346 lilii
2717 1289 2920 1359 scripto
2960 1294 3201 1358 protecta
3243 1283 3530 1355 gladioque

1912 1458 1915 1465 η
1944 1376 2187 1439 defensa.
2214 1382 2446 1453 Ideoque
2491 1381 2785 1451 apostolica
2831 1379 3159 1434 auctoritate
3186 1374 3535 1445 providentes

1944 1472 2186 1542 singula,
2231 1470 2491 1542 quidquid
2526 1471 2671 1542 juste
2700 1470 2872 1525 eidem
2917 1466 3224 1523 deferretur
3265 1462 3529 1528 ecclesize,

1910 1564 2331 1633 _conlirmamus
2360 1571 2415 1617 et
2440 1563 2855 1617 corroboramus
2888 1559 3007 1621 tibi,
3043 1566 3105 1612 ut
3142 1571 3302 1610 unum
3332 1553 3534 1609 exinde

1944 1672 2067 1712 eum
2104 1654 2299 1709 audeat
2348 1653 2637 1717 devestire,
2682 1650 2767 1707 vel
2812 1648 3123 1712 molestare,
3150 1661 3245 1700 seu
3292 1644 3534 1713 aliquam

1948 1745 2374 1818 inquietudinem
2411 1744 2485 1799 illi
2543 1741 2744 1798 inferre
2767 1755 2801 1801 :.
2827 1740 2879 1797 id
2920 1747 3006 1796 est
3046 1739 3324 1794 civitatem
3366 1733 3543 1788 Esca.

1949 1838 2128 1895 lanato
2167 1852 2243 1892 ex.
2265 1835 2474 1905 integro
2516 1846 2637 1887 cum
2669 1831 2915 1901 ipsa-sna
2945 1826 3193 1898 portione
3240 1825 3305 1878 de
3348 1837 3536 1878 mona-

1926 1918 2118 1986 sterio
2141 1927 2328 1983 Sancti
2372 1922 2586 1994 Aogeli,
2629 1921 2771 1992 quod
2804 1920 2857 1976 in
2887 1920 3002 1989 ipsa
3048 1916 3268 1972 civitate
3292 1922 3377 1968 est
3403 1926 3540 1968 con-

1924 2028 2242 2091 _structum,
2267 2027 2320 2072 et
2352 2013 2741 2071 monasterium
2765 2012 2978 2068 Sanctae
3020 2008 3225 2070 Mariae,
3254 2006 3307 2060 in
3349 2010 3537 2059 sancto

1955 2121 2137 2170 monte
2154 2110 2420 2182 positum,
2456 2123 2581 2164 cum
2608 2103 3027 2172 omnibusjnste
3069 2101 3174 2157 sibi
3218 2094 3541 2169 pertinenti-

1954 2205 2098 2269 bus,
2146 2201 2230 2256 vel
2294 2217 2416 2272 qua:
2478 2200 2693 2254 inantea
2750 2197 3052 2266 aliquorum
3114 2191 3261 2261 insta
3321 2188 3541 2245 datione

1955 2294 2201 2364 legaliter
2224 2291 2497 2361 pertinere
2535 2294 2810 2358 poterunt.
2859 2282 3175 2346 Castellum,
3219 2281 3364 2351 quod
3406 2276 3541 2334 dici-

1959 2396 2046 2442 tor
2086 2383 2127 2437 Τ
2134 2384 2299 2438 rione.
2330 2396 2451 2436 cum
2487 2377 2813 2434 monasterio
2860 2374 3044 2430 Sancti
3089 2370 3369 2429 Laurentii
3409 2383 3539 2425 cum

1926 2477 2208 2551 omnibus
2253 2470 2766 2544 pertinentiislsuis,
2807 2475 3017 2527 cortem
3082 2465 3148 2520 de
3195 2463 3370 2519 Massa
3414 2477 3538 2520 cum

1959 2570 2076 2641 ipso
2102 2566 2232 2636 Pojo
2257 2566 2323 2621 de
2351 2563 2491 2619 valle
2518 2562 2724 2625 lucida,
2754 2568 2963 2614 cortem
2993 2557 3059 2611 de
3085 2555 3266 2610 Monte
3285 2595 3300 2618 ,
3330 2561 3541 2607 cortem

1958 2660 2025 2716 de
2051 2658 2283 2720 Pazano,
2316 2656 2458 2711 sicut
2505 2653 2560 2707 in
2593 2649 2837 2708 chartula
2867 2646 3144 2719 Maynartii
3178 2644 3270 2699 ﬁlii
3301 2643 3543 2716 Sigolplti

1959 2752 2190 2807 habetur
2236 2757 2292 2803 et
2334 2747 2552 2816 legitur.
2588 2744 2777 2801 Castra
2827 2755 2948 2811 qua:
2967 2739 3222 2794 dicuntur
3259 2735 3546 2803 Sculcula,

1930 2824 1937 2903 Γ
1961 2845 2207 2908 Matrice,
2259 2838 2574 2911 Spioetula;
2625 2842 2835 2890 cortem
2901 2831 2968 2886 de
3013 2829 3141 2885 llica
3167 2870 3183 2894 ,
3224 2836 3433 2882 cortem
3478 2826 3545 2880 do

1957 2940 2215 3003 Cariano,
2264 2943 2475 2989 cortem
2525 2930 2594 2985 de
2642 2927 2802 2991 Core,
2832 2931 3044 2980 cortem
3105 2922 3173 2977 de
3220 2919 3544 2984 Beleuterio,

1959 3042 2167 3090 cortem
2194 3030 2262 3084 de
2290 3023 2649 3086 Flaminiana,
2697 3027 2905 3075 cortem
2946 3017 3013 3072 de
3058 3014 3184 3084 Api,
3229 3022 3436 3067 cortem
3478 3010 3548 3065 do

262 3105 396 3160 tatis
441 3116 692 3175 respectu
725 3117 1038 3162 reverenter
1065 3104 1477 3170 observaverit,
1528 3102 1851 3158 conﬁdimus
1879 3147 1923 3208 C
1954 3121 2287 3185 Tarracina,
2341 3123 2549 3172 unum
2598 3111 2665 3166 de
2707 3108 2933 3178 Bapino,
2983 3114 3193 3161 curm“
3239 3102 3306 3157 de
3345 3099 3547 3155 vuasm

257 3200 390 3269 quia
432 3216 465 3254 a
499 3210 689 3254 saneta
720 3198 986 3253 Trioitate
1032 3196 1460 3254 benedictionem
1495 3194 1756 3258 habebit,
1796 3200 1852 3247 et
1879 3189 1923 3208 υ
1950 3220 2273 3279 Pramum“
2299 3248 2315 3274 ’
2373 3212 2582 3261 ευτιειη
2649 3201 2715 3257 de
2738 3198 2903 3269 saxa
2928 3236 2943 3262 ,
2993 3203 3201 3252 cortem
3250 3191 3318 3247 de
3372 3189 3503 3246 Salii
3528 3231 3544 3252 ,

258 3303 469 3348 sortem
501 3294 846 3347 nanciscetur
881 3307 1003 3346 cum
1046 3290 1127 3345 eis
1151 3290 1241 3359 qui
1277 3297 1541 3360 praecepta
1573 3286 1851 3341 Doininica

260 3391 644 3445 servaverunt,
673 3390 731 3435 et
754 3382 820 3436 ad
850 3380 1099 3437 cmlestes
1128 3381 1409 3435 thesauros
1440 3388 1654 3434 terrena
1684 3377 1854 3447 patri-

263 3473 452 3530 monia
479 3476 891 3531 transtulerunt.

310 3567 471 3621 'Data
506 3581 580 3622 xu
616 3566 734 3621 Kal.
767 3565 909 3621 Junii
956 3581 1053 3637 per
1080 3582 1272 3621 manus
1301 3564 1572 3621 Frederici
1600 3563 1811 3620 diaconi
1835 3602 1852 3628 ,

262 3657 324 3712 S.
365 3654 433 3711 Β.
486 3657 544 3711 Ε.
577 3658 998 3721 bibliothecarii.
1045 3673 1255 3713 necnon
1301 3666 1357 3712 et
1393 3655 1702 3713 cancellarii
1741 3655 1857 3709 vice

263 3751 471 3806 dmoini
536 3750 831 3804 llermanni
900 3749 1363 3806 archicancellarii
1413 3758 1467 3804 et
1516 3746 1856 3805 Coloniensis

262 3841 698 3912 archiepiscopi,
754 3857 896 3897 anno
938 3842 1143 3897 domini
1194 3842 1390 3898 Leonis
1430 3856 1581 3912 papae
1624 3849 1885 3910 quarto,

265 3934 461 3991 ἰιιιὲιιει.
493 3950 549 3988 v.

957 4025 1189 4082 LXXI".

264 4135 331 4191 S.
351 4134 452 4190 Leo
463 4133 548 4188 IX
567 4136 813 4192 Ecclesia:
834 4137 1110 4192 Anniana:
1139 4137 1486 4204 possessiones
1510 4146 1556 4189 et
1570 4134 1861 4204 priuilegia,

519 4217 715 4273 petente
745 4208 1014 4262 Bernardo
1043 4205 1614 4276 episcopo,couﬁrmat.

866 4297 1045 4368 (Anno
1089 4297 1272 4368 1052.)

554 4396 557 4399 ’
625 4384 886 4459 [Ughclli,
914 4385 1076 4440 Italia
1105 4402 1279 4448 sacra,
1304 4385 1343 4450 l,
1363 4383 1517 4448 Μελ]

1952 3314 2162 3365 cortem
2226 3299 2294 3354 de
2361 3295 2635 3357 Patarea,
2703 3297 2912 3345 cortem
2978 3285 3045 3340 de
3095 3282 3230 3338 Vilia
3302 3294 3547 3349 magna,

1951 3406 2027 3454 et.
2076 3390 2259 3449 oomia
2342 3401 2462 3448 qua:
2544 3380 2800 3452 praedicto
2857 3374 3240 3447 episcopatui,
3318 3380 3427 3426 tam
3493 3368 3554 3423 in

1954 3482 2387 3555 sopradictorum
2419 3483 2722 3529 castrorum
2767 3484 2929 3539 quam
2961 3477 3170 3522 cortem
3217 3463 3283 3518 de
3321 3460 3549 3555 abuta-

1958 3551 2093 3631 riolo
2115 3573 2260 3631 intus
2287 3567 2561 3623 civitatem
2593 3560 2966 3632 Spoletanam,
2993 3568 3201 3613 cortem
3230 3562 3296 3609 oe
3318 3551 3579 3609 Paterno

1950 3642 2012 3726 in
2043 3668 2164 3723 loco
2202 3660 2508 3735 qui-Ponte
2539 3654 2742 3711 dicitur
2774 3694 2791 3716 ,
2842 3640 3051 3707 cortem
3101 3648 3168 3701 de
3212 3644 3552 3703 Priowcasu.

1958 3759 2226 3819 Goaldum
2255 3754 2323 3810 de
2352 3749 2661 3822 Laoguine,
2687 3747 2738 3800 in
2768 3743 3226 3803 Nursiamcasam,
3258 3746 3315 3792 et
3339 3743 3553 3790 cortem

1959 3850 2105 3908 intra
2135 3848 2336 3909 locum,
2368 3843 2458 3897 ubi
2487 3840 2615 3896 olim
2668 3836 2769 3892 fuit
2795 3836 2985 3889 civitas
3012 3850 3026 3885 :
3056 3840 3262 3886 cortem
3310 3828 3379 3883 de
3427 3824 3558 3881 Sala

1963 3943 2016 3998 in
2038 3939 2231 3996 eadem
2246 3934 2464 4000 Nursia,
2489 3929 2758 3991 Gualdum
2786 3927 2854 3981 de
2877 3924 3064 3986 Fesso,
3090 3928 3296 3976 cortem
3327 3914 3554 3983 Savelli,

1968 4035 2016 4091 in
2043 4029 2301 4088 comitatu
2325 4027 2455 4081 item
2479 4021 2767 4083 Escolano,
2798 4018 2850 4073 in
2894 4016 3013 4071 loco
3033 4014 3124 4085 qui
3149 4013 3304 4083 Aqua
3332 4010 3554 4073 dicitur,

1958 4114 2244 4180 castellum
2274 4118 2339 4173 de
2388 4115 2563 4177 Luco,
2591 4120 2647 4166 et
2687 4109 2878 4166 turrim
2908 4106 2977 4163 de
3003 4106 3253 4168 Fotiano,
3284 4110 3340 4157 et
3366 4099 3558 4170 Pojum

1966 4215 2032 4269 de
2053 4206 2489 4279 Quiutodecimo,
2502 4213 2710 4259 cortem
2733 4199 3044 4255 Mazzaoam
3071 4212 3195 4251 cum
3214 4194 3405 4251 salinis
3419 4193 3557 4257 suis,

1967 4303 2245 4362 castellum
2275 4300 2342 4356 de
2367 4298 2572 4362 Murro,
2596 4306 2833 4352 castrum
2862 4291 3294 4353 Fundanianum,
3320 4296 3560 4344 montem

1970 4396 2170 4452 Porum
2196 4408 2318 4448 cum
2344 4389 2564 4450 forestis
2590 4396 2669 4443 et
2691 4385 2866 4451 silvis,
2888 4400 3032 4447 ,eom
3071 4381 3200 4452 Pojo
3234 4380 3381 4450 quod
3433 4377 3559 4433 Cla-

344 4476 457 4530 1,εο
496 4476 818 4546 episcopus,
869 4490 1059 4531 servus
1112 4490 1393 4531 servorum
1444 4474 1561 4542 Dei,
1612 4472 1854 4536 Βειιιιιωι

1973 4486 2261 4542 matoriqu
2290 4482 2513 4545 dicitur,
2539 4478 2701 4549 Plage
2728 4490 2851 4532 cum
2889 4483 3072 4529 castro
3102 4472 3357 4534 Lusiauo,
3391 4468 3557 4525 Villa-

268 4564 515 4620 secundo
565 4566 820 4637 episcopo
870 4566 1125 4621 Ecclesia:
1168 4574 1223 4622 et
1269 4566 1609 4637 episcopatus
1666 4567 1723 4622 S.
1770 4566 1864 4621 Dei

271 4657 558 4726 genitricis
644 4657 873 4725 virginis
928 4656 1112 4712 Maria:
1181 4666 1236 4713 et
1299 4657 1611 4715 beatissimi
1663 4657 1865 4733 Christi

272 4748 532 4819 martyris
582 4748 811 4820 Emigdii
847 4788 862 4812 ,
910 4748 1100 4819 positae
1148 4748 1204 4804 in
1272 4750 1532 4804 comitatu
1600 4748 1867 4810 Escolano

275 4840 418 4894 intra
447 4839 744 4902 civitatem.
772 4840 1091 4911 cunctisque
1120 4840 1235 4894 suis
1263 4840 1671 4899 successoribus
1699 4855 1869 4897 cauo-.-

280 4929 404 4984 nice
440 4930 562 4983 illuc
608 4931 938 4985 intrantibus
985 4931 1039 4986 in
1070 4934 1419 5001 perpetuom.
1852 5000 1857 5003 _

278 5064 281 5067 η
346 5018 483 5087 Quia
508 5020 687 5076 divina
714 5016 969 5093 largitate
987 5022 1175 5093 gratia:
1204 5021 1264 5075 Β.
1298 5021 1478 5089 Petro,
1504 5023 1867 5094 apostolorum

287 5111 541 5184 principi,
576 5128 787 5186 regere,
819 5114 1134 5185 dispensare
1155 5154 1179 5181 ,,
1204 5121 1260 5168 et
1289 5114 1356 5168 ab
1398 5116 1544 5170 omni
1577 5131 1867 5191 pravorum

277 5200 624 5260 ‘infastatiene
646 5205 953 5269 defensare,
976 5205 1156 5260 omnis
1178 5204 1469 5261 commissa
1496 5216 1581 5262 est
1606 5206 1869 5273 Ecclesia,

605 5297 847 5324 ηηιηῖιιι-
908 5295 1148 5324 ιίηιιοιιῗαιιι
1225 5301 1272 5324 ΔΙ
1324 5295 1439 5324 ιιῖςιη
1490 5297 1767 5324 ιι..ασι²-1ιι“
1817 5303 1864 5324 ΑΙ

1972 4595 2165 4649 magna
2196 4593 2318 4633 cum
2349 4575 2501 4645 Pojo,
2530 4581 2586 4628 et
2626 4568 2888 4633 castello,
2919 4565 3237 4622 Ciciliaoom
3266 4602 3281 4629 ,
3324 4561 3559 4616 Montem

1969 4671 2215 4734 Calvum,
2265 4667 2604 4738 Bajoanum,
2653 4671 2897 4718 castrum
2949 4659 3017 4714 de
3058 4657 3303 4722 Gualdo,
3351 4663 3561 4710 cortem

1969 4761 2143 4834 Agelli
2170 4801 2185 4827 ,
2217 4768 2469 4819 casti-tuo.
2502 4756 2881 4827 Ligunianom,
2923 4760 3131 4807 cortem
3187 4745 3582 4817 Pupillianam..
3614 4739 3640 4750 ”

1969 4860 2179 4911 cortem
2212 4851 2271 4905 S.
2311 4848 2591 4920 Stephani,
2622 4856 2832 4902 cortem
2857 4843 2926 4897 de
2954 4842 3209 4904 Paterno,
3239 4846 3294 4893 et
3323 4846 3564 4892 castrqu

1971 4945 2037 5000 de
2079 4942 2351 5012 Spelunca
2388 4957 2509 4995 cum
2550 4938 2665 5008 ipsa
2705 4935 2969 4992 corte~de
2995 4931 3304 4994 Valeriano,
3356 4938 3568 4983 cortem

1969 5036 2038 5091 de
2070 5032 2563 5097 Boiiano,mootem
2590 5017 2845 5092 Andreae,
2876 5025 3068 5094 Pojum
3097 5020 3400 5082 Silvistum,
3425 5017 3568 5090 quod

1971 5134 2056 5180 est
2095 5131 2221 5177 ante
2245 5120 2528 5176 castellum
2569 5117 2894 5184 Gosianum,
2924 5132 3027 5172 nec
3072 5128 3177 5169 non
3222 5123 3279 5165 et
3324 5121 3572 5166 castrum

1976 5216 2044 5271 de
2071 5211 2352 5283 Spiuetulo
2380 5228 2504 5267 cum
2548 5217 2701 5265 curte
2724 5224 2848 5291 sua,
2879 5225 2999 5279 qua:
3027 5204 3312 5263 Fraocisca
3344 5202 3571 5266 dicitur,

2074 5314 2175 5324 ιη---
2214 5299 2525 5324 D..--!--.--..
2587 5309 2786 5324 Α....ιΛ-ρνι
2838 5296 3184 5324 η-..-ιΒΙ--Ιηιιι
3247 5289 3437 5324 υΛῖοιω
3471 5292 3577 5324 νη-.

3687 5178 3699 5219 ξ
