4062 5352
272 221 374 283 ω]

1264 223 1620 279 ΕΡΙὸΤΟῑιιῑ
1652 222 1738 278 ET
1777 221 2089 278 οεοιιΕΤΑ
2138 220 2541 278 PONTlFiClA.

3430 225 3536 282 698

273 341 478 384 sontem
505 329 1040 408 apudtcculpabilem
1064 332 1338 401 suggestio
1362 333 1501 386 mala
1534 349 1637 387 non
1663 333 1848 386 faciat.
1883 344 1926 401 Α
1956 332 2238 388 ecclesiam
2288 333 2467 387 banno
2508 330 2798 401 episcopali
2856 342 2914 390 ct
2969 333 3229 412 episeopii
3284 337 3536 404 termino,

272 417 559 473 Nocentem
619 419 793 489 gratia
843 435 945 472 non
977 429 1235 483 excuset;
1271 422 1556 476 remissum
1588 431 1640 476 te
1682 420 1852 475 delin-

271 509 562 580 quentibus
590 524 696 561 non
729 509 984 562 ostendas
1005 547 1019 572 ,
1055 523 1120 563 ne
1153 509 1296 578 quod
1334 507 1478 563 ultus
1511 524 1617 564 non
1661 508 1850 574 fueris,

269 598 575 668 perpetrari
610 598 914 668 permittas.

337 687 420 742 Sit
449 687 504 741 in
535 697 587 741 te
616 696 670 742 et
701 687 825 741 boni
852 687 1084 757 pastoris
1110 687 1356 754 dulcedo,
1375 691 1445 744 sil
1465 691 1628 744 etiam
1655 690 1853 760 judicis

266 779 442 832 severi
495 779 773 834 discretio.
818 777 955 830 Iram
994 778 1200 848 judicio
1248 778 1461 832 refrena
1491 820 1504 840 ,
1537 790 1591 833 et
1621 796 1851 834 censura

266 869 566 938 disciplina:
615 871 697 923 sic
746 878 918 932 utere,
954 879 1011 922 ut
1067 878 1121 924 et
1151 869 1339 940 culpas
1367 870 1552 935 ferias,
1579 879 1632 923 et
1662 887 1691 923 ει
1723 871 1853 924 dile-

264 961 446 1014 ctione
499 976 854 1028 personarum
886 975 1020 1030 quas
1048 961 1275 1027 corrigis
1322 977 1426 1014 non
1474 961 1712 1015 recedas.
1759 961 1853 1014 Mi-

261 1051 594 1105 rericordem
642 1059 697 1104 te
742 1051 793 1104 in
841 1050 1091 1104 omnibus
1133 1050 1386 1118 operibus
1420 1049 1635 1113 exhibe,
1667 1059 1851 1103 etnon

263 1144 336 1197 sit
383 1158 740 1213 personarum
799 1141 1041 1210 acceptio
1086 1140 1227 1209 apud
1285 1149 1359 1193 te.
1407 1139 1614 1195 Nullius
1663 1140 1853 1194 faciem

263 1247 455 1291 contra
477 1236 749 1306 justitiam
779 1235 1018 1304 accipias
1045 1274 1060 1298 ,
1095 1235 1297 1287 nullum
1342 1244 1668 1304 qumrentem
1708 1233 1854 1302 justa

260 1329 552 1397 despicias.
579 1326 833 1381 CuStodia
859 1327 910 1380 in
941 1336 990 1380 te
1015 1325 1285 1395 aequitatis
1305 1326 1556 1392 excellat,
1589 1335 1856 1394 quatenus

261 1419 378 1486 Deo
409 1418 703 1470 miserante
724 1427 776 1471 et
803 1427 1073 1471 annuente
1103 1417 1223 1470 talis
1246 1418 1418 1486 possis
1445 1417 1679 1471 existere
1724 1434 1855 1487 qua-

259 1508 368 1561 lem
396 1523 553 1561 sacra
586 1508 746 1561 lectio
776 1508 1026 1576 percipit,
1054 1508 1242 1561 dicens
1275 1524 1286 1558 :
1323 1504 1534 1575 Oportet
1559 1507 1854 1578 episcopum

257 1600 767 1655 irrcurehcusibilem
791 1617 899 1653 esse
924 1599 972 1668 (1
1001 1599 1136 1652 Tim.
1163 1615 1245 1661 ιιι,
1265 1599 1342 1668 2).
1361 1599 1464 1653 Sed
1498 1599 1581 1652 his
1605 1598 1856 1652 omnibus

1953 437 2172 498 accepta
2222 427 2418 498 placita
2467 429 2927 493 commutatione,
2975 430 3242 495 ﬁrmavit;
3291 447 3411 501 quae
3456 431 3539 488 sic

1953 528 2070 573 acta
2093 531 2177 573 CSl
2214 535 2228 572 ε

2025 611 2159 664 Dum
2199 609 2503 676 lleinricus,
2531 609 2583 663 in
2629 610 2856 678 imperio
2895 613 3118 682 primtts,
3163 613 3216 667 in
3266 629 3431 683 regno
3455 626 3540 669 so-

1953 699 2180 761 cnndus,
2235 699 2402 752 divini
2441 699 2579 769 ignis
2634 713 2818 752 amore
2847 713 3159 764 suecensus,
3208 703 3274 756 de
3323 702 3538 771 praediis

1954 801 2072 856 qua:
2101 788 2193 842 Dei
2227 789 2398 858 gratia
2431 789 2772 843 haereditario
2791 785 2916 854 jure
2959 789 3011 842 in
3043 806 3152 844 suae
3181 792 3540 860 possessionis

1955 878 2252 940 dominium
2277 889 2660 949 pervenerant,
2691 880 2782 934 Dei
2832 881 3114 936 servitium
3145 897 3367 953 augere,
3403 900 3538 936 con-

1955 971 2212 1024 struendo
2236 970 2601 1039 episcopatum
2632 977 2795 1040 atque
2815 970 3136 1036 ordinando,
3176 971 3538 1038 desideraret,

1955 1073 2063 1127 quo
2133 1059 2185 1114 id
2235 1058 2474 1129 legitime
2532 1061 3036 1132 rationabiliterquc
3085 1063 3198 1116 fieri
3252 1065 3539 1132 potuisset,

1959 1148 2267 1202 lleinricum
2334 1151 2696 1206 venerabilem
2725 1151 2738 1223 ι
2771 1151 3235 1222 Wirziburgensis
3294 1154 3540 1208 ecclesia!

1955 1238 2309 1307 provisorem,
2337 1251 2606 1310 quatenus
2628 1243 2940 1311 prtedictum
2981 1244 3158 1298 locum
3187 1243 3539 1299 Babeuberch

1956 1341 2346 1400 tmncupatum,
2377 1349 2498 1387 cum
2523 1348 2658 1404 pago
2693 1336 2784 1403 qui
2817 1333 3178 1404 llatenzgowe
3199 1336 3419 1398 dicitur,
3445 1335 3537 1405 qui

1956 1421 2022 1474 ad
2075 1437 2186 1474 sua:
2237 1421 2534 1476 diceceseos
2568 1432 2766 1476 statum
2809 1425 3080 1492 pertinere
3121 1425 3423 1486 videbatur,
3469 1425 3540 1486 de

1956 1512 2195 1579 suojure
2228 1529 2278 1566 ιιι
2326 1514 2443 1583 ejus
2479 1514 2567 1582 jus
2594 1514 2660 1580 ad
2694 1515 2744 1567 id
2775 1515 3160 1583 perliciendum
3195 1513 3541 1569 transfunde-

1960 1613 2061 1665 rel,
2093 1604 2331 1657 studiose
2358 1605 2522 1672 cmpit
2548 1604 2812 1675 flagitare.
2850 1605 2972 1670 Qui,
3004 1605 3258 1674 quoniam
3297 1605 3458 1675 justas
3483 1615 3541 1662 et

262 1691 563 1744 salubriter
588 1691 664 1744 uti
695 1691 916 1760 poteris,
943 1691 985 1743 si
1018 1690 1359 1755 cbaritatem,
1391 1705 1510 1758 quae
1551 1699 1637 1743 est
1680 1700 1852 1767 mater
1886 1681 1927 1740 Β
1960 1694 2305 1747 rationabiles
2332 1710 2508 1748 causa:
2537 1695 2880 1759 videbantur,
2907 1694 3143 1763 ejusdem
3194 1695 3539 1750 invictissimi

258 1783 549 1844 virtutum,
582 1779 854 1834 habueris.
905 1779 1061 1844 Ecce,
1112 1779 1281 1833 frater
1311 1779 1656 1842 charissime,
1713 1778 1854 1831 inter

259 1871 434 1924 multa
466 1869 572 1923 alia
613 1870 717 1925 ista
773 1879 896 1924 sunt
942 1870 1276 1935 sacerdotii,
1327 1870 1429 1925 ista
1479 1879 1606 1923 sunt
1655 1870 1848 1939 pallii:

259 1981 384 2036 qua:
427 1966 475 2019 si
518 1965 762 2020 studiose
792 1965 1097 2018 servaveris
1123 2005 1138 2028 ,
1183 1963 1327 2034 quod
1379 1963 1511 2018 foris
1551 1963 1854 2018 ostenderis

257 2059 562 2129 accepisse,
605 2058 750 2111 intus
787 2041 974 2112 habes.

334 2151 538 2204 Sancta
570 2149 810 2203 Trinitas
833 2147 1233 2202 fraternitatem
1265 2159 1496 2202 vestram
1528 2148 1714 2219 gratia:
1743 2163 1856 2202 suae

260 2242 607 2311 protectioue
638 2238 928 2303 confortet,
951 2248 1114 2306 atque
1161 2239 1230 2292 ita
1282 2239 1332 2292 in
1383 2238 1592 2293 timoris
1637 2254 1718 2292 sui
1769 2238 1852 2291 via

259 2349 364 2388 nos
401 2333 620 2404 dirigat,
653 2339 711 2384 ut
758 2340 878 2400 post
903 2331 1022 2384 vitae
1060 2329 1219 2399 hujus
1267 2329 1706 2392 amaritudinem,
1734 2345 1856 2399 per-

261 2425 455 2478 venire
488 2439 797 2478 mereamur
822 2424 887 2476 ad
913 2414 1129 2477 aeternae
1156 2421 1432 2476 felicitatis
1461 2420 1856 2475 interminabile

210 2514 218 2522 ’
259 2516 544 2585 gaudium,
577 2514 720 2583 quod
751 2512 939 2567 oculus
987 2527 1094 2566 non
1125 2512 1278 2576 vidit,
1308 2527 1406 2566 nec
1450 2512 1597 2564 auris
1628 2511 1852 2575 audivit,

259 2626 364 2662 nec
398 2608 452 2660 in
487 2622 585 2661 cor
630 2605 865 2661 hominis
910 2605 1198 2661 ascendit:
1227 2604 1479 2658 omnibus
1531 2604 1698 2658 Dcmn
1729 2603 1853 2658 dili-

257 2684 518 2771 gentibus
548 2696 969 2761 evidentissime,
1002 2695 1304 2750 certissime
1331 2696 1677 2765 promissum.

337 2792 469 2844 Data
505 2805 604 2860 per
633 2805 826 2844 manus
858 2787 1118 2842 Friderict
1150 2787 1516 2843 archidiaconi
1562 2785 1853 2840 bibliothcv

257 2882 393 2938 carii
438 2890 494 2935 ct
526 2880 831 2935 cancellarii
862 2878 918 2934 S.
949 2878 1204 2933 Romana:
1252 2877 1508 2932 Ecclesia:
1538 2877 1682 2930 sedis
1721 2892 1854 2946 apo-

257 2973 499 3039 stolicae;
530 2972 648 3026 vice
705 2971 885 3025 domni
936 2969 1228 3025 llermanni
1285 2967 1625 3022 Coloniensis
1678 2967 1857 3020 archi-

259 3064 504 3134 episcopi
567 3061 1048 3116 arehicancellarii.
1078 3060 1276 3127 Quinta
1312 3060 1523 3114 decima
1583 3057 1703 3111 Kal.
1752 3056 1855 3112 No-

262 3157 512 3222 vembr.;
565 3171 712 3209 anno
758 3153 1051 3209 Dominica:
1087 3152 1482 3206 lncarnationis
1526 3149 1684 3203 MLII.
1714 3149 1854 3203 ludi-

260 3250 444 3302 ctione
469 3261 544 3311 vt,
572 3261 718 3301 anno
742 3245 921 3299 domui
959 3243 1154 3298 Leonis
1185 3241 1256 3297 lX
1281 3258 1430 3312 papa:
1460 3249 1672 3312 quarto.

955 3333 1168 3390 LXXV.

263 3428 332 3482 S.
375 3427 482 3482 Leo
536 3425 622 3481 ΙΧ
674 3425 929 3493 Hartwigi
967 3423 1365 3494 Bambergensis
1413 3435 1460 3478 et
1512 3422 1852 3494 Adelberoni:

337 3498 789 3568 ll’irzeburgenpsis
815 3500 1172 3568 episcoporum
1195 3493 1305 3568 lite,
1326 3506 1578 3568 prmseiite
1602 3493 1852 3568 ljeiitrico

337 3563 676 3637 imperatore,
691 3563 996 3636 Bambergaé
1017 3563 1334 3637 composita,
1349 3564 1579 3637 ecclesia:
1603 3563 1854 3616 Bamber—

336 3635 886 3708 gentis‘posseuionu
911 3635 958 3688 et
981 3636 1250 3704 privilegia
1290 3635 1586 3703 conﬁruwt.

868 3726 1046 3796 (Anno
1078 3725 1261 3796 l052.)

337 3821 548 3894 [Pertz,
589 3819 828 3874 Monum.
862 3817 1040 3872 Germ.
1084 3817 1228 3871 Hist.
1267 3816 1467 3886 Script.
1515 3815 1603 3881 IV,
1632 3813 1781 3884 802.]

334 3913 448 3968 [ιεο
495 3912 804 3982 episcopus,
831 3925 1020 3964 servus
1073 3924 1354 3964 servorum
1407 3907 1526 3971 Dei,
1555 3906 1853 3960 "All'l'WlCO

263 4003 702 4073 Babcnbergcnsi
753 4001 1008 4072 episcOpo
1058 4001 1269 4069 sibique
1323 3999 1584 4054 canonice
1634 3999 1687 4051 in
1729 3998 1854 4052 sede

264 4099 614 4168 episcopatus
643 4093 974 4149 successuris
1005 4093 1056 4147 in
1104 4099 1447 4162 perpetuum,
1479 4099 1740 4145 azternam
1799 4089 1852 4143 in

267 4190 500 4244 Domino
525 4186 776 4242 salutem.

335 4277 493 4334 Cain.
543 4277 796 4344 exigente
823 4287 953 4326 cura
1008 4269 1264 4341 pastorali
1323 4269 1486 4324 totius
1528 4277 1728 4323 sanctze
1761 4267 1853 4324 Dei

270 4367 552 4430 Ecclesiae,
580 4336 732 4420 no'bis
755 4365 849 4420 Dei
875 4336 1211 4434 providentia
1251 4361 1574 4420 commissa;
1601 4361 1652 4414 in
1675 4369 1855 4429 partes
1884 4360 1930 4419 D
1960 4336 2208 4434 Ῐ⁴ξ⁰ί¹¹¹¹¹⁵ξ

269 4457 578 4515 Germania:
605 4457 941 4510 venissemus
989 4469 1111 4524 quae
1139 4452 1390 4506 orientali
1439 4453 1681 4506 Francne
1711 4452 1855 4522 adja-

272 4556 413 4613 cent,
439 4562 606 4618 prece
633 4545 967 4601 dilectissimi
1002 4544 1095 4598 filii
1133 4544 1301 4600 nostri
1331 4543 1593 4608 lleinrici,
1625 4543 1853 4597 secundi

272 4637 618 4709 imperatoris
645 4647 700 4692 et
725 4639 868 4692 tertii
901 4638 1064 4708 regis,
1094 4652 1158 4691 ac
1202 4653 1366 4708 supra
1396 4637 1489 4690 fati
1519 4635 1853 4692 dilectissimi

275 4729 569 4784 confratris
609 4729 779 4783 nostri
847 4728 1082 4797 episcopi
1135 4726 1434 4791 llartwici,
1486 4727 1853 4781 Babeniberch

276 4823 542 4884 mutuus,
568 4828 625 4874 et
667 4820 719 4874 in
759 4818 846 4871 die
877 4817 1070 4872 natalis
1113 4817 1257 4873 beati
1293 4817 1448 4871 Luca:
1491 4817 1854 4887 evangelistze,

277 4910 415 4966 inter
446 4910 732 4964 missarum
762 4907 1049 4971 solemnia,
1075 4925 1198 4964 cum
1228 4908 1450 4964 verbum
1505 4909 1595 4963 Dei
1625 4907 1855 4962 babere-

277 5017 398 5058 mus
421 5004 490 5054 ad
515 5002 786 5072 populant,
812 5011 1077 5069 pncsente
1102 5001 1382 5054 nominato
1401 4998 1723 5052 charissimo
1746 4996 1857 5070 lilio

277 5103 467 5152 nostro
495 5093 768 5160 lleinrico,
792 5104 846 5148 et
872 5092 1137 5162 episcOpis
1160 5089 1596 5162 quamplurimis,
1627 5089 1859 5144 astanti-

277 5183 380 5238 hns
406 5185 569 5238 etiam
596 5186 751 5238 laicis
777 5193 834 5238 et
867 5184 1094 5239 diversis
1128 5181 1490 5240 potestatibus
1525 5182 1733 5240 steculi.
1775 5194 1857 5232 re-

1957 1787 2098 1854 regis
2127 1786 2478 1854 petitionibus
2517 1787 2894 1857 acquiescens,
2925 1803 3048 1841 cuin
3097 1788 3370 1842 communi
3408 1787 3537 1842 cleri

1955 1875 2038 1954 sui
2065 1885 2228 1944 atque
2253 1876 2481 1930 militum
2512 1893 2724 1932 necnon
2773 1879 2936 1933 totius
2992 1877 3174 1947 populi
3221 1878 3450 1933 consilio
3484 1887 3541 1934 et

1955 1983 2238 2030 consensu,
2261 1969 2540 2037 praefatum
2565 1969 2736 2024 locum
2762 1986 2881 2024 cum
2905 1969 3160 2039 prtedicto
3182 1983 3342 2038 pago,
3367 1969 3544 2026 tribus

1955 2045 2298 2128 parochianis
2324 2057 2569 2113 ecclesiis
2611 2076 2732 2113 cum
2777 2060 2889 2114 suis
2931 2059 3254 2128 adjacentiis
3300 2056 3542 2124 exceptis

1955 2135 2185 2218 quarum
2232 2152 2448 2204 nomina
2491 2161 2619 2205 sunt
2645 2153 2779 2217 haec,
2807 2151 3202 2214 Wachenrode,
3233 2149 3540 2211 Lonerstat,

1956 2240 2279 2306 Mulihuscn,
2309 2242 2453 2296 onmi
2483 2242 2822 2312 postmodum
2856 2250 3060 2296 remota
3089 2239 3540 2302 contradictione,

1956 2350 2068 2389 suac
2114 2336 2365 2404 poteSlati
2431 2336 2681 2400 tradidit;
2734 2335 2957 2388 alterius
3011 2342 3192 2387 autem
3239 2331 3402 2402 pagi,
3448 2330 3543 2400 qui

1959 2427 2187 2481 Volcfelt
2216 2429 2540 2492 nominatur,
2583 2428 2634 2479 in
2663 2443 2768 2496 quo
2796 2425 3052 2496 praefatus
3079 2424 3228 2478 locus
3269 2426 3406 2476 situs
3435 2431 3540 2488 est,

1956 2527 2166 2588 partem
2195 2519 2369 2572 eidem
2399 2518 2511 2589 regi
2538 2519 2826 2580 concessit,
2854 2524 3112 2586 quantum
3141 2523 3222 2567 est
3251 2515 3315 2567 de
3342 2512 3543 2566 Baben-

1957 2610 2120 2664 berch
2157 2625 2325 2680 usque
2357 2610 2422 2663 ad
2451 2593 2656 2663 flumen
2680 2607 2883 2672 Uraha,
2911 2608 2978 2660 de
3030 2605 3207 2660 Uraha
3243 2605 3296 2659 in
3340 2604 3543 2658 [laten-

1957 2715 2079 2754 zam
2107 2699 2324 2761 llumcn,
2355 2710 2409 2754 et
2433 2700 2513 2754 sic
2532 2699 2685 2770 juxta
2715 2699 3000 2753 decursum
3031 2697 3275 2766 ejusdem
3301 2693 3540 2751 ﬂuminis

1959 2791 2012 2845 in
2041 2791 2204 2855 Moin,
2235 2800 2287 2844 et
2315 2790 2438 2845 inde
2483 2792 2550 2842 ad
2583 2787 2811 2842 rivulum
2841 2786 3191 2850 Wichibach,
3226 2785 3418 2838 deinde
3473 2784 3541 2854 ad

1959 2892 2124 2954 caput
2155 2883 2397 2952 ejusdem
2434 2882 2611 2945 rivuli,
2642 2882 2826 2952 sicque
2858 2895 2962 2948 qua
2994 2879 3259 2931 citissime
3297 2892 3360 2929 ac
3417 2890 3542 2944 pro-

1961 2977 2103 3029 xime
2137 2975 2404 3044 perveniri
2438 2982 2615 3042 potest
2642 2974 2708 3026 ad
2740 2970 2940 3026 Uraha.
2975 2970 3040 3023 Et
3087 2979 3144 3021 ut
3179 2969 3294 3021 lucc
3325 2967 3543 3020 traditio

1959 3061 2113 3116 lirma
2127 3072 2181 3116 et
2203 3063 2511 3115 inconvulsa
2529 3068 2894 3130 permaneret,
2911 3060 3022 3128 ipse
3038 3058 3325 3128 praedictus
3345 3055 3541 3126 praesul

1957 3153 2240 3208 Heinricus
2269 3170 2392 3208 cum
2422 3153 2700 3208 canonicis
2729 3151 2842 3207 suis
2883 3149 3261 3206 corroboravit
3307 3158 3363 3202 ct
3409 3147 3541 3201 sub-

1953 3246 2190 3315 scripsit.
3535 3305 3540 3310 ι

2024 3338 2141 3404 Qua
2195 3337 2594 3406 conscriptione
2655 3336 2884 3400 reiecta,
2959 3349 3084 3389 cum
3139 3331 3295 3402 juxta
3357 3340 3542 3400 votum

1954 3429 2216 3493 omnium,
2258 3437 2315 3481 ut
2363 3443 2576 3496 semper
2621 3427 2785 3496 justis
2843 3427 3099 3495 operibus
3159 3426 3400 3479 favorem
3452 3425 3542 3478 de-

1955 3519 2165 3584 bemus,
2203 3527 2257 3572 et
2285 3535 2383 3573 nos
2430 3518 2741 3588 praedictum
2769 3518 3132 3573 venerabilem
3191 3515 3368 3570 locum
3413 3529 3546 3584 apo-

1955 3608 2143 3663 stolica
2194 3609 2514 3662 auctoritate
2541 3608 2801 3662 vellemus
2843 3609 3219 3670 corroborare,
3258 3606 3372 3674 ipse
3408 3621 3545 3674 prtu-

1957 3700 2264 3755 nominatus
2327 3698 2565 3766 ejusdem
2625 3699 2726 3752 loci
2786 3700 3072 3770 episcopus
3112 3738 3125 3762 ,
3184 3696 3490 3750 llarttvieus
3525 3734 3541 3758 ,

1955 3789 2428 3861 proclamationem
2461 3804 2613 3842 suam
2667 3790 2795 3842 fecit
2844 3789 2969 3856 quia
3008 3790 3155 3841 locus
3205 3801 3334 3839 suus
3365 3800 3393 3836 a
3430 3785 3542 3837 cle-

1960 3882 2083 3934 ricis
2145 3879 2499 3934 Adelberonis
2555 3876 3016 3946 Wirzrburgcnsts
3070 3878 3308 3944 episcopi
3376 3885 3541 3928 teme-

1959 3975 2099 4026 raria
2161 3972 2579 4042 praesumptione
2631 3971 2845 4024 iuvasus
2876 3980 3038 4023 esset.
3079 3969 3231 4034 Quod
3265 3984 3384 4033 nos,
3416 3969 3542 4035 quia

1957 4067 2172 4134 utrique
2223 4063 2460 4134 episcopi
2517 4075 2814 4132 praesentes
2879 4064 3107 4116 aderant
3141 4101 3155 4125 ,
3213 4062 3355 4114 inter
3407 4075 3545 4130 quos

1956 4170 2117 4210 causa
2138 4154 2332 4214 stabat,
2365 4154 2563 4206 ibidem
2605 4153 2844 4206 volentes
2884 4152 3175 4215 discutere,
3221 4148 3543 4203 Adelberoni

1957 4244 2282 4312 episcopo,a
2314 4256 2420 4318 quo
2469 4241 2662 4312 injuria
2717 4240 2863 4294 illata
2919 4250 3059 4304 erat,
3104 4239 3544 4292 deliberationem

2256 4345 2313 4389 ut
2342 4333 2699 4403 ohjeclioncnt
2735 4337 2890 4394 hanc,
2923 4335 2966 4390 si
2997 4345 3198 4404 pOs‘Sul,
3233 4333 3500 4388 refellerct
3527 4349 3545 4400 ;

1956 4427 2000 4480 si
2041 4425 2420 4497 non,justiti:e
2463 4426 2820 4481 satisfaceret.
2878 4424 3028 4480 Tunc
3074 4427 3186 4489 ille,
3241 4427 3375 4480 inito
3420 4440 3557 4480 cum:

1956 4518 2068 4572 suis
2095 4519 2347 4572 omnibus
2377 4519 2716 4587 quiaderant
2742 4517 2956 4574 clericis
2996 4530 3049 4574 et
3097 4520 3248 4573 laicis
3291 4521 3557 4584 consilio,

1959 4606 2269 4675 regrediens
2293 4607 2357 4660 ad
2389 4606 2696 4672 ambouem,
2722 4609 2786 4662 de
2811 4609 2953 4662 illata
2989 4607 3182 4680 injuria
3205 4624 3263 4663 se
3289 4626 3411 4662 eum
3458 4627 3544 4682 sas

1959 4696 2262 4752 tisl'actione
2297 4696 2594 4763 excusavit,
2627 4705 2681 4751 ct
2709 4698 2775 4751 de
2799 4700 3046 4751 omnibus
3071 4715 3190 4768 qum
3218 4698 3282 4764 ad
3309 4700 3546 4752 bantuuu
3625 4723 3644 4732 ο

1956 4799 2009 4843 et
2037 4791 2389 4862 episcopalem
2417 4788 2680 4858 justitiam
2705 4800 2760 4844 ct
2788 4801 3106 4860 potestatem
3137 4790 3547 4858 llabenbergcth

1959 4884 2034 4937 sis
2073 4883 2308 4954 episcopi
2337 4884 2693 4952 pertinerent,
2746 4894 2946 4937 cxtnnc
2975 4895 3030 4939 et
3059 4884 3312 4949 deinceps
3345 4899 3548 4937 renun-

1960 4974 2132 5035 tiavit.
2166 4975 2410 5044 exceptis
2435 4975 2519 5028 his
2547 4972 2728 5030 causis
2773 4990 2908 5045 quas
2958 4978 3022 5030 de
3067 4972 3224 5028 bouis
3263 4975 3553 5047 utriusque

1958 5068 2212 5137 opisc0pii
2253 5066 2352 5137 ipsi
2399 5065 2539 5121 inter
2569 5083 2628 5122 se
2656 5067 2891 5137 episcopi
2935 5076 3157 5137 possent
3183 5065 3430 5133 legaliter
3454 5072 3550 5125 de-

1962 5159 2134 5212 linire.
2171 5158 2367 5213 Verum
2396 5174 2516 5222 nos,
2543 5159 2687 5213 sicut
2716 5175 2932 5228 semper
2958 5164 3024 5216 de
3050 5166 3307 5230 provectu
3355 5165 3554 5234 gaude-
