4062 5352
595 295 698 352 ωε)

1592 314 1688 374 ’5.
1730 317 1976 381 LEONIS
2009 327 2077 383 lX
2120 332 2318 390 PARE
2363 335 2757 398 OPUSCULA.

3752 321 3855 415 an

592 424 716 463 cm"
741 420 790 464 ⁸⁸
822 415 1025 481 omnia.
1054 435 1176 489 qua:
1218 422 1415 480 “tidem
1448 426 1558 483 000
1609 444 1908 506 εειηοίοίιιιε
1960 439 2119 498 1³01το
2149 463 2177 498 ει
2210 455 2256 509 Λ
2289 448 2389 504 ltus
2424 453 2504 505 vel
2544 455 2706 507 etiam
2755 456 3159 527 pra'lationibus
3203 461 3369 533 ipsius
3420 464 3522 525 loci
3566 485 3853 529 emineant.

592 500 762 533 ΙηΙῖηζμ
812 509 1081 533 ...Δημωιμ
1130 511 1341 533 11-9,),
1640 523 1652 533 .

591 500 765 556 {elicis
811 509 1084 564 metnorlm
1130 511 1405 584 lleinrico,
1454 523 1690 577 secundo
1742 544 1865 598 rege
1914 540 1967 584 ct
2008 535 2180 601 primo

591 592 935 662 imperatore,
988 602 1181 657 tradita
1214 615 1363 672 sunt,
1415 620 1608 681 etqnze
1645 616 1696 669 in
1748 592 2022 687 poster-nni
2058 622 2181 692 jure.

591 682 799 750 acquiri
845 699 1070 754 possunt
1098 692 1182 747 vel
1226 694 1373 765 juste
1430 690 1691 770 acquisita
1744 682 1890 770 sunt,
1920 713 2132 779 przezlia
2161 754 2177 778 ,

590 772 881 841 mancipia,
919 793 1130 844 aurum,
1156 796 1459 855 argentorat,
1479 791 1658 860 pallia,
1685 811 1835 861 vasa,
1859 813 2177 858 ornamenta

588 862 672 916 vel
701 863 806 918 alia
836 870 1105 935 utensilia,
1141 889 1300 931 nemo
1323 882 1518 936 auuleat
1548 883 1599 937 in
1650 897 1967 957 perpetuum
2008 894 2180 950 subri-

586 968 735 1022 pere,
761 957 976 1015 auferre
1009 969 1103 1016 aut
1125 976 1476 1035 commutare,
1510 973 1609 1029 nisi
1634 977 1700 1030 ad
1720 979 2006 1036 utilitatem
2036 983 2179 1051 ejus-

587 1041 706 1096 dem
737 1046 1109 1115 ecclesi:e;scd
1141 1055 1425 1126 episcopus
1449 1061 1685 1130 ejusdem
1712 1067 1852 1132 loci,
1888 1073 1965 1126 vel
1998 1076 2088 1143 qui
2124 1077 2175 1132 iu

588 1150 904 1206 perpetuum
935 1141 1174 1210 ejusdem
1208 1149 1404 1205 l'oerint
1432 1168 1791 1221 successores,
1840 1141 2030 1221 secura
2082 1184 2174 1227 eas

587 1229 975 1297 tranquillitate
1000 1236 1328 1302 possideant,
1381 1258 1444 1298 ac
1481 1245 1705 1302 liberam
1735 1251 1971 1310 habeant
2021 1270 2175 1327 pote—

584 1325 777 1372 statem
809 1337 998 1377 omnes
1025 1340 1110 1379 res
1133 1338 1185 1380 et
1208 1333 1565 1401 proprietates
1602 1340 1841 1409 ejusdem
1872 1344 1970 1401 loci
2022 1325 2171 1405 ordi-

585 1421 716 1461 nare
740 1417 903 1479 atque
926 1428 1248 1483 componere
1277 1420 1355 1474 Vel
1381 1424 1543 1479 etiam
1583 1440 1953 1500 augmentare,
2013 1438 2175 1493 dissi-

579 1510 714 1567 ptre
763 1515 890 1556 vero
933 1512 1094 1575 atque
1140 1509 1469 1570 confundere
1525 1519 1723 1575 nullam
1778 1524 2012 1582 habeant
2050 1532 2171 1586 inde

584 1600 903 1660 potestatem
941 1610 1034 1653 aut
1085 1602 1526 1663 dominationem.
1578 1609 1807 1684 Insuper
1847 1634 1944 1688 pro
1985 1633 2166 1679 nostra

513 1754 517 1758 _
577 1685 900 1741 auctoritate
922 1682 1194 1749 sancimus
1224 1697 1365 1752 utin
1419 1702 1663 1759 terminis
1718 1722 1781 1761 ac
1816 1710 1974 1764 rebus
2024 1711 2169 1780 ejus-

577 1772 699 1827 dem
726 1777 970 1834 ecclesia:
1001 1782 1144 1839 nulla
1174 1786 1243 1840 sit
1269 1787 1540 1846 infestatio
1564 1800 1911 1864 tyrannonnu
1939 1803 2018 1858 vel
2041 1805 2167 1858 alio—
2197 1792 2241 1852 Β

575 1880 695 1920 rum
723 1872 1085 1937 quorumlibet
1121 1878 1396 1936 hominum
1424 1900 1736 1958 pravorum,
1782 1894 1897 1948 sive
1949 1897 2054 1950 sint
2113 1898 2165 1953 in

575 1956 800 2014 civitate
823 1961 935 2030 ipSa
970 1963 1338 2036 Babcnbereh,
1393 1976 1507 2030 sive
1554 1977 1606 2031 in
1652 1984 1884 2037 castellis
1912 2025 1927 2051 ,
1980 1987 2119 2044 villis
2149 2029 2165 2055 ,

572 2053 768 2116 servis,
794 2055 1020 2121 ancillis,
1058 2059 1374 2131 tributariis,
1408 2069 1650 2133 decimis,
1707 2072 1939 2142 lot'estis,
1995 2081 2164 2147 silvis,

582 2144 995 2211 venationibus,
1053 2152 1459 2222 piscationibus,
1520 2163 1878 2229 molendinis,
1935 2173 2162 2241 campis:

574 2233 780 2301 pratis,
817 2240 1053 2305 pascuis,
1096 2244 1243 2315 agris
1296 2247 1456 2302 cultis
1498 2261 1553 2303 et
1584 2253 1829 2322 incultis;
1872 2268 1964 2313 aut
2012 2263 2164 2331 quid-

572 2324 703 2392 quid
755 2331 913 2384 modo
962 2332 1087 2388 illuc
1136 2339 1371 2404 pertinet
1420 2350 1513 2396 aut
1569 2344 1622 2398 in
1707 2346 1944 2404 futurum
2016 2324 2164 2420 juste

570 2423 775 2493 acquiri
839 2429 1071 2496 poterit,
1127 2448 1225 2501 per
1270 2444 1467 2492 nostra:
1517 2442 1824 2508 apostolicae
1875 2450 2164 2503 auctorita-

572 2513 640 2567 tis
687 2517 1021 2588 privilegium
1076 2524 1506 2596 corroboratum,
1558 2531 1609 2586 in
1633 2549 1820 2588 secura
1846 2549 2163 2605 permaneat

570 2603 771 2671 quiete.
805 2604 993 2665 Nullus
1026 2611 1095 2666 ibi
1127 2629 1309 2671 comes
1329 2618 1603 2689 autjutlcx
1634 2603 1890 2692 placitum
1936 2645 2031 2684 seu
2073 2631 2157 2685 di-

568 2696 905 2754 strictionetn
929 2703 1164 2774 aliquam
1214 2707 1397 2766 facere
1449 2712 1529 2767 vel
1570 2723 1750 2771 tenere
1802 2719 2016 2785 audeat,
2055 2723 2158 2779 nisi

570 2799 732 2853 quam
776 2804 877 2860 per
934 2798 1338 2853 concessionem
1385 2802 1759 2872 gloriosissimi
1814 2809 2158 2881 imperatoris

567 2882 788 2935 secundi
841 2882 1105 2953 lleinrici,
1155 2891 1234 2946 Vel
1289 2905 1661 2952 successorum
1709 2899 1826 2969 ejus
1870 2905 2157 2977 episcopus

565 2968 803 3038 ejusdem
837 2974 938 3031 loci
970 2978 1367 3039 deliberaverit.
1396 2985 1551 3043 Nulla
1582 2991 1632 3043 in
1661 2991 1841 3063 aliqua
1894 2997 2154 3067 dignitate

565 3060 739 3128 posita
770 3079 957 3135 magna
976 3084 1246 3140 parvaque
1267 3090 1497 3144 persona
1515 3094 1611 3148 per
1630 3081 1936 3139 violentiam
1960 3088 2149 3144 irruat.

567 3149 652 3206 Sit
679 3152 764 3208 ille
798 3137 1350 3229 episcopatusiliber,
1404 3137 1647 3225 Romano
1691 3181 1896 3229 tantum
1943 3178 2155 3232 muudi-
2183 3137 2228 3200 ο

568 3243 759 3296 lmrdio
785 3247 1050 3314 subditus,
1076 3263 1345 3321 quatenus
1377 3259 1661 3331 episcopus
1693 3264 1914 3324 liberius
1959 3278 2014 3325 ct
2063 3274 2155 3327 de-

565 3329 870 3390 lcetabiiius
898 3355 1017 3393 cum
1051 3343 1264 3400 clericis
1311 3346 1426 3403 suis
1475 3352 1695 3407 servitio
1736 3357 1825 3410 Dei
1857 3361 2028 3428 possit
2076 3364 2156 3417 in;

565 3423 782 3489 sistere,
812 3438 864 3480 et
902 3428 1135 3487 lleiurici
1163 3436 1323 3505 pritui
1348 3438 1711 3509 imperatoris,
1761 3423 2000 3515 ejusdem
2049 3453 2153 3511 loci

566 3518 886 3574 venerabilis
931 3521 1261 3593 fundatoris,
1326 3534 1634 3605 nostrique,
1694 3540 1903 3596 scilicet
1960 3543 2155 3604 Leonis

568 3609 696 3662 noui
744 3624 913 3681 papae,
973 3630 1036 3669 ac
1086 3628 1393 3676 nostrorum
1438 3639 1856 3696 successorum,
1917 3632 2153 3694 Heinrici

566 3720 781 3777 quoque
803 3710 1105 3769 rharissimi
1129 3716 1220 3772 lilii
1249 3722 1419 3776 nostri
1446 3728 1664 3781 secundi
1689 3729 2051 3798 imperatoris,
2074 3742 2153 3788 at-

565 3812 670 3864 que
696 3800 958 3869 onmium,
985 3805 1177 3872 quibus
1206 3811 1482 3871 debitores
1507 3829 1659 3885 sunt,
1714 3825 2032 3879 memoriam
2071 3822 2152 3893 jn-

564 3889 704 3961 giter
726 3895 942 3951 habere.
986 3900 1069 3953 Sit
1094 3912 1269 3959 tamen
1297 3906 1437 3962 idem
1480 3912 1766 3984 episcopus
1796 3932 1894 3971 suo
1953 3928 2152 3973 metro-

567 3984 804 4051 politano
846 3991 1098 4062 episcopo
1151 3994 1499 4068 Moguntino,
1550 4005 1602 4060 in
1645 4008 1923 4064 canonicis
1971 4011 2151 4067 causis

564 4080 955 4146 tantummodo,
987 4085 1262 4151 subjectus
1289 4099 1344 4145 et
1371 4093 1653 4149 obcdiens.
1685 4096 2011 4155 Deliberatis
2052 4101 2151 4171 igi-

566 4171 673 4226 tur,
700 4169 923 4225 sancitis
956 4188 1020 4227 ac
1046 4180 1414 4237 corroboratis
1470 4186 1723 4244 euntibus
1776 4206 1939 4261 supra
1991 4193 2150 4248 dictis

562 4253 747 4320 rebus,
771 4258 945 4314 eidem
984 4276 1173 4322 sancto
1209 4268 1326 4327 loco
1358 4273 1560 4342 placuit
1583 4280 1890 4336 addendum
1939 4284 2148 4356 insigne

561 4341 785 4401 honoris
812 4350 1161 4411 ecclesiastici
1195 4376 1223 4414 a
1252 4372 1436 4418 nostra
1478 4370 1772 4437 apostolica
1801 4377 2144 4446 auctoritate,

2284 536 2368 592 his
2392 542 2627 598 videlicet
2658 545 2863 609 diebus,
2904 549 2956 602 in
2987 552 3264 609 nativitatc
3288 555 3495 613 Domini
3536 572 3588 615 et
3617 562 3854 616 Salvato-

2284 631 2416 684 toris
2439 635 2606 688 nostri
2634 633 2759 692 Jesn
2792 638 3013 707 Christi,
3057 652 3111 698 et
3154 646 3204 699 in
3249 663 3401 702 (ιιι-ηε]
3451 651 3683 717 Domini,
3713 662 3767 708 et
3805 657 3856 709 in

2284 722 2520 781 Sabbato
2568 739 2754 785 sancto
2786 742 2841 785 et
2891 732 2942 787 in
2994 735 3082 790 die
3132 738 3380 808 gloriosze
3427 741 3856 802 Resnrrectiouis

2280 812 2547 881 ejusdem,
2603 828 2657 874 et
2701 832 2889 877 sancto
2924 823 3300 895 Pentecostes,
3355 842 3409 885 et
3456 833 3507 885 in
3550 833 3638 888 die
3686 840 3856 891 sancti

2282 906 2515 979 Georgii,
2546 911 2670 965 etin
2713 913 2800 987 die
2845 928 3156 971 sanctorum
3198 919 3340 976 Petri
3359 912 3424 977 ct
3456 924 3628 986 Pauli,
3679 936 3733 979 et
3767 928 3860 980 As-

2278 1004 2599 1070 sumpliouis
2637 1006 2961 1063 beatissima:
3010 1010 3192 1066 Maria:
3256 1024 3311 1069 et
3377 1020 3551 1083 sancti
3600 1021 3858 1091 Dionysii,

2278 1106 2375 1160 pro
2398 1096 2698 1149 reverentia
2727 1097 2893 1151 nostri
2922 1101 3180 1168 prtelibati
3210 1106 3627 1172 przedecessoris
3680 1111 3857 1164 donmi

2277 1178 2570 1235 Clementis
2603 1200 2773 1253 papte,
2828 1187 2979 1255 cujus
3031 1193 3437 1250 anniversarius
3473 1198 3590 1251 dies
3634 1210 3760 1253 tunc
3795 1202 3860 1253 ab

2275 1270 2476 1327 eisdem
2510 1272 2768 1332 fratribus
2789 1281 2984 1350 agitur,
3007 1293 3063 1337 et
3090 1283 3141 1337 in
3173 1286 3547 1343 anniversario
3569 1290 3655 1344 die
3679 1293 3857 1346 domui

2275 1358 2512 1416 lleittrici
2558 1364 2919 1435 imperatoris,
2951 1368 3189 1438 ejusdem
3229 1373 3326 1429 loci
3370 1381 3697 1434 venerabilis
3727 1397 3854 1436 con-

2273 1456 2579 1519 structor-is.
2634 1457 2726 1511 llis
2786 1476 2910 1514 vero
2959 1465 3306 1521 concedimus
3351 1470 3490 1524 hanc
3542 1472 3856 1541 dignitatem

2273 1542 2363 1610 qui
2428 1551 2634 1598 tantum
2704 1549 3013 1617 specialiter
3081 1556 3353 1610 excubant
3406 1560 3487 1613 vel
3547 1561 3858 1617 deserviunt

2272 1633 2412 1700 apud
2443 1636 2681 1702 pr:edicti
2711 1640 3127 1708 praedecessor-is
3158 1648 3340 1701 uestri
3361 1650 3690 1718 sepulcrum.
3719 1652 3856 1708 Cou-

2273 1730 2449 1778 tentos
2474 1734 2650 1781 tamen
2682 1727 2763 1783 his
2788 1733 3063 1788 sancimus
3093 1736 3281 1790 diebus
3310 1738 3448 1805 fore,
3510 1758 3611 1797 nec
3639 1742 3783 1798 ultra
3826 1762 3857 1800 a

2271 1831 2540 1886 quoquam
2579 1828 2779 1875 temere
2807 1826 3077 1894 usurpari,
3132 1845 3198 1882 ne
3241 1830 3417 1885 honor
3446 1836 3699 1902 proprius
3732 1852 3856 1907 apo-~

2271 1907 2473 1962 stolica:
2504 1905 2647 1965 Sedis
2677 1913 2919 1969 vilescat.
2950 1915 3075 1972 llatc
3098 1934 3224 1973 vero
3261 1924 3444 1977 omnia
3497 1942 3658 1996 supra
3715 1929 3856 1983 dicta

2269 2000 2545 2056 observari
2575 2002 2912 2062 etcustOdiri
2938 2010 2988 2062 in
3026 2023 3368 2081 perpetuum,
3405 2026 3591 2071 nostra
3638 2030 3853 2088 προδιιιο

2268 2089 2370 2144 lica
2401 2094 2722 2149 auctoritate
2748 2098 3111 2164 decernimus,
3140 2104 3529 2162 conﬁrmamus
3568 2118 3626 2163 et
3673 2125 3855 2165 corro-

2269 2181 2541 2239 horamus.
2568 2185 2668 2253 Qui
2692 2203 2843 2253 vero,
2877 2193 3017 2260 quoi
3042 2191 3203 2258 absit,
3245 2196 3404 2265 hujus
3455 2199 3629 2253 nostri
3684 2203 3851 2271 privi-

2266 2272 2388 2342 legii
2416 2278 2733 2331 temerarius
2761 2288 3132 2348 transgressor
3158 2286 3448 2349 exstiterit,
3475 2287 3595 2352 Dei,
3648 2299 3702 2344 et
3730 2291 3854 2346 bea-

2269 2364 2490 2419 tissima:
2523 2365 2721 2432 Mariae,
2752 2379 2805 2424 et
2833 2370 3113 2426 beatorum
3146 2374 3289 2430 l’ctri
3318 2388 3369 2431 et
3398 2377 3545 2431 Pauli
3578 2382 3853 2436 cutniuzn—

2264 2471 2371 2525 quc
2394 2466 2705 2512 sanctorum
2735 2470 2787 2512 et
2813 2474 2999 2515 nostra
3025 2474 3226 2519 teterna
3273 2468 3658 2524 maledic-tione
3692 2473 3854 2526 male-

2263 2549 2492 2616 dicatur,
2520 2561 2573 2605 ct
2607 2556 2847 2624 perpetui
2882 2558 3244 2615 auatltematis
3280 2562 3509 2618 vinculis
3539 2567 3851 2629 innodetnr,
3884 2610 3891 2617 .

2263 2642 2363 2698 nisi
2393 2644 2550 2713 digna
2580 2647 2950 2703 satisfactione
2977 2650 3258 2721 resipncrit
3280 2663 3335 2708 et
3364 2656 3633 2712 canonice
3649 2658 3854 2712 satisfe-

2260 2719 2414 2787 cerit.
2444 2736 2543 2801 Qui
2576 2746 2755 2791 autem
2789 2739 2875 2807 pio
2919 2741 3083 2794 corde
3112 2740 3271 2811 hujus
3313 2743 3639 2801 observator
3687 2747 3854 2817 privi-

2259 2822 2380 2893 legii
2406 2824 2698 2888 crtstiterit,
2727 2826 2818 2881 Dei
2841 2830 3226 2898 omnipotentis
3275 2844 3330 2887 et.
3385 2835 3540 2890 alnue
3571 2836 3756 2892 Maria:
3800 2848 3852 2891 et

2257 2899 2538 2970 beatorum
2567 2918 2931 2989 apostolorum
2983 2921 3127 2977 Petri
3178 2934 3234 2979 et
3273 2927 3422 2980 l’auli
3470 2928 3853 2985 benedictione

2258 2994 2477 3075 ditatus,
2513 3012 2699 3066 aeterni
2734 3015 2881 3084 regni
2912 3017 3183 3086 particeps
3215 3019 3329 3074 lieri
3366 3034 3665 3078 mereatur.

2331 3099 2464 3153 Data
2494 3099 2589 3170 per
2617 3119 2807 3157 manus
2834 3103 3094 3161 Frideriei
3127 3109 3338 3164 diacmti
3364 3111 3765 3167 bibliothecarii
3794 3125 3851 3168 et

2256 3188 2566 3247 cancellarii
2590 3205 2789 3251 sanctae
2814 3196 3070 3252 Romana:
3101 3200 3379 3255 catholica:
3426 3212 3483 3256 et
3535 3205 3851 3273 apostolica)

2257 3280 2531 3347 ECt‘iCSiiB,
2564 3300 2705 3339 anno
2731 3286 3023 3341 Dominica:
3054 3289 3453 3347 incarnationis
3503 3292 3672 3360 1052,
3707 3308 3849 3351 anno

2255 3374 2601 3442 pontiﬁcatus
2625 3376 2804 3431 domui
2829 3376 3026 3433 Leonis
3056 3380 3181 3434 noui
3203 3396 3356 3451 papa:
3385 3397 3457 3436 tv.

2898 3490 3177 3569 ‘LXXVL

2257 3595 2462 3682 δολίῳ
2611 3600 2906 3682 .Ilnrlwigo,
2948 3604 3188 3682 episcopo
3227 3605 3625 3682 Bambgergeusi,
3660 3625 3843 3682 rogatu

2327 3667 2563 3722 Πμὲηιοὶσί
2605 3667 3222 3744 imperaretis,'pallinm
3265 3680 3419 3731 mittit
3452 3667 3557 3733 "(cr
3590 3667 3648 3735 ii:
3711 3672 3844 3737 anno

2328 3743 2575 3792 utendum
2586 3781 2598 3793 .

2855 3833 3036 3905 (Anno
3069 3834 3250 3905 ωδε.)

2352 3916 2552 3990 [Pertz,
2582 3919 2818 3975 Monum.
2852 3922 3030 3977 Germ.
3058 3923 3199 3978 Hist.
3235 3926 3437 3997 Script.
3469 3929 3560 3991 iV,
3590 3928 3745 4000 80L]

2322 4012 2434 4067 Leo
2486 4013 2789 4083 cpiscopus,
2819 4030 3009 4071 servus
3060 4030 3341 4072 servorum
3394 4021 3511 4084 Dei,
3543 4020 3844 4077 Harrrwreo

2250 4105 2716 4175 Babenbcrgeusis
2743 4108 2993 4163 Ecclesia:
3026 4110 3317 4165 venerabili
3344 4113 3620 4182 episeopo,
3646 4130 3841 4185 perpe-

2254 4206 2396 4251 tuam
2425 4198 2477 4251 in
2506 4198 2734 4252 Domino
2767 4196 2892 4253 .lesn
2924 4200 3143 4255 Christo
3178 4203 3427 4256 salutem.

2322 4285 2377 4341 Si
2404 4296 2651 4355 pastores
2679 4289 2858 4343 ovium
2886 4288 3054 4344 sulem
3085 4290 3315 4361 geluque
3366 4306 3465 4361 pro
3520 4296 3708 4364 gregis
3760 4296 3840 4348 sui

2249 4378 2493 4432 custodia
2541 4377 2628 4432 die
2652 4394 2716 4434 ac
2744 4391 2899 4433 nocte
2926 4378 3070 4435 ferre
3116 4384 3353 4436 contenti
3381 4394 3529 4445 sunt,
3553 4394 3611 4438 et
3666 4395 3723 4438 ut
3776 4401 3841 4440 ne

561 4435 706 4488 ducti
735 4452 919 4494 amore
944 4451 997 4496 et
1024 4452 1324 4505 reverentia
1351 4435 1668 4523 Clementis,
1718 4461 1819 4531 pia:
1872 4469 2145 4521 memoria
2176 4474 2221 4534 ο
2249 4484 2352 4537 qua
2384 4484 2447 4522 ex
2484 4468 2564 4523 eis
2614 4477 2702 4523 aut
2750 4471 2987 4525 errando
3022 4485 3229 4541 pereat,
3261 4484 3356 4528 aut
3403 4476 3594 4531 ferinis
3634 4477 3838 4532 laniata

558 4525 975 4593 ptmtleccssoris
1015 4539 1207 4601 nostri,
1231 4555 1392 4608 quem
1428 4544 1566 4601 Deus
1602 4550 1742 4605 miro
1773 4553 2146 4623 dispositionis

557 4614 796 4672 ordinea
823 4621 1139 4688 pradatione
1184 4630 1340 4700 hujus
1385 4633 1484 4689 loci
1517 4639 1583 4692 ad
1625 4652 1830 4698 sancta:
1886 4644 2143 4703 ltatnante

556 4709 834 4766 catholica:
857 4722 911 4769 et
938 4721 1243 4787 apostolica:
1272 4725 1522 4785 Ecclesiae
1551 4733 1756 4802 apicem
1787 4737 2035 4804 dignatus
2061 4751 2143 4796 cst

556 4804 861 4871 accersirc,-
894 4818 949 4862 et
979 4812 1279 4871 mirabilius
1300 4835 1330 4872 c
1357 4820 1614 4878 Romanis
1658 4825 1899 4881 ﬁnitimis
1956 4830 2143 4887 defun-

554 4900 699 4947 ctum
725 4910 920 4968 corpus
949 4899 1066 4969 ejus
1091 4906 1368 4975 reducere,
1421 4913 1606 4969 volens
1636 4917 1779 4973 hanc
1826 4910 2137 4987 ecclesiam,
2167 4907 2177 4917 ’

556 4997 614 5040 ut
651 4987 1003 5059 :estimatnus,
1048 4999 1200 5065 quasi
1238 5016 1433 5056 novam
1484 5014 1633 5061 tanto
1677 5009 1981 5065 decoratam
2020 5027 2141 5067 esse

553 5089 802 5148 patrono,
843 5083 1250 5160 Romanamque
1302 5105 1614 5152 contentam
1666 5108 1720 5155 et
1764 5102 2136 5168 suﬂiciemem,

554 5173 843 5238 prseteritis
866 5185 919 5229 et
942 5176 1139 5236 futuris
1164 5183 1414 5243 l’atritms
1445 5205 1665 5246 manere
1691 5203 1963 5249 ornatam.
1997 5194 2134 5262 Quin

554 5260 741 5314 etiam.
766 5280 951 5314 amore.
979 5281 1022 5312 nt
1061 5273 1328 5314 ιῐραῖριιηιὲη
1360 5278 1586 5314 rando-non
1645 5284 1732 5314 ....:
1765 5301 1860 5314 ..ηρ
1914 5286 1964 5314 :..
2025 5289 2104 5314 ,ηε

2250 4562 2522 4616 morsibus
2569 4562 2833 4631 rapiatur,
2871 4565 3041 4620 oculis
3084 4582 3300 4635 semper
3334 4569 3683 4637 vigilantibus
3734 4572 3839 4625 cir-

2246 4661 2650 4722 cumspcctant,
2701 4663 2903 4722 quanto
2953 4657 3151 4710 sudore
3207 4666 3516 4729 quantaque
3574 4660 3837 4715 debemus

2245 4741 2532 4811 pervigiles
2563 4758 2683 4796 esse
2705 4743 2984 4811 diligentia
3008 4759 3108 4798 nos
3132 4746 3221 4816 qui
3255 4755 3502 4816 pastores
3527 4749 3836 4815 animarum

2244 4831 2508 4886 dicimur?
2531 4832 2887 4887 Attendamus
2910 4842 2964 4887 et
2982 4844 3290 4904 susceptum
3314 4836 3549 4891 alliciam
3574 4840 3837 4894 exhibere

2243 4936 2371 4991 erga
2398 4924 2698 4979 custodiam
2730 4923 3130 4980 Dominicarum
3159 4926 3340 4981 ovium
3384 4944 3490 4983 non
3527 4946 3831 4997 cessemus,

2243 5029 2312 5068 ne
2349 5014 2400 5068 in
2444 5013 2532 5069 die
2570 5014 2736 5069 divini
2774 5017 3062 5081 examinis,
3096 5032 3194 5086 pro
3233 5018 3440 5074 desidia
3469 5030 3681 5087 nostra,
3709 5035 3834 5079 ante

2241 5118 2511 5157 suunnum
2540 5104 2818 5159 Pastorem
2851 5106 3189 5176 negligentia:
3214 5119 3396 5164 reatus
3427 5126 3529 5165 nos
3557 5114 3832 5168 excruciet

2243 5200 2382 5255 unde
2423 5201 2580 5254 modo
2611 5200 2835 5255 honoris
2860 5203 3535 5260 reverentiasublimiores
3559 5205 3703 5262 inter
3723 5220 3833 5261 ca:-

2699 5306 2723 5314 _
2758 5288 2805 5314 ‘A
2827 5289 2854 5314 .I
2880 5290 3009 5314 ...2....

2242 5299 2385 5314 .--λη
2423 5288 2723 5314 ε...1ι,...---..-
2786 5289 2805 5314 Α
2827 5289 2854 5314 ,Ι
2880 5290 3163 5314 ...ε-..-...-...
3197 5300 3379 5314 .ι......Δ
3407 5291 3487 5314 --Ι
3507 5311 3535 5314 .-
