  <div class='ocr_page' id='page_1' title='image "/cluster/home/n/w/nwhite01/storage/ocr_20150623/143/hvd.32044015471816/359.png"; bbox 0 0 4062 5352; ppageno 0'>
   <div class='ocr_carea' id='block_1_1' title="bbox 617 385 711 438">
    <p class='ocr_par' dir='ltr' id='par_1_1' title="bbox 617 385 711 438">
     <span class='ocr_line' id='line_1_1' title="bbox 617 385 711 438; baseline -0.021 0"><span class='ocrx_word' id='word_1_1' title='bbox 617 385 711 438; x_wconf 69' lang='lat' dir='ltr'><strong>&quot;ll</strong></span> 
     </span>
    </p>
   </div>
   <div class='ocr_carea' id='block_1_2' title="bbox 1670 367 2773 430">
    <p class='ocr_par' dir='ltr' id='par_1_2' title="bbox 1670 367 2773 430">
     <span class='ocr_line' id='line_1_2' title="bbox 1670 367 2773 430; baseline -0.002 -2"><span class='ocrx_word' id='word_1_2' title='bbox 1670 376 1728 428; x_wconf 88' lang='lat' dir='ltr'><strong>S.</strong></span> <span class='ocrx_word' id='word_1_3' title='bbox 1765 373 2012 430; x_wconf 72' lang='lat' dir='ltr'><strong>LEONIS</strong></span> <span class='ocrx_word' id='word_1_4' title='bbox 2048 371 2114 427; x_wconf 76' lang='lat' dir='ltr'><strong>IX</strong></span> <span class='ocrx_word' id='word_1_5' title='bbox 2155 370 2355 427; x_wconf 75' lang='grc' dir='ltr'><strong>ΡΑΡᾹΞ</strong></span> <span class='ocrx_word' id='word_1_6' title='bbox 2392 367 2773 426; x_wconf 69' lang='lat' dir='ltr'><strong>OPUSCULA.</strong></span> 
     </span>
    </p>
   </div>
   <div class='ocr_carea' id='block_1_3' title="bbox 3735 367 3838 428">
    <p class='ocr_par' dir='ltr' id='par_1_3' title="bbox 3735 367 3838 428">
     <span class='ocr_line' id='line_1_3' title="bbox 3735 367 3838 428; baseline 0.058 -7"><span class='ocrx_word' id='word_1_7' title='bbox 3735 367 3838 428; x_wconf 70' lang='lat'><strong>7!!</strong></span> 
     </span>
    </p>
   </div>
   <div class='ocr_carea' id='block_1_4' title="bbox 616 477 3835 560">
    <p class='ocr_par' dir='ltr' id='par_1_4' title="bbox 616 477 3835 560">
     <span class='ocr_line' id='line_1_4' title="bbox 616 477 3835 560; baseline -0.003 -17"><span class='ocrx_word' id='word_1_8' title='bbox 616 493 703 560; x_wconf 90' lang='lat' dir='ltr'><strong>qui</strong></span> <span class='ocrx_word' id='word_1_9' title='bbox 748 495 948 545; x_wconf 79' lang='lat' dir='ltr'><strong>cmlttlt</strong></span> <span class='ocrx_word' id='word_1_10' title='bbox 979 501 1173 558; x_wconf 87' lang='lat' dir='ltr'><strong>aquam</strong></span> <span class='ocrx_word' id='word_1_11' title='bbox 1215 501 1312 557; x_wconf 86' lang='lat' dir='ltr'><strong>per</strong></span> <span class='ocrx_word' id='word_1_12' title='bbox 1357 501 1564 540; x_wconf 88' lang='lat' dir='ltr'><strong>murum</strong></span> <span class='ocrx_word' id='word_1_13' title='bbox 1599 477 1831 539; x_wconf 83' lang='lat' dir='ltr'><strong>civitatis</strong></span> <span class='ocrx_word' id='word_1_14' title='bbox 1873 482 2178 537; x_wconf 71' lang='lat' dir='ltr'><strong>Lconianm.</strong></span> <span class='ocrx_word' id='word_1_15' title='bbox 2209 485 2256 542; x_wconf 77' lang='grc' dir='ltr'>Α</span> <span class='ocrx_word' id='word_1_16' title='bbox 2286 477 2550 543; x_wconf 80' lang='lat' dir='ltr'><strong>Fasciola,</strong></span> <span class='ocrx_word' id='word_1_17' title='bbox 2574 479 2796 533; x_wconf 81' lang='lat' dir='ltr'><strong>fundum</strong></span> <span class='ocrx_word' id='word_1_18' title='bbox 2817 477 3103 539; x_wconf 86' lang='lat' dir='ltr'><strong>Casanillo.</strong></span> <span class='ocrx_word' id='word_1_19' title='bbox 3134 487 3186 532; x_wconf 88' lang='lat' dir='ltr'><strong>et</strong></span> <span class='ocrx_word' id='word_1_20' title='bbox 3217 477 3439 533; x_wconf 84' lang='lat' dir='ltr'><strong>fundum</strong></span> <span class='ocrx_word' id='word_1_21' title='bbox 3467 478 3835 549; x_wconf 82' lang='lat' dir='ltr'><strong>Casapindola,</strong></span> 
     </span>
    </p>
   </div>
   <div class='ocr_carea' id='block_1_5' title="bbox 605 569 2178 642">
    <p class='ocr_par' dir='ltr' id='par_1_5' title="bbox 605 569 2178 642">
     <span class='ocr_line' id='line_1_5' title="bbox 605 569 2178 642; baseline -0.009 -7"><span class='ocrx_word' id='word_1_22' title='bbox 605 584 652 635; x_wconf 77' lang='grc' dir='ltr'>Ἀ</span> <span class='ocrx_word' id='word_1_23' title='bbox 685 579 919 634; x_wconf 89' lang='lat' dir='ltr'><strong>secundo</strong></span> <span class='ocrx_word' id='word_1_24' title='bbox 948 587 1088 632; x_wconf 81' lang='lat' dir='ltr'><strong>terra</strong></span> <span class='ocrx_word' id='word_1_25' title='bbox 1118 577 1442 631; x_wconf 88' lang='lat' dir='ltr'><strong>Sanctorum</strong></span> <span class='ocrx_word' id='word_1_26' title='bbox 1471 573 1695 629; x_wconf 76' lang='lat' dir='ltr'><strong>Joannis</strong></span> <span class='ocrx_word' id='word_1_27' title='bbox 1738 583 1792 626; x_wconf 83' lang='lat' dir='ltr'><strong>et</strong></span> <span class='ocrx_word' id='word_1_28' title='bbox 1836 571 1981 625; x_wconf 80' lang='lat' dir='ltr'><strong>I’auli</strong></span> <span class='ocrx_word' id='word_1_29' title='bbox 2006 569 2178 642; x_wconf 83' lang='lat' dir='ltr'><strong>(I57),</strong></span> 
     </span>
    </p>
   </div>
   <div class='ocr_carea' id='block_1_6' title="bbox 603 660 2179 730">
    <p class='ocr_par' dir='ltr' id='par_1_6' title="bbox 603 660 2179 730">
     <span class='ocr_line' id='line_1_6' title="bbox 603 660 2179 730; baseline -0.01 -4"><span class='ocrx_word' id='word_1_30' title='bbox 603 679 666 726; x_wconf 36' lang='lat' dir='ltr'><strong>iet</strong></span> <span class='ocrx_word' id='word_1_31' title='bbox 695 681 871 725; x_wconf 87' lang='lat' dir='ltr'><strong>ortum</strong></span> <span class='ocrx_word' id='word_1_32' title='bbox 903 669 1116 722; x_wconf 67' lang='lat' dir='ltr'><strong>Sanctae</strong></span> <span class='ocrx_word' id='word_1_33' title='bbox 1133 667 1313 720; x_wconf 70' lang='lat' dir='ltr'><strong>Mariae</strong></span> <span class='ocrx_word' id='word_1_34' title='bbox 1340 665 1392 718; x_wconf 90' lang='lat' dir='ltr'><strong>in</strong></span> <span class='ocrx_word' id='word_1_35' title='bbox 1407 663 1658 718; x_wconf 89' lang='lat' dir='ltr'><strong>Oratorio</strong></span> <span class='ocrx_word' id='word_1_36' title='bbox 1683 661 1920 730; x_wconf 77' lang='lat' dir='ltr'><strong>(l58),et</strong></span> <span class='ocrx_word' id='word_1_37' title='bbox 1948 660 2032 712; x_wconf 88' lang='lat' dir='ltr'><strong>via</strong></span> <span class='ocrx_word' id='word_1_38' title='bbox 2059 670 2179 727; x_wconf 67' lang='lat' dir='ltr'><strong>qua:</strong></span> 
     </span>
    </p>
   </div>
   <div class='ocr_carea' id='block_1_7' title="bbox 599 750 2181 827">
    <p class='ocr_par' dir='ltr' id='par_1_7' title="bbox 599 750 2181 827">
     <span class='ocr_line' id='line_1_7' title="bbox 599 750 2181 827; baseline -0.008 -12"><span class='ocrx_word' id='word_1_39' title='bbox 599 761 762 815; x_wconf 41' lang='lat' dir='ltr'><strong>‘vadit</strong></span> <span class='ocrx_word' id='word_1_40' title='bbox 792 761 856 813; x_wconf 90' lang='lat' dir='ltr'><strong>ad</strong></span> <span class='ocrx_word' id='word_1_41' title='bbox 880 763 908 811; x_wconf 58' lang='grc' dir='ltr'><strong>Α</strong></span> <span class='ocrx_word' id='word_1_42' title='bbox 922 759 1119 827; x_wconf 83' lang='lat' dir='ltr'><strong>guliam</strong></span> <span class='ocrx_word' id='word_1_43' title='bbox 1148 755 1318 827; x_wconf 79' lang='grc'><strong>(159).</strong></span> <span class='ocrx_word' id='word_1_44' title='bbox 1345 755 1388 808; x_wconf 79' lang='grc' dir='ltr'>Α</span> <span class='ocrx_word' id='word_1_45' title='bbox 1408 753 1566 807; x_wconf 88' lang='lat' dir='ltr'><strong>tertio</strong></span> <span class='ocrx_word' id='word_1_46' title='bbox 1596 752 1683 806; x_wconf 88' lang='lat' dir='ltr'><strong>illa</strong></span> <span class='ocrx_word' id='word_1_47' title='bbox 1710 751 1816 812; x_wconf 89' lang='lat' dir='ltr'><strong>via,</strong></span> <span class='ocrx_word' id='word_1_48' title='bbox 1843 752 2006 818; x_wconf 65' lang='lat' dir='ltr'><strong>(quae)</strong></span> <span class='ocrx_word' id='word_1_49' title='bbox 2031 750 2181 802; x_wconf 76' lang='lat' dir='ltr'><strong>venit</strong></span> 
     </span>
    </p>
   </div>
   <div class='ocr_carea' id='block_1_8' title="bbox 599 836 2178 922">
    <p class='ocr_par' dir='ltr' id='par_1_8' title="bbox 599 836 2178 922">
     <span class='ocr_line' id='line_1_8' title="bbox 599 836 2178 922; baseline -0.01 -15"><span class='ocrx_word' id='word_1_50' title='bbox 599 839 679 906; x_wconf 75' lang='lat' dir='ltr'><strong>ab</strong></span> <span class='ocrx_word' id='word_1_51' title='bbox 701 850 914 922; x_wconf 80' lang='lat' dir='ltr'><strong>Agtilia,</strong></span> <span class='ocrx_word' id='word_1_52' title='bbox 929 861 1048 916; x_wconf 74' lang='lat' dir='ltr'><strong>qua:</strong></span> <span class='ocrx_word' id='word_1_53' title='bbox 1070 841 1756 913; x_wconf 77' lang='lat' dir='ltr'><strong>vocaturSepulcrumJulii</strong></span> <span class='ocrx_word' id='word_1_54' title='bbox 1783 839 2014 894; x_wconf 71' lang='lat' dir='ltr'><strong>Cazsaris</strong></span> <span class='ocrx_word' id='word_1_55' title='bbox 2029 836 2178 910; x_wconf 85' lang='grc'><strong>(160)</strong></span> 
     </span>
    </p>
   </div>
   <div class='ocr_carea' id='block_1_9' title="bbox 617 927 2177 1009">
    <p class='ocr_par' dir='ltr' id='par_1_9' title="bbox 617 927 2177 1009">
     <span class='ocr_line' id='line_1_9' title="bbox 617 927 2177 1009; baseline -0.009 -13"><span class='ocrx_word' id='word_1_56' title='bbox 617 952 670 996; x_wconf 92' lang='lat' dir='ltr'><strong>ct</strong></span> <span class='ocrx_word' id='word_1_57' title='bbox 699 940 845 994; x_wconf 86' lang='lat' dir='ltr'><strong>vadit</strong></span> <span class='ocrx_word' id='word_1_58' title='bbox 884 954 978 1009; x_wconf 83' lang='lat' dir='ltr'><strong>per</strong></span> <span class='ocrx_word' id='word_1_59' title='bbox 1022 937 1287 1008; x_wconf 91' lang='lat' dir='ltr'><strong>porticum</strong></span> <span class='ocrx_word' id='word_1_60' title='bbox 1315 934 1462 1004; x_wconf 92' lang='grc'><strong>(161)</strong></span> <span class='ocrx_word' id='word_1_61' title='bbox 1491 931 1675 986; x_wconf 86' lang='lat' dir='ltr'><strong>Sancti</strong></span> <span class='ocrx_word' id='word_1_62' title='bbox 1713 930 1880 993; x_wconf 81' lang='lat' dir='ltr'><strong>Petri,</strong></span> <span class='ocrx_word' id='word_1_63' title='bbox 1916 943 2085 997; x_wconf 90' lang='lat' dir='ltr'><strong>usque</strong></span> <span class='ocrx_word' id='word_1_64' title='bbox 2123 927 2177 982; x_wconf 89' lang='lat' dir='ltr'><strong>in</strong></span> 
     </span>
    </p>
   </div>
   <div class='ocr_carea' id='block_1_10' title="bbox 613 1021 2177 1098">
    <p class='ocr_par' dir='ltr' id='par_1_10' title="bbox 613 1021 2177 1098">
     <span class='ocr_line' id='line_1_10' title="bbox 613 1021 2177 1098; baseline -0.01 -11"><span class='ocrx_word' id='word_1_65' title='bbox 613 1049 800 1088; x_wconf 90' lang='lat' dir='ltr'><strong>arcum</strong></span> <span class='ocrx_word' id='word_1_66' title='bbox 829 1030 1108 1098; x_wconf 81' lang='lat' dir='ltr'><strong>majorem,</strong></span> <span class='ocrx_word' id='word_1_67' title='bbox 1140 1027 1229 1097; x_wconf 92' lang='lat' dir='ltr'><strong>qui</strong></span> <span class='ocrx_word' id='word_1_68' title='bbox 1267 1036 1373 1082; x_wconf 89' lang='lat' dir='ltr'><strong>stat</strong></span> <span class='ocrx_word' id='word_1_69' title='bbox 1405 1026 1456 1080; x_wconf 91' lang='lat' dir='ltr'><strong>in</strong></span> <span class='ocrx_word' id='word_1_70' title='bbox 1493 1033 1654 1094; x_wconf 90' lang='lat' dir='ltr'><strong>caput</strong></span> <span class='ocrx_word' id='word_1_71' title='bbox 1679 1022 1876 1092; x_wconf 75' lang='lat' dir='ltr'><strong>perlici</strong></span> <span class='ocrx_word' id='word_1_72' title='bbox 1901 1021 2075 1090; x_wconf 73' lang='lat' dir='ltr'><strong>(I62),</strong></span> <span class='ocrx_word' id='word_1_73' title='bbox 2123 1026 2177 1073; x_wconf 86' lang='lat' dir='ltr'><strong>et</strong></span> 
     </span>
    </p>
   </div>
   <div class='ocr_carea' id='block_1_11' title="bbox 612 1110 2182 1189">
    <p class='ocr_par' dir='ltr' id='par_1_11' title="bbox 612 1110 2182 1189">
     <span class='ocr_line' id='line_1_11' title="bbox 612 1110 2182 1189; baseline -0.008 -15"><span class='ocrx_word' id='word_1_74' title='bbox 612 1121 805 1176; x_wconf 85' lang='lat' dir='ltr'><strong>deinde</strong></span> <span class='ocrx_word' id='word_1_75' title='bbox 853 1133 1020 1189; x_wconf 87' lang='lat' dir='ltr'><strong>usque</strong></span> <span class='ocrx_word' id='word_1_76' title='bbox 1077 1120 1129 1170; x_wconf 92' lang='lat' dir='ltr'><strong>in</strong></span> <span class='ocrx_word' id='word_1_77' title='bbox 1165 1116 1359 1170; x_wconf 77' lang='lat' dir='ltr'><strong>ﬂuinen</strong></span> <span class='ocrx_word' id='word_1_78' title='bbox 1388 1113 1644 1185; x_wconf 87' lang='lat' dir='ltr'><strong>Tyberis;</strong></span> <span class='ocrx_word' id='word_1_79' title='bbox 1674 1121 1904 1180; x_wconf 75' lang='lat' dir='ltr'><strong>excepto</strong></span> <span class='ocrx_word' id='word_1_80' title='bbox 1943 1121 2053 1164; x_wconf 87' lang='lat' dir='ltr'><strong>tres</strong></span> <span class='ocrx_word' id='word_1_81' title='bbox 2085 1110 2182 1163; x_wconf 89' lang='lat' dir='ltr'><strong>do-</strong></span> 
     </span>
    </p>
   </div>
   <div class='ocr_carea' id='block_1_12' title="bbox 614 1201 2179 1275">
    <p class='ocr_par' dir='ltr' id='par_1_12' title="bbox 614 1201 2179 1275">
     <span class='ocr_line' id='line_1_12' title="bbox 614 1201 2179 1275; baseline -0.008 -10"><span class='ocrx_word' id='word_1_82' title='bbox 614 1228 728 1267; x_wconf 90' lang='lat' dir='ltr'><strong>mos</strong></span> <span class='ocrx_word' id='word_1_83' title='bbox 757 1210 956 1266; x_wconf 65' lang='lat' dir='ltr'><strong>scholae</strong></span> <span class='ocrx_word' id='word_1_84' title='bbox 982 1218 1264 1263; x_wconf 87' lang='lat' dir='ltr'><strong>cantormn</strong></span> <span class='ocrx_word' id='word_1_85' title='bbox 1293 1205 1464 1275; x_wconf 75' lang='grc'><strong>(165),</strong></span> <span class='ocrx_word' id='word_1_86' title='bbox 1492 1206 1627 1258; x_wconf 88' lang='lat' dir='ltr'><strong>duas</strong></span> <span class='ocrx_word' id='word_1_87' title='bbox 1669 1205 1720 1257; x_wconf 93' lang='lat' dir='ltr'><strong>iu</strong></span> <span class='ocrx_word' id='word_1_88' title='bbox 1752 1203 1980 1272; x_wconf 91' lang='lat' dir='ltr'><strong>portico,</strong></span> <span class='ocrx_word' id='word_1_89' title='bbox 2012 1209 2066 1254; x_wconf 87' lang='lat' dir='ltr'><strong>et</strong></span> <span class='ocrx_word' id='word_1_90' title='bbox 2103 1201 2179 1254; x_wconf 84' lang='lat' dir='ltr'><strong>al-</strong></span> 
     </span>
    </p>
   </div>
   <div class='ocr_carea' id='block_1_13' title="bbox 599 1290 2182 1372">
    <p class='ocr_par' dir='ltr' id='par_1_13' title="bbox 599 1290 2182 1372">
     <span class='ocr_line' id='line_1_13' title="bbox 599 1290 2182 1372; baseline -0.008 -15"><span class='ocrx_word' id='word_1_91' title='bbox 599 1299 728 1356; x_wconf 51' lang='lat' dir='ltr'><strong>&#39;tera</strong></span> <span class='ocrx_word' id='word_1_92' title='bbox 768 1301 924 1372; x_wconf 78' lang='lat' dir='ltr'><strong>juxta</strong></span> <span class='ocrx_word' id='word_1_93' title='bbox 973 1298 1190 1352; x_wconf 90' lang='lat' dir='ltr'><strong>domum</strong></span> <span class='ocrx_word' id='word_1_94' title='bbox 1238 1304 1474 1351; x_wconf 86' lang='lat' dir='ltr'><strong>vestram</strong></span> <span class='ocrx_word' id='word_1_95' title='bbox 1525 1293 1806 1363; x_wconf 89' lang='lat' dir='ltr'><strong>majorem,</strong></span> <span class='ocrx_word' id='word_1_96' title='bbox 1852 1307 1971 1360; x_wconf 70' lang='lat' dir='ltr'><strong>qum.</strong></span> <span class='ocrx_word' id='word_1_97' title='bbox 2019 1290 2182 1344; x_wconf 73' lang='lat' dir='ltr'><strong>habet</strong></span> 
     </span>
    </p>
   </div>
   <div class='ocr_carea' id='block_1_14' title="bbox 613 1381 2177 1458">
    <p class='ocr_par' dir='ltr' id='par_1_14' title="bbox 613 1381 2177 1458">
     <span class='ocr_line' id='line_1_14' title="bbox 613 1381 2177 1458; baseline -0.01 -9"><span class='ocrx_word' id='word_1_98' title='bbox 613 1405 790 1449; x_wconf 88' lang='lat' dir='ltr'><strong>ortum</strong></span> <span class='ocrx_word' id='word_1_99' title='bbox 847 1400 966 1458; x_wconf 90' lang='lat' dir='ltr'><strong>post</strong></span> <span class='ocrx_word' id='word_1_100' title='bbox 1000 1405 1059 1444; x_wconf 90' lang='lat' dir='ltr'><strong>se</strong></span> <span class='ocrx_word' id='word_1_101' title='bbox 1111 1402 1280 1456; x_wconf 90' lang='lat' dir='ltr'><strong>usque</strong></span> <span class='ocrx_word' id='word_1_102' title='bbox 1335 1387 1388 1440; x_wconf 89' lang='lat' dir='ltr'><strong>iu</strong></span> <span class='ocrx_word' id='word_1_103' title='bbox 1442 1385 1582 1438; x_wconf 88' lang='lat' dir='ltr'><strong>viam</strong></span> <span class='ocrx_word' id='word_1_104' title='bbox 1637 1398 1756 1453; x_wconf 67' lang='lat' dir='ltr'><strong>quae</strong></span> <span class='ocrx_word' id='word_1_105' title='bbox 1817 1381 2096 1436; x_wconf 86' lang='lat' dir='ltr'><strong>descendit</strong></span> <span class='ocrx_word' id='word_1_106' title='bbox 2148 1395 2177 1433; x_wconf 91' lang='lat' dir='ltr'><strong>a</strong></span> 
     </span>
    </p>
   </div>
   <div class='ocr_carea' id='block_1_15' title="bbox 612 1473 2178 1553">
    <p class='ocr_par' dir='ltr' id='par_1_15' title="bbox 612 1473 2178 1553">
     <span class='ocr_line' id='line_1_15' title="bbox 612 1473 2178 1553; baseline -0.011 -11"><span class='ocrx_word' id='word_1_107' title='bbox 612 1487 813 1543; x_wconf 89' lang='lat' dir='ltr'><strong>Sancto</strong></span> <span class='ocrx_word' id='word_1_108' title='bbox 838 1484 1077 1553; x_wconf 78' lang='lat' dir='ltr'><strong>Georgio</strong></span> <span class='ocrx_word' id='word_1_109' title='bbox 1105 1480 1341 1552; x_wconf 58' lang='lat' dir='ltr'><strong>(16$),et</strong></span> <span class='ocrx_word' id='word_1_110' title='bbox 1367 1493 1537 1547; x_wconf 81' lang='lat' dir='ltr'><strong>usque</strong></span> <span class='ocrx_word' id='word_1_111' title='bbox 1563 1477 1615 1530; x_wconf 89' lang='lat' dir='ltr'><strong>in</strong></span> <span class='ocrx_word' id='word_1_112' title='bbox 1645 1475 1928 1530; x_wconf 80' lang='lat' dir='ltr'><strong>Fossatum</strong></span> <span class='ocrx_word' id='word_1_113' title='bbox 1956 1473 2178 1529; x_wconf 75' lang='lat' dir='ltr'><strong>Tenio-</strong></span> 
     </span>
    </p>
   </div>
   <div class='ocr_carea' id='block_1_16' title="bbox 603 1564 2178 1642">
    <p class='ocr_par' dir='ltr' id='par_1_16' title="bbox 603 1564 2178 1642">
     <span class='ocr_line' id='line_1_16' title="bbox 603 1564 2178 1642; baseline -0.01 -10"><span class='ocrx_word' id='word_1_114' title='bbox 603 1579 719 1640; x_wconf 70' lang='lat' dir='ltr'><strong>&#39;nis,</strong></span> <span class='ocrx_word' id='word_1_115' title='bbox 749 1585 910 1631; x_wconf 87' lang='lat' dir='ltr'><strong>etest</strong></span> <span class='ocrx_word' id='word_1_116' title='bbox 946 1573 1096 1642; x_wconf 84' lang='lat' dir='ltr'><strong>juxta</strong></span> <span class='ocrx_word' id='word_1_117' title='bbox 1128 1570 1211 1624; x_wconf 90' lang='lat' dir='ltr'><strong>via</strong></span> <span class='ocrx_word' id='word_1_118' title='bbox 1251 1584 1369 1638; x_wconf 73' lang='lat' dir='ltr'><strong>qua:</strong></span> <span class='ocrx_word' id='word_1_119' title='bbox 1417 1567 1560 1620; x_wconf 91' lang='lat' dir='ltr'><strong>venit</strong></span> <span class='ocrx_word' id='word_1_120' title='bbox 1609 1581 1638 1618; x_wconf 89' lang='lat' dir='ltr'><strong>a</strong></span> <span class='ocrx_word' id='word_1_121' title='bbox 1683 1574 1826 1619; x_wconf 88' lang='lat' dir='ltr'><strong>terra</strong></span> <span class='ocrx_word' id='word_1_122' title='bbox 1856 1564 2178 1618; x_wconf 83' lang='lat' dir='ltr'><strong>Smctorum</strong></span> 
     </span>
    </p>
   </div>
   <div class='ocr_carea' id='block_1_17' title="bbox 616 1655 2178 1729">
    <p class='ocr_par' dir='ltr' id='par_1_17' title="bbox 616 1655 2178 1729">
     <span class='ocr_line' id='line_1_17' title="bbox 616 1655 2178 1729; baseline -0.01 -6"><span class='ocrx_word' id='word_1_123' title='bbox 616 1669 831 1722; x_wconf 79' lang='lat' dir='ltr'><strong>Ioannis</strong></span> <span class='ocrx_word' id='word_1_124' title='bbox 865 1676 918 1720; x_wconf 90' lang='lat' dir='ltr'><strong>et</strong></span> <span class='ocrx_word' id='word_1_125' title='bbox 945 1663 1117 1728; x_wconf 81' lang='lat' dir='ltr'><strong>Pauli,</strong></span> <span class='ocrx_word' id='word_1_126' title='bbox 1143 1663 1194 1717; x_wconf 92' lang='lat' dir='ltr'><strong>in</strong></span> <span class='ocrx_word' id='word_1_127' title='bbox 1226 1661 1364 1715; x_wconf 86' lang='lat' dir='ltr'><strong>viam</strong></span> <span class='ocrx_word' id='word_1_128' title='bbox 1407 1675 1525 1729; x_wconf 67' lang='lat' dir='ltr'><strong>qum</strong></span> <span class='ocrx_word' id='word_1_129' title='bbox 1549 1658 1695 1712; x_wconf 93' lang='lat' dir='ltr'><strong>vadit</strong></span> <span class='ocrx_word' id='word_1_130' title='bbox 1725 1659 1777 1712; x_wconf 92' lang='lat' dir='ltr'><strong>in</strong></span> <span class='ocrx_word' id='word_1_131' title='bbox 1818 1658 2105 1727; x_wconf 88' lang='lat' dir='ltr'><strong>porticum.</strong></span> <span class='ocrx_word' id='word_1_132' title='bbox 2137 1655 2178 1708; x_wconf 71' lang='grc' dir='ltr'>Α</span> 
     </span>
    </p>
   </div>
   <div class='ocr_carea' id='block_1_18' title="bbox 594 1748 2179 1829">
    <p class='ocr_par' dir='ltr' id='par_1_18' title="bbox 594 1748 2179 1829">
     <span class='ocr_line' id='line_1_18' title="bbox 594 1748 2179 1829; baseline -0.011 -15"><span class='ocrx_word' id='word_1_133' title='bbox 594 1768 808 1829; x_wconf 76' lang='lat' dir='ltr'><strong>&#39;qnarto</strong></span> <span class='ocrx_word' id='word_1_134' title='bbox 850 1757 1050 1811; x_wconf 91' lang='lat' dir='ltr'><strong>dictum</strong></span> <span class='ocrx_word' id='word_1_135' title='bbox 1093 1752 1287 1806; x_wconf 83' lang='lat' dir='ltr'><strong>ﬂumen</strong></span> <span class='ocrx_word' id='word_1_136' title='bbox 1333 1749 1582 1822; x_wconf 83' lang='lat' dir='ltr'><strong>Tyberis,</strong></span> <span class='ocrx_word' id='word_1_137' title='bbox 1615 1749 1788 1802; x_wconf 90' lang='lat' dir='ltr'><strong>locum</strong></span> <span class='ocrx_word' id='word_1_138' title='bbox 1829 1748 1917 1816; x_wconf 89' lang='lat' dir='ltr'><strong>qui</strong></span> <span class='ocrx_word' id='word_1_139' title='bbox 1957 1754 2179 1800; x_wconf 86' lang='lat' dir='ltr'><strong>vocatur</strong></span> 
     </span>
    </p>
   </div>
   <div class='ocr_carea' id='block_1_19' title="bbox 2282 565 3839 636">
    <p class='ocr_par' dir='ltr' id='par_1_19' title="bbox 2282 565 3839 636">
     <span class='ocr_line' id='line_1_19' title="bbox 2282 565 3839 636; baseline 0.002 -12"><span class='ocrx_word' id='word_1_140' title='bbox 2282 565 2504 624; x_wconf 73' lang='lat' dir='ltr'><strong>fundum</strong></span> <span class='ocrx_word' id='word_1_141' title='bbox 2556 567 2782 634; x_wconf 79' lang='lat' dir='ltr'><strong>Romla,</strong></span> <span class='ocrx_word' id='word_1_142' title='bbox 2828 571 3050 624; x_wconf 78' lang='lat' dir='ltr'><strong>fundum</strong></span> <span class='ocrx_word' id='word_1_143' title='bbox 3084 569 3410 636; x_wconf 89' lang='lat' dir='ltr'><strong>Cucumelli,</strong></span> <span class='ocrx_word' id='word_1_144' title='bbox 3447 572 3670 626; x_wconf 79' lang='lat' dir='ltr'><strong>fundum</strong></span> <span class='ocrx_word' id='word_1_145' title='bbox 3708 571 3839 627; x_wconf 84' lang='lat' dir='ltr'><strong>Pro-</strong></span> 
     </span>
    </p>
   </div>
   <div class='ocr_carea' id='block_1_20' title="bbox 2285 659 3842 726">
    <p class='ocr_par' dir='ltr' id='par_1_20' title="bbox 2285 659 3842 726">
     <span class='ocr_line' id='line_1_20' title="bbox 2285 659 3842 726; baseline 0.003 -13"><span class='ocrx_word' id='word_1_146' title='bbox 2285 659 2505 724; x_wconf 85' lang='lat' dir='ltr'><strong>tellaris,</strong></span> <span class='ocrx_word' id='word_1_147' title='bbox 2537 676 2726 714; x_wconf 89' lang='lat' dir='ltr'><strong>omnes</strong></span> <span class='ocrx_word' id='word_1_148' title='bbox 2773 659 3001 714; x_wconf 78' lang='lat' dir='ltr'><strong>invicem</strong></span> <span class='ocrx_word' id='word_1_149' title='bbox 3051 661 3402 726; x_wconf 66' lang='lat' dir='ltr'><strong>cohaerentes,</strong></span> <span class='ocrx_word' id='word_1_150' title='bbox 3452 677 3575 716; x_wconf 90' lang='lat' dir='ltr'><strong>cum</strong></span> <span class='ocrx_word' id='word_1_151' title='bbox 3622 664 3842 718; x_wconf 85' lang='lat' dir='ltr'><strong>diversis</strong></span> 
     </span>
    </p>
   </div>
   <div class='ocr_carea' id='block_1_21' title="bbox 2281 750 3852 820">
    <p class='ocr_par' dir='ltr' id='par_1_21' title="bbox 2281 750 3852 820">
     <span class='ocr_line' id='line_1_21' title="bbox 2281 750 3852 820; baseline 0.001 -18"><span class='ocrx_word' id='word_1_152' title='bbox 2281 750 2477 815; x_wconf 80' lang='lat' dir='ltr'><strong>fundis,</strong></span> <span class='ocrx_word' id='word_1_153' title='bbox 2505 759 2560 805; x_wconf 88' lang='lat' dir='ltr'><strong>et</strong></span> <span class='ocrx_word' id='word_1_154' title='bbox 2590 751 2860 806; x_wconf 73' lang='lat' dir='ltr'><strong>vocabulis</strong></span> <span class='ocrx_word' id='word_1_155' title='bbox 2885 767 3071 805; x_wconf 87' lang='lat' dir='ltr'><strong>eorum</strong></span> <span class='ocrx_word' id='word_1_156' title='bbox 3089 791 3104 816; x_wconf 95' lang='lat'><strong>,</strong></span> <span class='ocrx_word' id='word_1_157' title='bbox 3132 751 3369 820; x_wconf 87' lang='lat' dir='ltr'><strong>campis,</strong></span> <span class='ocrx_word' id='word_1_158' title='bbox 3395 751 3586 820; x_wconf 82' lang='lat' dir='ltr'><strong>pratis,</strong></span> <span class='ocrx_word' id='word_1_159' title='bbox 3612 755 3852 820; x_wconf 78' lang='lat' dir='ltr'><strong>pascuis,‘</strong></span> 
     </span>
    </p>
   </div>
   <div class='ocr_carea' id='block_1_22' title="bbox 2280 834 3842 908">
    <p class='ocr_par' dir='ltr' id='par_1_22' title="bbox 2280 834 3842 908">
     <span class='ocr_line' id='line_1_22' title="bbox 2280 834 3842 908; baseline 0.001 -14"><span class='ocrx_word' id='word_1_160' title='bbox 2280 840 2450 906; x_wconf 65' lang='lat' dir='ltr'><strong>silvis,</strong></span> <span class='ocrx_word' id='word_1_161' title='bbox 2493 856 2615 895; x_wconf 87' lang='lat' dir='ltr'><strong>cum</strong></span> <span class='ocrx_word' id='word_1_162' title='bbox 2665 834 2828 908; x_wconf 70' lang='lat' dir='ltr'><strong>c&#39;asis,</strong></span> <span class='ocrx_word' id='word_1_163' title='bbox 2873 851 2927 896; x_wconf 89' lang='lat' dir='ltr'><strong>et</strong></span> <span class='ocrx_word' id='word_1_164' title='bbox 2973 842 3165 904; x_wconf 88' lang='lat' dir='ltr'><strong>vineis,</strong></span> <span class='ocrx_word' id='word_1_165' title='bbox 3222 849 3276 895; x_wconf 91' lang='lat' dir='ltr'><strong>et</strong></span> <span class='ocrx_word' id='word_1_166' title='bbox 3317 857 3440 895; x_wconf 89' lang='lat' dir='ltr'><strong>cum</strong></span> <span class='ocrx_word' id='word_1_167' title='bbox 3485 842 3739 896; x_wconf 84' lang='lat' dir='ltr'><strong>oumibas</strong></span> <span class='ocrx_word' id='word_1_168' title='bbox 3782 841 3842 895; x_wconf 79' lang='lat' dir='ltr'><strong>ad</strong></span> 
     </span>
    </p>
   </div>
   <div class='ocr_carea' id='block_1_23' title="bbox 2280 927 3844 1000">
    <p class='ocr_par' dir='ltr' id='par_1_23' title="bbox 2280 927 3844 1000">
     <span class='ocr_line' id='line_1_23' title="bbox 2280 927 3844 1000; baseline 0.002 -20"><span class='ocrx_word' id='word_1_169' title='bbox 2280 929 2492 983; x_wconf 78' lang='lat' dir='ltr'><strong>eosdem</strong></span> <span class='ocrx_word' id='word_1_170' title='bbox 2523 927 2714 984; x_wconf 75' lang='lat' dir='ltr'><strong>fluidos</strong></span> <span class='ocrx_word' id='word_1_171' title='bbox 2738 929 3080 999; x_wconf 81' lang='lat' dir='ltr'><strong>generali:er,</strong></span> <span class='ocrx_word' id='word_1_172' title='bbox 3121 941 3176 984; x_wconf 89' lang='lat' dir='ltr'><strong>et</strong></span> <span class='ocrx_word' id='word_1_173' title='bbox 3218 930 3271 983; x_wconf 90' lang='lat' dir='ltr'><strong>in</strong></span> <span class='ocrx_word' id='word_1_174' title='bbox 3302 930 3544 1000; x_wconf 83' lang='lat' dir='ltr'><strong>intregro</strong></span> <span class='ocrx_word' id='word_1_175' title='bbox 3579 933 3844 1000; x_wconf 84' lang='lat' dir='ltr'><strong>pertinen-</strong></span> 
     </span>
    </p>
   </div>
   <div class='ocr_carea' id='block_1_24' title="bbox 2279 1023 3843 1098">
    <p class='ocr_par' dir='ltr' id='par_1_24' title="bbox 2279 1023 3843 1098">
     <span class='ocr_line' id='line_1_24' title="bbox 2279 1023 3843 1098; baseline 0.001 -18"><span class='ocrx_word' id='word_1_176' title='bbox 2279 1027 2442 1091; x_wconf 81' lang='lat' dir='ltr'><strong>tibus,</strong></span> <span class='ocrx_word' id='word_1_177' title='bbox 2483 1023 2685 1098; x_wconf 85' lang='lat' dir='ltr'><strong>positos</strong></span> <span class='ocrx_word' id='word_1_178' title='bbox 2709 1030 2793 1082; x_wconf 87' lang='lat' dir='ltr'><strong>via</strong></span> <span class='ocrx_word' id='word_1_179' title='bbox 2817 1027 3036 1083; x_wconf 89' lang='lat' dir='ltr'><strong>Claudia</strong></span> <span class='ocrx_word' id='word_1_180' title='bbox 3067 1028 3214 1098; x_wconf 84' lang='grc'><strong>(165)</strong></span> <span class='ocrx_word' id='word_1_181' title='bbox 3247 1027 3379 1083; x_wconf 83' lang='lat' dir='ltr'><strong>foris</strong></span> <span class='ocrx_word' id='word_1_182' title='bbox 3419 1038 3634 1098; x_wconf 85' lang='lat' dir='ltr'><strong>portam</strong></span> <span class='ocrx_word' id='word_1_183' title='bbox 3663 1029 3843 1086; x_wconf 85' lang='lat' dir='ltr'><strong>Sancti</strong></span> 
     </span>
    </p>
   </div>
   <div class='ocr_carea' id='block_1_25' title="bbox 2279 1127 3843 1202">
    <p class='ocr_par' dir='ltr' id='par_1_25' title="bbox 2279 1127 3843 1202">
     <span class='ocr_line' id='line_1_25' title="bbox 2279 1127 3843 1202; baseline 0.001 -17"><span class='ocrx_word' id='word_1_184' title='bbox 2279 1128 2422 1185; x_wconf 81' lang='lat' dir='ltr'><strong>Petri</strong></span> <span class='ocrx_word' id='word_1_185' title='bbox 2440 1129 2584 1200; x_wconf 83' lang='grc'><strong>(166)</strong></span> <span class='ocrx_word' id='word_1_186' title='bbox 2605 1130 2856 1184; x_wconf 90' lang='lat' dir='ltr'><strong>milliario</strong></span> <span class='ocrx_word' id='word_1_187' title='bbox 2879 1129 2946 1184; x_wconf 89' lang='lat' dir='ltr'><strong>ab</strong></span> <span class='ocrx_word' id='word_1_188' title='bbox 2969 1130 3099 1185; x_wconf 88' lang='lat' dir='ltr'><strong>urbe</strong></span> <span class='ocrx_word' id='word_1_189' title='bbox 3116 1127 3282 1184; x_wconf 81' lang='lat' dir='ltr'><strong>Roma</strong></span> <span class='ocrx_word' id='word_1_190' title='bbox 3299 1131 3419 1200; x_wconf 86' lang='lat' dir='ltr'><strong>plus</strong></span> <span class='ocrx_word' id='word_1_191' title='bbox 3434 1134 3612 1187; x_wconf 90' lang='lat' dir='ltr'><strong>minus</strong></span> <span class='ocrx_word' id='word_1_192' title='bbox 3637 1142 3843 1202; x_wconf 84' lang='lat' dir='ltr'><strong>quarto,</strong></span> 
     </span>
    </p>
   </div>
   <div class='ocr_carea' id='block_1_26' title="bbox 2282 1207 3844 1302">
    <p class='ocr_par' dir='ltr' id='par_1_26' title="bbox 2282 1226 3844 1302">
     <span class='ocr_line' id='line_1_26' title="bbox 2282 1226 3844 1302; baseline 0.003 -22"><span class='ocrx_word' id='word_1_193' title='bbox 2282 1229 2363 1281; x_wconf 91' lang='lat' dir='ltr'><strong>vel</strong></span> <span class='ocrx_word' id='word_1_194' title='bbox 2419 1229 2637 1297; x_wconf 89' lang='lat' dir='ltr'><strong>quinto,</strong></span> <span class='ocrx_word' id='word_1_195' title='bbox 2697 1230 2836 1282; x_wconf 80' lang='lat' dir='ltr'><strong>inter</strong></span> <span class='ocrx_word' id='word_1_196' title='bbox 2906 1227 3111 1283; x_wconf 81' lang='lat' dir='ltr'><strong>allincs.</strong></span> <span class='ocrx_word' id='word_1_197' title='bbox 3163 1231 3207 1283; x_wconf 84' lang='lat' dir='ltr'><strong>A</strong></span> <span class='ocrx_word' id='word_1_198' title='bbox 3252 1230 3428 1302; x_wconf 91' lang='lat' dir='ltr'><strong>primo</strong></span> <span class='ocrx_word' id='word_1_199' title='bbox 3487 1226 3660 1285; x_wconf 83' lang='lat' dir='ltr'><strong>latere</strong></span> <span class='ocrx_word' id='word_1_200' title='bbox 3715 1233 3844 1286; x_wconf 83' lang='lat' dir='ltr'><strong>imi-</strong></span> 
     </span>
    </p>
   </div>
   <div class='ocr_carea' id='block_1_27' title="bbox 2282 1327 3852 1402">
    <p class='ocr_par' dir='ltr' id='par_1_27' title="bbox 2282 1327 3852 1402">
     <span class='ocr_line' id='line_1_27' title="bbox 2282 1327 3852 1402; baseline 0.004 -21"><span class='ocrx_word' id='word_1_201' title='bbox 2282 1329 2460 1400; x_wconf 85' lang='lat' dir='ltr'><strong>picnte</strong></span> <span class='ocrx_word' id='word_1_202' title='bbox 2484 1344 2516 1383; x_wconf 90' lang='lat' dir='ltr'><strong>a</strong></span> <span class='ocrx_word' id='word_1_203' title='bbox 2540 1344 2671 1384; x_wconf 88' lang='lat' dir='ltr'><strong>cava</strong></span> <span class='ocrx_word' id='word_1_204' title='bbox 2719 1327 2940 1396; x_wconf 81' lang='lat' dir='ltr'><strong>Majorc,</strong></span> <span class='ocrx_word' id='word_1_205' title='bbox 2977 1337 3124 1384; x_wconf 88' lang='lat' dir='ltr'><strong>recte</strong></span> <span class='ocrx_word' id='word_1_206' title='bbox 3163 1345 3266 1400; x_wconf 81' lang='lat' dir='ltr'><strong>pro</strong></span> <span class='ocrx_word' id='word_1_207' title='bbox 3315 1330 3492 1394; x_wconf 79' lang='lat' dir='ltr'><strong>silice,</strong></span> <span class='ocrx_word' id='word_1_208' title='bbox 3545 1347 3668 1402; x_wconf 70' lang='lat' dir='ltr'><strong>qua:</strong></span> <span class='ocrx_word' id='word_1_209' title='bbox 3707 1334 3852 1387; x_wconf 80' lang='lat' dir='ltr'><strong>vadit</strong></span> 
     </span>
    </p>
   </div>
   <div class='ocr_carea' id='block_1_28' title="bbox 2282 1427 3842 1501">
    <p class='ocr_par' dir='ltr' id='par_1_28' title="bbox 2282 1427 3842 1501">
     <span class='ocr_line' id='line_1_28' title="bbox 2282 1427 3842 1501; baseline 0.003 -18"><span class='ocrx_word' id='word_1_210' title='bbox 2282 1430 2422 1485; x_wconf 81' lang='lat' dir='ltr'><strong>inter</strong></span> <span class='ocrx_word' id='word_1_211' title='bbox 2449 1430 2836 1498; x_wconf 69' lang='lat' dir='ltr'><strong>prtenominata</strong></span> <span class='ocrx_word' id='word_1_212' title='bbox 2861 1427 3108 1494; x_wconf 75' lang='lat' dir='ltr'><strong>litiidora,</strong></span> <span class='ocrx_word' id='word_1_213' title='bbox 3135 1439 3190 1484; x_wconf 86' lang='lat' dir='ltr'><strong>et</strong></span> <span class='ocrx_word' id='word_1_214' title='bbox 3223 1430 3425 1495; x_wconf 88' lang='lat' dir='ltr'><strong>casale,</strong></span> <span class='ocrx_word' id='word_1_215' title='bbox 3449 1432 3595 1501; x_wconf 86' lang='lat' dir='ltr'><strong>quod</strong></span> <span class='ocrx_word' id='word_1_216' title='bbox 3625 1441 3842 1487; x_wconf 76' lang='lat' dir='ltr'><strong>vocatur</strong></span> 
     </span>
    </p>
   </div>
   <div class='ocr_carea' id='block_1_29' title="bbox 2279 1530 3848 1602">
    <p class='ocr_par' dir='ltr' id='par_1_29' title="bbox 2279 1530 3848 1602">
     <span class='ocr_line' id='line_1_29' title="bbox 2279 1530 3848 1602; baseline 0.003 -18"><span class='ocrx_word' id='word_1_217' title='bbox 2279 1531 2607 1600; x_wconf 86' lang='lat' dir='ltr'><strong>pratanella,</strong></span> <span class='ocrx_word' id='word_1_218' title='bbox 2631 1530 2770 1599; x_wconf 83' lang='lat' dir='ltr'><strong>juris</strong></span> <span class='ocrx_word' id='word_1_219' title='bbox 2792 1531 3104 1586; x_wconf 78' lang='lat' dir='ltr'><strong>monasterii</strong></span> <span class='ocrx_word' id='word_1_220' title='bbox 3130 1531 3300 1586; x_wconf 83' lang='lat' dir='ltr'><strong>sancti</strong></span> <span class='ocrx_word' id='word_1_221' title='bbox 3326 1530 3588 1602; x_wconf 89' lang='lat' dir='ltr'><strong>Stephani</strong></span> <span class='ocrx_word' id='word_1_222' title='bbox 3611 1534 3848 1602; x_wconf 64' lang='lat' dir='ltr'><strong>majoris,</strong></span> 
     </span>
    </p>
   </div>
   <div class='ocr_carea' id='block_1_30' title="bbox 2278 1629 3846 1700">
    <p class='ocr_par' dir='ltr' id='par_1_30' title="bbox 2278 1629 3846 1700">
     <span class='ocr_line' id='line_1_30' title="bbox 2278 1629 3846 1700; baseline 0.001 -17"><span class='ocrx_word' id='word_1_223' title='bbox 2278 1639 2336 1683; x_wconf 87' lang='lat' dir='ltr'><strong>et</strong></span> <span class='ocrx_word' id='word_1_224' title='bbox 2362 1631 2589 1684; x_wconf 82' lang='lat' dir='ltr'><strong>ducente</strong></span> <span class='ocrx_word' id='word_1_225' title='bbox 2614 1645 2783 1698; x_wconf 90' lang='lat' dir='ltr'><strong>usque</strong></span> <span class='ocrx_word' id='word_1_226' title='bbox 2807 1630 2860 1684; x_wconf 95' lang='lat' dir='ltr'><strong>in</strong></span> <span class='ocrx_word' id='word_1_227' title='bbox 2885 1629 3020 1693; x_wconf 88' lang='lat' dir='ltr'><strong>rivo,</strong></span> <span class='ocrx_word' id='word_1_228' title='bbox 3055 1629 3146 1699; x_wconf 85' lang='lat' dir='ltr'><strong>qui</strong></span> <span class='ocrx_word' id='word_1_229' title='bbox 3171 1630 3339 1700; x_wconf 82' lang='lat' dir='ltr'><strong>pergit</strong></span> <span class='ocrx_word' id='word_1_230' title='bbox 3365 1646 3394 1683; x_wconf 90' lang='lat' dir='ltr'><strong>a</strong></span> <span class='ocrx_word' id='word_1_231' title='bbox 3423 1641 3590 1700; x_wconf 79' lang='lat' dir='ltr'><strong>ponte</strong></span> <span class='ocrx_word' id='word_1_232' title='bbox 3618 1629 3846 1686; x_wconf 85' lang='lat' dir='ltr'><strong>Solllari.</strong></span> 
     </span>
    </p>
   </div>
   <div class='ocr_carea' id='block_1_31' title="bbox 2281 1727 3851 1798">
    <p class='ocr_par' dir='ltr' id='par_1_31' title="bbox 2281 1727 3851 1798">
     <span class='ocr_line' id='line_1_31' title="bbox 2281 1727 3851 1798; baseline 0.002 -18"><span class='ocrx_word' id='word_1_233' title='bbox 2281 1729 2321 1780; x_wconf 79' lang='grc' dir='ltr'><strong>Α</strong></span> <span class='ocrx_word' id='word_1_234' title='bbox 2352 1729 2588 1782; x_wconf 84' lang='lat' dir='ltr'><strong>secundo</strong></span> <span class='ocrx_word' id='word_1_235' title='bbox 2611 1729 2776 1796; x_wconf 88' lang='lat' dir='ltr'><strong>ipsius</strong></span> <span class='ocrx_word' id='word_1_236' title='bbox 2801 1729 2936 1791; x_wconf 87' lang='lat' dir='ltr'><strong>rivo,</strong></span> <span class='ocrx_word' id='word_1_237' title='bbox 2962 1729 3052 1797; x_wconf 91' lang='lat' dir='ltr'><strong>qui</strong></span> <span class='ocrx_word' id='word_1_238' title='bbox 3085 1728 3272 1782; x_wconf 87' lang='lat' dir='ltr'><strong>dividit</strong></span> <span class='ocrx_word' id='word_1_239' title='bbox 3324 1729 3438 1798; x_wconf 84' lang='lat' dir='ltr'><strong>ipsa</strong></span> <span class='ocrx_word' id='word_1_240' title='bbox 3493 1727 3744 1792; x_wconf 82' lang='lat' dir='ltr'><strong>I&#39;undora,</strong></span> <span class='ocrx_word' id='word_1_241' title='bbox 3802 1738 3851 1784; x_wconf 75' lang='lat' dir='ltr'><strong>it</strong></span> 
     </span>
    </p>
   </div>
   <div class='ocr_carea' id='block_1_32' title="bbox 597 1815 3848 1919">
    <p class='ocr_par' dir='ltr' id='par_1_32' title="bbox 597 1815 3848 1919">
     <span class='ocr_line' id='line_1_32' title="bbox 597 1815 3848 1919; baseline -0.007 -18"><span class='ocrx_word' id='word_1_242' title='bbox 597 1815 871 1919; x_wconf 73' lang='lat' dir='ltr'><strong>&#39;Spellari,</strong></span> <span class='ocrx_word' id='word_1_243' title='bbox 905 1845 1109 1915; x_wconf 89' lang='lat' dir='ltr'><strong>pariter</strong></span> <span class='ocrx_word' id='word_1_244' title='bbox 1146 1815 1489 1898; x_wconf 79' lang='lat' dir='ltr'><strong>concedimus</strong></span> <span class='ocrx_word' id='word_1_245' title='bbox 1531 1849 1583 1893; x_wconf 90' lang='lat' dir='ltr'><strong>et</strong></span> <span class='ocrx_word' id='word_1_246' title='bbox 1627 1815 2010 1892; x_wconf 80' lang='lat' dir='ltr'><strong>conﬁrmamus</strong></span> <span class='ocrx_word' id='word_1_247' title='bbox 2055 1836 2174 1890; x_wconf 62' lang='lat' dir='ltr'><strong>fun-</strong></span> <span class='ocrx_word' id='word_1_248' title='bbox 2213 1815 2251 1873; x_wconf 70' lang='grc' dir='ltr'><strong>Β</strong></span> <span class='ocrx_word' id='word_1_249' title='bbox 2281 1827 2460 1882; x_wconf 86' lang='lat' dir='ltr'><strong>casale</strong></span> <span class='ocrx_word' id='word_1_250' title='bbox 2490 1827 2630 1894; x_wconf 90' lang='lat' dir='ltr'><strong>quod</strong></span> <span class='ocrx_word' id='word_1_251' title='bbox 2659 1837 2882 1880; x_wconf 89' lang='lat' dir='ltr'><strong>vocatur</strong></span> <span class='ocrx_word' id='word_1_252' title='bbox 2919 1826 3120 1882; x_wconf 79' lang='lat' dir='ltr'><strong>Meliori</strong></span> <span class='ocrx_word' id='word_1_253' title='bbox 3160 1826 3298 1894; x_wconf 86' lang='lat' dir='ltr'><strong>juris</strong></span> <span class='ocrx_word' id='word_1_254' title='bbox 3327 1828 3639 1882; x_wconf 89' lang='lat' dir='ltr'><strong>monasterii</strong></span> <span class='ocrx_word' id='word_1_255' title='bbox 3670 1826 3848 1880; x_wconf 77' lang='lat' dir='ltr'><strong>Sancti</strong></span> 
     </span>
    </p>
   </div>
   <div class='ocr_carea' id='block_1_33' title="bbox 612 1929 2180 2007">
    <p class='ocr_par' dir='ltr' id='par_1_33' title="bbox 612 1929 2180 2007">
     <span class='ocr_line' id='line_1_33' title="bbox 612 1929 2180 2007; baseline -0.007 -16"><span class='ocrx_word' id='word_1_256' title='bbox 612 1941 740 1991; x_wconf 85' lang='lat' dir='ltr'><strong>dora</strong></span> <span class='ocrx_word' id='word_1_257' title='bbox 790 1939 842 1991; x_wconf 92' lang='lat' dir='ltr'><strong>in</strong></span> <span class='ocrx_word' id='word_1_258' title='bbox 884 1938 1115 2007; x_wconf 77' lang='lat' dir='ltr'><strong>integro,</strong></span> <span class='ocrx_word' id='word_1_259' title='bbox 1152 1948 1270 2001; x_wconf 71' lang='lat' dir='ltr'><strong>qua:</strong></span> <span class='ocrx_word' id='word_1_260' title='bbox 1315 1940 1576 1984; x_wconf 85' lang='lat' dir='ltr'><strong>vocantur</strong></span> <span class='ocrx_word' id='word_1_261' title='bbox 1605 1929 1828 1982; x_wconf 86' lang='lat' dir='ltr'><strong>Taliano</strong></span> <span class='ocrx_word' id='word_1_262' title='bbox 1871 1929 2094 1994; x_wconf 85' lang='lat' dir='ltr'><strong>majore,</strong></span> <span class='ocrx_word' id='word_1_263' title='bbox 2125 1937 2180 1980; x_wconf 89' lang='lat' dir='ltr'><strong>et</strong></span> 
     </span>
    </p>
   </div>
   <div class='ocr_carea' id='block_1_34' title="bbox 611 2015 2177 2096">
    <p class='ocr_par' dir='ltr' id='par_1_34' title="bbox 611 2015 2177 2096">
     <span class='ocr_line' id='line_1_34' title="bbox 611 2015 2177 2096; baseline -0.008 -14"><span class='ocrx_word' id='word_1_264' title='bbox 611 2029 754 2082; x_wconf 87' lang='lat' dir='ltr'><strong>aliud</strong></span> <span class='ocrx_word' id='word_1_265' title='bbox 823 2027 963 2096; x_wconf 91' lang='lat' dir='ltr'><strong>quod</strong></span> <span class='ocrx_word' id='word_1_266' title='bbox 1024 2030 1247 2078; x_wconf 86' lang='lat' dir='ltr'><strong>vocatur</strong></span> <span class='ocrx_word' id='word_1_267' title='bbox 1301 2019 1583 2075; x_wconf 84' lang='lat' dir='ltr'><strong>Taliauum</strong></span> <span class='ocrx_word' id='word_1_268' title='bbox 1624 2019 1870 2072; x_wconf 76' lang='lat' dir='ltr'><strong>minore.</strong></span> <span class='ocrx_word' id='word_1_269' title='bbox 1931 2015 2177 2070; x_wconf 80' lang='lat' dir='ltr'><strong>Fundam</strong></span> 
     </span>
    </p>
   </div>
   <div class='ocr_carea' id='block_1_35' title="bbox 685 2177 2179 2252">
    <p class='ocr_par' dir='ltr' id='par_1_35' title="bbox 685 2177 2179 2252">
     <span class='ocr_line' id='line_1_35' title="bbox 685 2177 2179 2252; baseline -0.005 -13"><span class='ocrx_word' id='word_1_270' title='bbox 685 2186 831 2252; x_wconf 81' lang='grc'><strong>(157)</strong></span> <span class='ocrx_word' id='word_1_271' title='bbox 857 2185 933 2238; x_wconf 88' lang='lat' dir='ltr'><strong>De</strong></span> <span class='ocrx_word' id='word_1_272' title='bbox 956 2181 1296 2252; x_wconf 76' lang='lat' dir='ltr'><strong>SSJoanuis</strong></span> <span class='ocrx_word' id='word_1_273' title='bbox 1328 2189 1381 2252; x_wconf 70' lang='lat' dir='ltr'><strong>et</strong></span> <span class='ocrx_word' id='word_1_274' title='bbox 1417 2177 1579 2252; x_wconf 54' lang='lat' dir='ltr'><strong>Pauli</strong></span> <span class='ocrx_word' id='word_1_275' title='bbox 1592 2179 1924 2252; x_wconf 69' lang='lat' dir='ltr'><strong>monasterio</strong></span> <span class='ocrx_word' id='word_1_276' title='bbox 1954 2177 2179 2232; x_wconf 79' lang='lat' dir='ltr'><strong>inferius</strong></span> 
     </span>
    </p>
   </div>
   <div class='ocr_carea' id='block_1_36' title="bbox 598 2248 1655 2313">
    <p class='ocr_par' dir='ltr' id='par_1_36' title="bbox 598 2248 1655 2313">
     <span class='ocr_line' id='line_1_36' title="bbox 598 2248 1655 2313; baseline -0.009 -2"><span class='ocrx_word' id='word_1_277' title='bbox 598 2248 787 2313; x_wconf 82' lang='lat' dir='ltr'><strong>sermo</strong></span> <span class='ocrx_word' id='word_1_278' title='bbox 809 2267 892 2309; x_wconf 85' lang='lat' dir='ltr'><strong>est</strong></span> <span class='ocrx_word' id='word_1_279' title='bbox 919 2264 985 2308; x_wconf 87' lang='lat' dir='ltr'><strong>ad</strong></span> <span class='ocrx_word' id='word_1_280' title='bbox 1011 2253 1232 2308; x_wconf 88' lang='lat' dir='ltr'><strong>alteram</strong></span> <span class='ocrx_word' id='word_1_281' title='bbox 1261 2251 1318 2305; x_wconf 88' lang='lat' dir='ltr'><strong>S.</strong></span> <span class='ocrx_word' id='word_1_282' title='bbox 1351 2248 1655 2304; x_wconf 86' lang='lat' dir='ltr'><strong>Leonile.</strong></span> 
     </span>
    </p>
   </div>
   <div class='ocr_carea' id='block_1_37' title="bbox 687 2314 2177 2393">
    <p class='ocr_par' dir='ltr' id='par_1_37' title="bbox 687 2314 2177 2393">
     <span class='ocr_line' id='line_1_37' title="bbox 687 2314 2177 2393; baseline -0.011 -7"><span class='ocrx_word' id='word_1_283' title='bbox 687 2327 832 2393; x_wconf 81' lang='grc'><strong>(158)</strong></span> <span class='ocrx_word' id='word_1_284' title='bbox 873 2325 1191 2393; x_wconf 73' lang='lat' dir='ltr'><strong>Quanquam</strong></span> <span class='ocrx_word' id='word_1_285' title='bbox 1236 2321 1396 2393; x_wconf 82' lang='lat' dir='ltr'><strong>Liber</strong></span> <span class='ocrx_word' id='word_1_286' title='bbox 1425 2318 1752 2393; x_wconf 70' lang='lat' dir='ltr'><strong>Pontilicalis</strong></span> <span class='ocrx_word' id='word_1_287' title='bbox 1798 2317 1857 2369; x_wconf 82' lang='lat' dir='ltr'><strong>in</strong></span> <span class='ocrx_word' id='word_1_288' title='bbox 1890 2314 2177 2393; x_wconf 44' lang='grc' dir='ltr'><strong>Ερυξώ-111</strong></span> 
     </span>
    </p>
   </div>
   <div class='ocr_carea' id='block_1_38' title="bbox 611 2385 2179 2450">
    <p class='ocr_par' dir='ltr' id='par_1_38' title="bbox 611 2385 2179 2450">
     <span class='ocr_line' id='line_1_38' title="bbox 611 2385 2179 2450; baseline -0.008 0"><span class='ocrx_word' id='word_1_289' title='bbox 611 2385 826 2450; x_wconf 71' lang='lat' dir='ltr'><strong>sacrarii</strong></span> <span class='ocrx_word' id='word_1_290' title='bbox 851 2385 1018 2448; x_wconf 46' lang='lat' dir='ltr'><strong>ai‘dem</strong></span> <span class='ocrx_word' id='word_1_291' title='bbox 1047 2385 1105 2448; x_wconf 67' lang='grc' dir='ltr'><strong>Ξ.</strong></span> <span class='ocrx_word' id='word_1_292' title='bbox 1148 2391 1326 2445; x_wconf 68' lang='lat' dir='ltr'><strong>Marize</strong></span> <span class='ocrx_word' id='word_1_293' title='bbox 1364 2389 1585 2441; x_wconf 89' lang='lat' dir='ltr'><strong>oratorii</strong></span> <span class='ocrx_word' id='word_1_294' title='bbox 1629 2389 1681 2440; x_wconf 88' lang='lat' dir='ltr'><strong>in</strong></span> <span class='ocrx_word' id='word_1_295' title='bbox 1729 2388 2056 2439; x_wconf 87' lang='lat' dir='ltr'><strong>monasterio</strong></span> <span class='ocrx_word' id='word_1_296' title='bbox 2084 2385 2179 2438; x_wconf 78' lang='lat' dir='ltr'><strong>Mi-</strong></span> 
     </span>
    </p>
   </div>
   <div class='ocr_carea' id='block_1_39' title="bbox 599 2455 2177 2523">
    <p class='ocr_par' dir='ltr' id='par_1_39' title="bbox 599 2455 2177 2523">
     <span class='ocr_line' id='line_1_39' title="bbox 599 2455 2177 2523; baseline -0.004 -7"><span class='ocrx_word' id='word_1_297' title='bbox 599 2466 813 2519; x_wconf 58' lang='lat' dir='ltr'><strong>‘rhaelis</strong></span> <span class='ocrx_word' id='word_1_298' title='bbox 843 2463 1144 2518; x_wconf 83' lang='lat' dir='ltr'><strong>meminerit</strong></span> <span class='ocrx_word' id='word_1_299' title='bbox 1184 2501 1198 2523; x_wconf 88' lang='lat'><strong>,</strong></span> <span class='ocrx_word' id='word_1_300' title='bbox 1226 2461 1278 2513; x_wconf 91' lang='lat' dir='ltr'><strong>in</strong></span> <span class='ocrx_word' id='word_1_301' title='bbox 1315 2459 1572 2512; x_wconf 85' lang='lat' dir='ltr'><strong>Vaticana</strong></span> <span class='ocrx_word' id='word_1_302' title='bbox 1621 2467 1796 2510; x_wconf 76' lang='lat' dir='ltr'><strong>tannm</strong></span> <span class='ocrx_word' id='word_1_303' title='bbox 1830 2457 2047 2509; x_wconf 77' lang='lat' dir='ltr'><strong>basilica</strong></span> <span class='ocrx_word' id='word_1_304' title='bbox 2081 2455 2177 2509; x_wconf 79' lang='lat' dir='ltr'><strong>fuit</strong></span> 
     </span>
    </p>
   </div>
   <div class='ocr_carea' id='block_1_40' title="bbox 611 2526 2178 2594">
    <p class='ocr_par' dir='ltr' id='par_1_40' title="bbox 611 2526 2178 2594">
     <span class='ocr_line' id='line_1_40' title="bbox 611 2526 2178 2594; baseline -0.008 -3"><span class='ocrx_word' id='word_1_305' title='bbox 611 2537 817 2591; x_wconf 83' lang='lat' dir='ltr'><strong>illustre</strong></span> <span class='ocrx_word' id='word_1_306' title='bbox 843 2532 1130 2594; x_wconf 76' lang='lat' dir='ltr'><strong>sacellum,</strong></span> <span class='ocrx_word' id='word_1_307' title='bbox 1163 2531 1316 2584; x_wconf 80' lang='lat' dir='ltr'><strong>titulo</strong></span> <span class='ocrx_word' id='word_1_308' title='bbox 1347 2529 1404 2583; x_wconf 91' lang='lat' dir='ltr'><strong>S.</strong></span> <span class='ocrx_word' id='word_1_309' title='bbox 1439 2527 1617 2582; x_wconf 71' lang='lat' dir='ltr'><strong>Maria:</strong></span> <span class='ocrx_word' id='word_1_310' title='bbox 1651 2529 1700 2580; x_wconf 92' lang='lat' dir='ltr'><strong>in</strong></span> <span class='ocrx_word' id='word_1_311' title='bbox 1733 2527 1984 2580; x_wconf 89' lang='lat' dir='ltr'><strong>Oratorio</strong></span> <span class='ocrx_word' id='word_1_312' title='bbox 2017 2526 2178 2578; x_wconf 83' lang='lat' dir='ltr'><strong>deco-</strong></span> 
     </span>
    </p>
   </div>
   <div class='ocr_carea' id='block_1_41' title="bbox 613 2598 2172 2672">
    <p class='ocr_par' dir='ltr' id='par_1_41' title="bbox 613 2598 2172 2672">
     <span class='ocr_line' id='line_1_41' title="bbox 613 2598 2172 2672; baseline -0.007 -14"><span class='ocrx_word' id='word_1_313' title='bbox 613 2615 809 2664; x_wconf 86' lang='lat' dir='ltr'><strong>ratum.</strong></span> <span class='ocrx_word' id='word_1_314' title='bbox 857 2604 996 2672; x_wconf 88' lang='lat' dir='ltr'><strong>quod</strong></span> <span class='ocrx_word' id='word_1_315' title='bbox 1047 2600 1240 2672; x_wconf 80' lang='lat' dir='ltr'><strong>Paulus</strong></span> <span class='ocrx_word' id='word_1_316' title='bbox 1286 2600 1343 2672; x_wconf 77' lang='lat' dir='ltr'><strong>_l,</strong></span> <span class='ocrx_word' id='word_1_317' title='bbox 1385 2608 1519 2652; x_wconf 87' lang='lat' dir='ltr'><strong>teste</strong></span> <span class='ocrx_word' id='word_1_318' title='bbox 1569 2599 1683 2672; x_wconf 67' lang='lat' dir='ltr'><strong>ejus</strong></span> <span class='ocrx_word' id='word_1_319' title='bbox 1729 2599 1851 2649; x_wconf 63' lang='lat' dir='ltr'><strong>vita!</strong></span> <span class='ocrx_word' id='word_1_320' title='bbox 1891 2598 2172 2672; x_wconf 76' lang='lat' dir='ltr'><strong>scriptore,</strong></span> 
     </span>
    </p>
   </div>
   <div class='ocr_carea' id='block_1_42' title="bbox 612 2667 2177 2744">
    <p class='ocr_par' dir='ltr' id='par_1_42' title="bbox 612 2667 2177 2744">
     <span class='ocr_line' id='line_1_42' title="bbox 612 2667 2177 2744; baseline -0.006 -16"><span class='ocrx_word' id='word_1_321' title='bbox 612 2677 749 2744; x_wconf 87' lang='lat' dir='ltr'><strong>apud</strong></span> <span class='ocrx_word' id='word_1_322' title='bbox 784 2667 1124 2744; x_wconf 75' lang='lat' dir='ltr'><strong>Anastasinm</strong></span> <span class='ocrx_word' id='word_1_323' title='bbox 1166 2669 1320 2744; x_wconf 68' lang='lat' dir='ltr'><strong>erigi,</strong></span> <span class='ocrx_word' id='word_1_324' title='bbox 1347 2685 1425 2744; x_wconf 59' lang='lat' dir='ltr'><strong>ac</strong></span> <span class='ocrx_word' id='word_1_325' title='bbox 1458 2670 1666 2744; x_wconf 71' lang='lat' dir='ltr'><strong>musivo</strong></span> <span class='ocrx_word' id='word_1_326' title='bbox 1696 2681 1858 2744; x_wconf 73' lang='lat' dir='ltr'><strong>opere</strong></span> <span class='ocrx_word' id='word_1_327' title='bbox 1905 2667 2177 2744; x_wconf 69' lang='lat' dir='ltr'><strong>variisque</strong></span> 
     </span>
    </p>
   </div>
   <div class='ocr_carea' id='block_1_43' title="bbox 616 2735 2177 2799">
    <p class='ocr_par' dir='ltr' id='par_1_43' title="bbox 616 2735 2177 2799">
     <span class='ocr_line' id='line_1_43' title="bbox 616 2735 2177 2799; baseline -0.009 -1"><span class='ocrx_word' id='word_1_328' title='bbox 616 2735 848 2799; x_wconf 77' lang='lat' dir='ltr'><strong>nietalls</strong></span> <span class='ocrx_word' id='word_1_329' title='bbox 878 2743 1058 2794; x_wconf 90' lang='lat' dir='ltr'><strong>ornari</strong></span> <span class='ocrx_word' id='word_1_330' title='bbox 1090 2741 1318 2795; x_wconf 90' lang='lat' dir='ltr'><strong>curavit.</strong></span> <span class='ocrx_word' id='word_1_331' title='bbox 1347 2739 1504 2792; x_wconf 79' lang='lat' dir='ltr'><strong>Plura</strong></span> <span class='ocrx_word' id='word_1_332' title='bbox 1552 2739 1711 2792; x_wconf 85' lang='lat' dir='ltr'><strong>habet</strong></span> <span class='ocrx_word' id='word_1_333' title='bbox 1738 2738 2040 2791; x_wconf 81' lang='lat' dir='ltr'><strong>Canonicus</strong></span> <span class='ocrx_word' id='word_1_334' title='bbox 2072 2735 2177 2788; x_wconf 79' lang='lat' dir='ltr'><strong>Ro-</strong></span> 
     </span>
    </p>
   </div>
   <div class='ocr_carea' id='block_1_44' title="bbox 610 2804 2173 2877">
    <p class='ocr_par' dir='ltr' id='par_1_44' title="bbox 610 2804 2173 2877">
     <span class='ocr_line' id='line_1_44' title="bbox 610 2804 2173 2877; baseline -0.007 -9"><span class='ocrx_word' id='word_1_335' title='bbox 610 2831 820 2868; x_wconf 77' lang='lat' dir='ltr'><strong>manus.</strong></span> <span class='ocrx_word' id='word_1_336' title='bbox 859 2813 941 2865; x_wconf 88' lang='lat' dir='ltr'><strong>tit.</strong></span> <span class='ocrx_word' id='word_1_337' title='bbox 987 2813 1068 2867; x_wconf 71' lang='grc'><strong>15.</strong></span> <span class='ocrx_word' id='word_1_338' title='bbox 1101 2819 1154 2863; x_wconf 88' lang='lat' dir='ltr'><strong>et</strong></span> <span class='ocrx_word' id='word_1_339' title='bbox 1186 2810 1510 2877; x_wconf 75' lang='lat' dir='ltr'><strong>Alpharang.</strong></span> <span class='ocrx_word' id='word_1_340' title='bbox 1538 2810 1648 2864; x_wconf 89' lang='lat' dir='ltr'><strong>tab.</strong></span> <span class='ocrx_word' id='word_1_341' title='bbox 1683 2809 1862 2863; x_wconf 90' lang='lat' dir='ltr'><strong>Iclmo.</strong></span> <span class='ocrx_word' id='word_1_342' title='bbox 1903 2822 2051 2859; x_wconf 88' lang='lat' dir='ltr'><strong>ntnn.</strong></span> <span class='ocrx_word' id='word_1_343' title='bbox 2087 2804 2173 2870; x_wconf 83' lang='lat' dir='ltr'><strong>l7,</strong></span> 
     </span>
    </p>
   </div>
   <div class='ocr_carea' id='block_1_45' title="bbox 611 2879 1515 2939">
    <p class='ocr_par' dir='ltr' id='par_1_45' title="bbox 611 2879 1515 2939">
     <span class='ocr_line' id='line_1_45' title="bbox 611 2879 1515 2939; baseline -0.006 0"><span class='ocrx_word' id='word_1_344' title='bbox 611 2887 770 2939; x_wconf 88' lang='lat' dir='ltr'><strong>silmn</strong></span> <span class='ocrx_word' id='word_1_345' title='bbox 807 2883 946 2936; x_wconf 88' lang='lat' dir='ltr'><strong>illius</strong></span> <span class='ocrx_word' id='word_1_346' title='bbox 978 2888 1228 2935; x_wconf 77' lang='lat' dir='ltr'><strong>accurate</strong></span> <span class='ocrx_word' id='word_1_347' title='bbox 1265 2879 1515 2934; x_wconf 87' lang='lat' dir='ltr'><strong>delineat.</strong></span> 
     </span>
    </p>
   </div>
   <div class='ocr_carea' id='block_1_46' title="bbox 683 2943 2176 3023">
    <p class='ocr_par' dir='ltr' id='par_1_46' title="bbox 683 2943 2176 3023">
     <span class='ocr_line' id='line_1_46' title="bbox 683 2943 2176 3023; baseline -0.007 -16"><span class='ocrx_word' id='word_1_348' title='bbox 683 2953 832 3023; x_wconf 79' lang='grc'><strong>(159)</strong></span> <span class='ocrx_word' id='word_1_349' title='bbox 866 2949 1381 3023; x_wconf 72' lang='lat' dir='ltr'><strong>Nempeobeliscum</strong></span> <span class='ocrx_word' id='word_1_350' title='bbox 1412 2949 1464 3023; x_wconf 88' lang='lat' dir='ltr'><strong>i_n</strong></span> <span class='ocrx_word' id='word_1_351' title='bbox 1498 2949 1754 3023; x_wconf 79' lang='lat' dir='ltr'><strong>Vaticano</strong></span> <span class='ocrx_word' id='word_1_352' title='bbox 1782 2945 1895 3000; x_wconf 88' lang='lat' dir='ltr'><strong>Caii</strong></span> <span class='ocrx_word' id='word_1_353' title='bbox 1927 2954 1978 2998; x_wconf 88' lang='lat' dir='ltr'><strong>et</strong></span> <span class='ocrx_word' id='word_1_354' title='bbox 2008 2943 2176 3023; x_wconf 78' lang='lat' dir='ltr'><strong>Nero-</strong></span> 
     </span>
    </p>
   </div>
   <div class='ocr_carea' id='block_1_47' title="bbox 612 3016 2172 3085">
    <p class='ocr_par' dir='ltr' id='par_1_47' title="bbox 612 3016 2172 3085">
     <span class='ocr_line' id='line_1_47' title="bbox 612 3016 2172 3085; baseline -0.004 -11"><span class='ocrx_word' id='word_1_355' title='bbox 612 3016 699 3075; x_wconf 70' lang='lat' dir='ltr'><strong>nis</strong></span> <span class='ocrx_word' id='word_1_356' title='bbox 742 3016 916 3079; x_wconf 80' lang='lat' dir='ltr'><strong>circo.</strong></span> <span class='ocrx_word' id='word_1_357' title='bbox 975 3016 1038 3072; x_wconf 71' lang='lat' dir='ltr'><strong>ex</strong></span> <span class='ocrx_word' id='word_1_358' title='bbox 1089 3021 1235 3080; x_wconf 89' lang='lat' dir='ltr'><strong>loco,</strong></span> <span class='ocrx_word' id='word_1_359' title='bbox 1286 3017 1371 3071; x_wconf 89' lang='lat' dir='ltr'><strong>ubi</strong></span> <span class='ocrx_word' id='word_1_360' title='bbox 1411 3017 1646 3085; x_wconf 86' lang='lat' dir='ltr'><strong>jacebat,</strong></span> <span class='ocrx_word' id='word_1_361' title='bbox 1695 3033 1832 3085; x_wconf 87' lang='lat' dir='ltr'><strong>pone</strong></span> <span class='ocrx_word' id='word_1_362' title='bbox 1877 3016 2172 3070; x_wconf 80' lang='lat' dir='ltr'><strong>sacrarium</strong></span> 
     </span>
    </p>
   </div>
   <div class='ocr_carea' id='block_1_48' title="bbox 611 3086 2210 3150">
    <p class='ocr_par' dir='ltr' id='par_1_48' title="bbox 611 3086 2210 3150">
     <span class='ocr_line' id='line_1_48' title="bbox 611 3086 2210 3150; baseline -0.004 -4"><span class='ocrx_word' id='word_1_363' title='bbox 611 3093 852 3146; x_wconf 65' lang='lat' dir='ltr'><strong>Basilica!</strong></span> <span class='ocrx_word' id='word_1_364' title='bbox 884 3093 940 3146; x_wconf 90' lang='lat' dir='ltr'><strong>S.</strong></span> <span class='ocrx_word' id='word_1_365' title='bbox 987 3090 1158 3150; x_wconf 84' lang='lat' dir='ltr'><strong>Petri,</strong></span> <span class='ocrx_word' id='word_1_366' title='bbox 1203 3089 1254 3141; x_wconf 92' lang='lat' dir='ltr'><strong>iu</strong></span> <span class='ocrx_word' id='word_1_367' title='bbox 1293 3103 1474 3141; x_wconf 89' lang='lat' dir='ltr'><strong>arcam</strong></span> <span class='ocrx_word' id='word_1_368' title='bbox 1525 3088 1833 3143; x_wconf 85' lang='lat' dir='ltr'><strong>Vaticaaam</strong></span> <span class='ocrx_word' id='word_1_369' title='bbox 1875 3104 1904 3138; x_wconf 87' lang='lat' dir='ltr'><strong>a</strong></span> <span class='ocrx_word' id='word_1_370' title='bbox 1942 3086 2096 3140; x_wconf 81' lang='lat' dir='ltr'><strong>Sixto</strong></span> <span class='ocrx_word' id='word_1_371' title='bbox 2136 3086 2210 3150; x_wconf 50' lang='lat' dir='ltr'><strong>V,</strong></span> 
     </span>
    </p>
   </div>
   <div class='ocr_carea' id='block_1_49' title="bbox 2202 3151 3848 3219">
    <p class='ocr_par' dir='ltr' id='par_1_49' title="bbox 2202 3151 3848 3219">
     <span class='ocr_line' id='line_1_49' title="bbox 2202 3151 3848 3219; baseline -0.001 -7"><span class='ocrx_word' id='word_1_372' title='bbox 2202 3151 2247 3212; x_wconf 90' lang='lat' dir='ltr'>C</span> <span class='ocrx_word' id='word_1_373' title='bbox 2279 3151 2665 3211; x_wconf 53' lang='lat' dir='ltr'><strong>me&#39;sburiensis</strong></span> <span class='ocrx_word' id='word_1_374' title='bbox 2697 3151 2870 3212; x_wconf 86' lang='lat' dir='ltr'><strong>dictus</strong></span> <span class='ocrx_word' id='word_1_375' title='bbox 2893 3158 2959 3210; x_wconf 90' lang='lat' dir='ltr'><strong>de</strong></span> <span class='ocrx_word' id='word_1_376' title='bbox 2999 3156 3358 3219; x_wconf 88' lang='lat' dir='ltr'><strong>Sommerset,</strong></span> <span class='ocrx_word' id='word_1_377' title='bbox 3391 3159 3716 3210; x_wconf 81' lang='lat' dir='ltr'><strong>duodecimo</strong></span> <span class='ocrx_word' id='word_1_378' title='bbox 3755 3158 3848 3212; x_wconf 73' lang='lat' dir='ltr'><strong>Ec-</strong></span> 
     </span>
    </p>
   </div>
   <div class='ocr_carea' id='block_1_50' title="bbox 613 3160 1456 3227">
    <p class='ocr_par' dir='ltr' id='par_1_50' title="bbox 613 3160 1456 3227">
     <span class='ocr_line' id='line_1_50' title="bbox 613 3160 1456 3227; baseline -0.006 -12"><span class='ocrx_word' id='word_1_379' title='bbox 613 3163 951 3223; x_wconf 66' lang='lat' dir='ltr'><strong>Il&#39;ttlhldlllm,</strong></span> <span class='ocrx_word' id='word_1_380' title='bbox 985 3161 1015 3212; x_wconf 90' lang='lat' dir='ltr'><strong>il</strong></span> <span class='ocrx_word' id='word_1_381' title='bbox 1042 3160 1162 3227; x_wconf 88' lang='lat' dir='ltr'><strong>ique</strong></span> <span class='ocrx_word' id='word_1_382' title='bbox 1194 3166 1456 3227; x_wconf 81' lang='lat' dir='ltr'><strong>erectum.</strong></span> 
     </span>
    </p>
   </div>
   <div class='ocr_carea' id='block_1_51' title="bbox 618 3223 2176 3301">
    <p class='ocr_par' dir='ltr' id='par_1_51' title="bbox 618 3223 2176 3301">
     <span class='ocr_line' id='line_1_51' title="bbox 618 3223 2176 3301; baseline -0.004 -16"><span class='ocrx_word' id='word_1_383' title='bbox 618 3247 620 3250; x_wconf 76' lang='lat'><strong><em>&#39;</em></strong></span> <span class='ocrx_word' id='word_1_384' title='bbox 685 3233 829 3301; x_wconf 85' lang='grc'><strong>(160)</strong></span> <span class='ocrx_word' id='word_1_385' title='bbox 873 3223 1180 3297; x_wconf 70' lang='lat' dir='ltr'><strong>Sepulcrum</strong></span> <span class='ocrx_word' id='word_1_386' title='bbox 1213 3226 1624 3301; x_wconf 65' lang='lat' dir='ltr'><strong>J_ulii_(}a’saris,</strong></span> <span class='ocrx_word' id='word_1_387' title='bbox 1662 3236 1789 3301; x_wconf 70' lang='lat' dir='ltr'><strong>ctc..</strong></span> <span class='ocrx_word' id='word_1_388' title='bbox 1824 3226 1964 3293; x_wconf 90' lang='lat' dir='ltr'><strong>quod</strong></span> <span class='ocrx_word' id='word_1_389' title='bbox 1989 3223 2176 3301; x_wconf 80' lang='lat' dir='ltr'><strong>globus</strong></span> 
     </span>
    </p>
   </div>
   <div class='ocr_carea' id='block_1_52' title="bbox 612 3296 2172 3362">
    <p class='ocr_par' dir='ltr' id='par_1_52' title="bbox 612 3296 2172 3362">
     <span class='ocr_line' id='line_1_52' title="bbox 612 3296 2172 3362; baseline -0.004 -8"><span class='ocrx_word' id='word_1_390' title='bbox 612 3296 822 3362; x_wconf 67' lang='lat' dir='ltr'><strong>terens,</strong></span> <span class='ocrx_word' id='word_1_391' title='bbox 875 3296 1254 3353; x_wconf 17' lang='lat' dir='ltr'><strong>in’ntcrnomti</strong></span> <span class='ocrx_word' id='word_1_392' title='bbox 1313 3298 1531 3351; x_wconf 85' lang='lat' dir='ltr'><strong>obelisci</strong></span> <span class='ocrx_word' id='word_1_393' title='bbox 1578 3297 1889 3352; x_wconf 85' lang='lat' dir='ltr'><strong>summitate</strong></span> <span class='ocrx_word' id='word_1_394' title='bbox 1948 3296 2172 3362; x_wconf 89' lang='lat' dir='ltr'><strong>positus,</strong></span> 
     </span>
    </p>
   </div>
   <div class='ocr_carea' id='block_1_53' title="bbox 616 3365 2177 3438">
    <p class='ocr_par' dir='ltr' id='par_1_53' title="bbox 616 3365 2177 3438">
     <span class='ocr_line' id='line_1_53' title="bbox 616 3365 2177 3438; baseline -0.004 -14"><span class='ocrx_word' id='word_1_395' title='bbox 616 3369 773 3435; x_wconf 86' lang='lat' dir='ltr'><strong>hujus</strong></span> <span class='ocrx_word' id='word_1_396' title='bbox 815 3369 1153 3438; x_wconf 86' lang='lat' dir='ltr'><strong>imperatoris</strong></span> <span class='ocrx_word' id='word_1_397' title='bbox 1191 3369 1399 3438; x_wconf 87' lang='lat' dir='ltr'><strong>cineres</strong></span> <span class='ocrx_word' id='word_1_398' title='bbox 1443 3369 1780 3438; x_wconf 86' lang='lat' dir='ltr'><strong>contineret,</strong></span> <span class='ocrx_word' id='word_1_399' title='bbox 1831 3365 2020 3438; x_wconf 66' lang='lat' dir='ltr'><strong>vulgus</strong></span> <span class='ocrx_word' id='word_1_400' title='bbox 2059 3380 2177 3438; x_wconf 53' lang='lat' dir='ltr'><strong>ere:</strong></span> 
     </span>
    </p>
   </div>
   <div class='ocr_carea' id='block_1_54' title="bbox 614 3433 2173 3508">
    <p class='ocr_par' dir='ltr' id='par_1_54' title="bbox 614 3433 2173 3508">
     <span class='ocr_line' id='line_1_54' title="bbox 614 3433 2173 3508; baseline -0.002 -18"><span class='ocrx_word' id='word_1_401' title='bbox 614 3433 781 3503; x_wconf 72' lang='lat' dir='ltr'><strong>didit;</strong></span> <span class='ocrx_word' id='word_1_402' title='bbox 822 3433 1219 3508; x_wconf 49' lang='lat' dir='ltr'><strong>at&#39;prrperam.</strong></span> <span class='ocrx_word' id='word_1_403' title='bbox 1265 3437 1706 3508; x_wconf 77' lang='lat' dir='ltr'><strong>Quandoquidem</strong></span> <span class='ocrx_word' id='word_1_404' title='bbox 1758 3437 1884 3508; x_wconf 69' lang='lat' dir='ltr'><strong>Ant.</strong></span> <span class='ocrx_word' id='word_1_405' title='bbox 1930 3433 2173 3508; x_wconf 56' lang='lat' dir='ltr'><strong>Qicarclli</strong></span> 
     </span>
    </p>
   </div>
   <div class='ocr_carea' id='block_1_55' title="bbox 615 3504 2174 3572">
    <p class='ocr_par' dir='ltr' id='par_1_55' title="bbox 615 3504 2174 3572">
     <span class='ocr_line' id='line_1_55' title="bbox 615 3504 2174 3572; baseline -0.003 -11"><span class='ocrx_word' id='word_1_406' title='bbox 615 3510 668 3562; x_wconf 91' lang='lat' dir='ltr'><strong>in</strong></span> <span class='ocrx_word' id='word_1_407' title='bbox 704 3510 808 3563; x_wconf 82' lang='lat' dir='ltr'><strong>Vit.</strong></span> <span class='ocrx_word' id='word_1_408' title='bbox 851 3504 988 3562; x_wconf 61' lang='lat' dir='ltr'><strong>Siiti</strong></span> <span class='ocrx_word' id='word_1_409' title='bbox 1031 3509 1092 3570; x_wconf 92' lang='lat' dir='ltr'><strong>V,</strong></span> <span class='ocrx_word' id='word_1_410' title='bbox 1136 3515 1383 3569; x_wconf 82' lang='lat' dir='ltr'><strong>testatur,</strong></span> <span class='ocrx_word' id='word_1_411' title='bbox 1434 3504 1574 3572; x_wconf 83' lang='lat' dir='ltr'><strong>quod</strong></span> <span class='ocrx_word' id='word_1_412' title='bbox 1627 3506 1886 3561; x_wconf 83' lang='lat' dir='ltr'><strong>Dominic.</strong></span> <span class='ocrx_word' id='word_1_413' title='bbox 1935 3504 2174 3558; x_wconf 81' lang='lat' dir='ltr'><strong>Fontana</strong></span> 
     </span>
    </p>
   </div>
   <div class='ocr_carea' id='block_1_56' title="bbox 613 3574 2176 3650">
    <p class='ocr_par' dir='ltr' id='par_1_56' title="bbox 613 3574 2176 3650">
     <span class='ocr_line' id='line_1_56' title="bbox 613 3574 2176 3650; baseline -0.003 -19"><span class='ocrx_word' id='word_1_414' title='bbox 613 3579 828 3650; x_wconf 76' lang='lat' dir='ltr'><strong>globum</strong></span> <span class='ocrx_word' id='word_1_415' title='bbox 875 3578 1021 3650; x_wconf 83' lang='lat' dir='ltr'><strong>illum</strong></span> <span class='ocrx_word' id='word_1_416' title='bbox 1067 3578 1278 3650; x_wconf 77' lang='lat' dir='ltr'><strong>penitus</strong></span> <span class='ocrx_word' id='word_1_417' title='bbox 1323 3575 1606 3650; x_wconf 77' lang='lat' dir='ltr'><strong>conﬂatum</strong></span> <span class='ocrx_word' id='word_1_418' title='bbox 1651 3577 1815 3635; x_wconf 89' lang='lat' dir='ltr'><strong>novit,</strong></span> <span class='ocrx_word' id='word_1_419' title='bbox 1869 3574 2176 3650; x_wconf 70' lang='lat' dir='ltr'><strong>nullamque</strong></span> 
     </span>
    </p>
   </div>
   <div class='ocr_carea' id='block_1_57' title="bbox 615 3644 2176 3714">
    <p class='ocr_par' dir='ltr' id='par_1_57' title="bbox 615 3644 2176 3714">
     <span class='ocr_line' id='line_1_57' title="bbox 615 3644 2176 3714; baseline -0.005 -13"><span class='ocrx_word' id='word_1_420' title='bbox 615 3644 666 3702; x_wconf 76' lang='lat' dir='ltr'><strong>in</strong></span> <span class='ocrx_word' id='word_1_421' title='bbox 707 3658 770 3700; x_wconf 81' lang='lat' dir='ltr'><strong>eo</strong></span> <span class='ocrx_word' id='word_1_422' title='bbox 804 3644 1209 3701; x_wconf 79' lang='lat' dir='ltr'><strong>commissurmn</strong></span> <span class='ocrx_word' id='word_1_423' title='bbox 1241 3645 1630 3713; x_wconf 70' lang='lat' dir='ltr'><strong>deprehendit;</strong></span> <span class='ocrx_word' id='word_1_424' title='bbox 1675 3653 2000 3714; x_wconf 83' lang='lat' dir='ltr'><strong>quapropter</strong></span> <span class='ocrx_word' id='word_1_425' title='bbox 2028 3644 2176 3714; x_wconf 86' lang='lat' dir='ltr'><strong>nullo</strong></span> 
     </span>
    </p>
   </div>
   <div class='ocr_carea' id='block_1_58' title="bbox 611 3713 2177 3788">
    <p class='ocr_par' dir='ltr' id='par_1_58' title="bbox 611 3713 2177 3788">
     <span class='ocr_line' id='line_1_58' title="bbox 611 3713 2177 3788; baseline -0.004 -16"><span class='ocrx_word' id='word_1_426' title='bbox 611 3730 768 3788; x_wconf 80' lang='lat' dir='ltr'><strong>pacto</strong></span> <span class='ocrx_word' id='word_1_427' title='bbox 788 3719 1078 3787; x_wconf 80' lang='lat' dir='ltr'><strong>quidquam</strong></span> <span class='ocrx_word' id='word_1_428' title='bbox 1111 3715 1232 3788; x_wconf 82' lang='lat' dir='ltr'><strong>illnc</strong></span> <span class='ocrx_word' id='word_1_429' title='bbox 1258 3715 1666 3788; x_wconf 82' lang='lat' dir='ltr'><strong>i_mmiti_potuit_.</strong></span> <span class='ocrx_word' id='word_1_430' title='bbox 1697 3713 2177 3788; x_wconf 65' lang='lat' dir='ltr'><strong>Consttlaturlilwr</strong></span> 
     </span>
    </p>
   </div>
   <div class='ocr_carea' id='block_1_59' title="bbox 610 3783 2172 3849">
    <p class='ocr_par' dir='ltr' id='par_1_59' title="bbox 610 3783 2172 3849">
     <span class='ocr_line' id='line_1_59' title="bbox 610 3783 2172 3849; baseline -0.004 -7"><span class='ocrx_word' id='word_1_431' title='bbox 610 3783 678 3843; x_wconf 77' lang='lat' dir='ltr'><strong>de</strong></span> <span class='ocrx_word' id='word_1_432' title='bbox 703 3783 1034 3842; x_wconf 72' lang='lat' dir='ltr'><strong>Min-abilities</strong></span> <span class='ocrx_word' id='word_1_433' title='bbox 1065 3786 1234 3849; x_wconf 85' lang='lat' dir='ltr'><strong>urbis,</strong></span> <span class='ocrx_word' id='word_1_434' title='bbox 1262 3783 1420 3838; x_wconf 81' lang='lat' dir='ltr'><strong>Bern.</strong></span> <span class='ocrx_word' id='word_1_435' title='bbox 1455 3783 1780 3840; x_wconf 77' lang='lat' dir='ltr'><strong>Montel&#39;auc.</strong></span> <span class='ocrx_word' id='word_1_436' title='bbox 1819 3784 1872 3837; x_wconf 92' lang='lat' dir='ltr'><strong>in</strong></span> <span class='ocrx_word' id='word_1_437' title='bbox 1903 3799 2002 3838; x_wconf 83' lang='lat' dir='ltr'><strong>suo</strong></span> <span class='ocrx_word' id='word_1_438' title='bbox 2028 3783 2172 3836; x_wconf 86' lang='lat' dir='ltr'><strong>Diar.</strong></span> 
     </span>
    </p>
   </div>
   <div class='ocr_carea' id='block_1_60' title="bbox 610 3859 953 3913">
    <p class='ocr_par' dir='ltr' id='par_1_60' title="bbox 610 3859 953 3913">
     <span class='ocr_line' id='line_1_60' title="bbox 610 3859 953 3913; baseline -0.009 0"><span class='ocrx_word' id='word_1_439' title='bbox 610 3860 727 3913; x_wconf 88' lang='lat' dir='ltr'><strong>Ital.</strong></span> <span class='ocrx_word' id='word_1_440' title='bbox 758 3859 953 3911; x_wconf 90' lang='lat' dir='ltr'><strong>editus.</strong></span> 
     </span>
    </p>
   </div>
   <div class='ocr_carea' id='block_1_61' title="bbox 685 3923 2173 3998">
    <p class='ocr_par' dir='ltr' id='par_1_61' title="bbox 685 3923 2173 3998">
     <span class='ocr_line' id='line_1_61' title="bbox 685 3923 2173 3998; baseline -0.003 -16"><span class='ocrx_word' id='word_1_441' title='bbox 685 3927 834 3998; x_wconf 83' lang='grc'><strong>(161)</strong></span> <span class='ocrx_word' id='word_1_442' title='bbox 869 3928 983 3981; x_wconf 85' lang='lat' dir='ltr'><strong>Alia</strong></span> <span class='ocrx_word' id='word_1_443' title='bbox 1029 3932 1147 3998; x_wconf 84' lang='lat' dir='ltr'><strong>erat</strong></span> <span class='ocrx_word' id='word_1_444' title='bbox 1192 3923 1464 3998; x_wconf 68' lang='lat' dir='ltr'><strong>Vaticana:</strong></span> <span class='ocrx_word' id='word_1_445' title='bbox 1499 3925 1734 3978; x_wconf 65' lang='lat' dir='ltr'><strong>basilicm</strong></span> <span class='ocrx_word' id='word_1_446' title='bbox 1779 3923 2039 3998; x_wconf 72' lang='lat' dir='ltr'><strong>porticus,</strong></span> <span class='ocrx_word' id='word_1_447' title='bbox 2071 3924 2173 3998; x_wconf 83' lang='lat' dir='ltr'><strong>alia</strong></span> 
     </span>
    </p>
   </div>
   <div class='ocr_carea' id='block_1_62' title="bbox 611 3993 2175 4066">
    <p class='ocr_par' dir='ltr' id='par_1_62' title="bbox 611 3993 2175 4066">
     <span class='ocr_line' id='line_1_62' title="bbox 611 3993 2175 4066; baseline -0.002 -14"><span class='ocrx_word' id='word_1_448' title='bbox 611 3993 764 4062; x_wconf 80' lang='lat' dir='ltr'><strong>vero,</strong></span> <span class='ocrx_word' id='word_1_449' title='bbox 790 3993 910 4066; x_wconf 74' lang='lat' dir='ltr'><strong>quae</strong></span> <span class='ocrx_word' id='word_1_450' title='bbox 935 4012 998 4050; x_wconf 78' lang='lat' dir='ltr'><strong>cx</strong></span> <span class='ocrx_word' id='word_1_451' title='bbox 1045 3995 1186 4049; x_wconf 87' lang='lat' dir='ltr'><strong>molo</strong></span> <span class='ocrx_word' id='word_1_452' title='bbox 1230 3993 1524 4066; x_wconf 83' lang='lat' dir='ltr'><strong>Hadriana,</strong></span> <span class='ocrx_word' id='word_1_453' title='bbox 1564 4009 1754 4063; x_wconf 88' lang='lat' dir='ltr'><strong>nempe</strong></span> <span class='ocrx_word' id='word_1_454' title='bbox 1783 3993 1965 4066; x_wconf 82' lang='lat' dir='ltr'><strong>eastra</strong></span> <span class='ocrx_word' id='word_1_455' title='bbox 1991 3995 2175 4066; x_wconf 85' lang='lat' dir='ltr'><strong>Sancti</strong></span> 
     </span>
    </p>
   </div>
   <div class='ocr_carea' id='block_1_63' title="bbox 611 4065 2178 4137">
    <p class='ocr_par' dir='ltr' id='par_1_63' title="bbox 611 4065 2178 4137">
     <span class='ocr_line' id='line_1_63' title="bbox 611 4065 2178 4137; baseline -0.002 -16"><span class='ocrx_word' id='word_1_456' title='bbox 611 4065 904 4137; x_wconf 29' lang='lat' dir='ltr'><strong>Angeli’ad</strong></span> <span class='ocrx_word' id='word_1_457' title='bbox 954 4069 1122 4137; x_wconf 64' lang='lat' dir='ltr'><strong>ipsam</strong></span> <span class='ocrx_word' id='word_1_458' title='bbox 1151 4065 1440 4137; x_wconf 79' lang='lat' dir='ltr'><strong>basilicam</strong></span> <span class='ocrx_word' id='word_1_459' title='bbox 1481 4065 1825 4137; x_wconf 68' lang='lat' dir='ltr'><strong>perducebat.</strong></span> <span class='ocrx_word' id='word_1_460' title='bbox 1866 4065 2178 4137; x_wconf 37' lang='lat' dir='ltr'><strong>Haacudice-</strong></span> 
     </span>
    </p>
   </div>
   <div class='ocr_carea' id='block_1_64' title="bbox 613 4133 2174 4206">
    <p class='ocr_par' dir='ltr' id='par_1_64' title="bbox 613 4133 2174 4206">
     <span class='ocr_line' id='line_1_64' title="bbox 613 4133 2174 4206; baseline -0.001 -17"><span class='ocrx_word' id='word_1_461' title='bbox 613 4133 771 4190; x_wconf 74' lang='lat' dir='ltr'><strong>bathr</strong></span> <span class='ocrx_word' id='word_1_462' title='bbox 809 4133 998 4206; x_wconf 77' lang='lat' dir='ltr'><strong>major,</strong></span> <span class='ocrx_word' id='word_1_463' title='bbox 1041 4134 1352 4202; x_wconf 84' lang='lat' dir='ltr'><strong>Gothosque</strong></span> <span class='ocrx_word' id='word_1_464' title='bbox 1399 4133 1855 4206; x_wconf 16' lang='lat' dir='ltr'><strong>licetﬂlladriante</strong></span> <span class='ocrx_word' id='word_1_465' title='bbox 1899 4134 2021 4206; x_wconf 73' lang='lat' dir='ltr'><strong>moli</strong></span> <span class='ocrx_word' id='word_1_466' title='bbox 2063 4135 2174 4206; x_wconf 87' lang='lat' dir='ltr'><strong>jam</strong></span> 
     </span>
    </p>
   </div>
   <div class='ocr_carea' id='block_1_65' title="bbox 611 4204 2171 4273">
    <p class='ocr_par' dir='ltr' id='par_1_65' title="bbox 611 4204 2171 4273">
     <span class='ocr_line' id='line_1_65' title="bbox 611 4204 2171 4273; baseline -0.001 -16"><span class='ocrx_word' id='word_1_467' title='bbox 611 4204 906 4273; x_wconf 80' lang='lat' dir='ltr'><strong>proximos,</strong></span> <span class='ocrx_word' id='word_1_468' title='bbox 939 4206 1197 4271; x_wconf 80' lang='lat' dir='ltr'><strong>ProcOpio</strong></span> <span class='ocrx_word' id='word_1_469' title='bbox 1231 4214 1506 4267; x_wconf 82' lang='lat' dir='ltr'><strong>narrante,</strong></span> <span class='ocrx_word' id='word_1_470' title='bbox 1538 4205 1630 4257; x_wconf 91' lang='lat' dir='ltr'><strong>lib.</strong></span> <span class='ocrx_word' id='word_1_471' title='bbox 1663 4221 1678 4257; x_wconf 93' lang='grc' dir='ltr'>ι</span> <span class='ocrx_word' id='word_1_472' title='bbox 1721 4204 1796 4258; x_wconf 89' lang='lat' dir='ltr'><strong>De</strong></span> <span class='ocrx_word' id='word_1_473' title='bbox 1826 4204 1958 4258; x_wconf 87' lang='lat' dir='ltr'><strong>Bell.</strong></span> <span class='ocrx_word' id='word_1_474' title='bbox 1983 4204 2171 4268; x_wconf 61' lang='grc' dir='ltr'><strong>θυαμ,</strong></span> 
     </span>
    </p>
   </div>
   <div class='ocr_carea' id='block_1_66' title="bbox 613 4274 2174 4342">
    <p class='ocr_par' dir='ltr' id='par_1_66' title="bbox 613 4274 2174 4342">
     <span class='ocr_line' id='line_1_66' title="bbox 613 4274 2174 4342; baseline 0.001 -16"><span class='ocrx_word' id='word_1_475' title='bbox 613 4290 732 4342; x_wconf 89' lang='lat' dir='ltr'><strong>cap.</strong></span> <span class='ocrx_word' id='word_1_476' title='bbox 761 4275 853 4334; x_wconf 65' lang='lat'><strong>29..</strong></span> <span class='ocrx_word' id='word_1_477' title='bbox 886 4275 1246 4327; x_wconf 65' lang='lat' dir='ltr'><strong>Ilotnannrum</strong></span> <span class='ocrx_word' id='word_1_478' title='bbox 1277 4275 1514 4341; x_wconf 85' lang='lat' dir='ltr'><strong>aspectui</strong></span> <span class='ocrx_word' id='word_1_479' title='bbox 1558 4274 1771 4337; x_wconf 88' lang='lat' dir='ltr'><strong>celavit,</strong></span> <span class='ocrx_word' id='word_1_480' title='bbox 1797 4283 1852 4327; x_wconf 90' lang='lat' dir='ltr'><strong>et</strong></span> <span class='ocrx_word' id='word_1_481' title='bbox 1888 4275 1955 4327; x_wconf 91' lang='lat' dir='ltr'><strong>ab</strong></span> <span class='ocrx_word' id='word_1_482' title='bbox 1987 4276 2174 4328; x_wconf 88' lang='lat' dir='ltr'><strong>horum</strong></span> 
     </span>
    </p>
   </div>
   <div class='ocr_carea' id='block_1_67' title="bbox 613 4342 2176 4412">
    <p class='ocr_par' dir='ltr' id='par_1_67' title="bbox 613 4342 2176 4412">
     <span class='ocr_line' id='line_1_67' title="bbox 613 4342 2176 4412; baseline 0.003 -18"><span class='ocrx_word' id='word_1_483' title='bbox 613 4345 782 4397; x_wconf 81' lang='lat' dir='ltr'><strong>annis</strong></span> <span class='ocrx_word' id='word_1_484' title='bbox 822 4345 1073 4411; x_wconf 75' lang='lat' dir='ltr'><strong>protexit.</strong></span> <span class='ocrx_word' id='word_1_485' title='bbox 1101 4342 1403 4412; x_wconf 81' lang='lat' dir='ltr'><strong>Hadrianus</strong></span> <span class='ocrx_word' id='word_1_486' title='bbox 1444 4357 1578 4412; x_wconf 88' lang='lat' dir='ltr'><strong>papa</strong></span> <span class='ocrx_word' id='word_1_487' title='bbox 1616 4345 1654 4402; x_wconf 83' lang='lat' dir='ltr'><strong>I,</strong></span> <span class='ocrx_word' id='word_1_488' title='bbox 1685 4354 1740 4395; x_wconf 92' lang='lat' dir='ltr'><strong>ut</strong></span> <span class='ocrx_word' id='word_1_489' title='bbox 1763 4345 1879 4412; x_wconf 77' lang='lat' dir='ltr'><strong>ejus</strong></span> <span class='ocrx_word' id='word_1_490' title='bbox 1906 4357 2023 4397; x_wconf 83' lang='lat' dir='ltr'><strong>acta</strong></span> <span class='ocrx_word' id='word_1_491' title='bbox 2054 4359 2176 4410; x_wconf 89' lang='lat' dir='ltr'><strong>pro-</strong></span> 
     </span>
    </p>
   </div>
   <div class='ocr_carea' id='block_1_68' title="bbox 612 4411 2176 4482">
    <p class='ocr_par' dir='ltr' id='par_1_68' title="bbox 612 4411 2176 4482">
     <span class='ocr_line' id='line_1_68' title="bbox 612 4411 2176 4482; baseline 0.001 -18"><span class='ocrx_word' id='word_1_492' title='bbox 612 4413 749 4482; x_wconf 77' lang='lat' dir='ltr'><strong>dunt</strong></span> <span class='ocrx_word' id='word_1_493' title='bbox 782 4414 918 4482; x_wconf 90' lang='lat' dir='ltr'><strong>apud</strong></span> <span class='ocrx_word' id='word_1_494' title='bbox 961 4414 1149 4482; x_wconf 49' lang='lat' dir='ltr'><strong>Anast:</strong></span> <span class='ocrx_word' id='word_1_495' title='bbox 1183 4411 1462 4482; x_wconf 60' lang='lat' dir='ltr'><strong>plusquam</strong></span> <span class='ocrx_word' id='word_1_496' title='bbox 1495 4411 1988 4482; x_wconf 77' lang='lat' dir='ltr'><strong>duodecimmillia</strong></span> <span class='ocrx_word' id='word_1_497' title='bbox 2037 4415 2176 4466; x_wconf 87' lang='lat' dir='ltr'><strong>lul&#39;os</strong></span> 
     </span>
    </p>
   </div>
   <div class='ocr_carea' id='block_1_69' title="bbox 2281 1923 3852 1994">
    <p class='ocr_par' dir='ltr' id='par_1_69' title="bbox 2281 1923 3852 1994">
     <span class='ocr_line' id='line_1_69' title="bbox 2281 1923 3852 1994; baseline 0 -18"><span class='ocrx_word' id='word_1_498' title='bbox 2281 1924 2540 1993; x_wconf 76' lang='lat' dir='ltr'><strong>Stephani</strong></span> <span class='ocrx_word' id='word_1_499' title='bbox 2587 1923 2823 1994; x_wconf 72' lang='lat' dir='ltr'><strong>Major-is.</strong></span> <span class='ocrx_word' id='word_1_500' title='bbox 2869 1925 2913 1978; x_wconf 85' lang='lat' dir='ltr'><strong>A</strong></span> <span class='ocrx_word' id='word_1_501' title='bbox 2961 1925 3121 1978; x_wconf 88' lang='lat' dir='ltr'><strong>tertio</strong></span> <span class='ocrx_word' id='word_1_502' title='bbox 3150 1924 3330 1978; x_wconf 88' lang='lat' dir='ltr'><strong>casale</strong></span> <span class='ocrx_word' id='word_1_503' title='bbox 3375 1923 3675 1987; x_wconf 83' lang='lat' dir='ltr'><strong>Suberele,</strong></span> <span class='ocrx_word' id='word_1_504' title='bbox 3720 1923 3852 1990; x_wconf 66' lang='lat' dir='ltr'><strong>jurt&#39;s</strong></span> 
     </span>
    </p>
   </div>
   <div class='ocr_carea' id='block_1_70' title="bbox 2283 2021 3849 2095">
    <p class='ocr_par' dir='ltr' id='par_1_70' title="bbox 2283 2021 3849 2095">
     <span class='ocr_line' id='line_1_70' title="bbox 2283 2021 3849 2095; baseline -0.002 -16"><span class='ocrx_word' id='word_1_505' title='bbox 2283 2024 2466 2080; x_wconf 83' lang='lat' dir='ltr'><strong>Sancti</strong></span> <span class='ocrx_word' id='word_1_506' title='bbox 2515 2024 2788 2079; x_wconf 77' lang='lat' dir='ltr'><strong>Laurentii</strong></span> <span class='ocrx_word' id='word_1_507' title='bbox 2831 2023 3078 2079; x_wconf 81' lang='lat' dir='ltr'><strong>l‘allatiui</strong></span> <span class='ocrx_word' id='word_1_508' title='bbox 3128 2022 3275 2095; x_wconf 86' lang='grc'><strong>(167)</strong></span> <span class='ocrx_word' id='word_1_509' title='bbox 3305 2036 3334 2077; x_wconf 81' lang='lat' dir='ltr'><strong>a</strong></span> <span class='ocrx_word' id='word_1_510' title='bbox 3368 2033 3555 2078; x_wconf 89' lang='lat' dir='ltr'><strong>sancto</strong></span> <span class='ocrx_word' id='word_1_511' title='bbox 3598 2021 3778 2078; x_wconf 83' lang='lat' dir='ltr'><strong>Petro.</strong></span> <span class='ocrx_word' id='word_1_512' title='bbox 3808 2026 3849 2076; x_wconf 70' lang='grc' dir='ltr'><strong>Α</strong></span> 
     </span>
    </p>
   </div>
   <div class='ocr_carea' id='block_1_71' title="bbox 2279 2177 3848 2247">
    <p class='ocr_par' dir='ltr' id='par_1_71' title="bbox 2279 2177 3848 2247">
     <span class='ocr_line' id='line_1_71' title="bbox 2279 2177 3848 2247; baseline -0.001 -14"><span class='ocrx_word' id='word_1_513' title='bbox 2279 2189 2410 2233; x_wconf 84' lang='lat' dir='ltr'><strong>tom.</strong></span> <span class='ocrx_word' id='word_1_514' title='bbox 2449 2177 2536 2231; x_wconf 76' lang='lat' dir='ltr'><strong>VII</strong></span> <span class='ocrx_word' id='word_1_515' title='bbox 2586 2177 2710 2234; x_wconf 83' lang='lat' dir='ltr'><strong>Jun.</strong></span> <span class='ocrx_word' id='word_1_516' title='bbox 2759 2193 2880 2247; x_wconf 75' lang='lat' dir='ltr'><strong>pag.</strong></span> <span class='ocrx_word' id='word_1_517' title='bbox 2912 2178 3000 2231; x_wconf 84' lang='grc'><strong>71.</strong></span> <span class='ocrx_word' id='word_1_518' title='bbox 3050 2177 3312 2232; x_wconf 85' lang='lat' dir='ltr'><strong>Nimirum</strong></span> <span class='ocrx_word' id='word_1_519' title='bbox 3366 2178 3432 2234; x_wconf 89' lang='lat' dir='ltr'><strong>ad</strong></span> <span class='ocrx_word' id='word_1_520' title='bbox 3466 2179 3686 2234; x_wconf 67' lang='lat' dir='ltr'><strong>radices</strong></span> <span class='ocrx_word' id='word_1_521' title='bbox 3731 2179 3848 2234; x_wconf 82' lang='lat' dir='ltr'><strong>clivi</strong></span> 
     </span>
    </p>
   </div>
   <div class='ocr_carea' id='block_1_72' title="bbox 2279 2248 3850 2320">
    <p class='ocr_par' dir='ltr' id='par_1_72' title="bbox 2279 2248 3850 2320">
     <span class='ocr_line' id='line_1_72' title="bbox 2279 2248 3850 2320; baseline 0.003 -21"><span class='ocrx_word' id='word_1_522' title='bbox 2279 2248 2686 2320; x_wconf 65' lang='lat' dir='ltr'><strong>poi-tail’ertusii</strong></span> <span class='ocrx_word' id='word_1_523' title='bbox 2704 2249 2911 2320; x_wconf 76' lang='lat' dir='ltr'><strong>exstitit</strong></span> <span class='ocrx_word' id='word_1_524' title='bbox 2933 2264 3086 2302; x_wconf 88' lang='lat' dir='ltr'><strong>sacra</strong></span> <span class='ocrx_word' id='word_1_525' title='bbox 3114 2251 3223 2308; x_wconf 78' lang='lat' dir='ltr'><strong>lucc</strong></span> <span class='ocrx_word' id='word_1_526' title='bbox 3238 2251 3403 2320; x_wconf 62' lang='lat' dir='ltr'><strong>mdes,</strong></span> <span class='ocrx_word' id='word_1_527' title='bbox 3425 2250 3583 2316; x_wconf 86' lang='lat' dir='ltr'><strong>cujus</strong></span> <span class='ocrx_word' id='word_1_528' title='bbox 3606 2251 3850 2320; x_wconf 78' lang='lat' dir='ltr'><strong>vestigia,</strong></span> 
     </span>
    </p>
   </div>
   <div class='ocr_carea' id='block_1_73' title="bbox 2281 2318 3846 2387">
    <p class='ocr_par' dir='ltr' id='par_1_73' title="bbox 2281 2318 3846 2387">
     <span class='ocr_line' id='line_1_73' title="bbox 2281 2318 3846 2387; baseline -0.001 -16"><span class='ocrx_word' id='word_1_529' title='bbox 2281 2330 2336 2372; x_wconf 90' lang='lat' dir='ltr'><strong>nt</strong></span> <span class='ocrx_word' id='word_1_530' title='bbox 2366 2320 2440 2372; x_wconf 90' lang='lat' dir='ltr'><strong>ait</strong></span> <span class='ocrx_word' id='word_1_531' title='bbox 2489 2318 2832 2378; x_wconf 83' lang='lat' dir='ltr'><strong>Grimaldus,</strong></span> <span class='ocrx_word' id='word_1_532' title='bbox 2886 2319 2936 2371; x_wconf 91' lang='lat' dir='ltr'><strong>in</strong></span> <span class='ocrx_word' id='word_1_533' title='bbox 2992 2335 3094 2373; x_wconf 85' lang='lat' dir='ltr'><strong>ms.</strong></span> <span class='ocrx_word' id='word_1_534' title='bbox 3137 2319 3395 2387; x_wconf 84' lang='lat' dir='ltr'><strong>opusculo</strong></span> <span class='ocrx_word' id='word_1_535' title='bbox 3445 2320 3511 2373; x_wconf 89' lang='lat' dir='ltr'><strong>de</strong></span> <span class='ocrx_word' id='word_1_536' title='bbox 3567 2318 3846 2381; x_wconf 75' lang='lat' dir='ltr'><strong>Vcroniea,</strong></span> 
     </span>
    </p>
   </div>
   <div class='ocr_carea' id='block_1_74' title="bbox 2278 2388 3848 2459">
    <p class='ocr_par' dir='ltr' id='par_1_74' title="bbox 2278 2388 3848 2459">
     <span class='ocr_line' id='line_1_74' title="bbox 2278 2388 3848 2459; baseline 0.001 -19"><span class='ocrx_word' id='word_1_537' title='bbox 2278 2405 2330 2458; x_wconf 90' lang='lat' dir='ltr'><strong>p.</strong></span> <span class='ocrx_word' id='word_1_538' title='bbox 2361 2389 2448 2451; x_wconf 79' lang='grc'><strong>55,</strong></span> <span class='ocrx_word' id='word_1_539' title='bbox 2486 2389 2614 2459; x_wconf 75' lang='lat' dir='ltr'><strong>ejus</strong></span> <span class='ocrx_word' id='word_1_540' title='bbox 2636 2399 2794 2442; x_wconf 73' lang='lat' dir='ltr'><strong>:etate</strong></span> <span class='ocrx_word' id='word_1_541' title='bbox 2827 2388 3136 2442; x_wconf 80' lang='lat' dir='ltr'><strong>visebantur</strong></span> <span class='ocrx_word' id='word_1_542' title='bbox 3162 2391 3234 2459; x_wconf 81' lang='lat' dir='ltr'><strong>in_</strong></span> <span class='ocrx_word' id='word_1_543' title='bbox 3253 2389 3491 2459; x_wconf 65' lang='lat' dir='ltr'><strong>(minibus</strong></span> <span class='ocrx_word' id='word_1_544' title='bbox 3527 2389 3716 2459; x_wconf 67' lang='lat' dir='ltr'><strong>vicinia</strong></span> <span class='ocrx_word' id='word_1_545' title='bbox 3757 2409 3848 2459; x_wconf 47' lang='lat' dir='ltr'><strong>pag</strong></span> 
     </span>
    </p>
   </div>
   <div class='ocr_carea' id='block_1_75' title="bbox 2279 2456 3852 2528">
    <p class='ocr_par' dir='ltr' id='par_1_75' title="bbox 2279 2456 3852 2528">
     <span class='ocr_line' id='line_1_75' title="bbox 2279 2456 3852 2528; baseline 0.002 -18"><span class='ocrx_word' id='word_1_546' title='bbox 2279 2456 2407 2512; x_wconf 79' lang='lat' dir='ltr'><strong>latio</strong></span> <span class='ocrx_word' id='word_1_547' title='bbox 2439 2456 2845 2528; x_wconf 55' lang='lat' dir='ltr'><strong>Arinelliiwram</strong></span> <span class='ocrx_word' id='word_1_548' title='bbox 2885 2461 2940 2511; x_wconf 81' lang='lat' dir='ltr'><strong>iu</strong></span> <span class='ocrx_word' id='word_1_549' title='bbox 2979 2458 3156 2527; x_wconf 77' lang='lat' dir='ltr'><strong>platea</strong></span> <span class='ocrx_word' id='word_1_550' title='bbox 3201 2456 3574 2528; x_wconf 82' lang='lat' dir='ltr'><strong>Lapicidarum</strong></span> <span class='ocrx_word' id='word_1_551' title='bbox 3610 2456 3852 2514; x_wconf 49' lang='lat' dir='ltr'><strong>habere</strong></span> 
     </span>
    </p>
   </div>
   <div class='ocr_carea' id='block_1_76' title="bbox 2281 2524 2664 2584">
    <p class='ocr_par' dir='ltr' id='par_1_76' title="bbox 2281 2524 2664 2584">
     <span class='ocr_line' id='line_1_76' title="bbox 2281 2524 2664 2584; baseline -0.008 0"><span class='ocrx_word' id='word_1_552' title='bbox 2281 2529 2464 2584; x_wconf 84' lang='lat' dir='ltr'><strong>Sancti</strong></span> <span class='ocrx_word' id='word_1_553' title='bbox 2498 2524 2664 2581; x_wconf 75' lang='lat' dir='ltr'><strong>Petri.</strong></span> 
     </span>
    </p>
   </div>
   <div class='ocr_carea' id='block_1_77' title="bbox 2351 2595 3852 2664">
    <p class='ocr_par' dir='ltr' id='par_1_77' title="bbox 2351 2595 3852 2664">
     <span class='ocr_line' id='line_1_77' title="bbox 2351 2595 3852 2664; baseline 0.002 -13"><span class='ocrx_word' id='word_1_554' title='bbox 2351 2597 2496 2664; x_wconf 75' lang='grc'><strong>(165)</strong></span> <span class='ocrx_word' id='word_1_555' title='bbox 2534 2597 2664 2664; x_wconf 67' lang='lat' dir='ltr'><strong>Qua:</strong></span> <span class='ocrx_word' id='word_1_556' title='bbox 2705 2597 2955 2651; x_wconf 80' lang='lat' dir='ltr'><strong>videlicet</strong></span> <span class='ocrx_word' id='word_1_557' title='bbox 3005 2614 3070 2651; x_wconf 79' lang='lat' dir='ltr'><strong>cx</strong></span> <span class='ocrx_word' id='word_1_558' title='bbox 3119 2597 3201 2649; x_wconf 89' lang='lat' dir='ltr'><strong>via</strong></span> <span class='ocrx_word' id='word_1_559' title='bbox 3251 2595 3433 2652; x_wconf 84' lang='lat' dir='ltr'><strong>Cassia</strong></span> <span class='ocrx_word' id='word_1_560' title='bbox 3480 2597 3758 2652; x_wconf 85' lang='lat' dir='ltr'><strong>Galeriam</strong></span> <span class='ocrx_word' id='word_1_561' title='bbox 3802 2611 3852 2654; x_wconf 82' lang='lat' dir='ltr'><strong>ct</strong></span> 
     </span>
    </p>
   </div>
   <div class='ocr_carea' id='block_1_78' title="bbox 2278 2666 3850 2735">
    <p class='ocr_par' dir='ltr' id='par_1_78' title="bbox 2278 2666 3850 2735">
     <span class='ocr_line' id='line_1_78' title="bbox 2278 2666 3850 2735; baseline 0.001 -15"><span class='ocrx_word' id='word_1_562' title='bbox 2278 2666 2630 2721; x_wconf 84' lang='lat' dir='ltr'><strong>Braccianmn</strong></span> <span class='ocrx_word' id='word_1_563' title='bbox 2709 2668 2914 2734; x_wconf 70' lang='lat' dir='ltr'><strong>pergit,</strong></span> <span class='ocrx_word' id='word_1_564' title='bbox 2988 2667 3436 2735; x_wconf 77' lang='lat' dir='ltr'><strong>quemmhnoduni</strong></span> <span class='ocrx_word' id='word_1_565' title='bbox 3504 2669 3696 2722; x_wconf 79' lang='lat' dir='ltr'><strong>vi..&#39;crc</strong></span> <span class='ocrx_word' id='word_1_566' title='bbox 3775 2681 3850 2722; x_wconf 84' lang='lat' dir='ltr'><strong>cst</strong></span> 
     </span>
    </p>
   </div>
   <div class='ocr_carea' id='block_1_79' title="bbox 2279 2736 3847 2807">
    <p class='ocr_par' dir='ltr' id='par_1_79' title="bbox 2279 2736 3847 2807">
     <span class='ocr_line' id='line_1_79' title="bbox 2279 2736 3847 2807; baseline -0.001 -16"><span class='ocrx_word' id='word_1_567' title='bbox 2279 2753 2425 2807; x_wconf 78' lang='lat' dir='ltr'><strong>num.</strong></span> <span class='ocrx_word' id='word_1_568' title='bbox 2457 2737 2525 2790; x_wconf 86' lang='lat'><strong>98</strong></span> <span class='ocrx_word' id='word_1_569' title='bbox 2552 2740 2778 2806; x_wconf 80' lang='lat' dir='ltr'><strong>exposit.</strong></span> <span class='ocrx_word' id='word_1_570' title='bbox 2813 2736 2946 2790; x_wconf 73' lang='lat' dir='ltr'><strong>Tali.</strong></span> <span class='ocrx_word' id='word_1_571' title='bbox 2981 2738 3298 2806; x_wconf 83' lang='lat' dir='ltr'><strong>topograph.</strong></span> <span class='ocrx_word' id='word_1_572' title='bbox 3344 2741 3495 2803; x_wconf 63' lang='lat' dir='ltr'><strong>(Ling.</strong></span> <span class='ocrx_word' id='word_1_573' title='bbox 3543 2740 3660 2807; x_wconf 79' lang='lat' dir='ltr'><strong>agri</strong></span> <span class='ocrx_word' id='word_1_574' title='bbox 3697 2739 3847 2792; x_wconf 80' lang='lat' dir='ltr'><strong>Rom.</strong></span> 
     </span>
    </p>
   </div>
   <div class='ocr_carea' id='block_1_80' title="bbox 2278 2806 3847 2868">
    <p class='ocr_par' dir='ltr' id='par_1_80' title="bbox 2278 2806 3847 2868">
     <span class='ocr_line' id='line_1_80' title="bbox 2278 2806 3847 2868; baseline -0.001 -6"><span class='ocrx_word' id='word_1_575' title='bbox 2278 2825 2308 2862; x_wconf 72' lang='grc' dir='ltr'><strong>ει</strong></span> <span class='ocrx_word' id='word_1_576' title='bbox 2360 2806 2555 2861; x_wconf 82' lang='lat' dir='ltr'><strong>Frauc.</strong></span> <span class='ocrx_word' id='word_1_577' title='bbox 2624 2807 2955 2861; x_wconf 81' lang='lat' dir='ltr'><strong>Eschinardo</strong></span> <span class='ocrx_word' id='word_1_578' title='bbox 3019 2809 3365 2862; x_wconf 70' lang='lat' dir='ltr'><strong>elucubrat&#39;e.</strong></span> <span class='ocrx_word' id='word_1_579' title='bbox 3422 2809 3531 2860; x_wconf 63' lang='lat' dir='ltr'><strong>Via!</strong></span> <span class='ocrx_word' id='word_1_580' title='bbox 3587 2806 3847 2868; x_wconf 65' lang='lat' dir='ltr'><strong>Clandisc,</strong></span> 
     </span>
    </p>
   </div>
   <div class='ocr_carea' id='block_1_81' title="bbox 2316 2876 3848 2946">
    <p class='ocr_par' dir='ltr' id='par_1_81' title="bbox 2316 2876 3848 2946">
     <span class='ocr_line' id='line_1_81' title="bbox 2316 2876 3848 2946; baseline 0 -16"><span class='ocrx_word' id='word_1_581' title='bbox 2316 2888 2473 2931; x_wconf 74' lang='lat' dir='ltr'><strong>rzeter</strong></span> <span class='ocrx_word' id='word_1_582' title='bbox 2490 2878 2623 2930; x_wconf 89' lang='lat' dir='ltr'><strong>alios</strong></span> <span class='ocrx_word' id='word_1_583' title='bbox 2646 2876 2939 2930; x_wconf 89' lang='lat' dir='ltr'><strong>meminere</strong></span> <span class='ocrx_word' id='word_1_584' title='bbox 2961 2877 3181 2931; x_wconf 87' lang='lat' dir='ltr'><strong>Ovidius</strong></span> <span class='ocrx_word' id='word_1_585' title='bbox 3197 2886 3249 2930; x_wconf 92' lang='lat' dir='ltr'><strong>et</strong></span> <span class='ocrx_word' id='word_1_586' title='bbox 3272 2877 3585 2939; x_wconf 72' lang='lat' dir='ltr'><strong>Frontinus,</strong></span> <span class='ocrx_word' id='word_1_587' title='bbox 3614 2896 3848 2946; x_wconf 82' lang='lat' dir='ltr'><strong>quorum</strong></span> 
     </span>
    </p>
   </div>
   <div class='ocr_carea' id='block_1_82' title="bbox 2298 2946 3849 3017">
    <p class='ocr_par' dir='ltr' id='par_1_82' title="bbox 2298 2946 3849 3017">
     <span class='ocr_line' id='line_1_82' title="bbox 2298 2946 3849 3017; baseline 0.001 -17"><span class='ocrx_word' id='word_1_588' title='bbox 2298 2949 2365 3000; x_wconf 77' lang='lat' dir='ltr'><strong>tie</strong></span> <span class='ocrx_word' id='word_1_589' title='bbox 2395 2948 2528 3017; x_wconf 60' lang='lat' dir='ltr'><strong>lib.”</strong></span> <span class='ocrx_word' id='word_1_590' title='bbox 2581 2948 2645 3000; x_wconf 91' lang='lat' dir='ltr'><strong>de</strong></span> <span class='ocrx_word' id='word_1_591' title='bbox 2679 2947 2992 3015; x_wconf 68' lang='lat' dir='ltr'><strong>Aqumduct.</strong></span> <span class='ocrx_word' id='word_1_592' title='bbox 3037 2946 3246 3012; x_wconf 85' lang='lat' dir='ltr'><strong>scribit,</strong></span> <span class='ocrx_word' id='word_1_593' title='bbox 3291 2963 3485 3017; x_wconf 89' lang='lat' dir='ltr'><strong>aquam</strong></span> <span class='ocrx_word' id='word_1_594' title='bbox 3528 2949 3849 3002; x_wconf 79' lang='lat' dir='ltr'><strong>Alsictinam</strong></span> 
     </span>
    </p>
   </div>
   <div class='ocr_carea' id='block_1_83' title="bbox 2276 2999 2870 3086">
    <p class='ocr_par' dir='ltr' id='par_1_83' title="bbox 2276 2999 2870 3086">
     <span class='ocr_line' id='line_1_83' title="bbox 2276 2999 2870 3086; baseline -0.002 -15"><span class='ocrx_word' id='word_1_595' title='bbox 2276 3019 2362 3071; x_wconf 82' lang='lat' dir='ltr'><strong>via</strong></span> <span class='ocrx_word' id='word_1_596' title='bbox 2389 2999 2612 3086; x_wconf 66' lang='lat' dir='ltr'><strong>Claudia</strong></span> <span class='ocrx_word' id='word_1_597' title='bbox 2641 2999 2870 3086; x_wconf 62' lang='lat' dir='ltr'><strong>concipi.</strong></span> 
     </span>
    </p>
   </div>
   <div class='ocr_carea' id='block_1_84' title="bbox 2355 3085 3847 3157">
    <p class='ocr_par' dir='ltr' id='par_1_84' title="bbox 2355 3085 3847 3157">
     <span class='ocr_line' id='line_1_84' title="bbox 2355 3085 3847 3157; baseline -0.001 -17"><span class='ocrx_word' id='word_1_598' title='bbox 2355 3088 2500 3157; x_wconf 83' lang='grc'><strong>(166)</strong></span> <span class='ocrx_word' id='word_1_599' title='bbox 2526 3085 2681 3140; x_wconf 81' lang='lat' dir='ltr'><strong>Foris</strong></span> <span class='ocrx_word' id='word_1_600' title='bbox 2718 3085 2917 3155; x_wconf 80' lang='lat' dir='ltr'><strong>portam</strong></span> <span class='ocrx_word' id='word_1_601' title='bbox 2951 3085 3016 3157; x_wconf 78' lang='lat' dir='ltr'><strong>S.</strong></span> <span class='ocrx_word' id='word_1_602' title='bbox 3047 3085 3210 3152; x_wconf 78' lang='lat' dir='ltr'><strong>Petri,</strong></span> <span class='ocrx_word' id='word_1_603' title='bbox 3250 3095 3354 3141; x_wconf 84' lang='lat' dir='ltr'><strong>etc.</strong></span> <span class='ocrx_word' id='word_1_604' title='bbox 3385 3086 3694 3143; x_wconf 82' lang='lat' dir='ltr'><strong>Willclmns</strong></span> <span class='ocrx_word' id='word_1_605' title='bbox 3719 3087 3847 3140; x_wconf 72' lang='lat' dir='ltr'><strong>Mal-</strong></span> 
     </span>
    </p>
   </div>
   <div class='ocr_carea' id='block_1_85' title="bbox 2276 3226 3845 3295">
    <p class='ocr_par' dir='ltr' id='par_1_85' title="bbox 2276 3226 3845 3295">
     <span class='ocr_line' id='line_1_85' title="bbox 2276 3226 3845 3295; baseline -0.001 -14"><span class='ocrx_word' id='word_1_606' title='bbox 2276 3227 2455 3281; x_wconf 68' lang='lat' dir='ltr'><strong>clesite</strong></span> <span class='ocrx_word' id='word_1_607' title='bbox 2483 3226 2676 3281; x_wconf 71' lang='lat' dir='ltr'><strong>saeculo</strong></span> <span class='ocrx_word' id='word_1_608' title='bbox 2717 3227 2918 3290; x_wconf 90' lang='lat' dir='ltr'><strong>clarus,</strong></span> <span class='ocrx_word' id='word_1_609' title='bbox 2956 3227 3045 3281; x_wconf 78' lang='lat' dir='ltr'><strong>lib.</strong></span> <span class='ocrx_word' id='word_1_610' title='bbox 3099 3243 3170 3290; x_wconf 85' lang='lat' dir='ltr'><strong>IV,</strong></span> <span class='ocrx_word' id='word_1_611' title='bbox 3217 3243 3334 3295; x_wconf 87' lang='lat' dir='ltr'><strong>cap.</strong></span> <span class='ocrx_word' id='word_1_612' title='bbox 3375 3226 3430 3289; x_wconf 74' lang='lat'><strong>2,</strong></span> <span class='ocrx_word' id='word_1_613' title='bbox 3459 3229 3532 3280; x_wconf 87' lang='lat' dir='ltr'><strong>De</strong></span> <span class='ocrx_word' id='word_1_614' title='bbox 3558 3237 3699 3294; x_wconf 75' lang='lat' dir='ltr'><strong>gest.</strong></span> <span class='ocrx_word' id='word_1_615' title='bbox 3735 3243 3845 3295; x_wconf 67' lang='grc' dir='ltr'><strong>τις.</strong></span> 
     </span>
    </p>
   </div>
   <div class='ocr_carea' id='block_1_86' title="bbox 2278 3295 3844 3367">
    <p class='ocr_par' dir='ltr' id='par_1_86' title="bbox 2278 3295 3844 3367">
     <span class='ocr_line' id='line_1_86' title="bbox 2278 3295 3844 3367; baseline -0.001 -18"><span class='ocrx_word' id='word_1_616' title='bbox 2278 3297 2458 3367; x_wconf 74' lang='lat' dir='ltr'><strong>Angl.,</strong></span> <span class='ocrx_word' id='word_1_617' title='bbox 2493 3298 2631 3367; x_wconf 85' lang='lat' dir='ltr'><strong>inter</strong></span> <span class='ocrx_word' id='word_1_618' title='bbox 2677 3298 2968 3366; x_wconf 88' lang='lat' dir='ltr'><strong>scriptorcs</strong></span> <span class='ocrx_word' id='word_1_619' title='bbox 3026 3313 3130 3350; x_wconf 86' lang='lat' dir='ltr'><strong>rer.</strong></span> <span class='ocrx_word' id='word_1_620' title='bbox 3163 3298 3346 3366; x_wconf 77' lang='lat' dir='ltr'><strong>Angl.,</strong></span> <span class='ocrx_word' id='word_1_621' title='bbox 3390 3313 3511 3367; x_wconf 80' lang='lat' dir='ltr'><strong>pag.</strong></span> <span class='ocrx_word' id='word_1_622' title='bbox 3550 3295 3676 3358; x_wconf 70' lang='grc'><strong>135,</strong></span> <span class='ocrx_word' id='word_1_623' title='bbox 3719 3301 3844 3349; x_wconf 83' lang='lat' dir='ltr'><strong>edit.</strong></span> 
     </span>
    </p>
   </div>
   <div class='ocr_carea' id='block_1_87' title="bbox 2275 3365 3842 3435">
    <p class='ocr_par' dir='ltr' id='par_1_87' title="bbox 2275 3365 3842 3435">
     <span class='ocr_line' id='line_1_87' title="bbox 2275 3365 3842 3435; baseline -0.002 -13"><span class='ocrx_word' id='word_1_624' title='bbox 2275 3365 2648 3430; x_wconf 73' lang='lat' dir='ltr'><strong>Francol&#39;orti,</strong></span> <span class='ocrx_word' id='word_1_625' title='bbox 2697 3365 2803 3420; x_wconf 47' lang='lat' dir='ltr'><strong>an.</strong></span> <span class='ocrx_word' id='word_1_626' title='bbox 2846 3367 3014 3432; x_wconf 86' lang='grc'><strong>1601,</strong></span> <span class='ocrx_word' id='word_1_627' title='bbox 3051 3379 3236 3435; x_wconf 87' lang='lat' dir='ltr'><strong>portas</strong></span> <span class='ocrx_word' id='word_1_628' title='bbox 3267 3365 3432 3420; x_wconf 89' lang='lat' dir='ltr'><strong>urbis</strong></span> <span class='ocrx_word' id='word_1_629' title='bbox 3468 3365 3842 3420; x_wconf 68' lang='lat' dir='ltr'><strong>enuntiemus:</strong></span> 
     </span>
    </p>
   </div>
   <div class='ocr_carea' id='block_1_88' title="bbox 2281 3437 3843 3506">
    <p class='ocr_par' dir='ltr' id='par_1_88' title="bbox 2281 3437 3843 3506">
     <span class='ocr_line' id='line_1_88' title="bbox 2281 3437 3843 3506; baseline 0 -18"><span class='ocrx_word' id='word_1_630' title='bbox 2281 3457 2299 3488; x_wconf 74' lang='grc' dir='ltr'>ι</span> <span class='ocrx_word' id='word_1_631' title='bbox 2335 3437 2505 3506; x_wconf 87' lang='lat' dir='ltr'><strong>prima</strong></span> <span class='ocrx_word' id='word_1_632' title='bbox 2538 3437 2711 3505; x_wconf 88' lang='lat' dir='ltr'><strong>inquit</strong></span> <span class='ocrx_word' id='word_1_633' title='bbox 2755 3437 3026 3501; x_wconf 82' lang='lat' dir='ltr'><strong>Cornelia,</strong></span> <span class='ocrx_word' id='word_1_634' title='bbox 3073 3452 3192 3505; x_wconf 78' lang='lat' dir='ltr'><strong>qua:</strong></span> <span class='ocrx_word' id='word_1_635' title='bbox 3238 3439 3395 3490; x_wconf 85' lang='lat' dir='ltr'><strong>modo</strong></span> <span class='ocrx_word' id='word_1_636' title='bbox 3437 3437 3642 3490; x_wconf 87' lang='lat' dir='ltr'><strong>dicitur</strong></span> <span class='ocrx_word' id='word_1_637' title='bbox 3690 3446 3843 3505; x_wconf 87' lang='lat' dir='ltr'><strong>porta</strong></span> 
     </span>
    </p>
   </div>
   <div class='ocr_carea' id='block_1_89' title="bbox 2277 3505 3841 3570">
    <p class='ocr_par' dir='ltr' id='par_1_89' title="bbox 2277 3505 3841 3570">
     <span class='ocr_line' id='line_1_89' title="bbox 2277 3505 3841 3570; baseline -0.001 -12"><span class='ocrx_word' id='word_1_638' title='bbox 2277 3505 2345 3559; x_wconf 35' lang='lat' dir='ltr'><strong>S.’</strong></span> <span class='ocrx_word' id='word_1_639' title='bbox 2366 3505 2536 3570; x_wconf 86' lang='lat' dir='ltr'><strong>Petri,</strong></span> <span class='ocrx_word' id='word_1_640' title='bbox 2565 3517 2618 3560; x_wconf 86' lang='lat' dir='ltr'><strong>et</strong></span> <span class='ocrx_word' id='word_1_641' title='bbox 2647 3508 2730 3560; x_wconf 88' lang='lat' dir='ltr'><strong>via</strong></span> <span class='ocrx_word' id='word_1_642' title='bbox 2777 3508 2954 3562; x_wconf 78' lang='lat' dir='ltr'><strong>Corae</strong></span> <span class='ocrx_word' id='word_1_643' title='bbox 2979 3509 3050 3560; x_wconf 89' lang='lat' dir='ltr'><strong>ia.</strong></span> <span class='ocrx_word' id='word_1_644' title='bbox 3080 3507 3238 3560; x_wconf 78' lang='lat' dir='ltr'><strong>Juxta</strong></span> <span class='ocrx_word' id='word_1_645' title='bbox 3285 3522 3406 3560; x_wconf 87' lang='lat' dir='ltr'><strong>eam</strong></span> <span class='ocrx_word' id='word_1_646' title='bbox 3436 3506 3670 3560; x_wconf 86' lang='lat' dir='ltr'><strong>ecclesia</strong></span> <span class='ocrx_word' id='word_1_647' title='bbox 3703 3507 3841 3560; x_wconf 80' lang='lat' dir='ltr'><strong>beati</strong></span> 
     </span>
    </p>
   </div>
   <div class='ocr_carea' id='block_1_90' title="bbox 2277 3575 3840 3647">
    <p class='ocr_par' dir='ltr' id='par_1_90' title="bbox 2277 3575 3840 3647">
     <span class='ocr_line' id='line_1_90' title="bbox 2277 3575 3840 3647; baseline -0.001 -17"><span class='ocrx_word' id='word_1_648' title='bbox 2277 3575 2421 3630; x_wconf 86' lang='lat' dir='ltr'><strong>Petri</strong></span> <span class='ocrx_word' id='word_1_649' title='bbox 2449 3577 2550 3628; x_wconf 89' lang='lat' dir='ltr'><strong>si‘ta</strong></span> <span class='ocrx_word' id='word_1_650' title='bbox 2576 3585 2678 3647; x_wconf 85' lang='lat' dir='ltr'><strong>est,</strong></span> <span class='ocrx_word' id='word_1_651' title='bbox 2722 3577 2772 3629; x_wconf 92' lang='lat' dir='ltr'><strong>in</strong></span> <span class='ocrx_word' id='word_1_652' title='bbox 2801 3592 2904 3647; x_wconf 89' lang='lat' dir='ltr'><strong>qua</strong></span> <span class='ocrx_word' id='word_1_653' title='bbox 2936 3593 3132 3645; x_wconf 85' lang='lat' dir='ltr'><strong>corpus</strong></span> <span class='ocrx_word' id='word_1_654' title='bbox 3152 3579 3269 3645; x_wconf 87' lang='lat' dir='ltr'><strong>ejus</strong></span> <span class='ocrx_word' id='word_1_655' title='bbox 3289 3578 3468 3647; x_wconf 74' lang='lat' dir='ltr'><strong>jacet,</strong></span> <span class='ocrx_word' id='word_1_656' title='bbox 3495 3592 3634 3629; x_wconf 88' lang='lat' dir='ltr'><strong>auro</strong></span> <span class='ocrx_word' id='word_1_657' title='bbox 3669 3587 3724 3630; x_wconf 90' lang='lat' dir='ltr'><strong>et</strong></span> <span class='ocrx_word' id='word_1_658' title='bbox 3753 3592 3840 3628; x_wconf 88' lang='lat' dir='ltr'><strong>ar-</strong></span> 
     </span>
    </p>
   </div>
   <div class='ocr_carea' id='block_1_91' title="bbox 2278 3646 3844 3716">
    <p class='ocr_par' dir='ltr' id='par_1_91' title="bbox 2278 3646 3844 3716">
     <span class='ocr_line' id='line_1_91' title="bbox 2278 3646 3844 3716; baseline -0.001 -17"><span class='ocrx_word' id='word_1_659' title='bbox 2278 3655 2438 3715; x_wconf 78' lang='lat' dir='ltr'><strong>gento</strong></span> <span class='ocrx_word' id='word_1_660' title='bbox 2483 3653 2538 3700; x_wconf 87' lang='lat' dir='ltr'><strong>et</strong></span> <span class='ocrx_word' id='word_1_661' title='bbox 2580 3646 2846 3715; x_wconf 84' lang='lat' dir='ltr'><strong>lapidibus</strong></span> <span class='ocrx_word' id='word_1_662' title='bbox 2902 3657 3109 3716; x_wconf 88' lang='lat' dir='ltr'><strong>parata.</strong></span> <span class='ocrx_word' id='word_1_663' title='bbox 3141 3665 3162 3697; x_wconf 72' lang='grc' dir='ltr'><strong><em>ι</em></strong></span> <span class='ocrx_word' id='word_1_664' title='bbox 3219 3646 3571 3716; x_wconf 82' lang='lat' dir='ltr'><strong>Splendidnm</strong></span> <span class='ocrx_word' id='word_1_665' title='bbox 3625 3648 3844 3716; x_wconf 81' lang='lat' dir='ltr'><strong>quidem</strong></span> 
     </span>
    </p>
   </div>
   <div class='ocr_carea' id='block_1_92' title="bbox 2277 3715 3845 3785">
    <p class='ocr_par' dir='ltr' id='par_1_92' title="bbox 2277 3715 3845 3785">
     <span class='ocr_line' id='line_1_92' title="bbox 2277 3715 3845 3785; baseline 0.001 -18"><span class='ocrx_word' id='word_1_666' title='bbox 2277 3726 2359 3768; x_wconf 83' lang='lat' dir='ltr'><strong>est</strong></span> <span class='ocrx_word' id='word_1_667' title='bbox 2391 3731 2512 3769; x_wconf 78' lang='lat' dir='ltr'><strong>mox</strong></span> <span class='ocrx_word' id='word_1_668' title='bbox 2547 3717 2860 3785; x_wconf 87' lang='lat' dir='ltr'><strong>productum</strong></span> <span class='ocrx_word' id='word_1_669' title='bbox 2893 3715 3144 3770; x_wconf 75' lang='lat' dir='ltr'><strong>Willelmi</strong></span> <span class='ocrx_word' id='word_1_670' title='bbox 3171 3717 3532 3785; x_wconf 76' lang='lat' dir='ltr'><strong>testimonium</strong></span> <span class='ocrx_word' id='word_1_671' title='bbox 3554 3758 3567 3777; x_wconf 90' lang='lat'><strong>,</strong></span> <span class='ocrx_word' id='word_1_672' title='bbox 3597 3715 3845 3770; x_wconf 72' lang='lat' dir='ltr'><strong>utetiam</strong></span> 
     </span>
    </p>
   </div>
   <div class='ocr_carea' id='block_1_93' title="bbox 2276 3783 3846 3856">
    <p class='ocr_par' dir='ltr' id='par_1_93' title="bbox 2276 3783 3846 3856">
     <span class='ocr_line' id='line_1_93' title="bbox 2276 3783 3846 3856; baseline 0.001 -19"><span class='ocrx_word' id='word_1_673' title='bbox 2276 3786 2442 3847; x_wconf 88' lang='lat' dir='ltr'><strong>aliud,</strong></span> <span class='ocrx_word' id='word_1_674' title='bbox 2481 3783 2628 3856; x_wconf 84' lang='lat' dir='ltr'><strong>quod</strong></span> <span class='ocrx_word' id='word_1_675' title='bbox 2671 3801 2737 3840; x_wconf 78' lang='lat' dir='ltr'><strong>ex</strong></span> <span class='ocrx_word' id='word_1_676' title='bbox 2787 3785 3056 3856; x_wconf 74' lang='lat' dir='ltr'><strong>prmallato</strong></span> <span class='ocrx_word' id='word_1_677' title='bbox 3099 3786 3159 3838; x_wconf 85' lang='grc' dir='ltr'><strong>Ι).</strong></span> <span class='ocrx_word' id='word_1_678' title='bbox 3201 3787 3395 3840; x_wconf 85' lang='lat' dir='ltr'><strong>Leonis</strong></span> <span class='ocrx_word' id='word_1_679' title='bbox 3439 3783 3503 3838; x_wconf 85' lang='lat' dir='ltr'><strong>IV</strong></span> <span class='ocrx_word' id='word_1_680' title='bbox 3552 3786 3846 3854; x_wconf 71' lang='lat' dir='ltr'><strong>diplomate</strong></span> 
     </span>
    </p>
   </div>
   <div class='ocr_carea' id='block_1_94' title="bbox 2279 3855 3845 3924">
    <p class='ocr_par' dir='ltr' id='par_1_94' title="bbox 2279 3855 3845 3924">
     <span class='ocr_line' id='line_1_94' title="bbox 2279 3855 3845 3924; baseline 0 -16"><span class='ocrx_word' id='word_1_681' title='bbox 2279 3857 2446 3924; x_wconf 89' lang='lat' dir='ltr'><strong>repeti</strong></span> <span class='ocrx_word' id='word_1_682' title='bbox 2476 3855 2593 3910; x_wconf 83' lang='lat' dir='ltr'><strong>licet</strong></span> <span class='ocrx_word' id='word_1_683' title='bbox 2627 3873 2639 3908; x_wconf 93' lang='lat'><strong>:</strong></span> <span class='ocrx_word' id='word_1_684' title='bbox 2674 3855 2846 3909; x_wconf 85' lang='lat' dir='ltr'><strong>Situm</strong></span> <span class='ocrx_word' id='word_1_685' title='bbox 2897 3871 3023 3910; x_wconf 83' lang='lat' dir='ltr'><strong>vero</strong></span> <span class='ocrx_word' id='word_1_686' title='bbox 3044 3865 3211 3924; x_wconf 77' lang='lat' dir='ltr'><strong>porta:</strong></span> <span class='ocrx_word' id='word_1_687' title='bbox 3251 3857 3309 3910; x_wconf 69' lang='grc' dir='ltr'><strong>ε.</strong></span> <span class='ocrx_word' id='word_1_688' title='bbox 3340 3856 3483 3908; x_wconf 86' lang='lat' dir='ltr'><strong>Petri</strong></span> <span class='ocrx_word' id='word_1_689' title='bbox 3538 3856 3684 3909; x_wconf 89' lang='lat' dir='ltr'><strong>haud</strong></span> <span class='ocrx_word' id='word_1_690' title='bbox 3716 3858 3845 3909; x_wconf 74' lang='lat' dir='ltr'><strong>satis</strong></span> 
     </span>
    </p>
   </div>
   <div class='ocr_carea' id='block_1_95' title="bbox 2277 3925 3844 3994">
    <p class='ocr_par' dir='ltr' id='par_1_95' title="bbox 2277 3925 3844 3994">
     <span class='ocr_line' id='line_1_95' title="bbox 2277 3925 3844 3994; baseline -0.001 -15"><span class='ocrx_word' id='word_1_691' title='bbox 2277 3926 2534 3979; x_wconf 75' lang='lat' dir='ltr'><strong>indicant.</strong></span> <span class='ocrx_word' id='word_1_692' title='bbox 2577 3925 2763 3988; x_wconf 87' lang='lat' dir='ltr'><strong>Porro,</strong></span> <span class='ocrx_word' id='word_1_693' title='bbox 2797 3941 2914 3994; x_wconf 71' lang='lat' dir='ltr'><strong>quae</strong></span> <span class='ocrx_word' id='word_1_694' title='bbox 2959 3938 3149 3980; x_wconf 84' lang='lat' dir='ltr'><strong>octavo</strong></span> <span class='ocrx_word' id='word_1_695' title='bbox 3187 3937 3242 3979; x_wconf 88' lang='lat' dir='ltr'><strong>et</strong></span> <span class='ocrx_word' id='word_1_696' title='bbox 3273 3940 3414 3979; x_wconf 83' lang='lat' dir='ltr'><strong>nono</strong></span> <span class='ocrx_word' id='word_1_697' title='bbox 3446 3925 3707 3978; x_wconf 61' lang='lat' dir='ltr'><strong>Ecclesiae</strong></span> <span class='ocrx_word' id='word_1_698' title='bbox 3748 3944 3844 3978; x_wconf 85' lang='lat' dir='ltr'><strong>sa-</strong></span> 
     </span>
    </p>
   </div>
   <div class='ocr_carea' id='block_1_96' title="bbox 2277 3994 3844 4064">
    <p class='ocr_par' dir='ltr' id='par_1_96' title="bbox 2277 3994 3844 4064">
     <span class='ocr_line' id='line_1_96' title="bbox 2277 3994 3844 4064; baseline -0.001 -17"><span class='ocrx_word' id='word_1_699' title='bbox 2277 3995 2412 4048; x_wconf 80' lang='lat' dir='ltr'><strong>cnlis</strong></span> <span class='ocrx_word' id='word_1_700' title='bbox 2434 3995 2712 4049; x_wconf 88' lang='lat' dir='ltr'><strong>dicebatur</strong></span> <span class='ocrx_word' id='word_1_701' title='bbox 2736 4009 2888 4064; x_wconf 74' lang='lat' dir='ltr'><strong>porta</strong></span> <span class='ocrx_word' id='word_1_702' title='bbox 2914 3994 2972 4049; x_wconf 86' lang='lat' dir='ltr'><strong>S.</strong></span> <span class='ocrx_word' id='word_1_703' title='bbox 3002 3996 3167 4057; x_wconf 83' lang='lat' dir='ltr'><strong>Petri,</strong></span> <span class='ocrx_word' id='word_1_704' title='bbox 3192 3996 3304 4048; x_wconf 77' lang='lat' dir='ltr'><strong>[nec</strong></span> <span class='ocrx_word' id='word_1_705' title='bbox 3326 3997 3389 4047; x_wconf 90' lang='lat' dir='ltr'><strong>ad</strong></span> <span class='ocrx_word' id='word_1_706' title='bbox 3417 4006 3569 4064; x_wconf 67' lang='lat' dir='ltr'><strong>caput</strong></span> <span class='ocrx_word' id='word_1_707' title='bbox 3603 3995 3844 4047; x_wconf 61' lang='lat' dir='ltr'><strong>Portica</strong></span> 
     </span>
    </p>
   </div>
   <div class='ocr_carea' id='block_1_97' title="bbox 2277 4063 3840 4186">
    <p class='ocr_par' dir='ltr' id='par_1_97' title="bbox 2277 4063 3840 4186">
     <span class='ocr_line' id='line_1_97' title="bbox 2277 4063 3840 4186; baseline -0.001 -69"><span class='ocrx_word' id='word_1_708' title='bbox 2277 4066 2554 4127; x_wconf 70' lang='lat' dir='ltr'><strong>exstabat;</strong></span> <span class='ocrx_word' id='word_1_709' title='bbox 2581 4066 2959 4186; x_wconf 58' lang='lat' dir='ltr'><strong>gnodliquido</strong></span> <span class='ocrx_word' id='word_1_710' title='bbox 2999 4075 3145 4132; x_wconf 86' lang='lat' dir='ltr'><strong>patet</strong></span> <span class='ocrx_word' id='word_1_711' title='bbox 3188 4081 3251 4117; x_wconf 76' lang='lat' dir='ltr'><strong>ex</strong></span> <span class='ocrx_word' id='word_1_712' title='bbox 3290 4065 3408 4119; x_wconf 88' lang='lat' dir='ltr'><strong>Lib.</strong></span> <span class='ocrx_word' id='word_1_713' title='bbox 3440 4063 3718 4124; x_wconf 78' lang='lat' dir='ltr'><strong>I’oatiﬁc.,</strong></span> <span class='ocrx_word' id='word_1_714' title='bbox 3757 4065 3840 4116; x_wconf 82' lang='lat' dir='ltr'><strong>ubi</strong></span> 
     </span>
     <span class='ocr_line' id='line_1_98' title="bbox 2277 4133 3840 4186; baseline 0 0"><span class='ocrx_word' id='word_1_715' title='bbox 2277 4133 2474 4186; x_wconf 61' lang='lat' dir='ltr'><strong>legitur</strong></span> <span class='ocrx_word' id='word_1_716' title='bbox 2501 4134 2576 4186; x_wconf 86' lang='lat' dir='ltr'><strong>Ila</strong></span> <span class='ocrx_word' id='word_1_717' title='bbox 2621 4138 2802 4186; x_wconf 90' lang='lat' dir='ltr'><strong>rianus</strong></span> <span class='ocrx_word' id='word_1_718' title='bbox 2822 4151 2953 4186; x_wconf 85' lang='lat' dir='ltr'><strong>naua</strong></span> <span class='ocrx_word' id='word_1_719' title='bbox 2985 4135 3002 4186; x_wconf 95' lang='grc' dir='ltr'><strong>Ι</strong></span> <span class='ocrx_word' id='word_1_720' title='bbox 3035 4144 3142 4186; x_wconf 86' lang='lat' dir='ltr'><strong>tres</strong></span> <span class='ocrx_word' id='word_1_721' title='bbox 3167 4135 3439 4186; x_wconf 85' lang='lat' dir='ltr'><strong>diaconias</strong></span> <span class='ocrx_word' id='word_1_722' title='bbox 3466 4135 3840 4186; x_wconf 78' lang='lat' dir='ltr'><strong>tonstiutiSse.</strong></span> 
     </span>
    </p>
   </div>
   <div class='ocr_carea' id='block_1_98' title="bbox 2276 4133 3840 4204">
    <p class='ocr_par' dir='ltr' id='par_1_98' title="bbox 2276 4133 3840 4204">
     <span class='ocr_line' id='line_1_99' title="bbox 2276 4133 3840 4204; baseline -0.001 -18"><span class='ocrx_word' id='word_1_723' title='bbox 2276 4133 2474 4204; x_wconf 70' lang='lat' dir='ltr'><strong>legitur</strong></span> <span class='ocrx_word' id='word_1_724' title='bbox 2501 4133 2802 4188; x_wconf 80' lang='lat' dir='ltr'><strong>Hadrianus</strong></span> <span class='ocrx_word' id='word_1_725' title='bbox 2822 4151 2953 4204; x_wconf 90' lang='lat' dir='ltr'><strong>papa</strong></span> <span class='ocrx_word' id='word_1_726' title='bbox 2985 4135 3002 4188; x_wconf 97' lang='grc' dir='ltr'><strong>Ι</strong></span> <span class='ocrx_word' id='word_1_727' title='bbox 3035 4144 3142 4188; x_wconf 87' lang='lat' dir='ltr'><strong>tres</strong></span> <span class='ocrx_word' id='word_1_728' title='bbox 3167 4135 3439 4188; x_wconf 87' lang='lat' dir='ltr'><strong>diaconias</strong></span> <span class='ocrx_word' id='word_1_729' title='bbox 3466 4135 3840 4195; x_wconf 78' lang='lat' dir='ltr'><strong>tonstitniSse,</strong></span> 
     </span>
    </p>
   </div>
   <div class='ocr_carea' id='block_1_99' title="bbox 2272 4204 3840 4273">
    <p class='ocr_par' dir='ltr' id='par_1_99' title="bbox 2272 4204 3840 4273">
     <span class='ocr_line' id='line_1_100' title="bbox 2272 4204 3840 4273; baseline -0.001 -17"><span class='ocrx_word' id='word_1_730' title='bbox 2272 4220 2504 4273; x_wconf 83' lang='lat' dir='ltr'><strong>quarum</strong></span> <span class='ocrx_word' id='word_1_731' title='bbox 2552 4204 2742 4265; x_wconf 87' lang='lat' dir='ltr'><strong>altera,</strong></span> <span class='ocrx_word' id='word_1_732' title='bbox 2785 4206 2838 4258; x_wconf 90' lang='lat' dir='ltr'><strong>in</strong></span> <span class='ocrx_word' id='word_1_733' title='bbox 2893 4205 3130 4273; x_wconf 74' lang='lat' dir='ltr'><strong>Dcipara:</strong></span> <span class='ocrx_word' id='word_1_734' title='bbox 3181 4207 3436 4258; x_wconf 88' lang='lat' dir='ltr'><strong>honorem</strong></span> <span class='ocrx_word' id='word_1_735' title='bbox 3479 4205 3685 4263; x_wconf 84' lang='lat' dir='ltr'><strong>dicata.</strong></span> <span class='ocrx_word' id='word_1_736' title='bbox 3739 4207 3840 4257; x_wconf 85' lang='lat' dir='ltr'><strong>sita</strong></span> 
     </span>
    </p>
   </div>
   <div class='ocr_carea' id='block_1_100' title="bbox 2277 4273 3841 4342">
    <p class='ocr_par' dir='ltr' id='par_1_100' title="bbox 2277 4273 3841 4342">
     <span class='ocr_line' id='line_1_101' title="bbox 2277 4273 3841 4342; baseline -0.001 -15"><span class='ocrx_word' id='word_1_737' title='bbox 2277 4283 2395 4327; x_wconf 86' lang='lat' dir='ltr'><strong>erat</strong></span> <span class='ocrx_word' id='word_1_738' title='bbox 2421 4273 2554 4342; x_wconf 75' lang='lat' dir='ltr'><strong>foris</strong></span> <span class='ocrx_word' id='word_1_739' title='bbox 2591 4285 2796 4336; x_wconf 71' lang='lat' dir='ltr'><strong>portam</strong></span> <span class='ocrx_word' id='word_1_740' title='bbox 2830 4275 2962 4326; x_wconf 80' lang='lat' dir='ltr'><strong>beati</strong></span> <span class='ocrx_word' id='word_1_741' title='bbox 2993 4275 3132 4327; x_wconf 77' lang='lat' dir='ltr'><strong>Petri</strong></span> <span class='ocrx_word' id='word_1_742' title='bbox 3173 4273 3422 4342; x_wconf 88' lang='lat' dir='ltr'><strong>apostoli,</strong></span> <span class='ocrx_word' id='word_1_743' title='bbox 3456 4273 3508 4325; x_wconf 89' lang='lat' dir='ltr'><strong>in</strong></span> <span class='ocrx_word' id='word_1_744' title='bbox 3533 4284 3692 4341; x_wconf 72' lang='lat' dir='ltr'><strong>caput</strong></span> <span class='ocrx_word' id='word_1_745' title='bbox 3719 4291 3841 4342; x_wconf 74' lang='lat' dir='ltr'><strong>por-</strong></span> 
     </span>
    </p>
   </div>
   <div class='ocr_carea' id='block_1_101' title="bbox 2275 4343 3839 4413">
    <p class='ocr_par' dir='ltr' id='par_1_101' title="bbox 2275 4343 3839 4413">
     <span class='ocr_line' id='line_1_102' title="bbox 2275 4343 3839 4413; baseline -0.001 -16"><span class='ocrx_word' id='word_1_746' title='bbox 2275 4344 2442 4406; x_wconf 73' lang='lat' dir='ltr'><strong>ticus;</strong></span> <span class='ocrx_word' id='word_1_747' title='bbox 2469 4343 2673 4398; x_wconf 89' lang='lat' dir='ltr'><strong>scilicet</strong></span> <span class='ocrx_word' id='word_1_748' title='bbox 2694 4359 2857 4413; x_wconf 88' lang='lat' dir='ltr'><strong>prope</strong></span> <span class='ocrx_word' id='word_1_749' title='bbox 2885 4343 3076 4396; x_wconf 90' lang='lat' dir='ltr'><strong>molem</strong></span> <span class='ocrx_word' id='word_1_750' title='bbox 3120 4344 3466 4405; x_wconf 69' lang='lat' dir='ltr'><strong>Hadr-lanam,</strong></span> <span class='ocrx_word' id='word_1_751' title='bbox 3495 4357 3548 4395; x_wconf 71' lang='lat' dir='ltr'><strong>ut</strong></span> <span class='ocrx_word' id='word_1_752' title='bbox 3581 4345 3839 4404; x_wconf 63' lang='lat' dir='ltr'><strong>diximus,</strong></span> 
     </span>
    </p>
   </div>
   <div class='ocr_carea' id='block_1_102' title="bbox 2280 4413 3841 4482">
    <p class='ocr_par' dir='ltr' id='par_1_102' title="bbox 2280 4413 3841 4482">
     <span class='ocr_line' id='line_1_103' title="bbox 2280 4413 3841 4482; baseline -0.001 -17"><span class='ocrx_word' id='word_1_753' title='bbox 2280 4422 2394 4466; x_wconf 89' lang='lat' dir='ltr'><strong>not.</strong></span> <span class='ocrx_word' id='word_1_754' title='bbox 2424 4414 2487 4482; x_wconf 64' lang='grc' dir='ltr'><strong>ᾳ,</strong></span> <span class='ocrx_word' id='word_1_755' title='bbox 2526 4423 2581 4466; x_wconf 89' lang='lat' dir='ltr'><strong>et</strong></span> <span class='ocrx_word' id='word_1_756' title='bbox 2617 4415 2810 4468; x_wconf 87' lang='lat' dir='ltr'><strong>invicte</strong></span> <span class='ocrx_word' id='word_1_757' title='bbox 2857 4413 3049 4482; x_wconf 86' lang='lat' dir='ltr'><strong>probat</strong></span> <span class='ocrx_word' id='word_1_758' title='bbox 3099 4413 3306 4468; x_wconf 85' lang='lat' dir='ltr'><strong>libellus</strong></span> <span class='ocrx_word' id='word_1_759' title='bbox 3352 4413 3616 4480; x_wconf 83' lang='lat' dir='ltr'><strong>Descript.</strong></span> <span class='ocrx_word' id='word_1_760' title='bbox 3669 4427 3841 4477; x_wconf 55' lang='lat' dir='ltr'><strong>regin-</strong></span> 
     </span>
    </p>
   </div>
   <div class='ocr_carea' id='block_1_103' title="bbox 614 4480 3841 4550">
    <p class='ocr_par' dir='ltr' id='par_1_103' title="bbox 614 4480 3841 4550">
     <span class='ocr_line' id='line_1_104' title="bbox 614 4480 3841 4550; baseline -0 -15"><span class='ocrx_word' id='word_1_761' title='bbox 614 4481 668 4535; x_wconf 87' lang='lat' dir='ltr'><strong>in</strong></span> <span class='ocrx_word' id='word_1_762' title='bbox 703 4480 880 4537; x_wconf 71' lang='lat' dir='ltr'><strong>littore</strong></span> <span class='ocrx_word' id='word_1_763' title='bbox 925 4481 1059 4534; x_wconf 89' lang='lat' dir='ltr'><strong>alvei</strong></span> <span class='ocrx_word' id='word_1_764' title='bbox 1117 4480 1354 4535; x_wconf 80' lang='lat' dir='ltr'><strong>lluutinis</strong></span> <span class='ocrx_word' id='word_1_765' title='bbox 1393 4483 1444 4534; x_wconf 82' lang='lat' dir='ltr'><strong>i&#39;u</strong></span> <span class='ocrx_word' id='word_1_766' title='bbox 1487 4480 1848 4535; x_wconf 79' lang='lat' dir='ltr'><strong>fundamentis</strong></span> <span class='ocrx_word' id='word_1_767' title='bbox 1886 4496 2110 4548; x_wconf 84' lang='lat' dir='ltr'><strong>ponens,</strong></span> <span class='ocrx_word' id='word_1_768' title='bbox 2143 4499 2172 4536; x_wconf 88' lang='lat' dir='ltr'><strong>a</strong></span> <span class='ocrx_word' id='word_1_769' title='bbox 2207 4483 2252 4541; x_wconf 93' lang='lat' dir='ltr'><strong>D</strong></span> <span class='ocrx_word' id='word_1_770' title='bbox 2280 4499 2405 4535; x_wconf 90' lang='lat' dir='ltr'><strong>num</strong></span> <span class='ocrx_word' id='word_1_771' title='bbox 2435 4481 2593 4536; x_wconf 83' lang='lat' dir='ltr'><strong>Urbis</strong></span> <span class='ocrx_word' id='word_1_772' title='bbox 2616 4480 3043 4544; x_wconf 65' lang='lat' dir='ltr'><strong>octaVuszeculo,</strong></span> <span class='ocrx_word' id='word_1_773' title='bbox 3072 4493 3132 4537; x_wconf 89' lang='lat' dir='ltr'><strong>ut</strong></span> <span class='ocrx_word' id='word_1_774' title='bbox 3159 4484 3702 4545; x_wconf 76' lang='lat' dir='ltr'><strong>crediturexaralns,</strong></span> <span class='ocrx_word' id='word_1_775' title='bbox 3735 4486 3841 4550; x_wconf 75' lang='lat' dir='ltr'><strong>pri-</strong></span> 
     </span>
    </p>
   </div>
   <div class='ocr_carea' id='block_1_104' title="bbox 612 4551 2176 4621">
    <p class='ocr_par' dir='ltr' id='par_1_104' title="bbox 612 4551 2176 4621">
     <span class='ocr_line' id='line_1_105' title="bbox 612 4551 2176 4621; baseline 0.001 -16"><span class='ocrx_word' id='word_1_776' title='bbox 612 4551 729 4605; x_wconf 87' lang='lat' dir='ltr'><strong>solo</strong></span> <span class='ocrx_word' id='word_1_777' title='bbox 755 4568 922 4621; x_wconf 90' lang='lat' dir='ltr'><strong>usque</strong></span> <span class='ocrx_word' id='word_1_778' title='bbox 964 4551 1029 4603; x_wconf 89' lang='lat' dir='ltr'><strong>ad</strong></span> <span class='ocrx_word' id='word_1_779' title='bbox 1064 4566 1332 4604; x_wconf 88' lang='lat' dir='ltr'><strong>smmnum</strong></span> <span class='ocrx_word' id='word_1_780' title='bbox 1361 4562 1557 4604; x_wconf 83' lang='lat' dir='ltr'><strong>tectum</strong></span> <span class='ocrx_word' id='word_1_781' title='bbox 1602 4553 1750 4604; x_wconf 60' lang='lat' dir='ltr'><strong>mirae</strong></span> <span class='ocrx_word' id='word_1_782' title='bbox 1792 4552 2176 4621; x_wconf 76' lang='lat' dir='ltr'><strong>magnitudinis</strong></span> 
     </span>
    </p>
   </div>
   <div class='ocr_carea' id='block_1_105' title="bbox 613 4620 2173 4691">
    <p class='ocr_par' dir='ltr' id='par_1_105' title="bbox 613 4620 2173 4691">
     <span class='ocr_line' id='line_1_106' title="bbox 613 4620 2173 4691; baseline -0.001 -15"><span class='ocrx_word' id='word_1_783' title='bbox 613 4620 877 4691; x_wconf 74' lang='lat' dir='ltr'><strong>porticum</strong></span> <span class='ocrx_word' id='word_1_784' title='bbox 906 4621 1192 4688; x_wconf 79' lang='lat' dir='ltr'><strong>reparavit,</strong></span> <span class='ocrx_word' id='word_1_785' title='bbox 1235 4629 1289 4673; x_wconf 89' lang='lat' dir='ltr'><strong>et</strong></span> <span class='ocrx_word' id='word_1_786' title='bbox 1325 4637 1491 4689; x_wconf 85' lang='lat' dir='ltr'><strong>usque</strong></span> <span class='ocrx_word' id='word_1_787' title='bbox 1526 4621 1591 4674; x_wconf 83' lang='lat' dir='ltr'><strong>ad</strong></span> <span class='ocrx_word' id='word_1_788' title='bbox 1631 4621 1827 4689; x_wconf 81' lang='lat' dir='ltr'><strong>gradus</strong></span> <span class='ocrx_word' id='word_1_789' title='bbox 1853 4621 1992 4674; x_wconf 82' lang='lat' dir='ltr'><strong>beati</strong></span> <span class='ocrx_word' id='word_1_790' title='bbox 2035 4620 2173 4675; x_wconf 71' lang='lat' dir='ltr'><strong>l’ciri</strong></span> 
     </span>
    </p>
   </div>
   <div class='ocr_carea' id='block_1_106' title="bbox 613 4693 952 4748">
    <p class='ocr_par' dir='ltr' id='par_1_106' title="bbox 613 4693 952 4748">
     <span class='ocr_line' id='line_1_107' title="bbox 613 4693 952 4748; baseline -0.027 0"><span class='ocrx_word' id='word_1_791' title='bbox 613 4693 952 4748; x_wconf 76' lang='lat' dir='ltr'><strong>restauravit.</strong></span> 
     </span>
    </p>
   </div>
   <div class='ocr_carea' id='block_1_107' title="bbox 595 4757 2175 4832">
    <p class='ocr_par' dir='ltr' id='par_1_107' title="bbox 595 4757 2175 4832">
     <span class='ocr_line' id='line_1_108' title="bbox 595 4757 2175 4832; baseline 0.001 -20"><span class='ocrx_word' id='word_1_792' title='bbox 595 4809 598 4812; x_wconf 85' lang='lat'><strong>.</strong></span> <span class='ocrx_word' id='word_1_793' title='bbox 684 4761 830 4832; x_wconf 71' lang='grc'><strong>(162)</strong></span> <span class='ocrx_word' id='word_1_794' title='bbox 856 4761 1027 4832; x_wconf 82' lang='lat' dir='ltr'><strong>Caput</strong></span> <span class='ocrx_word' id='word_1_795' title='bbox 1057 4759 1296 4828; x_wconf 87' lang='lat' dir='ltr'><strong>porticus</strong></span> <span class='ocrx_word' id='word_1_796' title='bbox 1315 4759 1467 4832; x_wconf 75' lang='lat' dir='ltr'><strong>juxta</strong></span> <span class='ocrx_word' id='word_1_797' title='bbox 1501 4757 1752 4832; x_wconf 82' lang='lat' dir='ltr'><strong>lladria_t_ti</strong></span> <span class='ocrx_word' id='word_1_798' title='bbox 1784 4759 1976 4832; x_wconf 80' lang='lat' dir='ltr'><strong>molem</strong></span> <span class='ocrx_word' id='word_1_799' title='bbox 2007 4761 2175 4832; x_wconf 79' lang='lat' dir='ltr'><strong>exsti-</strong></span> 
     </span>
    </p>
   </div>
   <div class='ocr_carea' id='block_1_108' title="bbox 614 4829 2176 4898">
    <p class='ocr_par' dir='ltr' id='par_1_108' title="bbox 614 4829 2176 4898">
     <span class='ocr_line' id='line_1_109' title="bbox 614 4829 2176 4898; baseline 0.001 -14"><span class='ocrx_word' id='word_1_800' title='bbox 614 4829 764 4891; x_wconf 56' lang='grc' dir='ltr'><strong>εῖδει),</strong></span> <span class='ocrx_word' id='word_1_801' title='bbox 809 4831 1075 4884; x_wconf 88' lang='lat' dir='ltr'><strong>evincitur</strong></span> <span class='ocrx_word' id='word_1_802' title='bbox 1116 4844 1238 4882; x_wconf 91' lang='lat' dir='ltr'><strong>cum</strong></span> <span class='ocrx_word' id='word_1_803' title='bbox 1287 4829 1350 4883; x_wconf 63' lang='lat' dir='ltr'><strong>ett</strong></span> <span class='ocrx_word' id='word_1_804' title='bbox 1404 4830 1470 4884; x_wconf 90' lang='lat' dir='ltr'><strong>iis</strong></span> <span class='ocrx_word' id='word_1_805' title='bbox 1516 4847 1634 4897; x_wconf 72' lang='lat' dir='ltr'><strong>quae</strong></span> <span class='ocrx_word' id='word_1_806' title='bbox 1683 4829 1965 4898; x_wconf 76' lang='lat' dir='ltr'><strong>Turrigius</strong></span> <span class='ocrx_word' id='word_1_807' title='bbox 2013 4831 2176 4895; x_wconf 87' lang='lat' dir='ltr'><strong>habet</strong></span> 
     </span>
    </p>
   </div>
   <div class='ocr_carea' id='block_1_109' title="bbox 615 4898 2177 4970">
    <p class='ocr_par' dir='ltr' id='par_1_109' title="bbox 615 4898 2177 4970">
     <span class='ocr_line' id='line_1_110' title="bbox 615 4898 2177 4970; baseline 0.001 -18"><span class='ocrx_word' id='word_1_808' title='bbox 615 4904 705 4956; x_wconf 85' lang='lat' dir='ltr'><strong>lib.</strong></span> <span class='ocrx_word' id='word_1_809' title='bbox 740 4903 827 4955; x_wconf 89' lang='lat' dir='ltr'><strong>Cr.</strong></span> <span class='ocrx_word' id='word_1_810' title='bbox 867 4901 980 4969; x_wconf 73' lang='lat' dir='ltr'><strong>Vat.</strong></span> <span class='ocrx_word' id='word_1_811' title='bbox 1029 4915 1147 4970; x_wconf 83' lang='lat' dir='ltr'><strong>pag.</strong></span> <span class='ocrx_word' id='word_1_812' title='bbox 1199 4898 1304 4955; x_wconf 76' lang='grc'><strong>514</strong></span> <span class='ocrx_word' id='word_1_813' title='bbox 1343 4910 1399 4955; x_wconf 88' lang='lat' dir='ltr'><strong>et</strong></span> <span class='ocrx_word' id='word_1_814' title='bbox 1445 4899 1572 4965; x_wconf 82' lang='grc'><strong>515,</strong></span> <span class='ocrx_word' id='word_1_815' title='bbox 1624 4910 1749 4954; x_wconf 86' lang='lat' dir='ltr'><strong>tunc</strong></span> <span class='ocrx_word' id='word_1_816' title='bbox 1795 4914 1863 4954; x_wconf 80' lang='lat' dir='ltr'><strong>ex</strong></span> <span class='ocrx_word' id='word_1_817' title='bbox 1905 4901 2025 4954; x_wconf 82' lang='lat' dir='ltr'><strong>aliis</strong></span> <span class='ocrx_word' id='word_1_818' title='bbox 2057 4918 2177 4970; x_wconf 78' lang='lat' dir='ltr'><strong>qua:</strong></span> 
     </span>
    </p>
   </div>
   <div class='ocr_carea' id='block_1_110' title="bbox 615 4971 1064 5040">
    <p class='ocr_par' dir='ltr' id='par_1_110' title="bbox 615 4971 1064 5040">
     <span class='ocr_line' id='line_1_111' title="bbox 615 4971 1064 5040; baseline -0.007 -15"><span class='ocrx_word' id='word_1_819' title='bbox 615 4988 734 5026; x_wconf 85' lang='lat' dir='ltr'><strong>mox</strong></span> <span class='ocrx_word' id='word_1_820' title='bbox 761 4971 1064 5040; x_wconf 70' lang='lat' dir='ltr'><strong>alleremus.</strong></span> 
     </span>
    </p>
   </div>
   <div class='ocr_carea' id='block_1_111' title="bbox 683 5037 2176 5106">
    <p class='ocr_par' dir='ltr' id='par_1_111' title="bbox 683 5037 2176 5106">
     <span class='ocr_line' id='line_1_112' title="bbox 683 5037 2176 5106; baseline 0 -14"><span class='ocrx_word' id='word_1_821' title='bbox 683 5037 829 5106; x_wconf 80' lang='lat' dir='ltr'><strong>(H53)</strong></span> <span class='ocrx_word' id='word_1_822' title='bbox 865 5039 1019 5094; x_wconf 81' lang='lat' dir='ltr'><strong>Jaan.</strong></span> <span class='ocrx_word' id='word_1_823' title='bbox 1049 5039 1337 5102; x_wconf 88' lang='lat' dir='ltr'><strong>diaconus,</strong></span> <span class='ocrx_word' id='word_1_824' title='bbox 1370 5037 1463 5092; x_wconf 90' lang='lat' dir='ltr'><strong>lib.</strong></span> <span class='ocrx_word' id='word_1_825' title='bbox 1491 5054 1680 5106; x_wconf 88' lang='lat' dir='ltr'><strong>u,cap.</strong></span> <span class='ocrx_word' id='word_1_826' title='bbox 1709 5037 1761 5101; x_wconf 90' lang='lat'><strong>6,</strong></span> <span class='ocrx_word' id='word_1_827' title='bbox 1790 5037 1924 5091; x_wconf 78' lang='lat' dir='ltr'><strong>Viue</strong></span> <span class='ocrx_word' id='word_1_828' title='bbox 1952 5037 2014 5090; x_wconf 89' lang='lat' dir='ltr'><strong>D.</strong></span> <span class='ocrx_word' id='word_1_829' title='bbox 2043 5038 2176 5093; x_wconf 84' lang='lat' dir='ltr'><strong>Grc-</strong></span> 
     </span>
    </p>
   </div>
   <div class='ocr_carea' id='block_1_112' title="bbox 617 5109 2173 5176">
    <p class='ocr_par' dir='ltr' id='par_1_112' title="bbox 617 5109 2173 5176">
     <span class='ocr_line' id='line_1_113' title="bbox 617 5109 2173 5176; baseline 0.002 -17"><span class='ocrx_word' id='word_1_830' title='bbox 617 5111 748 5176; x_wconf 66' lang='lat' dir='ltr'><strong>gorii</strong></span> <span class='ocrx_word' id='word_1_831' title='bbox 773 5109 866 5171; x_wconf 83' lang='lat' dir='ltr'><strong>M.,</strong></span> <span class='ocrx_word' id='word_1_832' title='bbox 896 5110 1094 5175; x_wconf 89' lang='lat' dir='ltr'><strong>scripto</strong></span> <span class='ocrx_word' id='word_1_833' title='bbox 1127 5110 1346 5162; x_wconf 87' lang='lat' dir='ltr'><strong>tradidit</strong></span> <span class='ocrx_word' id='word_1_834' title='bbox 1368 5119 1612 5162; x_wconf 87' lang='lat' dir='ltr'><strong>sanctum</strong></span> <span class='ocrx_word' id='word_1_835' title='bbox 1643 5109 1947 5176; x_wconf 86' lang='lat' dir='ltr'><strong>pontilicem</strong></span> <span class='ocrx_word' id='word_1_836' title='bbox 1978 5110 2173 5162; x_wconf 81' lang='lat' dir='ltr'><strong>consti-</strong></span> 
     </span>
    </p>
   </div>
   <div class='ocr_carea' id='block_1_113' title="bbox 617 5179 2175 5246">
    <p class='ocr_par' dir='ltr' id='par_1_113' title="bbox 617 5179 2175 5246">
     <span class='ocr_line' id='line_1_114' title="bbox 617 5179 2175 5246; baseline 0.002 -16"><span class='ocrx_word' id='word_1_837' title='bbox 617 5181 784 5231; x_wconf 82' lang='lat' dir='ltr'><strong>tuisse</strong></span> <span class='ocrx_word' id='word_1_838' title='bbox 831 5189 1111 5230; x_wconf 84' lang='lat' dir='ltr'><strong>cantorum</strong></span> <span class='ocrx_word' id='word_1_839' title='bbox 1163 5179 1446 5241; x_wconf 87' lang='lat' dir='ltr'><strong>scholam,</strong></span> <span class='ocrx_word' id='word_1_840' title='bbox 1501 5181 1658 5246; x_wconf 86' lang='lat' dir='ltr'><strong>eique</strong></span> <span class='ocrx_word' id='word_1_841' title='bbox 1722 5195 1843 5230; x_wconf 84' lang='lat' dir='ltr'><strong>eum</strong></span> <span class='ocrx_word' id='word_1_842' title='bbox 1904 5179 2175 5233; x_wconf 84' lang='lat' dir='ltr'><strong>nonnullis</strong></span> 
     </span>
    </p>
   </div>
   <div class='ocr_carea' id='block_1_114' title="bbox 614 5247 2170 5316">
    <p class='ocr_par' dir='ltr' id='par_1_114' title="bbox 614 5247 2170 5316">
     <span class='ocr_line' id='line_1_115' title="bbox 614 5247 2170 5316; baseline 0.003 -20"><span class='ocrx_word' id='word_1_843' title='bbox 614 5247 966 5316; x_wconf 47' lang='lat' dir='ltr'><strong>pra‘diisduo</strong></span> <span class='ocrx_word' id='word_1_844' title='bbox 997 5247 1329 5316; x_wconf 76' lang='lat' dir='ltr'><strong>habitacula,</strong></span> <span class='ocrx_word' id='word_1_845' title='bbox 1350 5247 1590 5316; x_wconf 87' lang='lat' dir='ltr'><strong>alterum</strong></span> <span class='ocrx_word' id='word_1_846' title='bbox 1628 5248 1832 5300; x_wconf 83' lang='lat' dir='ltr'><strong>scilicet</strong></span> <span class='ocrx_word' id='word_1_847' title='bbox 1868 5248 1965 5299; x_wconf 88' lang='lat' dir='ltr'><strong>sub</strong></span> <span class='ocrx_word' id='word_1_848' title='bbox 1991 5248 2170 5316; x_wconf 81' lang='lat' dir='ltr'><strong>gradi-</strong></span> 
     </span>
    </p>
   </div>
   <div class='ocr_carea' id='block_1_115' title="bbox 618 5313 2174 5352">
    <p class='ocr_par' dir='ltr' id='par_1_115' title="bbox 618 5313 2174 5352">
     <span class='ocr_line' id='line_1_116' title="bbox 618 5313 2174 5352; baseline 0 0"><span class='ocrx_word' id='word_1_849' title='bbox 618 5313 718 5352; x_wconf 71' lang='lat' dir='ltr'><strong>Ium</strong></span> <span class='ocrx_word' id='word_1_850' title='bbox 747 5314 980 5352; x_wconf 69' lang='lat' dir='ltr'><strong>Imcilh-m</strong></span> <span class='ocrx_word' id='word_1_851' title='bbox 1004 5314 1041 5352; x_wconf 57' lang='grc' dir='ltr'><strong>ς</strong></span> <span class='ocrx_word' id='word_1_852' title='bbox 1104 5313 1245 5352; x_wconf 70' lang='lat' dir='ltr'><strong>Dplri</strong></span> <span class='ocrx_word' id='word_1_853' title='bbox 1312 5315 1537 5352; x_wconf 71' lang='lat' dir='ltr'><strong>‘lllﬂl‘lllll</strong></span> <span class='ocrx_word' id='word_1_854' title='bbox 1567 5331 1693 5352; x_wconf 77' lang='lat' dir='ltr'><strong>um-n</strong></span> <span class='ocrx_word' id='word_1_855' title='bbox 1723 5319 1820 5352; x_wconf 63' lang='grc' dir='ltr'><strong>ειιΙι</strong></span> <span class='ocrx_word' id='word_1_856' title='bbox 1849 5313 2174 5352; x_wconf 58' lang='grc' dir='ltr'><strong>ΙηΙιιιᾸιιηηι-</strong></span> 
     </span>
    </p>
   </div>
   <div class='ocr_carea' id='block_1_116' title="bbox 2280 4551 3838 4620">
    <p class='ocr_par' dir='ltr' id='par_1_116' title="bbox 2280 4551 3838 4620">
     <span class='ocr_line' id='line_1_117' title="bbox 2280 4551 3838 4620; baseline 0 -16"><span class='ocrx_word' id='word_1_857' title='bbox 2280 4566 2535 4620; x_wconf 83' lang='lat' dir='ltr'><strong>tuumque</strong></span> <span class='ocrx_word' id='word_1_858' title='bbox 2583 4552 2760 4607; x_wconf 87' lang='lat' dir='ltr'><strong>editus</strong></span> <span class='ocrx_word' id='word_1_859' title='bbox 2806 4571 2836 4606; x_wconf 87' lang='lat' dir='ltr'><strong>a</strong></span> <span class='ocrx_word' id='word_1_860' title='bbox 2887 4553 3110 4614; x_wconf 85' lang='lat' dir='ltr'><strong>Mabill.,</strong></span> <span class='ocrx_word' id='word_1_861' title='bbox 3163 4563 3291 4606; x_wconf 88' lang='lat' dir='ltr'><strong>tum.</strong></span> <span class='ocrx_word' id='word_1_862' title='bbox 3337 4551 3398 4606; x_wconf 92' lang='lat' dir='ltr'><strong>IV</strong></span> <span class='ocrx_word' id='word_1_863' title='bbox 3453 4555 3703 4606; x_wconf 74' lang='lat' dir='ltr'><strong>Analect.</strong></span> <span class='ocrx_word' id='word_1_864' title='bbox 3766 4553 3838 4604; x_wconf 83' lang='lat' dir='ltr'><strong>lbi</strong></span> 
     </span>
    </p>
   </div>
   <div class='ocr_carea' id='block_1_117' title="bbox 2281 4623 3836 4691">
    <p class='ocr_par' dir='ltr' id='par_1_117' title="bbox 2281 4623 3836 4691">
     <span class='ocr_line' id='line_1_118' title="bbox 2281 4623 3836 4691; baseline -0.001 -19"><span class='ocrx_word' id='word_1_865' title='bbox 2281 4636 2510 4689; x_wconf 86' lang='lat' dir='ltr'><strong>namque</strong></span> <span class='ocrx_word' id='word_1_866' title='bbox 2552 4627 2852 4691; x_wconf 64' lang='lat' dir='ltr'><strong>anonymns</strong></span> <span class='ocrx_word' id='word_1_867' title='bbox 2897 4623 3137 4690; x_wconf 54' lang='lat' dir='ltr'><strong>praedicti</strong></span> <span class='ocrx_word' id='word_1_868' title='bbox 3174 4623 3336 4675; x_wconf 85' lang='lat' dir='ltr'><strong>libelli</strong></span> <span class='ocrx_word' id='word_1_869' title='bbox 3397 4633 3587 4676; x_wconf 82' lang='lat' dir='ltr'><strong>auctor</strong></span> <span class='ocrx_word' id='word_1_870' title='bbox 3628 4637 3836 4690; x_wconf 80' lang='lat' dir='ltr'><strong>portam</strong></span> 
     </span>
    </p>
   </div>
   <div class='ocr_carea' id='block_1_118' title="bbox 2279 4691 3836 4762">
    <p class='ocr_par' dir='ltr' id='par_1_118' title="bbox 2279 4691 3836 4762">
     <span class='ocr_line' id='line_1_119' title="bbox 2279 4691 3836 4762; baseline -0.001 -20"><span class='ocrx_word' id='word_1_871' title='bbox 2279 4691 2342 4762; x_wconf 77' lang='lat' dir='ltr'><strong>tie</strong></span> <span class='ocrx_word' id='word_1_872' title='bbox 2372 4707 2475 4758; x_wconf 85' lang='lat' dir='ltr'><strong>qua</strong></span> <span class='ocrx_word' id='word_1_873' title='bbox 2509 4695 2714 4762; x_wconf 77' lang='lat' dir='ltr'><strong>agimus</strong></span> <span class='ocrx_word' id='word_1_874' title='bbox 2747 4703 2901 4745; x_wconf 79' lang='lat' dir='ltr'><strong>vocat</strong></span> <span class='ocrx_word' id='word_1_875' title='bbox 2931 4692 3146 4762; x_wconf 77' lang='lat' dir='ltr'><strong>Portam</strong></span> <span class='ocrx_word' id='word_1_876' title='bbox 3190 4692 3248 4746; x_wconf 84' lang='lat' dir='ltr'><strong>S.</strong></span> <span class='ocrx_word' id='word_1_877' title='bbox 3307 4694 3447 4745; x_wconf 84' lang='lat' dir='ltr'><strong>I’etri</strong></span> <span class='ocrx_word' id='word_1_878' title='bbox 3480 4695 3533 4744; x_wconf 87' lang='lat' dir='ltr'><strong>in</strong></span> <span class='ocrx_word' id='word_1_879' title='bbox 3575 4693 3836 4762; x_wconf 70' lang='lat' dir='ltr'><strong>Adriano,</strong></span> 
     </span>
    </p>
   </div>
   <div class='ocr_carea' id='block_1_119' title="bbox 2277 4761 3832 4882">
    <p class='ocr_par' dir='ltr' id='par_1_119' title="bbox 2277 4761 3832 4882">
     <span class='ocr_line' id='line_1_120' title="bbox 2277 4761 3832 4882; baseline -0.001 -69"><span class='ocrx_word' id='word_1_880' title='bbox 2277 4761 2725 4882; x_wconf 35' lang='lat' dir='ltr'><strong>nimirum’juxta</strong></span> <span class='ocrx_word' id='word_1_881' title='bbox 2772 4763 2964 4817; x_wconf 90' lang='lat' dir='ltr'><strong>molem</strong></span> <span class='ocrx_word' id='word_1_882' title='bbox 3015 4761 3306 4826; x_wconf 79' lang='lat' dir='ltr'><strong>Hadriani,</strong></span> <span class='ocrx_word' id='word_1_883' title='bbox 3358 4762 3516 4832; x_wconf 77' lang='lat' dir='ltr'><strong>vulgo</strong></span> <span class='ocrx_word' id='word_1_884' title='bbox 3562 4761 3740 4814; x_wconf 71' lang='lat' dir='ltr'><strong>Cascei</strong></span> <span class='ocrx_word' id='word_1_885' title='bbox 3775 4763 3832 4814; x_wconf 78' lang='lat' dir='ltr'><strong>S.</strong></span> 
     </span>
     <span class='ocr_line' id='line_1_121' title="bbox 2325 4846 2489 4882; baseline 0 0"><span class='ocrx_word' id='word_1_886' title='bbox 2325 4847 2418 4882; x_wconf 82' lang='lat' dir='ltr'><strong>nae</strong></span> <span class='ocrx_word' id='word_1_887' title='bbox 2439 4846 2489 4882; x_wconf 87' lang='grc' dir='ltr'><strong>ο.</strong></span> 
     </span>
    </p>
   </div>
   <div class='ocr_carea' id='block_1_120' title="bbox 2325 4833 2489 4897">
    <p class='ocr_par' dir='ltr' id='par_1_120' title="bbox 2325 4833 2489 4897">
     <span class='ocr_line' id='line_1_122' title="bbox 2325 4833 2489 4897; baseline 0 -15"><span class='ocrx_word' id='word_1_888' title='bbox 2325 4833 2489 4897; x_wconf 80' lang='lat' dir='ltr'><strong>ngelo.</strong></span> 
     </span>
    </p>
   </div>
   <div class='ocr_carea' id='block_1_121' title="bbox 2345 4899 3836 4970">
    <p class='ocr_par' dir='ltr' id='par_1_121' title="bbox 2345 4899 3836 4970">
     <span class='ocr_line' id='line_1_123' title="bbox 2345 4899 3836 4970; baseline 0.001 -19"><span class='ocrx_word' id='word_1_889' title='bbox 2345 4900 2492 4968; x_wconf 87' lang='grc'><strong>(167)</strong></span> <span class='ocrx_word' id='word_1_890' title='bbox 2538 4899 2596 4954; x_wconf 91' lang='lat' dir='ltr'><strong>S.</strong></span> <span class='ocrx_word' id='word_1_891' title='bbox 2643 4899 2748 4954; x_wconf 89' lang='lat' dir='ltr'><strong>Leo</strong></span> <span class='ocrx_word' id='word_1_892' title='bbox 2777 4899 2842 4970; x_wconf 83' lang='lat' dir='ltr'><strong>IV</strong></span> <span class='ocrx_word' id='word_1_893' title='bbox 2870 4899 2936 4953; x_wconf 85' lang='lat' dir='ltr'><strong>in</strong></span> <span class='ocrx_word' id='word_1_894' title='bbox 2971 4901 3232 4970; x_wconf 83' lang='lat' dir='ltr'><strong>superiori</strong></span> <span class='ocrx_word' id='word_1_895' title='bbox 3274 4901 3564 4970; x_wconf 88' lang='lat' dir='ltr'><strong>diplomate</strong></span> <span class='ocrx_word' id='word_1_896' title='bbox 3607 4899 3836 4969; x_wconf 81' lang='lat' dir='ltr'><strong>appellat</strong></span> 
     </span>
    </p>
   </div>
   <div class='ocr_carea' id='block_1_122' title="bbox 2275 4969 3833 5024">
    <p class='ocr_par' dir='ltr' id='par_1_122' title="bbox 2275 4969 3833 5024">
     <span class='ocr_line' id='line_1_124' title="bbox 2275 4969 3833 5024; baseline 0.002 -4"><span class='ocrx_word' id='word_1_897' title='bbox 2275 4972 2647 5022; x_wconf 76' lang='lat' dir='ltr'><strong>monasterium</strong></span> <span class='ocrx_word' id='word_1_898' title='bbox 2684 4971 2741 5023; x_wconf 80' lang='lat' dir='ltr'><strong>S.</strong></span> <span class='ocrx_word' id='word_1_899' title='bbox 2776 4969 3045 5022; x_wconf 78' lang='lat' dir='ltr'><strong>Laurentii</strong></span> <span class='ocrx_word' id='word_1_900' title='bbox 3093 4969 3366 5024; x_wconf 74' lang='lat' dir='ltr'><strong>l’allatini.</strong></span> <span class='ocrx_word' id='word_1_901' title='bbox 3415 4973 3561 5024; x_wconf 87' lang='lat' dir='ltr'><strong>Istud</strong></span> <span class='ocrx_word' id='word_1_902' title='bbox 3607 4975 3833 5024; x_wconf 72' lang='lat' dir='ltr'><strong>fortasse</strong></span> 
     </span>
    </p>
   </div>
   <div class='ocr_carea' id='block_1_123' title="bbox 2276 5038 3833 5108">
    <p class='ocr_par' dir='ltr' id='par_1_123' title="bbox 2276 5038 3833 5108">
     <span class='ocr_line' id='line_1_125' title="bbox 2276 5038 3833 5108; baseline 0.002 -19"><span class='ocrx_word' id='word_1_903' title='bbox 2276 5049 2533 5092; x_wconf 75' lang='lat' dir='ltr'><strong>censeant</strong></span> <span class='ocrx_word' id='word_1_904' title='bbox 2577 5039 2711 5108; x_wconf 86' lang='lat' dir='ltr'><strong>idem</strong></span> <span class='ocrx_word' id='word_1_905' title='bbox 2742 5038 2896 5107; x_wconf 84' lang='lat' dir='ltr'><strong>plane</strong></span> <span class='ocrx_word' id='word_1_906' title='bbox 2938 5054 3058 5092; x_wconf 89' lang='lat' dir='ltr'><strong>cum</strong></span> <span class='ocrx_word' id='word_1_907' title='bbox 3103 5056 3197 5098; x_wconf 86' lang='lat' dir='ltr'><strong>eo.</strong></span> <span class='ocrx_word' id='word_1_908' title='bbox 3242 5041 3382 5108; x_wconf 88' lang='lat' dir='ltr'><strong>quod</strong></span> <span class='ocrx_word' id='word_1_909' title='bbox 3411 5042 3552 5108; x_wconf 86' lang='lat' dir='ltr'><strong>apud</strong></span> <span class='ocrx_word' id='word_1_910' title='bbox 3582 5041 3833 5094; x_wconf 81' lang='lat' dir='ltr'><strong>Anastas.</strong></span> 
     </span>
    </p>
   </div>
   <div class='ocr_carea' id='block_1_124' title="bbox 2273 5107 3833 5177">
    <p class='ocr_par' dir='ltr' id='par_1_124' title="bbox 2273 5107 3833 5177">
     <span class='ocr_line' id='line_1_126' title="bbox 2273 5107 3833 5177; baseline -0.001 -14"><span class='ocrx_word' id='word_1_911' title='bbox 2273 5109 2328 5164; x_wconf 89' lang='lat' dir='ltr'><strong>.in</strong></span> <span class='ocrx_word' id='word_1_912' title='bbox 2364 5113 2540 5162; x_wconf 78' lang='lat' dir='ltr'><strong>Leone</strong></span> <span class='ocrx_word' id='word_1_913' title='bbox 2567 5108 2659 5170; x_wconf 90' lang='lat' dir='ltr'><strong>Ill,</strong></span> <span class='ocrx_word' id='word_1_914' title='bbox 2685 5107 2909 5177; x_wconf 10' lang='lat' dir='ltr'><strong>Grrcgor.</strong></span> <span class='ocrx_word' id='word_1_915' title='bbox 2943 5108 3004 5161; x_wconf 91' lang='lat' dir='ltr'><strong>IV</strong></span> <span class='ocrx_word' id='word_1_916' title='bbox 3051 5120 3106 5162; x_wconf 90' lang='lat' dir='ltr'><strong>et</strong></span> <span class='ocrx_word' id='word_1_917' title='bbox 3148 5107 3342 5163; x_wconf 81' lang='lat' dir='ltr'><strong>Beued.</strong></span> <span class='ocrx_word' id='word_1_918' title='bbox 3375 5107 3462 5172; x_wconf 73' lang='lat' dir='ltr'><strong>Ill,</strong></span> <span class='ocrx_word' id='word_1_919' title='bbox 3493 5111 3691 5163; x_wconf 87' lang='lat' dir='ltr'><strong>dicitur</strong></span> <span class='ocrx_word' id='word_1_920' title='bbox 3726 5128 3833 5162; x_wconf 78' lang='lat' dir='ltr'><strong>mu-</strong></span> 
     </span>
    </p>
   </div>
   <div class='ocr_carea' id='block_1_125' title="bbox 2275 5175 3830 5238">
    <p class='ocr_par' dir='ltr' id='par_1_125' title="bbox 2275 5175 3830 5238">
     <span class='ocr_line' id='line_1_127' title="bbox 2275 5175 3830 5238; baseline 0.001 -8"><span class='ocrx_word' id='word_1_921' title='bbox 2275 5179 2558 5230; x_wconf 77' lang='lat' dir='ltr'><strong>naslerium</strong></span> <span class='ocrx_word' id='word_1_922' title='bbox 2606 5180 2666 5231; x_wconf 66' lang='grc' dir='ltr'><strong>ὅ.</strong></span> <span class='ocrx_word' id='word_1_923' title='bbox 2712 5175 2981 5231; x_wconf 68' lang='lat' dir='ltr'><strong>Laurentii</strong></span> <span class='ocrx_word' id='word_1_924' title='bbox 3014 5181 3067 5231; x_wconf 84' lang='lat' dir='ltr'><strong>in</strong></span> <span class='ocrx_word' id='word_1_925' title='bbox 3098 5177 3358 5232; x_wconf 80' lang='lat' dir='ltr'><strong>Palatinis</strong></span> <span class='ocrx_word' id='word_1_926' title='bbox 3402 5190 3496 5234; x_wconf 87' lang='lat' dir='ltr'><strong>aut</strong></span> <span class='ocrx_word' id='word_1_927' title='bbox 3541 5180 3830 5238; x_wconf 68' lang='grc' dir='ltr'><strong>1³..Ιιιωίιιίς</strong></span> 
     </span>
    </p>
   </div>
   <div class='ocr_carea' id='block_1_126' title="bbox 2276 5247 3830 5332">
    <p class='ocr_par' dir='ltr' id='par_1_126' title="bbox 2276 5247 3830 5332">
     <span class='ocr_line' id='line_1_128' title="bbox 2276 5247 3830 5332; baseline 0.002 -37"><span class='ocrx_word' id='word_1_928' title='bbox 2276 5248 2486 5332; x_wconf 59' lang='grc' dir='ltr'><strong>Ἦιυιιηξ</strong></span> <span class='ocrx_word' id='word_1_929' title='bbox 2514 5250 2640 5300; x_wconf 90' lang='lat' dir='ltr'><strong>olim</strong></span> <span class='ocrx_word' id='word_1_930' title='bbox 2671 5247 3036 5332; x_wconf 42' lang='lat' dir='ltr'><strong>exstitissead</strong></span> <span class='ocrx_word' id='word_1_931' title='bbox 3066 5248 3126 5302; x_wconf 88' lang='lat' dir='ltr'><strong>S.</strong></span> <span class='ocrx_word' id='word_1_932' title='bbox 3155 5250 3530 5332; x_wconf 64' lang='lat' dir='ltr'><strong>(Iatharhiam,</strong></span> <span class='ocrx_word' id='word_1_933' title='bbox 3564 5252 3830 5332; x_wconf 49' lang='lat' dir='ltr'><strong>vttlgtr&#39;da</strong></span> 
     </span>
    </p>
   </div>
   <div class='ocr_carea' id='block_1_127' title="bbox 2281 5314 3812 5352">
    <p class='ocr_par' dir='ltr' id='par_1_127' title="bbox 2281 5314 3812 5352">
     <span class='ocr_line' id='line_1_129' title="bbox 2281 5314 3812 5352; baseline 0 0"><span class='ocrx_word' id='word_1_934' title='bbox 2281 5314 2480 5352; x_wconf 65' lang='grc' dir='ltr'><strong>Ινύυιηιὸ</strong></span> <span class='ocrx_word' id='word_1_935' title='bbox 2538 5326 2718 5352; x_wconf 50' lang='lat' dir='ltr'><strong>&quot;annu-</strong></span> <span class='ocrx_word' id='word_1_936' title='bbox 2763 5315 3071 5352; x_wconf 65' lang='grc' dir='ltr'><strong>ηιιὶηισιιιιιια</strong></span> <span class='ocrx_word' id='word_1_937' title='bbox 3121 5319 3310 5352; x_wconf 63' lang='lat' dir='ltr'><strong>«(col-il</strong></span> <span class='ocrx_word' id='word_1_938' title='bbox 3388 5319 3444 5352; x_wconf 79' lang='grc' dir='ltr'><strong>ΔΙ</strong></span> <span class='ocrx_word' id='word_1_939' title='bbox 3550 5321 3602 5352; x_wconf 75' lang='grc' dir='ltr'><strong>ιιὶ</strong></span> <span class='ocrx_word' id='word_1_940' title='bbox 3661 5314 3812 5352; x_wconf 50' lang='grc' dir='ltr'><strong>1³..11ην</strong></span> 
     </span>
    </p>
   </div>
  </div>
