4020 5392
551 303 653 378 ’ὶΞῚ

548 440 823 517 dentibus,
844 449 898 517 et
917 441 1338 517 auscnltantibus
1361 459 1483 501 cum
1510 448 1778 517 praedictis
1803 447 2112 516 apostolicis
2144 451 2189 509 Α

548 509 744 587 lteris
791 510 893 587 legi
940 510 1269 587 ct_fideliter
1312 509 1636 587 auscultavi,
1690 509 2002 587 ipsumque,
2047 518 2112 570 de

550 580 802 655 mandato
826 582 952 655 dicti
985 582 1165 636 domui
1212 583 1398 655 legali,
1443 595 1499 641 et
1542 588 1609 639 ad
1651 580 1957 641 instantiam
1983 602 2086 640 ven

550 651 784 704 virorum
811 650 1169 724 dominorum.
1189 650 1382 724 prioris
1401 659 1784 712 cauon‘corum
1811 666 1865 711 et
1893 656 2112 715 Canilttii

549 730 904 794 sacrosancte
945 720 1454 794 basiiirtc'priucipis
1479 727 1839 794 apostolorum
1858 727 1920 779 de
1950 725 2112 788 Urbe,

550 788 746 870 ibidem
778 793 1151 870 prmsentiutn,
1200 788 1385 870 ipsum'
1412 788 1806 865 transumptmn
1845 804 1905 870 et
1937 811 2117 870 exem-

551 858 697 925 plum
723 858 775 912 in
803 860 941 940 hanc
960 861 1097 930 pubi
1108 858 1230 929 cani
1246 864 1470 940 formam
1497 858 1892 935 ntann'pmpria
1915 866 2122 935 redegi,

550 942 779 998 meoque
800 933 954 1000 signa
982 942 1239 987 consueto
1268 933 1475 1004 signavi
1503 945 1747 1005 rogatus.

1205 1021 1460 1079 LXXXII.

549 1106 607 1164 3.
639 1107 740 1162 Leo
774 1106 861 1163 1Χ
884 1113 1141 1180 episcopis
1193 1113 1418 1169 Venetia:
1471 1123 1518 1167 et
1559 1111 1734 1168 furia:
1781 1114 2014 1181 pra'ri'pit
2064 1121 2131 1166 ut

619 1181 931 1251 patriarclttr
958 1181 1214 1236 Gradensi
1229 1222 1243 1245 ,
1270 1185 1433 1251 cujus
1452 1186 1731 1250 primatum
1754 1186 1818 1236 ab
1838 1183 2121 1249 apostolica

620 1249 758 1373 sedeo
785 1267 1082 1306 concessum
1116 1249 1338 1324 synodo
1361 1253 1693 1322 conﬁrmarat
1721 1293 1736 1315 ,
1780 1253 2120 1307 obedientiam

620 1335 725 1373 παν
761 1333 900 1373 eant.
1548 1331 1553 1335 ‘

618 1331 900 1390 praeeunt.
1548 1331 1553 1335 ‘

1158 1415 1337 1483 (Anno
1366 1414 1543 1487 i033.)

932 1506 1156 1578 [Mansi,
1181 1506 1379 1561 Concil.
1405 1506 1554 1571 XIX,
1573 1505 1734 1576 657.1

625 1597 746 1652 Leo-
784 1598 1105 1668 episcopus,
1148 1612 1336 1653 serves
1389 1611 1667 1653 servormu
1718 1595 1805 1650 Dei
1834 1638 1847 1661 ,
1878 1595 2129 1650 cornibus

559 1688 825 1759 episcopis
855 1687 1090 1745 Venetiae
1119 1698 1173 1744 et
1211 1687 1378 1745 Istriaa
1411 1689 1635 1745 salutem
1680 1697 1736 1744 et
1780 1686 2125 1758 amstoiica-m

556 1778 1016 1834 benedictionem.
1092 1844 1105 1851 ἢ

578 1918 581 1921 .
633 1870 854 1927 Noverit
878 1880 1057 1927 vestra
1105 1870 1421 1939 charissima
1461 1871 1618 1927 nobis
1663 1870 1714 1925 in
1749 1869 1968 1926 Christo
2016 1867 2123 1922 fra-

556 1962 805 2025 ternitas,
837 1961 939 2017 hac
966 1962 1018 2016 in
1050 1963 1300 2034 praesenti
1342 1963 1632 2039 indictione
1662 1971 1844 2024 sexta,
1874 1960 2131 2016 charissi-

558 2068 705 2107 mnm
742 2052 1078 2109 confratrcnr
1108 2030 1712 2110 nostrumﬁoiitinicum
1762 2053 2128 2117 Gradensem,

558 2146 669 2198 imo
746 2159 896 2200 novae
946 2144 1206 2214 Aquileite
1253 2145 1653 2214 patriarcham,
1721 2145 1789 2199 ad
1866 2143 2130 2213 synodum

558 2245 798 2289 nostram
831 2234 1012 2290 Romae
1038 2236 1279 2291 habitam
1302 2237 1531 2299 venisse,
1564 2245 1616 2292 et
1648 2236 2037 2306 querimoniam
2065 2235 2137 2288 de

556 2334 653 2381 sua
672 2337 727 2383 et
753 2322 1104 2395 Forojuliensi
1130 2326 1389 2391 Ecclesia,
1421 2342 1589 2397 quam
1609 2326 1878 2382 credimus
1904 2339 1999 2380 vos
2026 2338 2135 2378 non

562 2421 833 2489 ignorare,
886 2417 1308 2488 lacrymabilitcr
1351 2432 1533 2471 coram
1570 2415 1780 2471 fecisse.
1807 2412 1969 2483 Cujus
2016 2422 2134 2468 tan-

561 2511 682 2563 dem
714 2508 931 2563 relectis
962 2508 1280 2578 privilegiis,
1306 2522 1337 2561 a
1359 2516 1544 2562 sancta
1571 2505 1812 2561 Romana
1840 2512 1899 2560 et
1916 2511 2133 2574 aposto-

561 2598 668 2655 lica
694 2599 822 2655 sede
850 2599 951 2655 sibi
974 2598 1269 2664 concessis,
1291 2591 1499 2667 judicio
1524 2597 1685 2652 totius
1713 2606 1916 2652 sancta:
1943 2595 2139 2668 synodi

569 2695 673 2749 lzoc
704 2691 978 2767 definitum
1004 2689 1138 2746 fuit:
1172 2689 1242 2746 Ut
1269 2704 1403 2746 nova
1434 2690 1675 2761 Aquileia
1710 2689 1873 2745 totius
1900 2688 2138 2745 Venetia:

567 2797 626 2843 et
664 2785 835 2841 lstrEa:
861 2793 1023 2855 caput
1058 2794 1114 2839 et
1163 2783 1476 2854 metropolis
1522 2792 1783 2854 perpetuo
1830 2781 2138 2842 haberetur,

563 2878 860 2940 secundum
883 2877 1025 2948 quod
1045 2877 1442 2931 evidentissima
1461 2875 1911 2945 praedecessorum
1929 2881 2143 2927 nostro-

570 2984 690 3025 rum
713 2969 1027 3024 astruebant
1073 2966 1374 3039 privilegia.
1409 2963 1791 3036 Foroiuliensis
1822 2978 1951 3020 vero
1997 2961 2140 3017 anti-

566 3071 699 3126 stes,
736 3059 1106 3115 tantummodo
1134 3058 1330 3113 ﬁnibus
1352 3057 1824 3128 Longobardorum
1850 3062 1993 3111 esset
2011 3069 2140 3109 eon-

568 3161 771 3213 tcntus,
791 3150 943 3217 juxta
968 3148 1302 3220 privilegium
1317 3147 1558 3217 Gregorii
1578 3145 1620 3201 ll
1635 3154 1687 3200 et
1702 3145 2138 3200 retractationem
2169 3132 2213 3195 C

568 3240 770 3298 Tertii.
788 3242 856 3296 Et
874 3243 975 3297 hoc
1004 3240 1219 3310 quidem
1254 3247 1407 3293 extra
1437 3238 1751 3309 patientiam
1790 3250 2060 3292 canonum
2091 3234 2142 3289 ei

522 3332 523 3335 “
570 3348 671 3402 pro
710 3346 902 3401 magno
929 3328 1314 3391 concessimus,
1361 3327 1485 3396 quia
1517 3333 1708 3396 quater
1720 3324 1835 3395 jam
1865 3331 2086 3379 vocatus
2112 3337 2143 3377 a

573 3424 762 3489 nobis,
795 3438 892 3478 nec
922 3422 1066 3477 venit
1089 3463 1103 3485 ,
1134 3435 1236 3477 nec
1261 3420 1560 3483 excusavit,
1587 3434 1710 3473 cum
1738 3418 2030 3475 Gradensis
2053 3457 2067 3482 ,
2094 3417 2145 3472 id

573 3519 678 3574 est,
707 3526 858 3567 novae
876 3511 1135 3581 Aquileiae
1158 3509 1489 3579 patriarcha,
1519 3508 1804 3577 quinquies
1832 3515 2032 3563 nostrae
2060 3522 2149 3579 sy-

575 3604 738 3669 nodo,
759 3604 922 3658 etiam
942 3618 1047 3658 non
1069 3609 1311 3671 vocatus,
1341 3599 1665 3657 interfuerit.
1701 3599 1853 3655 Unde
1884 3599 2147 3654 monendo

574 3693 897 3748 mandamus
953 3700 1011 3747 et
1067 3691 1409 3761 praeciptmus
1466 3689 1619 3745 vobis
1673 3703 1740 3744 ex
1781 3698 1935 3760 parte
1973 3688 2063 3744 Dei
2095 3699 2149 3745 et

574 3768 747 3840 sancti
775 3783 941 3848 Petri,
966 3791 1019 3838 et
1043 3791 1249 3847 nostra,
1277 3791 1338 3836 ut
1360 3780 1584 3851 praelato
1623 3780 1886 3836 Gradcnsi
1916 3780 2148 3849 patriar-

576 3875 695 3947 cha;
721 3872 1231 3947 successoribusque
1280 3869 1415 3940 ejus,
1470 3870 1521 3926 in
1544 3871 1816 3936 omnibus,
1857 3870 2148 3925 secundum

572 3946 695 4033 iura
723 3946 1005 4026 canonica,
1033 3959 1345 4016 obedientes
1370 3959 1519 4023 sitis,
1556 3958 1697 4014 sicut
1724 3958 1940 4028 primati
1973 3967 2152 4014 vestro

577 4059 635 4105 et
663 4051 982 4120 patriarchae
1026 4064 1145 4104 esse
1196 4049 1427 4115 debetis,
1452 4057 1507 4103 et
1551 4049 1690 4103 sicut
1723 4048 2153 4103 antecessoribus

579 4137 696 4205 eius
747 4139 914 4193 nostri
967 4146 1225 4208 perpetuo
1277 4137 1687 4192 confirmarunt.
1722 4135 1788 4191 Et
1824 4136 1870 4192 si
1913 4136 2042 4207 quid
2070 4136 2150 4190 sui

574 4228 714 4296 juris
743 4226 797 4282 in
828 4228 1051 4284 urbibus
1074 4220 1267 4283 vestris
1283 4222 1366 4283 vel
1390 4228 1662 4298 parochiis
1684 4227 1993 4283 continetur
2011 4226 2153 4295 quod

582 4332 683 4374 suo
713 4318 1009 4372 dominatui
1051 4319 1247 4373 merito
1265 4318 1459 4372 debeat
1490 4317 1686 4381 subdi,
1709 4316 1887 4371 nullus
1915 4324 2153 4369 vestrum

585 4410 688 4465 sibi
734 4410 1111 4474 contradicere
1158 4421 1468 4479 prtesumat.
1499 4409 1556 4465 Si
1605 4409 1727 4479 quis
1759 4423 1887 4464 vero
1916 4417 2153 4463 vestrum

582 4497 881 4571 quidquam
918 4499 1078 4570 iusta:
1106 4499 1469 4570 qtuerimonire
1503 4501 1764 4556 adversus
1793 4514 1915 4554 eum
1946 4498 2158 4554 videtur

582 4592 813 4659 habere,
838 4599 933 4649 aut
951 4579 1132 4646 coram
1162 4591 1315 4647 vobis
1348 4590 1712 4647 eonfratribus
1737 4599 1791 4646 et
1820 4589 2158 4658 comprovin-

586 4683 817 4745 cialibus
844 4697 1062 4738 causam
1090 4698 1242 4759 suam
1278 4680 1539 4759 proferat,
1561 4689 1616 4738 et
1641 4696 1763 4736 cum
1784 4695 1869 4747 eo,
1893 4680 1936 4736 si
1969 4688 2155 4749 potue-

584 4775 675 4835 rit,
729 4773 951 4843 paciilce
1008 4756 1391 4841 definianaut
1434 4772 1489 4826 in
1534 4758 1876 4842 prtesentiam
1916 4782 2156 4825 neStram

587 4875 817 4935 utraque
842 4879 971 4935 pars
1014 4863 1372 4920 examinanda
1401 4862 1606 4925 veniat,
1639 4860 1786 4915 salva
1807 4860 1909 4916 sibi
1944 4858 2156 4914 interim

585 4969 683 5024 per
706 4953 887 5009 omnia
916 4962 972 5008 et
997 4949 1347 5022 patriarchali
1392 4951 1717 5013 reverentia,
1744 4958 1797 5002 et
1833 4946 2160 5018 preprietate

588 5057 705 5095 sua.
737 5041 889 5108 Quod
916 5043 962 5097 si
991 5052 1143 5097 extra
1178 5032 1434 5106 feceritis,
1473 5037 1742 5095 sententia
1781 5037 2038 5094 canonica
2065 5050 2161 5091 su-

592 5146 687 5200 per
716 5146 813 5185 vos
836 5132 1094 5202 vigilabit.

1236 5199 1519 5256 LXXXI".

1597 334 1656 390 s.
1700 335 1944 392 LEONIS
1984 336 2050 392 Ix
2091 289 2703 395 niam-opusccts.

2807 450 2983 520 (Anno
3012 449 3190 523 1033.)

2604 542 2818 617 [Mansi,
2851 542 3050 598 ϐοτη-ξι.
3088 544 3227 609 XIX,
3256 543 3405 616 657.]

2285 632 2393 690 Leo
2420 635 2723 705 episcopus,
2746 648 2931 688 servus
2966 648 3242 688 servorum
3285 634 3633 701 Dei,Tuou.£
3658 651 3789 692 eon—

2216 723 2367 778 t'ratri
2397 723 2719 778 charissima
2739 731 2794 776 et
2817 723 3154 793 coepiscopo,
3180 723 3429 778 salutem.

2286 811 2419 868 Cum
2462 829 2524 867 ex
2560 812 2941 867 venerabilium
2972 827 3234 867 canonum
3260 815 3587 870 auctoritate
3632 830 3791 869 reco-

2219 903 2377 960 limus
2392 904 2651 960 ducentos
2672 905 2909 975 quinque
2929 904 3208 976 episcopos
3232 906 3457 961 concilio
3484 906 3794 964 interfuisse

2219 995 2651 1064 Carthaginiensi,
2683 1005 2738 1051 et
2787 1011 2928 1051 nunc
2970 1012 3001 1051 a
3053 1005 3141 1050 tua
3171 996 3514 1053 fraternitate
3541 998 3802 1054 audimus

2220 1087 2457 1160 quisque
2485 1084 2573 1141 vix
2606 1086 2884 1155 episcopos
2924 1100 3205 1156 superesse
3227 1086 3278 1141 in
3315 1094 3426 1142 tota
3460 1085 3666 1153 Africa,
3688 1089 3793 1142 nti-

2222 1193 2326 1251 que
2355 1176 2510 1232 tertia
2536 1176 2693 1248 hujus
2715 1176 3079 1247 corruptibilis
3106 1168 3501 1248 mundiparte,
3530 1179 3797 1248 compati-

2223 1285 2359 1324 mur
2380 1277 2541 1324 tanta:
2569 1279 2763 1327 vestra:
2789 1270 3147 1325 imminutioni
3195 1271 3319 1327 totis
3349 1270 3652 1327 visceribus
3679 1273 3803 1327 ani-

2224 1359 2316 1419 mi.
2343 1345 2675 1415 Cumautem
2707 1361 2849 1428 ipsas
2868 1358 3290 1416 Christianitatis
3318 1361 3579 1431 reliquias
3604 1361 3801 1416 edisci-

2225 1466 2345 1505 mus
2374 1450 2582 1505 interna
2604 1458 2660 1506 et
2686 1460 2867 1504 mutua
2895 1451 3228 1506 dissensione
3254 1452 3481 1507 discindi
3509 1461 3568 1506 et
3593 1452 3797 1521 disper-

2226 1538 2298 1609 gi,
2323 1547 2379 1593 et
2401 1538 2661 1594 adversus
2688 1554 2745 1595 se
2782 1540 3010 1594 invicem
3051 1541 3169 1595 zelo
3198 1549 3248 1596 et
3271 1541 3622 1596 contentione
3649 1542 3799 1610 prin-

2228 1616 2437 1700 eipatns
2461 1630 2666 1695 inﬂari,
2691 1630 2764 1685 nil
2797 1630 2939 1687 aliud
2973 1630 3131 1687 nobis
3168 1631 3342 1702 primo
3392 1633 3681 1687 dicendum
3706 1648 3798 1688 oe-

2228 1722 2403 1777 currit
2427 1736 2586 1793 quam
2615 1722 2742 1779 iilud
2764 1722 2933 1777 sancti
2961 1724 3287 1789 Aluosyalis
3309 1740 3324 1778 :
3350 1721 3543 1789 Parce,
3561 1725 3806 1788 Domine,

2227 1830 2404 1883 parce,
2432 1815 2641 1868 obsecro
2664 1828 2683 1867 :
2708 1815 2824 1884 quis
2863 1816 3129 1893 suscitabit
3158 1815 3323 1871 Iacob
3347 1857 3365 1881 ,
3400 1817 3525 1891 quia
3554 1818 3800 1887 parvulas

2228 1913 2300 1957 est
2321 1903 2345 1957 7
2365 1903 2545 1973 (Antor
2570 1903 2691 1977 vtt.)
2708 1904 2815 1960 Sed
2835 1907 3082 1976 quamvis
3104 1905 3157 1960 in
3183 1906 3272 1961 tali
3300 1914 3562 1977 tantoque
3590 1905 3801 1962 defectu

2227 1991 2505 2063 religionis
2527 1992 2816 2062 phtrimum
2852 1993 3161 2060 doleamus;
3202 1995 3430 2050 multum
3464 1978 3649 2051 tamen
3680 2011 3808 2065 gau-

2230 2078 2437 2145 demus,
2461 2082 2586 2154 quia
2613 2093 2812 2139 sanctte
2839 2082 3097 2140 Romana:
3121 2085 3372 2141 Ecclesiae
3394 2087 3588 2141 matris
3616 2096 3809 2140 vestra

2231 2174 2554 2228 sententiam
2588 2173 2861 2245 requiritis
2882 2184 2937 2229 et
2967 2176 3293 2246 exspectatis
3320 2190 3480 2245 super
3501 2175 3808 2245 qumstioni-

2234 2266 2335 2320 bus
2366 2266 2600 2320 vestris:
2629 2275 2684 2321 et
2710 2266 2861 2336 quasi
2883 2266 3069 2321 rivulis
3098 2266 3167 2322 ab
3197 2282 3304 2321 uno
3334 2265 3481 2321 fonte
3509 2282 3803 2337 erumpen-

2236 2354 2399 2421 tibus,
2427 2354 2556 2409 etin
2587 2370 2684 2410 suo
2708 2369 2768 2411 se
2793 2370 2955 2410 cursu
2977 2371 3074 2425 per
3100 2356 3311 2412 diversa
3342 2357 3725 2429 spargentibus
3744 2356 3812 2411 ad

2236 2444 2403 2513 ipsius
2449 2443 2611 2499 fontis
2663 2445 2891 2515 primam
2949 2446 3330 2517 seaturiginem
3372 2447 3572 2503 reverti
3619 2447 3814 2501 debere

2235 2534 2492 2603 optimum
2514 2535 2735 2603 putatis,
2765 2544 2822 2589 ut
2847 2533 2968 2591 inde
2993 2536 3280 2591 resumatis
3307 2535 3628 2611 directionis
3652 2537 3816 2590 vcsti-

2237 2625 2403 2695 gium,
2455 2625 2595 2679 unde
2637 2622 2940 2695 sumpSislis
2986 2627 3147 2681 totius
3174 2625 3497 2681 Christiana:
3540 2625 3817 2698 religionis

2237 2714 2537 2770 exordium.
2574 2714 2798 2771 Noveris
2823 2728 2952 2787 ergo
2974 2715 3155 2786 procul
3180 2717 3344 2772 dubio
3371 2716 3521 2787 quia,
3549 2730 3675 2786 post
3704 2715 3807 2770 Ro-

2242 2810 2457 2861 inanum
2484 2807 2814 2877 pontificem,
2844 2808 3053 2878 primus
3091 2808 3532 2879 archiepiscOpns
3567 2818 3625 2863 et
3654 2808 3818 2862 totius

2238 2897 2436 2953 Africae
2466 2899 2732 2954 maximus
2764 2898 3204 2970 metropolitanus
3250 2908 3333 2953 est
3370 2898 3813 2970 Cartltagittcnsis

2243 2989 2688 3057 episcopusznec,
2715 2988 3039 3060 quicumque
3061 2988 3152 3056 sit,
3183 2988 3271 3044 ille
3291 2987 3675 3044 Gnnnnitanus
3701 2989 3816 3057 epi-

2244 3094 2438 3147 scapus
2491 3079 2721 3149 aliquam
2767 3078 3037 3133 licentiam
3079 3080 3428 3134 consecrandi
3494 3080 3813 3148 episcopos,

2246 3169 2326 3222 vel
2384 3168 2708 3239 deponendi,
2754 3183 2845 3223 seu
2901 3168 3231 3238 provinciale
3295 3164 3582 3223 concilium
3620 3182 3818 3222 eonvoo

2245 3260 2400 3313 eandi
2449 3259 2630 3323 habet,
2684 3260 2801 3313 sine
2842 3274 3102 3315 consensu
3157 3250 3598 3331 Cartltztgittettsis
3637 3260 3818 3314 archi-

2246 3350 2508 3420 episcopi,
2534 3349 2817 3421 cujuslibet
2861 3351 3135 3422 dignitatis
3172 3361 3265 3406 aut
3296 3351 3579 3422 potestatis
3602 3351 3696 3417 sit,
3722 3366 3817 3405 ex-

2246 3440 2417 3509 ceptis
2470 3440 2556 3495 his
2596 3454 2714 3510 quae
2761 3440 2828 3495 ad
2857 3441 3131 3512 propriam
3162 3441 3470 3512 parochiam
3510 3441 3810 3511 pertinent;

2247 3542 2442 3588 caetera
2474 3544 2678 3599 autem,
2701 3534 2842 3587 sicut
2869 3543 2922 3587 et
2960 3533 3050 3588 alii
3073 3533 3312 3588 Africani
3347 3532 3618 3605 episcopi,
3645 3533 3817 3587 cousi-

2249 3621 2323 3678 lio
2351 3622 2785 3693 Carthaginiensis
2814 3623 3205 3693 archiepiscopi
3228 3632 3381 3693 aget.
3426 3621 3583 3677 Unde
3612 3620 3817 3676 charis-

2248 3712 2370 3769 δὶιυί
2398 3690 2698 3769 conft'atres
2730 3713 2898 3768 nostri
2928 3690 3235 3785 coepiscopi
3253 3690 3443 3769 Fetrus
3490 3723 3547 3766 et
3584 3710 3820 3767 Joannes

2252 3812 2401 3861 recte
2428 3804 2667 3860 sentiunt
2690 3804 2756 3861 de
2789 3804 3231 3876 Carthagioensis
3259 3803 3511 3860 Ecclesia:
3536 3803 3822 3876 dignum,

2251 3910 2353 3950 nec
2396 3895 2739 3950 consentiunt
2786 3896 2957 3951 errori
3002 3894 3357 3950 Gummitanre
3402 3893 3681 3948 Ecclesia).
3714 3893 3818 3946 Hoc.

2254 3996 2432 4040 autem
2472 3985 2594 4041 nolo
2638 4002 2735 4041 vos
2762 3987 2945 4052 lateat,
2971 4002 3075 4042 non
3118 3987 3315 4041 debere
3358 3994 3555 4055 praeter
3608 3994 3825 4040 scatens

2255 4076 2382 4131 tiam
2399 4076 2623 4132 Romani
2637 4077 2903 4147 pontificis
2917 4078 3217 4134 universale
3227 4077 3512 4133 conciliem
3536 4076 3827 4140 celebrari,

2255 4175 2348 4221 aut
2392 4168 2675 4237 episcopos
2718 4167 2966 4222 damnari
3002 4166 3088 4223 vel
3134 4167 3358 4237 deponi;
3398 4166 3549 4236 quia,
3575 4166 3680 4221 etsi
3706 4165 3827 4220 licet

2257 4258 2410 4313 vobis
2435 4257 2644 4328 aliquos
2687 4259 2966 4330 episcopos
3013 4259 3349 4321 examinare,
3379 4257 3724 4312 dimnitivam
3755 4267 3829 4310 tas

2259 4363 2379 4403 men
2402 4351 2752 4415 sententiam,
2779 4350 2984 4419 absque
3011 4347 3257 4404 consultu
3279 4348 3501 4403 Romani
3534 4346 3827 4417 pontiﬁcis,

2188 4463 2233 4525 ι)
2261 4449 2320 4495 ιιι
2349 4438 2549 4496 dictum
2572 4449 2674 4503 est,
2698 4455 2805 4496 non
2832 4439 2960 4497 licet
2986 4442 3115 4497 dare
3140 4457 3155 4493 :
3189 4439 3331 4523 quod
3359 4439 3410 4493 in
3436 4439 3645 4494 sanctis
3669 4452 3831 4494 eano—

2258 4529 2417 4585 nibus
2436 4539 2722 4595 statutum,
2743 4531 2788 4585 si
2820 4531 3080 4601 quaeritis,
3105 4520 3333 4600 potestis
3352 4530 3616 4585 invenire.
3637 4528 3831 4596 Quam-

2258 4621 2340 4675 vis
2374 4621 2517 4676 enim
2567 4621 2816 4676 omnibus
2843 4619 3168 4689 generaliter
3187 4619 3443 4690 apostolis
3468 4618 3676 4673 dictum
3705 4618 3773 4673 sit
3799 4633 3829 4670 ε

2260 4714 2486 4769 Domino
2512 4712 2896 4783 :Qua'eumque
2920 4711 3197 4782 ligaveritis
3222 4712 3275 4764 in
3300 4721 3461 4775 terra,
3487 4710 3654 4780 ligata
3681 4720 3829 4763 erant

2260 4819 2306 4861 et
2336 4809 2390 4863 in
2418 4816 2577 4873 caelo;
2608 4814 2657 4862 et
2676 4821 2998 4877 qua-cunque
3043 4803 3300 4859 solveritis
3348 4803 3405 4856 in
3443 4812 3609 4864 terra,
3662 4799 3829 4854 solute

2258 4907 2408 4954 erunt
2460 4909 2507 4952 et
2562 4899 2616 4952 in
2655 4896 2782 4952 caelo
2830 4894 3045 4966 (Matth.
3090 4894 3308 4963 xvtu):
3344 4900 3525 4947 tamen
3572 4907 3681 4945 non
3719 4890 3831 4945 sine

2257 5004 2421 5046 causa
2449 4988 2756 5060 specialiter
2775 4997 2831 5042 et
2862 4986 3173 5041 nominatim
3215 4984 3418 5039 dictum
3467 4990 3555 5038 est
3582 4980 3645 5035 Β.
3675 4979 3831 5036 Petro

2260 5079 2621 5151 apostolorum
2652 5076 2881 5148 principi
2912 5093 2927 5131 :
2954 5074 3032 5129 Tu
3059 5089 3111 5129 et
3145 5072 3365 5139 Petrus,
3397 5082 3449 5129 et
3494 5088 3655 5144 super
3699 5072 3828 5124 hanc

2261 5180 2461 5241 petram
2498 5168 2768 5239 trdiﬁrabo
2792 5168 3077 5223 Ecclesiam
3109 5182 3274 5222 meam
3306 5180 3326 5221 :
3351 5175 3401 5221 et
3434 5164 3531 5221 tibi
3563 5165 3699 5219 dabo
3726 5161 3826 5217 tla°

2263 5278 2345 5300 me
2376 5261 2518 5300 νοηηὸ
2560 5260 2801 5300 pains-um
2844 5258 3035 5300 (Hall!)
3106 5256 3238 5300 ῐνιὶ-
3281 5257 3349 5300 F1
3393 5256 3448 5300 in
3511 5257 3620 5300 aii“
3672 5254 3823 5300 lnm:
