4020 5392
237 252 345 324 729

1227 262 1586 321 EPISTOLE
1626 262 1715 320 ET
1752 262 2069 321 DECRETA
2113 260 2515 318 PONTIFICIA.

3391 252 3496 307 730

239 382 324 435 nis
359 378 737 451 episcoporum
787 375 1125 430 decrevimus
1170 375 1526 444 respondere;
1565 383 1815 443 optamus
1842 380 1888 437 Α
1918 370 2143 427 consilio
2163 368 2607 437 Carthaginensis
2630 362 3019 437 archiepiscopi
3048 371 3200 435 aget,
3234 360 3324 433 qui
3350 362 3496 417 solus

238 478 566 525 tttsanctam
591 479 734 522 lttam
782 466 1171 522 fratcnitatcm
1209 467 1410 536 jngilur
1451 464 1818 535 invigilantcm

239 561 564 615 utilitatibus
589 568 788 613 sancta:
817 557 1094 612 calltoiica:
1118 556 1205 611 Εο‹
1229 556 1397 617 Ιιιδίιε,
1440 567 1604 626 atque
1633 557 1820 610 devote

238 668 340 723 pro
367 653 523 708 nobis
543 662 811 715 orantem,
837 660 1019 705 sancta
1052 662 1106 706 et
1133 650 1398 704 individua
1425 648 1661 705 Trinitas
1681 664 1821 704 sent-

240 762 338 818 pcr
365 756 670 809 conservet,
700 744 1019 801 cltarissintc
1048 744 1237 797 frater.

314 838 508 891 Datum
537 852 627 891 xvt
673 835 940 891 Kalendas
981 835 1249 897 Januarii,
1279 851 1421 891 anno
1451 833 1655 890 domini
1686 832 1822 888 beo-

240 928 329 984 nis
353 942 505 999 papa:
532 943 586 982 ιχ
610 928 821 997 quinto,
838 928 1129 984 indictione
1159 944 1254 982 vn.

883 1041 1189 1097 LXXXIV.‘

243 1133 305 1189 5.
352 1134 452 1187 Leo
509 1132 591 1187 IX
643 1132 856 1187 Petrum
909 1146 957 1187 et
1011 1133 1271 1188 Joannem
1317 1135 1583 1203 episcopos
1634 1130 1819 1186 laudat

310 1204 451 1277 quod
480 1204 642 1277 ,ἤνωγε
696 1221 792 1259 suo
841 1204 1212 1277 capriliutttide
1259 1202 1820 1277 rebes__ece_.’esinsticia

310 1272 682 1346 celebraverint
731 1285 779 1346 et
816 1272 947 1346 jura
983 1272 1819 1346 orrltiepimjiCarthaginemia

310 1356 496 1399 contra
541 1342 939 1398 Cummilahum
968 1346 1263 1414 episcopum
1295 1343 1643 1412 defenderint.

820 1436 840 1506 (
863 1436 1017 1489 Anno
1057 1434 1210 1489 1055.
1239 1436 1257 1504 )

746 1525 955 1599 [Mansi
986 1526 1139 1590 itid.,
1163 1523 1286 1581 658.
1312 1524 1331 1597 ]

308 1643 423 1698 Leo
463 1644 783 1712 cpiscopus,
828 1655 1019 1696 servus
1062 1655 1340 1695 servorum
1383 1638 1510 1702 Dei,
1538 1638 1820 1693 dilectissi-

1921 463 1974 518 in
2019 462 2195 516 Africa
2238 460 2457 531 pallium
2500 459 2568 514 ab
2610 457 2905 528 apostolica
2950 462 3077 511 sede
3108 453 3306 510 habere
3336 454 3491 508 solet.

1925 555 2074 612 Unde
2112 563 2167 609 et
2205 553 2487 624 episcopos
2525 548 2874 605 consecrandi
2920 534 3216 618 principale
3259 553 3315 600 et
3356 544 3497 599 auli-

1920 662 2091 717 qnunr
2111 642 2199 713 jus
2230 643 2458 706 retinet,
2488 642 2626 696 sicut
2655 656 2722 693 ex
2748 638 2928 696 verbis
2952 638 3152 693 Aurelii
3185 636 3238 691 in
3267 636 3497 693 concilio

1921 733 2337 805 Cartltagincnsi
2372 729 2611 802 (Coucil.
2643 727 2893 800 Cartlzag.
2928 726 3043 795 ιιι.)
3074 724 3310 796 capitulo
3335 727 3500 795 trige-

1920 813 2233 884 sitnonono
2261 834 2438 896 potest
2471 820 2731 891 intelligi,
2762 832 2885 873 cum
2923 817 3052 872 dicit
3080 834 3093 870 :
3129 816 3184 871 ln
3222 812 3493 880 Ecclesia,

1921 920 1990 974 ad
2041 934 2202 989 quam
2258 917 2474 986 dignata
2516 921 2597 968 est
2644 918 2820 967 vestra
2869 906 3131 964 sanctitas
3180 906 3493 967 convenire,

1923 1008 2114 1064 crebro
2142 1022 2207 1060 ac
2235 1019 2371 1074 pene
2406 1017 2501 1074 per
2530 1001 2673 1055 diem
2716 996 3051 1055 Dominicam
3092 993 3373 1065 episcopos
3405 1008 3497 1047 or-

1921 1096 2185 1153 dinandus
2232 1095 2529 1157 habemus,
2579 1102 2686 1147 etc.
2739 1088 2845 1145 Sed
2882 1088 2986 1143 hoc
3020 1102 3117 1141 vos
3157 1100 3262 1140 non
3298 1084 3497 1145 lateat,

1921 1207 2025 1245 non
2056 1191 2249 1245 deltere
2280 1198 2475 1258 praeter
2502 1184 2785 1241 scientiam
2816 1182 3185 1256 [sententiam
3212 1178 3237 1248 ἰ
3271 1178 3497 1258 Romani

1921 1281 2188 1351 pontificis
2240 1277 2546 1333 universale
2592 1274 2879 1331 concilium
2919 1270 3219 1336 celebrari,
3258 1279 3350 1325 aut
3390 1256 3501 1340 epi-

1921 1387 2113 1444 scopos
2145 1370 2392 1427 damnari
2432 1369 2513 1424 vel
2546 1366 2779 1438 deponi,
2813 1365 2974 1436 quia.
3025 1364 3126 1418 etsi
3176 1362 3301 1419 licet
3347 1362 3501 1417 vobis

1920 1467 2130 1537 aliquos
2178 1463 2459 1535 episcopos
2510 1460 2861 1521 examinare,
2919 1456 3284 1537 diﬂinitivaat
3318 1466 3498 1510 tamen

1920 1558 2246 1617 sententiam
2287 1558 2493 1625 alisque
2531 1551 2778 1609 consultu
2816 1550 3043 1606 Romani
3097 1548 3394 1621 pontificis,
3446 1556 3503 1600 ttt

1923 1650 2124 1704 dictum
2161 1657 2239 1703 cst
2264 1688 2278 1712 ,
2323 1662 2427 1701 t;ou
2468 1646 2595 1700 licet
2624 1645 2777 1699 dare.
2820 1640 2971 1710 Quod
3010 1639 3061 1694 in
3102 1639 3306 1695 sanctis
3342 1653 3505 1692 cano-

242 1740 342 1792 mis
382 1737 435 1791 in
480 1736 698 1792 Christo
738 1732 994 1791 fratribus
1037 1733 1220 1789 Ρετιιο
1244 1741 1298 1787 et
1323 1731 1512 1788 JOANNI
1556 1726 1822 1802 episcopis
1855 1742 1895 1800 Β
1924 1741 2083 1795 nibus
2137 1732 2397 1793 statutum
2425 1779 2439 1801 ,
2476 1730 2538 1791 si
2594 1734 2838 1805 quatritis
2865 1774 2881 1799 ,
2933 1731 3163 1803 potestis
3214 1729 3501 1785 invenire:

241 1830 465 1884 salutem
494 1836 555 1883 et
580 1827 931 1897 apostolicam
959 1824 1410 1881 benedictionem.

308 1921 486 1997 Decus
527 1920 893 1975 Ecclesiarum
933 1918 1309 1997 Africanarum
1342 1916 1412 1971 ita
1444 1917 1818 1972 concttlratum

238 2027 266 2064 a
304 1994 562 2082 gentibus
603 2007 827 2063 nintium
871 2004 1116 2064 dolemus
1157 1994 1215 2062 ut
1260 2007 1418 2063 modo
1448 2006 1534 2061 vix
1581 2009 1820 2078 quinque

240 2100 592 2156 inveniantur
620 2099 857 2170 episcOpi
881 2141 894 2163 ,
928 2099 1019 2153 ubi
1058 2098 1186 2153 oliut
1218 2094 1434 2152 ducenti
1467 2098 1704 2166 quinque
1735 2112 1821 2150 so-

240 2193 422 2247 lebant
452 2207 552 2263 per
581 2191 810 2247 concilia
843 2189 1083 2261 plenaria
1115 2188 1416 2258 cozttpntari
1446 2202 1460 2251 ;
1492 2195 1546 2242 et
1588 2187 1658 2241 ibi
1693 2202 1822 2256 pau-

239 2285 387 2341 culas
430 2300 566 2340 oves
612 2282 938 2355 quoliliatttn
980 2280 1239 2337 occisioui
1281 2281 1562 2352 deputatas
1609 2293 1820 2333 rcntan-

235 2377 372 2432 sissc
397 2416 414 2440 ,
449 2376 543 2431 tibi
573 2374 844 2446 quondam
874 2370 1287 2428 innumerabilis
1315 2387 1445 2442 grex
1479 2368 1688 2424 Domini
1720 2368 1821 2423 sub

234 2466 546 2522 numerosis
584 2466 846 2521 arietibus
878 2463 1184 2519 exsultabat
1222 2462 1328 2517 alta
1368 2475 1518 2531 pace.
1558 2460 1663 2513 Sed
1707 2460 1822 2513 lucc

235 2555 481 2627 peccatis
537 2555 739 2610 nostris
796 2555 1158 2624 imputantcs,
1216 2552 1484 2623 justitiam
1544 2550 1823 2607 Creatoris

236 2648 621 2703 collaudantcs
640 2688 654 2711 ,
689 2646 977 2701 timeamus
996 2686 1012 2712 ,
1041 2653 1096 2700 et
1126 2642 1551 2699 misericordiam
1581 2641 1698 2710 ejus
1735 2642 1821 2696 in-

239 2748 453 2794 stanter
484 2739 823 2811 poslulentus
852 2748 906 2793 ut
939 2754 1126 2793 servos
1155 2752 1282 2792 suos
1311 2736 1525 2790 tandem
1554 2732 1823 2804 respicere

237 2835 517 2905 dignetur.
557 2832 708 2900 Quod
746 2841 924 2887 autent
974 2831 1268 2901 scripsistis
1312 2830 1467 2885 nobis
1497 2844 1596 2899 pro
1624 2839 1825 2883 sancta:

239 2916 503 2978 Romana:
531 2922 785 2977 Ecclesize
811 2931 950 2976 statu
980 2931 1270 2991 nostraque
1320 2919 1691 2974 incolumitate
1729 2933 1825 2973 vos

241 3015 531 3069 Dominum
585 3014 788 3085 gratias
836 3014 1043 3085 agendo
1093 3027 1348 3069 exorasse
1384 3030 1395 3065 :
1434 3011 1692 3067 noveritis
1725 3024 1825 3065 nos

1922 1832 2128 1886 scilicet
2166 1830 2289 1901 quia
2330 1828 2572 1883 omnium
2609 1825 2976 1883 Ecclesiarum
3021 1822 3251 1890 majores
3282 1830 3338 1875 et
3366 1819 3508 1875 diffic

1922 1922 2140 1976 ciliorcs
2176 1927 2352 1975 causa:
2378 1960 2390 1978 .
2434 1934 2529 1989 per
2567 1926 2809 2001 sqpctam
2848 1925 2903 1973 et
2950 1912 3308 1989 principalem
3362 1911 3506 1966 beati

1924 2013 2066 2068 Petri
2108 2014 2291 2067 sedent
2326 2028 2352 2063 a
2388 2007 2794 2064 successoribus
2824 2006 2940 2075 ejus
2978 2005 3302 2060 diﬂiuienda:
3339 2013 3461 2058 sunt
3488 2044 3503 2069 ,

1923 2115 2108 2173 utpote
2143 2105 2226 2159 cui
2264 2103 2527 2157 divinitus
2566 2104 2619 2157 di
2658 2104 2806 2156 itur:
2844 2098 3111 2169 Confirma
3147 2099 3341 2169 fratres
3378 2108 3495 2150 tuo:

1924 2196 2095 2268 (Luc.
2132 2213 2240 2251 xxu
2266 2194 2326 2266 );
2366 2204 2466 2249 et:
2508 2192 2623 2248 Tibi
2661 2194 2795 2247 dabo
2846 2191 3013 2246 claves
3061 2190 3209 2263 regni
3257 2188 3503 2244 caelorum

1922 2288 2157 2362 (ifilli.
2188 2304 2277 2341 avt
2302 2287 2319 2358 )
2346 2327 2362 2353 ,
2392 2296 2503 2341 etc.
2664 2284 2671 2289 ’

1994 2381 2166 2446 Nunc,
2195 2381 2317 2451 quia
2370 2380 2435 2434 de
2487 2379 2916 2450 archiepiscopis
2962 2389 3016 2433 et
3066 2377 3505 2448 metropolitanis

1918 2466 2244 2527 sententiam
2286 2480 2526 2525 nostrant
2562 2469 2839 2541 requiritis
2865 2511 2879 2533 ,
2916 2469 3304 2525 venerabilium
3342 2478 3501 2524 ante-

1924 2560 2201 2617 cessornm
2243 2571 2549 2616 nostrorum
2589 2561 2733 2614 dicta
2770 2568 2955 2630 aperte
2996 2560 3399 2616 demonstrant.
3454 2560 3507 2613 ii

1924 2663 2008 2709 est
2037 2653 2361 2718 Clementis,
2385 2651 2625 2706 Anacleti
2647 2692 2661 2719 ,
2689 2651 2902 2705 Aniceti
2934 2661 2988 2703 et
3022 2648 3273 2712 aliorum,
3308 2649 3394 2702 ubi
3430 2651 3501 2702 itt

1925 2745 2116 2816 legitur
2147 2763 2160 2799 :
2202 2744 2556 2800 Sacerdotem
2605 2743 2740 2798 ordo
2778 2740 3067 2811 bipartitus
3105 2749 3218 2802 est,
3262 2754 3361 2794 nec
3393 2724 3535 2793 ant:

1926 2835 2066 2905 plius
2112 2851 2274 2905 quant
2324 2833 2459 2888 duos
2511 2834 2763 2897 ordines,
2818 2831 2869 2886 id
2909 2842 2993 2885 est
3030 2831 3405 2901 episcoporum
3445 2839 3501 2883 et

1927 2930 2399 3001 prehylcrorunt,
2459 2928 2613 2982 nobis
2667 2923 2848 2981 collati
2910 2934 3067 2988 sunt,
3125 2939 3224 2979 nec
3278 2939 3344 2992 ap
3382 2923 3535 2992 διωξὶ,

1929 3020 2252 3074 docuerunt.
2317 3018 2707 3088 Episcoporunt
2764 3024 2944 3068 autem
3005 3014 3142 3070 ordo
3198 3028 3338 3067 unus
3391 3022 3505 3076 est,

240 3114 438 3160 vestra:
490 3103 814 3158 fraternitati
867 3104 1069 3174 gratias
1114 3120 1309 3175 agere,
1364 3111 1420 3158 et
1446 3117 1545 3172 pro
1574 3100 1820 3157 consola-
1853 3113 1896 3175 ο
1929 3113 2177 3186 (mannis
2225 3113 2314 3167 am
2364 3111 2725 3184 ρηρῑρταηιιιι·
2774 3109 2928 3174 aliis,
2980 3108 3091 3162 site
3129 3122 3226 3178 pro
3264 3121 3330 3161 co
3362 3105 3505 3175 quod

240 3197 390 3252 tione
422 3206 605 3251 vestra
635 3211 851 3266 semper
879 3212 1058 3251 orare.
1099 3196 1160 3250 Et
1196 3209 1382 3250 revera
1407 3234 1423 3260 ,
1454 3193 1679 3255 fratres,
1725 3193 1826 3251 hoc

238 3289 579 3362 acccptabile
606 3300 689 3346 est
722 3291 946 3346 Domino
974 3299 1159 3345 nostro
1183 3288 1308 3344 Jesu
1336 3287 1552 3343 Christo
1582 3296 1639 3340 ut
1667 3293 1827 3355 caput

240 3381 497 3437 omnibus
544 3381 806 3437 membris
851 3381 1145 3451 prospiciat
1180 3388 1234 3435 et
1268 3379 1547 3444 invigilel;
1584 3378 1823 3431 tttentltra

239 3488 372 3528 vero
403 3473 489 3528 sui
519 3474 717 3543 capitis
745 3474 973 3535 salutem
1006 3472 1123 3527 sine
1154 3470 1551 3526 intermissione
1581 3477 1827 3539 quaerant

240 3575 297 3620 et
319 3573 534 3635 optent.
567 3563 712 3619 Bene
741 3565 989 3635 equidem
1021 3561 1254 3626 fecistis,
1286 3563 1426 3631 quod
1445 3560 1580 3629 jussi
1609 3576 1637 3614 a
1671 3560 1825 3614 nobis

241 3655 532 3712 concilium
571 3654 639 3710 de
688 3656 847 3710 rebus
894 3652 1279 3710 ecclesiasticis
1325 3653 1628 3708 ltaltuistis:
1681 3650 1823 3719 quod

240 3749 407 3802 etiam
442 3747 597 3804 omni
632 3763 777 3801 anno
817 3747 896 3803 vel
934 3745 1103 3801 semel
1137 3760 1299 3817 agerc
1337 3744 1564 3799 debetis.
1602 3742 1826 3811 Insuper

244 3851 396 3896 recte
431 3850 624 3895 contra
684 3838 1091 3894 Gumntitanum
1138 3838 1451 3906 episcopum
1504 3833 1822 3902 dignitatem

236 3928 690 3999 (Iarthaginensis
727 3928 980 3984 Ecclesia:
1014 3926 1369 3991 defendistis;
1403 3923 1530 4003 quia
1566 3923 1685 3978 sine
1721 3923 1821 3974 dn-

241 4022 329 4076 bio
366 4028 492 4091 post
527 4020 827 4074 Romanum
867 4017 1175 4089 pontificem
1214 4017 1422 4088 primus
1456 4014 1823 4080 archiepisco-

237 4124 339 4183 pus
374 4121 435 4166 et
474 4110 639 4165 totius
676 4108 875 4165 Africa:
928 4109 1197 4164 maximus
1246 4107 1693 4178 metropolitanus
1739 4116 1826 4162 est

239 4203 651 4275 Cartaginensis
688 4202 1149 4273 cpiscopus,‘nec
1200 4216 1295 4272 pro
1333 4200 1515 4271 aliquo
1568 4199 1824 4269 episcopo

241 4295 294 4347 in
347 4303 461 4349 tota
507 4291 696 4348 Africa
751 4300 928 4362 potest
979 4291 1209 4361 perdere
1262 4291 1601 4362 privilegium
1656 4287 1823 4345 semel

241 4392 553 4453 susceptum
603 4398 633 4438 a
685 4391 873 4436 sancta
920 4380 1161 4436 Romana
1210 4387 1266 4435 ct
1309 4378 1601 4449 apostolica
1650 4378 1818 4433 sede:

1927 3209 2129 3277 primas
2185 3207 2432 3263 civitates
2486 3214 2541 3260 et
2591 3202 2763 3274 magis
2821 3202 3156 3265 nominatas,
3209 3196 3502 3255 secundum

1926 3299 2220 3371 potentiam
2270 3306 2363 3352 aut
2409 3296 2555 3369 leges
2602 3294 2783 3351 saeculi
2832 3294 3098 3353 retinent,
3141 3291 3256 3347 sive
3290 3286 3433 3360 quod
3474 3303 3509 3341 a

1923 3390 2127 3454 sanctis
2169 3388 2421 3444 Patrihus
2464 3402 2562 3457 pro
2610 3387 2791 3455 aliqua
2840 3385 3145 3439 reverentia
3194 3379 3508 3437 sanctitatis

1927 3479 2141 3550 aliquod
2172 3480 2506 3550 privilegium
2538 3477 2819 3549 dignitatis
2849 3476 2987 3545 ιοδςὶ
3016 3477 3142 3528 lenl.
3172 3472 3304 3528 Nam
3328 3514 3343 3536 ,
3368 3473 3508 3526 sicut

1926 3571 2104 3628 omnis
2135 3571 2400 3625 mundana
2433 3578 2674 3640 potestas
2705 3569 2790 3623 his
2820 3568 3076 3639 gradibus
3109 3565 3427 3635 dignitatum
3470 3579 3501 3616 a

1925 3680 1986 3721 se
2022 3664 2247 3718 invicem
2285 3663 2484 3725 distat,
2524 3662 2575 3716 id
2607 3670 2724 3727 est,
2765 3669 2825 3715 ut
2861 3659 3067 3729 primus
3106 3658 3175 3711 sit
3224 3658 3499 3725 Augustus

1928 3754 2008 3819 vel
2047 3755 2355 3824 imperator,
2398 3751 2605 3807 deinde.
2628 3750 2905 3811 Ctesarcs,
2939 3747 3133 3801 deinde
3169 3736 3361 3812 rcges,
3404 3742 3504 3795 du-

1926 3861 2017 3900 ces
2051 3854 2104 3900 et
2140 3844 2367 3900 comites
2400 3852 2562 3912 atque
2603 3840 2803 3896 tribuni
2836 3855 2851 3905 ;
2904 3839 2977 3892 ita
3029 3846 3082 3892 et
3134 3831 3501 3890 θροιο›ἰίιεῑίς;ι

1926 3935 2163 4003 dignitas
2200 3934 2449 3988 ordinata
2489 3948 2519 3986 a
2557 3931 2761 3985 sanctis
2799 3927 3049 3982 Patribus
3087 3924 3380 3986 invenitur,
3422 3922 3505 3974 dio

1926 4038 2083 4083 centc
2112 4027 2274 4081 beato
2303 4025 2580 4081 Clemente
2608 4024 2627 4092 (
2655 4022 2823 4093 Epist.
2854 4021 2874 4074 Al
2902 4061 2917 4084 ,
2947 4032 3075 4074 tottt.
3110 4016 3162 4083 l,
3192 4032 3245 4087 p.
3273 4015 3333 4070 91
3362 4012 3379 4085 )
3405 4031 3418 4068 :
3446 4012 3504 4067 in

1922 4118 2014 4179 his
2045 4116 2357 4173 civitatibus
2378 4155 2394 4179 ,
2426 4114 2479 4169 itt
2512 4113 2709 4182 quibus
2740 4110 2868 4164 olim
2902 4109 3042 4181 apud
3069 4105 3315 4161 ethnicos
3346 4103 3509 4173 primi

1925 4210 2172 4265 flamines
2206 4223 2395 4263 eorum
2434 4214 2596 4276 atque
2631 4203 2790 4274 primi
2831 4201 2966 4272 legis
3001 4200 3255 4256 doctores
3303 4204 3458 4249 crant
3482 4235 3504 4257 ι

1926 4304 2184 4373 primates
2211 4298 2294 4355 vel
2328 4297 2648 4368 patriarcha:
2677 4294 2833 4364 positi
2867 4300 2986 4346 sunt
3006 4331 3021 4354 ,
3049 4288 3140 4361 qui
3174 4286 3513 4355 reliquorum

1919 4372 2120 4462 judicia
2148 4400 2203 4447 et
2230 4388 2433 4459 majora
2464 4386 2675 4457 negotia
2697 4385 2843 4453 justo
2873 4379 3163 4436 diffinircnt
3183 4418 3198 4443 ,
3226 4375 3315 4445 qui
3340 4372 3509 4427 etiam

239 4474 339 4528 sed
369 4471 642 4527 obtinebit
672 4471 801 4526 illud
833 4486 1004 4541 usque
1038 4472 1088 4525 in
1120 4469 1280 4525 tinent
1309 4454 1523 4535 steculi,
1555 4478 1608 4524 et
1648 4471 1818 4524 donec

1928 4500 2032 4540 non
2067 4482 2155 4536 uni
2187 4481 2517 4551 provincim,
2551 4479 2644 4535 scd
2682 4476 2927 4548 pluribus
2954 4478 3268 4542 prarcssrnt.
3304 4466 3360 4525 ὓς
3382 4466 3507 4521 inzle

242 4566 294 4622 itt
321 4582 384 4622 ea
414 4566 757 4621 invocabitur
782 4580 976 4619 nomen
1004 4564 1212 4620 Domini
1243 4564 1410 4619 nostri
1437 4562 1561 4618 Jesu
1588 4562 1822 4627 Christi,

239 4659 355 4713 sive
386 4660 600 4712 deserta
623 4654 804 4723 jaceat
834 4655 1134 4725 Carthago,
1167 4655 1282 4710 sive
1317 4664 1560 4725 resurgat
1590 4655 1822 4725 gloriosa

247 4745 687 4816 aliquandoJIoc
714 4760 780 4799 ex
809 4746 1038 4800 concilio
1069 4744 1209 4799 beati
1245 4745 1502 4816 martyris
1532 4745 1818 4816 Cypriani,

243 4839 345 4892 hoc
379 4852 447 4890 cx
482 4836 704 4909 synodis
739 4837 975 4897 Aurelii,
1020 4836 1120 4891 hoc
1157 4851 1223 4891 ex
1265 4837 1518 4889 omnibus
1546 4835 1824 4891 Africanis

240 4929 522 4993 conciliis,
575 4927 715 4994 hoc,
762 4929 902 4996 quod
954 4924 1127 4994 majus
1167 4936 1282 4989 est,
1324 4943 1390 4982 ex
1430 4930 1821 4993 vetterahilinm

240 5021 701 5091 praedecessorum
755 5029 1063 5074 nostrorum
1112 5018 1479 5075 Romanorum
1531 5020 1819 5091 praesulnnt

241 5111 477 5167 decretis
504 5120 692 5184 aperte
721 5118 1090 5167 monstratur:
1124 5123 1225 5165 nec
1267 5110 1572 5181 quicunque
1617 5111 1706 5167 ille
1751 5110 1824 5163 sit

242 5200 622 5259 Cummitanus
670 5202 985 5272 episcopus,
1035 5199 1270 5270 aliquant
1315 5198 1589 5260 licentiam
1629 5216 1820 5258 conse-

243 5293 430 5348 crandi
484 5293 769 5363 cpiscOpos
818 5291 899 5348 vel
953 5290 1294 5363 deponendi,
1324 5284 1439 5347 seu
1491 5291 1820 5365 provinciale

1929 4577 2018 4631 ubi
2058 4571 2458 4628 art-ltifiantines
2492 4578 2649 4626 erant
2684 4580 3051 4640 paganorum,
3101 4557 3508 4628 archiepiscopi

1928 4664 2163 4725 instituti
2202 4672 2329 4719 sunt
2360 4660 2795 4716 Christianorum
2829 4656 2918 4725 qui
2956 4651 3180 4724 singulis
3209 4648 3513 4723 provindiis

1925 4766 2243 4832 praeessent.
2271 4751 2373 4812 Ubi
2401 4769 2532 4809 vero
2565 4750 2883 4821 metropolis
2909 4755 3027 4804 erat
3046 4787 3060 4811 ,
3091 4760 3211 4815 qua:
3241 4744 3508 4825 interpre«

1928 4861 2070 4907 tatur
2096 4859 2262 4903 mater
2287 4847 2465 4900 civitas
2483 4887 2499 4908 ,
2531 4841 2889 4913 melropnlita
2917 4840 2932 4894 i
2962 4842 3118 4894 erant
3146 4852 3159 4887 :
3193 4834 3389 4902 quippe
3417 4831 3515 4902 qnij

1925 4940 1991 4997 de
2024 4939 2197 4994 tribus
2226 4944 2320 4990 aut
2348 4943 2579 5003 quatior
2609 4928 2921 4988 civitatibus
2949 4927 3089 4983 intra
3116 4921 3354 4991 aliquant
3388 4937 3518 4992 βιυε

1926 5029 2155 5084 vinciam
2196 5023 2384 5094 majori
2425 5032 2479 5076 et
2516 5024 2680 5078 matri
2719 5020 2788 5076 a'i
2832 5033 2953 5072 runt
2991 5014 3271 5095 civitatum
3320 5011 3521 5081 pratsia

1922 5115 2149 5177 dtbtnt.
2191 5112 2280 5168 lsti
2319 5111 2613 5181 a’iqnando
2648 5105 3054 5177 metropolitani
3085 5110 3297 5158 tantum
3331 5101 3515 5156 ttonti«

1924 5220 2142 5268 nantur,
2195 5203 2486 5275 aliquando
2538 5222 2669 5262 vero
2720 5195 3141 5271 archiepiscopi,
3196 5196 3240 5252 si
3290 5195 3345 5249 itt
3401 5196 3453 5266 ip
3486 5208 3519 5267 ξι

1921 5298 2201 5371 provincia
2253 5295 2486 5365 majores
2542 5316 2647 5355 non
2692 5293 2899 5354 fuerint
2941 5290 3127 5363 aliqui.
3180 5290 3280 5346 Ubi
3327 5304 3517 5363 anzcut
