4020 5392
556 356 649 440 τε.
1358 374 1363 377 ‘
1614 389 1668 444 s.
1711 391 1955 448 LEONIS
1995 391 2063 447 Ix
2102 392 2302 450 eam
2334 393 2715 451 oruscum.
3677 370 3784 451 752

555 503 662 557 Sed
693 502 758 558 de
785 502 981 558 Africae
1020 502 1339 571 primatibus
1380 501 1531 557 aliter
1569 503 1970 573 iu:eiligcndum
2008 513 2117 566 est,
2152 511 2194 570 Λ
2227 505 2427 560 decreti
2505 504 2668 560 fuerit
2714 492 3083 584 conservator,
3142 494 3541 563 intercessionis
3592 510 3786 563 auxilio

554 596 679 663 quia
709 595 763 648 in
793 592 1016 665 singulis
1046 591 1165 662 ejus
1202 593 1497 664 provinciis
1532 588 1828 663 antiquitus
1862 595 2122 664 primates

556 684 980 740 instituebantur
1036 699 1141 738 non
1195 683 1488 738 secundum
1540 685 1835 753 potentiam
1892 683 2122 754 alicujus

552 774 821 839 civitatis,
858 774 949 829 sed
986 774 1279 830 secundum
1321 782 1534 845 tempus
1570 789 1681 829 sure
1716 774 2117 841 ordinationis;

551 866 750 933 quibus
780 881 959 922 tamen
993 865 1245 921 omnibus
1280 873 1512 934 prmerat
1550 881 1719 932 unus,
1753 866 1959 921 scilicet
1992 867 2122 922 Car-

559 957 893 1027 thaginensis
927 957 1394 1028 archiepiscOpus,
1434 957 1525 1027 qui
1560 955 1722 1013 etiam
1775 974 1880 1013 non
1934 959 2122 1014 incon-

548 1060 695 1119 grue
721 1045 826 1100 dici
860 1054 1039 1115 potest
1072 1046 1522 1116 metropolitanus
1570 1056 1793 1117 propter
1839 1045 2121 1119 Carthagi-

551 1149 675 1188 nem
711 1134 1054 1203 metmpolim
1090 1134 1255 1190 totius
1285 1134 1510 1198 Africae,
1546 1151 1774 1206 quorum
1812 1153 1972 1206 supra
2010 1153 2120 1192 mc-

553 1223 831 1279 rniuintns.
894 1225 967 1278 Ita
1026 1223 1223 1295 legitur
1277 1226 1331 1279 in
1383 1225 1610 1280 concilio
1665 1226 2116 1298 Carthaginiensi,

549 1314 790 1383 ι·;ιιιίιιιιο
815 1316 1077 1387 vigesimo
1103 1325 1254 1371 sexto
1278 1335 1288 1369 :
1319 1316 1510 1370 Prinne
1534 1318 1675 1372 sedis
1699 1321 1983 1390 episcopus
2012 1338 2116 1375 non

547 1402 848 1472 appelletur
905 1405 1155 1476 princeps
1192 1406 1566 1472 sacerdotum,
1603 1416 1694 1461 aut
1743 1425 1985 1464 summus
2034 1426 2119 1465 sa-

540 1482 774 1561 cerdos,
805 1504 897 1549 aut
930 1495 1131 1566 aliquid
1177 1496 1515 1566 huiusmodi,
1553 1499 1647 1552 sed
1689 1507 1892 1553 tantum
1932 1500 2119 1570 prima:

548 1584 695 1639 sedis
747 1586 1051 1655 episcopus.
1113 1584 1366 1641 Sanctam
1424 1596 1657 1641 vestram
1716 1586 2116 1644 fraternitatem

540 1675 743 1747 jugiter
773 1678 1136 1749 invigilantem
1165 1678 1487 1733 utilitatibus
1510 1689 1711 1734 sanctae
1737 1679 1829 1735 Dei
1866 1680 2120 1736 Ecclesia:

548 1779 710 1837 atque
731 1768 919 1823 devote
940 1784 1034 1838 pro
1059 1769 1212 1823 nobis
1239 1778 1485 1825 orantem
1509 1811 1522 1833 .
1551 1781 1733 1825 sancta
1761 1782 1809 1825 et
1845 1772 2116 1826 individua

549 1857 788 1915 Trinitas
819 1875 1029 1930 semper
1058 1870 1372 1926 conservet,
1403 1864 1706 1918 charissimi
1738 1863 1953 1919 fratres.

1202 1950 1460 2007 LXXXV.

547 2039 586 2094 S
634 2039 735 2095 Leo
760 2040 845 2115 _IX
872 2060 1049 2098 navem
1082 2060 1173 2106 pro
1202 2061 1299 2115 usu
1323 2048 1624 2100 monasterii
1652 2046 1972 2115 Casincnsis,
2002 2069 2117 2105 cum

616 2110 861 2187 nnuclero
891 2124 936 2165 et
986 2114 1157 2187 sor-iis,
1206 2114 1422 2187 liberam
1467 2127 1513 2170 et
1562 2130 1849 2187 exemptam
1881 2110 2118 2174 ub'omni

611 2180 813 2235 teloneo
848 2193 895 2235 et
925 2183 1183 2237 solutione
1211 2186 1462 2240 concedit.

1133 2254 1309 2326 (AJIIID
1348 2256 1528 2326 ιυξξδ.)

830 2319 1139 2392 [Margarini
1167 2322 1376 2379 Bullur.
1409 2319 1588 2379 Cusin.
1621 2326 1683 2389 Il,
1714 2327 1829 2400 85.]

615 2409 725 2464 Leo
771 2411 1074 2481 episcopus,
1124 2428 1402 2468 servorum
1450 2431 1640 2471 servus
1711 2417 1826 2483 Dei,
1875 2418 2119 2476 ecclesia:

537 2516 639 2555 ru
689 2504 1019 2558 monasterio
1080 2505 1472 2574 prmelarissimi
1530 2509 1729 2565 Christi
1793 2511 2119 2570 confessoris

547 2588 840 2659 Benedicti,
889 2595 942 2648 in
986 2606 1166 2651 monte
1195 2598 1391 2653 Casino
1437 2599 1723 2668 aediﬁcato,
1772 2610 1827 2658 et
1867 2620 1964 2673 per
1998 2620 2116 2660 eam

547 2680 801 2737 Bicherio
829 2684 1007 2739 abbati
1035 2686 1349 2757 cunctisque
1374 2688 1491 2760 ejus
1519 2692 1923 2748 successoribus
1956 2709 2117 2749 cano-

543 2774 662 2828 nice
692 2774 800 2831 illic
833 2775 1176 2843 intrantibus,
1215 2781 1264 2833 in
1296 2795 1633 2851 perpetuum.

613 2864 817 2921 Divina:
863 2867 1078 2938 pietatis
1127 2880 1373 2940 respectu
1411 2873 1597 2927 attacti
1643 2872 1990 2945 ejusdemque
2022 2889 2114 2932 ec—

539 2955 720 3010 clesiae
767 2968 1094 3028 augmento,
1151 2960 1355 3029 pmefati
1417 2959 1654 3018 Richerii
1712 2964 1881 3019 nostri
1933 2965 2114 3020 dilecti

528 3046 793 3113 precibus
828 3048 1047 3117 pulsati,
1080 3050 1294 3122 dignum
1323 3053 1593 3118 duximus,
1624 3054 1691 3109 ob
1726 3069 1963 3109 amorem
1991 3071 2115 3110 san-

539 3137 765 3192 ctissimi
798 3137 1069 3195 Benedicti
1112 3139 1221 3209 jam
1255 3142 1405 3206 dicti,
1448 3143 1848 3214 smpissimeque
1879 3146 2109 3210 dicendi,

538 3227 742 3295 aliquid
768 3244 831 3283 cx
858 3231 1016 3285 rebus
1044 3231 1338 3285 beatissimi
1366 3230 1533 3298 Petri,
1567 3232 1929 3302 apostolorum
1958 3234 2107 3302 prlu-
2140 3220 2163 3248 “

541 3320 706 3387 ripis,
740 3318 914 3374 eidem
960 3323 1289 3377 monasterio
1333 3322 1387 3377 in
1433 3338 1588 3377 usum
1637 3322 1863 3379 fratrum
1916 3326 2109 3380 ibidem

541 3408 867 3477 degentium,
908 3408 1124 3479 Deoque
1162 3411 1507 3466 servientium
1540 3412 1725 3482 largiri
1762 3421 1816 3468 et
1844 3414 1897 3467 in
1926 3428 2113 3484 perpe-

532 3500 691 3550 ‘ttum
734 3497 1008 3564 conferre;
1041 3510 1306 3568 quatenus
1348 3502 1713 3557 nobilissimus
1748 3517 1908 3572 grex,
1940 3513 1995 3557 et
2037 3502 2113 3557 fe-

541 3588 712 3643 cunda
744 3592 924 3659 proles
951 3593 1086 3646 tanti
1111 3593 1281 3661 patris
1326 3594 1566 3647 omnium
1607 3609 1700 3647 ore
1739 3593 2107 3658 benediccudi,

538 3678 838 3747 Benedicti,
865 3692 921 3736 ut
948 3693 1158 3750 portum
1189 3682 1377 3738 salutis
1406 3684 1472 3737 ad
1493 3693 1747 3738 :eternam
1780 3685 2111 3753 ingrediatur

543 3771 744 3838 ι’ἱιίιιι),
798 3786 896 3844 per
948 3787 1137 3830 manus
1181 3772 1399 3832 :etberei
1480 3772 1782 3848 Suntmique
1859 3774 2107 3850 clavigeri

536 3863 683 3920 l’etri
728 3867 899 3920 attolli
935 3866 1192 3921 subsidiis
1231 3878 1286 3921 et
1324 3867 1704 3924 munificentiis
1755 3868 1968 3939 repleri.
2019 3869 2107 3923 ln-

540 3965 749 4012 tuentes
810 3957 976 4027 igitur
1025 3973 1055 4012 a
1113 3958 1357 4014 szeculari
1417 3975 1512 4015 eos
1573 3961 1789 4030 negotio
1844 3970 2107 4027 remotos,

537 4049 751 4118 propria
800 4066 919 4118 quae
967 4052 1344 4121 quoquomodo
1396 4053 1786 4122 possederant,
1841 4062 2111 4123 przecepto

536 4138 760 4205 Christi,
806 4141 988 4209 piique
1031 4140 1203 4208 patris
1252 4140 1526 4213 exemplo,
1574 4140 1878 4212 reliquisse,
1929 4142 2110 4196 animo

539 4227 808 4296 gratanti,
855 4229 1135 4295 benevole,
1180 4246 1364 4286 eorum
1414 4232 1625 4297 navim,
1662 4232 1930 4302 aliquibus
1966 4248 2109 4287 mer-

542 4315 693 4371 cibus
746 4316 1002 4372 refertam
1050 4321 1116 4373 ad
1162 4322 1372 4377 abbatis
1423 4331 1843 4392 cunctorumque
1884 4324 2107 4377 fratrum

540 4422 693 4460 usum
724 4421 846 4462 cum
878 4409 988 4463 suis
1025 4411 1388 4465 mercimoniis
1415 4410 1711 4483 delegatum
1743 4414 2109 4467 concessimus

2225 594 2391 664 ipsius
2429 594 2755 649 sanetissitni
2788 593 3084 660 Benedicti,
3114 605 3300 665 portus
3324 595 3511 650 salutis
3546 597 3783 667 adeptus.

2225 702 2253 739 a
2295 685 2402 740 Deo
2429 686 2797 757 omnip0tente
2825 685 3251 741 misericordiam
3284 696 3339 741 et
3363 683 3785 742 benedictionem

2226 775 2276 828 in
2305 784 2566 830 aeternum
2596 774 2976 847 consequatur.
3276 766 3281 771 λ
3371 769 3374 772 ’
3466 798 3469 799 ν
3692 768 3695 769 ν
3750 850 3753 853 Α

2293 864 2484 917 Datum
2529 880 2583 918 tv
2622 865 2738 919 Kal.
2776 864 2944 930 Junii,
2987 882 3086 936 per
3130 880 3320 920 manus
3363 865 3638 921 Frederici
3680 868 3791 922 dia.

2222 946 2376 1020 cuni,
2415 966 2615 1009 sauctre
2658 954 2913 1009 Romanae
2954 952 3211 1011 Ecclesize
3257 956 3690 1022 bibliothecarii,
3735 968 3789 1015 et

2221 1044 2526 1100 caucellarli
2584 1045 2701 1100 vice
2731 1045 2931 1100 domini
2982 1045 3254 1101 Herimani
3304 1042 3785 1108 archicancellarii,

2220 1144 2275 1189 et
2319 1133 2659 1190 Coloniensis
2707 1135 3118 1207 archiepiscopi,
3164 1152 3305 1192 anno
3348 1137 3555 1193 domini
3578 1137 3789 1209 .Leonis

2221 1225 2347 1279 noni
2383 1240 2534 1295 papa:
2561 1225 2625 1289 γ,
2654 1225 2840 1280 indict.
2881 1242 2956 1280 vl.
3748 1231 3759 1235 ’

2860 1316 3143 1372 LXXXVI.

2222 1427 2280 1482 S.
2330 1428 2432 1482 Leo
2484 1427 2567 1482 IX
2607 1426 2944 1491 Uldarirnm,
2992 1431 3787 1498 archiepiscopumBentt-cuto-

2292 1515 2415 1552 num
2434 1538 2449 1563 ,
2480 1499 2642 1568 pallio
2672 1500 2854 1565 donat,
2891 1501 3103 1570 ejusque
3131 1502 3398 1573 privilegia
3422 1504 3720 1571 conﬁrmat.

2704 1624 2705 1627 η
2807 1590 2985 1659 (Auno
3018 1590 3200 1661 1055.)
3269 1626 3272 1628 ν

2531 1678 2786 1751 [Ughelli,
2818 1679 3183 1746 Italia‘sacra,
3215 1681 3344 1744 VIII,
3373 1681 3488 1755 78.]

2295 1769 2750 1825 ...Beucveutan:e
2762 1771 3014 1828 Ecclesiae
3038 1773 3466 1837 considerantes,
3488 1774 3556 1839 ad
3573 1772 3786 1845 cj‘usjus

2148 1852 2192 1910 Β
2221 1872 2273 1917 ct
2295 1862 2672 1932 proprietatem
2698 1878 3008 1918 revocamus
3034 1873 3192 1934 atque
3224 1866 3275 1918 iu
3302 1874 3621 1935 perpetuum
3654 1862 3779 1921 sub-

2220 1954 2393 2008 (limus
2422 1964 2475 2008 et
2507 1954 2801 2008 tradimus:
2838 1954 3086 2010 videlicet
3114 1952 3406 2011 ecclesiam
3454 1952 3645 2013 Sancti
3680 1957 3787 2023 Mi-

2219 2046 2420 2101 chaelis
2447 2047 2497 2100 iu
2530 2056 2708 2102 monte
2734 2046 2981 2119 Gargano
3027 2051 3279 2118 positam,
3310 2060 3365 2104 et
3393 2051 3570 2121 ipsum
3603 2038 3786 2106 castel-

2220 2136 2326 2191 lum
2381 2138 2468 2191 ubi
2516 2138 2627 2208 jam
2677 2138 2819 2193 dicta
2872 2155 3025 2194 sacra
3076 2150 3130 2195 et
3178 2141 3505 2195 venerabilis
3557 2143 3660 2195 sita
3708 2152 3789 2197 est

2219 2227 2467 2289 ecclesia,
2498 2235 2659 2297 atque
2686 2226 3022 2298 Sipontinam
3054 2229 3338 2285 ecclesiam
3370 2247 3493 2285 cum
3540 2231 3786 2286 omnibus

2214 2318 2432 2389 justitiis
2454 2319 2551 2372 sibi
2569 2319 2814 2389 legalitcr
2835 2321 3247 2390 pertinentibus,
3269 2321 3613 2384 Lucerinum,
3633 2322 3787 2377 Ascu-

2220 2409 2360 2474 lum,
2424 2411 2717 2474 Bovinum,
2779 2410 3071 2476 Larinum,
3135 2409 3490 2477 Triventum,
3550 2424 3783 2468 sanctam

2217 2502 2505 2572 Agatham,
2539 2502 2870 2565 Avellinum,
2899 2500 3153 2569 Quintum
3184 2503 3473 2569 decimum,
3508 2503 3784 2564 Arianum.

2219 2592 2598 2655 Vulturanum,
2620 2590 2945 2655 Thelesiatn,
2965 2593 3179 2657 Alifem,
3200 2592 3496 2659 Sessulam,
3518 2594 3781 2658 Lesinam,

2218 2682 2548 2747 Termulum,
2574 2682 2836 2752 simulque
2859 2683 2991 2737 duas
3018 2683 3260 2739 abbatias
3281 2683 3544 2738 Sanctum
3572 2685 3783 2739 Petrum

2218 2774 2283 2828 de
2331 2772 2499 2828 Duddi
2529 2815 2544 2840 ,
2593 2782 2754 2843 atque
2794 2771 3051 2828 Sanctum
3099 2772 3358 2829 Joannem
3417 2776 3582 2829 situm
3634 2776 3781 2843 juxta

2216 2873 2427 2931 portam
2460 2863 2692 2915 Auream
2733 2878 2854 2916 cum
2903 2862 3130 2930 singulis
3159 2863 3603 2932 pr0prietutibus,
3632 2864 3783 2932 justi-

2212 2940 2326 3017 tiis.
2359 2953 2647 3023 parochiis,
2674 2969 2767 3007 seu
2799 2954 3119 3009 dimcesibus
3143 2955 3277 3018 suis,
3305 2954 3435 3009 nihil
3464 2957 3779 3025 excipimus,

2216 3046 2311 3100 sed
2338 3045 2539 3109 omnia,
2573 3044 2712 3099 sicut
2735 3043 2943 3109 justitia
2976 3059 3161 3098 eorum
3208 3053 3311 3108 est,
3355 3046 3481 3101 huic
3508 3044 3620 3114 jam
3650 3062 3782 3117 sa‘pc

2216 3134 2505 3190 nominatae
2533 3132 2774 3188 ecclesim
2804 3133 3194 3188 Beneventaua:
3224 3135 3274 3188 in
3298 3135 3563 3189 honorem
3594 3134 3657 3190 S.
3690 3137 3777 3189 Dm

2216 3224 2488 3295 genitricis
2518 3222 2699 3278 Mariae
2733 3222 3010 3288 dedicatas,
3044 3223 3132 3276 ubi
3171 3224 3626 3293 pretiosissimum
3666 3215 3780 3281 cor-

2212 3329 2312 3383 pus
2368 3313 2664 3368 beatissimi
2719 3311 3096 3367 Bartholommi
3164 3314 3389 3382 apostoli
3463 3317 3780 3385 requiescit,

2213 3404 2358 3459 salva
2390 3402 2708 3459 auctoritate
2736 3414 2936 3458 sanctze
2981 3402 3236 3456 Romana:
3265 3411 3319 3457 et
3348 3405 3658 3473 apostolica:
3696 3422 3781 3461 se-

2212 3498 2316 3563 dis,
2370 3496 2736 3551 conccssimus
2785 3508 2849 3549 ac
2901 3494 3327 3550 irrcvocabiliter
3373 3496 3425 3550 in
3469 3507 3777 3566 perpetuum

2213 3587 2613 3644 confirmamus.
2669 3584 3026 3655 Concedimus
3076 3583 3240 3641 etiam
3300 3586 3627 3643 fraternitati
3683 3599 3780 3642 tua:

2212 3676 2354 3747 pallii
2387 3692 2540 3730 usum
2580 3676 2643 3730 at!
2678 3676 2961 3736 missarum
3005 3676 3265 3737 solemnia
3294 3678 3641 3749 celebranda.
3673 3679 3781 3738 scio

2211 3767 2329 3827 lic-'21
2363 3767 2414 3826 it‘.
2434 3764 2818 3827 festivitatibus
2842 3772 3150 3828 Nativitatis
3173 3773 3383 3828 Domini
3405 3784 3460 3829 et
3479 3774 3769 3845 Apparitio-

2212 3862 2295 3918 nis
2327 3863 2509 3932 ipsius,
2540 3871 2594 3916 et
2633 3863 2684 3916 in
2716 3862 2882 3918 Carna
2914 3865 3074 3918 etiam
3110 3865 3354 3930 Domini,
3384 3873 3549 3933 atque
3578 3860 3779 3919 sanctae

2211 3954 2643 4008 [lesurrectionis
2685 3954 2772 4009 die
2817 3955 3098 4011 Domitiico
3125 3997 3138 4016 .
3185 3956 3536 4010 Ascensiouis
3580 3955 3778 4010 Christi

2212 4044 2278 4099 ad
2310 4045 2494 4108 (mles,
2545 4059 2609 4098 ac
2641 4046 2726 4100 die
2758 4045 3035 4101 Dominico
3084 4046 3297 4101 Sancta:
3326 4045 3696 4111 Peutceostcs,
3730 4048 3779 4099 in

2211 4136 2468 4191 uatalitiis
2518 4137 2880 4211 apostolorum
2939 4154 3003 4192 ac
3063 4138 3360 4192 beatissimi
3425 4138 3780 4193 Przecnrsoris

2209 4228 2409 4283 Christi
2432 4227 2685 4298 B.;p;ist:e
2706 4227 2949 4295 Joannis,
2976 4230 3027 4283 in
3054 4229 3434 4297 Assumptione
3456 4228 3513 4282 Β,
3541 4227 3611 4281 Μ.
3640 4229 3704 4282 ν.
3730 4230 3778 4280 in

2210 4321 2297 4376 die
2322 4321 2379 4377 S.
2410 4322 2652 4391 Apostoli
2680 4320 3079 4386 Bartholomrei,
3114 4322 3163 4375 in
3197 4321 3476 4375 nativitate
3504 4322 3778 4375 sanetissi-

2213 4432 2312 4471 ma:
2342 4415 2439 4470 Dei
2491 4415 2782 4471 chitricis
2830 4415 3032 4480 Mariae,
3077 4424 3131 4470 et
3178 4416 3241 4495 in.
3278 4411 3777 4469 consecrationibus

536 4513 658 4553 esse
695 4499 1017 4568 absolutam,
1048 4517 1170 4557 cum
1207 4501 1472 4559 Nauclero
1499 4520 1562 4560 ac
1591 4506 1821 4561 nauticis
1847 4507 1991 4566 suis.
2039 4508 2106 4561 ab
2132 4533 2184 4591 Β
2211 4507 2615 4576 episcoporum,
2645 4515 2698 4559 et
2726 4506 2780 4559 in
2806 4506 2891 4560 dic
2913 4504 3337 4559 consecrationis
3362 4501 3625 4562 ecclesiae,
3648 4509 3701 4554 et
3727 4502 3774 4551 in

537 4587 683 4643 mimi
733 4589 915 4645 debito
946 4593 1252 4662 pensionis,
1303 4595 1477 4662 quoad
1529 4610 1697 4666 usque
1732 4597 1803 4650 ita
1852 4596 2108 4667 pncfatus

537 4680 687 4737 locus
722 4680 774 4735 in
807 4684 994 4737 eadem
1015 4723 1029 4748 ,
1060 4699 1162 4752 qua
1199 4699 1342 4738 nunc
1376 4692 1480 4749 est,
1512 4683 1673 4741 fuerit
1700 4685 1955 4756 religione
1982 4702 2108 4741 con—

535 4772 917 4838 st‘tutus;una
960 4774 1114 4828 navis
1156 4775 1469 4830 monasterii
1502 4776 1671 4846 ipsius
1719 4776 1771 4830 in
1803 4792 1954 4831 usum
2000 4776 2109 4829 fra-

536 4875 702 4929 trum,
765 4868 1068 4919 nccessaria
1130 4865 1499 4929 deferentem,
1553 4875 1609 4921 ut
1662 4867 1935 4932 diximus,
1985 4882 2106 4921 cum

536 4953 790 5009 nauclero
816 4964 870 5008 ct
901 4955 1136 5009 nauticis
1173 4956 1285 5009 suis
1332 4955 1401 5010 ab
1429 4956 1575 5009 omni
1615 4958 1888 5025 pensioais
1927 4957 2108 5011 condi-

536 5044 678 5082 I‘nnp
709 5041 872 5082 “MM
932 5041 1140 5082 Nullum
1182 5043 1448 5082 IaInnmIm
1474 5060 1537 5082 av
1564 5045 1811 5082 nunnihnc
1858 5061 1968 5082 non:
2021 5054 2103 5082 nl-

2213 4594 2444 4649 natalitii
2473 4595 2544 4648 tui
2571 4595 2679 4659 dic,
2714 4595 2852 4649 sicut
2876 4596 2943 4649 ab
2965 4593 3399 4648 antecessoribus
3421 4592 3642 4653 nostris,
3677 4589 3777 4642 tuis

2211 4688 2508 4740 institutum
2534 4701 2597 4740 ac
2620 4686 2869 4757 largitum
2889 4698 2971 4741 est
2994 4684 3454 4748 antecessoribus;
3472 4683 3525 4738 in
3543 4692 3774 4738 secret...

2212 4778 2294 4832 rio
2326 4794 2454 4832 vero
2479 4789 2566 4832 tua
2595 4777 2908 4833 fraternitas
2935 4778 3098 4849 pallio
3126 4778 3635 4832 induatur...........
3666 4772 3773 4829 lloc

2207 4870 2371 4922 etiam
2403 4870 2494 4924 tibi
2542 4870 2907 4933 concedimus,
2929 4879 2988 4923 ut
3014 4885 3112 4944 per
3139 4866 3343 4937 singula
3381 4865 3497 4920 loca
3546 4880 3668 4933 quae
3693 4866 3773 4918 di-

2210 4960 2339 5013 tioni
2391 4960 2888 5030 archiepiscopatus
2924 4957 3282 5013 Beneventani
3336 4954 3636 5026 subjacent,
3687 4954 3770 5006 ul~i

2208 5067 2268 5082 ,ν
2321 5052 2537 5082 αηιῖιηιη
2568 5050 2720 5082 Inui."
2759 5050 3096 5082 ἶσιοῑῖιηοῖηηη
3123 5046 3451 5082 οηῖεηηησηιη
3483 5045 3642 5082 εοιῖοι
3677 5046 3771 5082 Ιιη-
