4020 5392
281 352 390 417 733

1272 355 1625 414 EPISTOLJS
1667 355 1754 412 ET
1796 356 2113 415 DECRETA
2150 356 2549 416 POATIFiCIA.

3438 353 3542 410 ηε

281 476 655 545 episcoporum
698 472 916 540 iudiciis
960 471 1300 536 subtrahere,
1331 472 1474 540 quod
1509 470 1730 525 omni‘no
1764 470 1861 525 de-
1890 485 1936 540 Α
2036 472 2287 529 Omnium
2328 474 2490 542 justis
2540 475 2887 546 petitionibus
2930 484 3206 543 gratanter
3232 474 3542 539 annuimus,

275 571 553 620 testamur
576 578 638 617 ac
665 560 766 618 sub
800 560 1144 616 anathemate
1167 570 1431 630 perpetuo
1467 558 1858 614 interdicimus.

286 656 394 713 Sed
437 655 695 727 quidquid
735 654 866 709 illud
908 662 994 709 est
1035 653 1177 723 quod
1210 651 1277 707 ad
1320 650 1745 706 ecclesiasticum
1778 658 1864 703 at-

285 766 391 822 que
420 747 721 820 episc0pale
763 748 995 817 pertinet
1024 743 1256 802 omcium
1306 743 1441 797 infra
1490 752 1657 798 totum
1687 741 1867 797 archi-

285 843 585 912 episcopat.
615 839 1069 903 Beneventanum.
1096 837 1234 893 sicut
1259 835 1506 906 superius
1543 835 1863 906 prml‘tnitum

268 925 538 996 babetur,
572 942 664 986 tuo
706 938 922 1000 regatur
955 939 1118 998 atque
1141 928 1460 998 disponatur
1489 923 1862 994 sauojudicio.

286 1021 484 1078 Omnia
532 1020 714 1090 itaque
758 1033 878 1088 qua:
924 1018 992 1071 ad
1035 1017 1349 1087 prmdictum
1400 1015 1865 1084 archiepiscopum

282 1114 427 1182 juste
455 1121 511 1166 et
549 1110 790 1181 Iegaliter
831 1108 1105 1179 pertinent
1134 1116 1226 1162 aut
1271 1107 1542 1177 pertinere
1589 1111 1865 1174 poterunt,

286 1207 537 1275 inquam,
569 1204 621 1256 in
660 1212 955 1274 posterum,
986 1200 1101 1256 sive
1124 1198 1473 1264 monasteria,
1499 1213 1594 1252 seu
1623 1196 1865 1261 castella,

286 1300 545 1354 civitates
587 1296 672 1352 vel
715 1295 913 1366 pr;rdia
960 1310 1080 1349 cum
1128 1290 1373 1347 ecclesiis
1402 1298 1457 1345 et
1484 1289 1645 1353 villis,
1674 1288 1864 1351 vincis,

216 1402 229 1407 '
287 1389 438 1445 silvis
461 1399 518 1444 et
546 1387 796 1443 omnibus
821 1386 921 1439 sibi
947 1383 1091 1454 juste
1112 1381 1525 1454 pertinentibus,
1557 1380 1649 1435 tibi
1678 1395 1740 1433 ac
1764 1388 1867 1435 tua:

286 1481 620 1538 fraternitati
642 1480 883 1537 ecclesia:
903 1477 1201 1532 commissae
1220 1475 1499 1540 tradimus,
1516 1471 1864 1539 conferimus,

285 1586 337 1629 et
363 1576 418 1629 iu
441 1583 761 1645 perpetuum
784 1569 1106 1625 stabilimus.
1131 1567 1426 1622 Censeules
1448 1568 1629 1635 itaque
1655 1574 1869 1633 aposto-

192 1674 199 1679 '
285 1668 388 1722 lica
417 1681 647 1722 censura
693 1662 1055 1730 decernimus,
1102 1677 1167 1716 ac
1212 1660 1313 1716 sub
1343 1661 1507 1715 divini
1551 1659 1740 1731 judicii
1772 1658 1870 1713 ob-

287 1760 582 1816 testatione
600 1767 762 1828 atque
776 1755 1089 1811 validissimi
1111 1754 1472 1810 auathematis
1493 1753 1869 1809 Interdictione

1965 565 2216 634 quoniam
2243 564 2390 634 jnsta
2433 574 2488 620 et
2527 566 2611 636 pia
2646 576 2829 637 rogata
2871 566 2978 622 Deo
3015 580 3228 635 semper
3249 572 3545 624 noscuntur

1966 657 2161 726 placita
2213 664 2269 711 et
2319 657 2643 711 amicabilia.
2670 655 2928 712 Videntes
2968 656 3133 726 igitur
3176 653 3542 711 ecclesitetibi

1965 748 2267 803 commissae
2288 748 2555 817 justitiam
2585 748 2651 803 de
2674 747 2859 802 Sancti
2884 747 3084 802 Nicolai
3109 746 3360 812 ecclesia,
3380 761 3544 815 quam

1966 838 2205 908 pnel'atxe
2229 839 2465 893 civitatis
2491 837 2743 892 Nicolans
2764 837 2941 892 dictus
2969 838 3278 907 episcopus,
3301 835 3547 892 ecclesia:

1958 929 2074 999 jam
2097 931 2255 987 dicite
2282 929 2495 985 Sanch
2521 929 2805 984 Trinitatis
2832 928 3132 982 voluntaria
3159 927 3432 984 oblatione
3450 925 3549 982 ob-

1968 1025 2110 1087 tulit,
2137 1033 2193 1078 et
2243 1024 2296 1077 in
2347 1031 2663 1093 perpetuum
2716 1021 3079 1086 conﬁrmavit,
3119 1021 3274 1076 nobis
3325 1022 3548 1076 omnino

1967 1114 2168 1185 placuit
2189 1123 2352 1183 atque
2372 1114 2667 1184 apostolica
2695 1114 3022 1169 auctoritate
3046 1113 3117 1166 ita
3147 1114 3200 1168 in
3227 1123 3546 1182 perpetuum

1967 1208 2152 1263 valere
2187 1217 2371 1262 nostra
2402 1208 2691 1263 decretalis
2722 1206 2988 1262 institutio
3011 1204 3275 1260 decrevit.
3314 1204 3379 1259 Bt
3406 1205 3553 1260 sicut

1969 1315 1999 1355 a
2028 1299 2255 1369 prtel’ato
2294 1299 2513 1354 Nicolao
2556 1298 2949 1368 prmuominato
2990 1298 3246 1367 episcopo
3288 1295 3551 1366 praedicta

1970 1388 2155 1443 Sancti
2188 1387 2388 1443 Nicolai
2417 1389 2646 1443 ecclesia
2677 1403 2798 1443 cum
2823 1386 2971 1441 omni
3004 1386 3268 1442 benelicio
3294 1394 3351 1440 et
3388 1385 3551 1440 Itortn

1967 1488 2025 1534 et
2067 1479 2342 1543 viridario,
2367 1487 2570 1534 etcum
2619 1478 2845 1545 transitu
2876 1486 2932 1532 et
2954 1477 3100 1532 exitu
3151 1492 3272 1540 suo,
3310 1474 3553 1530 ecclesia

1968 1572 2187 1628 Sanctae
2215 1571 2498 1627 Trinitatis
2523 1571 2791 1625 stabiliter
2815 1578 2979 1640 atque
3005 1567 3428 1625 irrevocabiliter
3451 1566 3551 1622 sub

1970 1663 2333 1718 anathematis
2371 1677 2529 1732 poena
2562 1661 2837 1732 colligata,
2881 1662 2954 1714 ita
2995 1668 3055 1713 ut
3101 1674 3200 1714 nec
3227 1660 3351 1728 ipsi,
3378 1670 3552 1727 neque

1970 1754 2132 1807 alicui
2155 1752 2434 1808 hominum
2465 1752 2854 1822 cujuscumque
2891 1750 3214 1804 conditionis
3247 1764 3343 1804 seu
3374 1747 3553 1818 digni-

285 1858 686 1912 contestamur,
709 1856 767 1900 ut
797 1846 975 1901 nullus
996 1860 1233 1915 unquam
1256 1858 1629 1900 successorum
1655 1850 1869 1896 nostro-
1899 1831 1946 1892 B
1976 1846 2100 1900 tatis
2122 1845 2208 1899 vel
2254 1845 2537 1914 potestatis
2579 1844 2744 1898 liccat
2790 1842 3066 1911 praefatam
3118 1841 3300 1897 Sancti
3345 1838 3552 1895 Nicolai

288 1955 409 1994 rum
448 1937 534 1993 vel
586 1938 814 2006 alicujus
855 1935 1137 2006 dignitatis
1180 1950 1275 1989 seu
1318 1934 1601 2003 potestatis
1646 1932 1872 2001 quilibet

285 2033 454 2085 homo
512 2030 695 2099 aliquo
756 2028 1043 2083 temerario
1108 2041 1241 2079 ausu
1302 2026 1497 2079 audeat
1559 2025 1613 2077 in
1680 2018 1868 2089 przedi-

284 2138 429 2182 ctam
464 2124 897 2181 Beneventanam
924 2121 1207 2178 ecclesiam
1237 2119 1472 2190 aliquam
1500 2118 1606 2171 vim
1645 2114 1868 2180 inferre,

285 2232 549 2273 aut.......
591 2217 798 2288 praefati
844 2214 1344 2285 archiepiscopatus
1394 2210 1734 2268 imminuere.
1782 2206 1874 2260 de-

288 2315 534 2376 trahere,
577 2310 661 2365 νει
709 2323 1033 2380 quocunque
1064 2306 1225 2361 modo
1255 2319 1350 2359 seu
1394 2302 1610 2372 ingenio
1654 2300 1874 2355 subtra—

288 2408 441 2467 here,
460 2401 719 2457 invadere
750 2399 834 2454 vel
867 2399 1132 2462 alienare;
1167 2395 1285 2459 sed,
1309 2394 1449 2447 sicut
1476 2391 1723 2460 superius
1747 2396 1873 2442 sunt

289 2506 501 2559 taxata,
548 2494 621 2548 ita
674 2493 777 2549 sibi
830 2499 1089 2562 perpetuo
1125 2496 1378 2542 maneant
1424 2482 1761 2547 inconvnlsa,
1815 2489 1875 2533 ut

287 2597 478 2648 Sancta
514 2586 893 2642 Beneventano
923 2581 1151 2638 ecclesia
1184 2580 1235 2634 in
1268 2579 1528 2634 honorem
1555 2584 1755 2631 sancta:
1781 2572 1872 2627 Dei

286 2679 588 2736 Genitricis
619 2690 938 2746 semperque
964 2674 1186 2744 virginis
1215 2671 1483 2726 inviolata:
1514 2666 1695 2723 Mariae
1724 2665 1881 2721 dedi-

288 2780 434 2834 cata,
464 2777 519 2824 et
551 2768 618 2821 ad
646 2766 1143 2836 archiepiscopatus
1189 2762 1449 2815 honorem
1481 2773 1511 2811 a
1553 2756 1755 2812 nostris
1781 2770 1878 2808 an-

289 2860 661 2918 tecessoribus
687 2858 995 2919 sublimata,
1029 2870 1093 2908 ac
1123 2850 1530 2923 pretiosissimis
1564 2856 1876 2904 sanctorum

291 2954 621 3024 corporibus
654 2951 845 3015 ditata,
896 2949 1144 3003 videlicet
1193 2944 1571 2998 Birtholomaai
1625 2941 1872 3010 apostoli,

292 3060 459 3118 atque
485 3045 730 3100 Januarii
757 3042 1032 3114 martyris,
1055 3049 1109 3095 et
1132 3038 1349 3093 Barbati
1378 3034 1707 3092 confessoris
1729 3031 1876 3118 eius:

293 3145 441 3198 scalis
501 3136 1015 3211 gloriosissimorum
1058 3131 1376 3202 ptmsulum,
1435 3143 1499 3182 ac
1549 3110 1878 3195 reliquorum

1970 1937 2282 2002 ecclesiam,
2313 1952 2434 1990 cum
2473 1936 2724 1991 omnibus
2771 1950 2955 1990 secum
2989 1935 3261 1989 concessis
3304 1948 3335 1988 a
3378 1931 3556 2004 pradi-

1972 2026 2100 2080 bata
2142 2025 2329 2080 Sancti
2374 2024 2574 2081 Nicolai
2625 2023 2855 2079 ecclesia
2905 2023 2987 2079 vel
3037 2021 3385 2089 monasterio,
3421 2036 3558 2093 quo-

1976 2131 2192 2186 cunque
2219 2116 2379 2171 modo
2425 2130 2519 2170 seu
2552 2114 2769 2185 ingenio
2795 2114 3114 2169 subtrahere
3138 2112 3222 2167 vel
3259 2111 3499 2166 alienare
3539 2153 3554 2165 .

1975 2206 2055 2261 sic
2083 2205 2309 2261 omnino
2353 2206 2759 2268 conﬁrmamus,
2788 2203 3149 2265 decernimus,
3180 2211 3342 2270 atque
3371 2215 3559 2254 corro-

1975 2300 2249 2354 boramus.
2296 2297 2616 2366 Quicunque
2663 2296 2826 2367 igitur
2872 2295 3029 2365 Itttjtts
3075 2293 3244 2347 nostri
3294 2290 3555 2361 privilegii

1979 2388 2270 2442 tentaverit
2316 2384 2580 2457 relragari
2631 2385 2901 2448 instituto,
2944 2383 3010 2438 sit
3055 2384 3154 2436 sub
3192 2380 3559 2435 anathematis

1976 2496 2132 2551 pmna
2167 2520 2183 2546 ,
2228 2480 2403 2535 donec
2457 2478 2759 2547 resipiscat.
2814 2478 3175 2535 (Ionscnvator
3229 2488 3383 2538 vero,
3431 2487 3561 2540 apo-

1977 2572 2165 2627 stolica
2240 2569 2472 2625 refertus
2527 2568 2946 2631 benedictione,
3001 2581 3033 2619 a
3097 2572 3283 2619 sancta
3351 2573 3408 2617 et
3471 2564 3559 2614 iu-

1977 2663 2195 2717 dividua
2220 2660 2488 2716 Triuitate
2516 2656 2902 2731 perpetualitcr
2923 2664 3179 2711 aeternam
3195 2662 3561 2723 consequatur

1978 2752 2228 2808 salutem.

2051 2843 2245 2897 Datum
2278 2856 2329 2896 tv
2358 2840 2539 2896 Nonas
2571 2838 2926 2908 Septembris,
2956 2853 3053 2909 per
3085 2853 3275 2891 manus
3300 2833 3562 2890 Frider'n-i

1980 2934 2220 2999 diaconi,
2279 2943 2483 2989 sancta:
2536 2934 2798 2989 Romana:
2850 2932 3106 2989 Ecclesia:
3161 2929 3560 2987 bibliothecatii

1979 3036 2038 3081 et
2066 3026 2376 3082 caucellarii
2405 3027 2524 3081 vice
2543 3026 2725 3080 domui
2749 3024 3066 3081 Ilerimanni
3096 3020 3561 3079 archieancellarii

1982 3125 2039 3171 et
2092 3115 2429 3171 Coloniensis
2479 3115 2861 3186 arcltiepicopi,
2899 3130 3042 3170 anno
3065 3113 3245 3169 domui
3274 3112 3471 3168 Leonis
3495 3109 3565 3164 IX

295 3197 688 3289 inviolabiiiter
719 3225 1028 3297 apostolicis
1063 3222 1365 3295 privilegiis
1408 3232 1623 3288 semper
1669 3224 1885 3268 maneat
1915 3197 1959 3258 Ο
1991 3225 2144 3281 papae
2165 3209 2378 3280 quinto,
2407 3208 2698 3265 indictione
2722 3217 2894 3262 secta.

296 3327 509 3379 dotata.
542 3322 599 3378 Si
631 3321 754 3393 quis
784 3327 987 3381 autem,
1037 3315 1177 3387 quod
1210 3330 1315 3368 non
1363 3321 1634 3382 optamus,
1675 3306 1884 3363 nefario

299 3433 436 3473 ausu
485 3413 891 3486 prmsumpseri'
939 3411 1055 3466 luce
1098 3423 1218 3479 quae
1262 3408 1329 3461 ad
1382 3404 1592 3459 Iaudem
1643 3401 1734 3457 Dei
1787 3414 1885 3469 pro

299 3506 604 3561 stabilitate
631 3519 695 3558 ac
718 3501 973 3558 ﬁrmitate
998 3500 1389 3554 Bcneveutanac
1416 3493 1659 3550 ecclesia:
1685 3490 1890 3547 consti-

305 3599 513 3653 tuimus
549 3605 713 3668 atque
758 3595 1017 3650 decenter
1055 3591 1415 3654 decrevimus,
1461 3586 1756 3658 infringere
1802 3582 1888 3638 vel

303 3691 637 3758 diminuere,
668 3697 762 3744 aut
790 3700 1111 3760 quocunque
1139 3683 1299 3737 modo
1327 3681 1485 3735 aliter
1510 3679 1574 3734 ad
1603 3677 1888 3734 detrimen-

307 3798 422 3840 tum
452 3782 662 3856 prmfati
695 3778 1189 3850 archiepiscopatus
1213 3784 1470 3833 statuere.
1497 3771 1638 3842 quod
1670 3768 1890 3823 molitus

308 3886 394 3931 est
434 3873 787 3937 aduihiletur,
817 3879 873 3926 et
907 3870 1251 3923 anathemate
1277 3863 1556 3934 perculsus
1586 3862 1769 3917 divino
1799 3874 1891 3930 pe-

310 3977 426 4023 reat
456 3965 511 4022 iu
540 3973 835 4028 aeternum,
867 3960 972 4035 nisi
1020 3958 1157 4013 forte
1197 3956 1498 4025 resipiscat.
1531 3953 1891 4009 Conservator

310 4076 444 4116 vero
497 4057 658 4126 hujus
717 4055 889 4111 nostri
950 4050 1226 4123 apostolici
1281 4048 1545 4119 privilegii
1599 4044 1890 4115 apostolica

308 4148 692 4206 benedictione
748 4144 982 4199 refertus
1038 4145 1177 4196 intra
1230 4139 1468 4210 paradisi
1514 4136 1712 4190 mantia
1766 4149 1890 4189 cum

310 4239 517 4295 sanctis
542 4237 797 4293 omnibus
827 4233 1058 4305 gaudeat
1087 4233 1139 4285 in
1169 4239 1453 4285 aeternum.

386 4331 583 4386 Datum
624 4343 677 4381 tv
721 4326 847 4381 ldus
893 4324 1019 4380 Julii
1070 4339 1168 4393 per
1218 4335 1410 4375 manus
1463 4316 1723 4373 Friderici
1772 4315 1893 4369 dia-

312 4421 456 4487 coni,
487 4419 551 4475 S.
583 4418 839 4473 Romamn
892 4414 1149 4469 Ecclesiae
1196 4410 1592 4467 bibliothecarii
1641 4419 1697 4463 et
1742 4409 1893 4461 vice-

2452 3297 2725 3370 (Sigillum
2754 3295 3110 3367 plumbeum.)

2612 3411 2944 3467 LXXXVIII.

1990 3524 2046 3580 S.
2096 3524 2199 3578 Leo
2223 3523 2326 3587 IX,
2356 3524 2685 3579 Domimcum
2721 3541 2786 3579 ex
2813 3525 3068 3579 monacho
3110 3524 3404 3594 episcOpum
3444 3518 3572 3575 Val-

2062 3611 2260 3650 renum
2286 3612 2316 3649 a
2339 3611 2449 3651 sese
2471 3597 2669 3665 factum
2696 3596 2994 3664 conﬁrmat.

2588 3687 2765 3755 (Auno
2793 3686 2975 3750 I053.)

2313 3781 2567 3855 [Ugbclli,
2597 3780 2757 3834 Italia
2785 3780 2975 3841 Sacra,
3006 3780 3045 3842 I,
3084 3779 3265 3850 IISGI.J

2062 3874 2171 3929 Leo
2202 3875 2510 3943 episcopus,
2539 3887 2727 3926 servus
2766 3886 3048 3925 servorum
3078 3870 3195 3933 Dei,
3223 3869 3421 3923 dilecto
3445 3882 3573 3921 con-

1993 3965 2145 4020 fratri
2202 3967 2462 4021 DOIINICO
2509 3963 2789 4019 Valvensis
2831 3961 3086 4015 Ecclesice
3135 3961 3409 4029 episcopo,
3441 3975 3573 4012 cun-

1993 4059 2201 4127 ctisque
2215 4057 2619 4113 successoribus
2640 4059 2745 4111 tuis
2761 4057 2812 4110 in
2836 4057 3026 4112 eadem
3056 4056 3290 4111 Ecclesia
3315 4053 3571 4108 canonice

1994 4151 2373 4220 promovendis
2397 4151 2448 4204 in
2480 4158 2818 4221 perpetuum.
2910 4218 2917 4225 1

2068 4244 2175 4298 Etsi
2216 4244 2489 4313 jnbemur,
2538 4244 2664 4297 dum
2728 4253 2938 4314 tempus
2965 4243 3243 4306 habemus,
3271 4257 3299 4296 a
3348 4241 3574 4297 Domino

1995 4339 2133 4391 bona
2164 4338 2401 4408 operari,
2426 4337 2663 4391 maxime
2696 4343 2874 4391 tamen
2925 4337 2991 4391 ad
3037 4336 3363 4391 domesticos
3424 4334 3567 4389 fidei.

1997 4428 2152 4484 Unde
2180 4429 2433 4483 omnibus
2463 4427 2717 4483 Ecclesiis
2746 4427 2973 4492 Christi,
3021 4442 3119 4497 pro
3163 4441 3225 4481 ea
3257 4440 3376 4495 qum
3422 4423 3579 4479 nobis

313 4509 626 4568 cancellarii
660 4506 982 4562 vicedomiui
1021 4502 1335 4559 Herimanni
1376 4498 1868 4555 arehicbaucellari

1996 4522 2197 4576 credita
2222 4529 2306 4574 est
2328 4520 2753 4589 dispensatione,
2780 4518 3197 4574 sollicitudinem
3223 4525 3462 4570 nostram
3483 4515 3578 4567 ba-

313 4613 368 4659 ct
405 4598 735 4659 colonieusis
769 4595 1180 4668 archiepiscopi,
1231 4594 1387 4647 Anno
1420 4592 1481 4646 D.
1515 4590 1715 4645 Leonis
1766 4590 1891 4643 noni

313 4709 465 4765 papa:
491 4708 545 4757 v,
578 4691 768 4745 indicl.
798 4705 870 4743 Vl.

954 4779 1260 4836 LXXXVII.

313 4896 473 4953 Bulla
521 4895 579 4950 S.
611 4893 805 4948 Leonis
835 4891 937 4956 IX,
961 4910 1062 4962 qua
1087 4891 1401 4962 monasterio
1443 4888 1661 4962 Barensi
1690 4886 1897 4962 suada:

391 4967 661 5022 Trinitatis
707 4956 989 5032 conﬁrmat
1024 4962 1293 5017 ecc!esiam
1346 4960 1531 5014 Sancti
1585 4956 1823 5021 Nicolui,
1862 4972 1897 5007 α

388 5035 612 5092 Νἱεοιαο
629 5034 860 5091 Bareusi
880 5035 1114 5103 episcopo
1137 5033 1306 5085 cidem
1332 5046 1648 5085 concessam.

922 5122 1096 5190 (Auno
1124 5118 1307 5190 1055.)

1163 5229 1265 5266 ιιηΙ
1314 5227 1377 5266 VI
1425 5230 1574 5266 OI'Z‘I

631 5236 743 5264 ΙΙ...-
753 5232 922 5264 ..ιιοηιιῖ
969 5232 996 5266 Α
1009 5235 1112 5266 Ἰἶη

1997 4614 2206 4679 bemus,
2241 4615 2318 4669 sic
2345 4613 2601 4668 debemus
2631 4611 2908 4682 invigilare
2934 4609 3256 4681 longinquis,
3289 4624 3354 4662 ne
3397 4608 3449 4661 in
3480 4605 3580 4660 ali-

1997 4721 2100 4776 quo
2154 4705 2393 4759 absimus
2444 4703 2775 4773 propinquis.
2824 4701 3011 4772 Itaque
3063 4702 3127 4754 ad
3178 4697 3576 4767 suggestionem

1998 4807 2165 4859 luant,
2188 4797 2526 4852 'cItarissime
2556 4795 2829 4852 confrater
2853 4804 2904 4849 et
2930 4794 3243 4863 coepiscope
3276 4788 3575 4848 Dominicc.

1998 4904 2157 4958 quem
2189 4904 2253 4942 ex
2283 4887 2514 4943 cmuobii
2562 4886 2844 4955 disciplina
2892 4886 2959 4940 ad
3002 4887 3342 4954 episcopatus
3393 4895 3581 4937 curam

2000 4978 2454 5049 repromovimus,
2487 4979 2797 5048 gaudemus,
2831 4984 2881 5030 et
2924 4972 3358 5031 antecessoribus
3384 4969 3588 5027 nostris

2000 5078 2162 5137 atque
2209 5068 2365 5121 nobis
2412 5068 2641 5121 lideliter
2692 5074 2746 5119 ct
2793 5061 3297 5134 jugiterdcservire
3325 5061 3379 5116 in
3428 5059 3486 5117 S.
3518 5055 3587 5111 ιι.

2002 5158 2241 5213 Ecclesia
2284 5159 2683 5226 cognoscimus.
2722 5155 2825 5209 Sed
2860 5152 3463 5217 Valvensis'Ecclesitc,
3504 5149 3593 5203 cui

3271 5242 3282 5255 ι
3345 5242 3371 5268 μ
3435 5243 3447 5255 ι
3555 5242 3567 5249 -

3272 5258 3311 5268 un
3369 5247 3567 5268 ..Α-Ασιιι

2062 5254 2175 5268 -M-Z_
2209 5264 2225 5268 -
2259 5262 2303 5268 --
2333 5254 2473 5268 -Ι..κι
2507 5254 2759 5268 μ--‹-ηἷν1--
2809 5254 3052 5268 ’.ελσε-.-.ΖΑ
3080 5254 3282 5268 -ιΑΑΑΑΙι
