4020 5392
420 187 540 241 ’733

412 300 611 355 ,ιξίιιιιιε
643 311 703 358 et
746 306 1162 362 corroboramus'
1192 307 1288 364 tibi
1319 310 1554 381 tuisque,

408 391 834 448 -utcccssoribus
859 394 911 448 in
933 404 1273 466 perpetuum,
1295 400 1668 471 episcopatum
1688 403 2003 460 Valvensem

414 494 555 533 cum
577 482 722 535 omni
748 497 843 537 sua
880 485 1193 555 integritate
1221 498 1273 544 et
1303 491 1649 560 pertinentia,
1681 496 1821 549 sicut
1865 497 2003 550 anti—

412 569 553 637 -quis
576 579 634 626 et
653 569 818 637 iustis
847 573 1105 631 limitibus
1144 577 1552 646 determinatur,
1582 583 1790 638 scilicet
1821 598 1850 638 a
1898 583 2002 639 fot-

406 666 546 711 ‘sato
571 658 832 730 anal‘elli
860 663 1210 733 adportellas
1230 668 1344 723 sive
1371 669 1670 737 columnas,
1699 684 1754 729 et
1789 688 1820 728 a
1850 674 2000 729 turea

404 744 497 800 de
525 747 714 803 Gerla'
728 750 794 804 ad
819 750 1078 807 Stasilum
1110 755 1252 810 inter
1280 760 1519 825 montes;
1563 761 1691 816 hinc
1717 777 1748 817 a
1778 764 2001 821 castello

402 838 494 892 .de
523 837 694 895 Furca
720 842 789 895 ad
816 841 1032 899 Serram
1061 845 1128 901 de
1152 846 1476 916 Cannatiua,
1499 861 1554 906 et
1581 867 1610 906 a
1636 854 1801 909 Serra
1825 855 1892 910 de
1915 855 2005 910 Si-

425 928 563 998 gclla
594 931 662 985 ad
709 931 928 997 Scr'ram
976 936 1042 992 de
1081 948 1263 993 monte
1316 941 1541 1010 Christi,
1581 944 1705 1000 inde
1734 960 1767 999 a
1814 954 2000 1002 monte

408 1018 736 1081 -Ceneracici
763 1023 831 1079 ad
856 1038 1097 1093 crucem,
1119 1028 1248 1084 inde
1297 1046 1328 1085 a
1357 1031 1493 1088 valle
1513 1033 1694 1089 Araldi
1737 1036 1804 1089 ad
1831 1037 2000 1090 muri-

406 1123 544 1169 .ccm
569 1112 638 1167 de
661 1113 839 1180 celici,
859 1127 915 1172 et
935 1133 966 1171 a
992 1128 1132 1174 terra
1158 1122 1223 1176 de
1250 1132 1410 1177 cantu
1439 1125 1507 1177 ad
1548 1124 1753 1181 furcam
1778 1126 1995 1195 Mizula,

425 1202 621 1259 deinde
649 1219 679 1258 a
711 1208 905 1263 robore
932 1212 1169 1276 cerurci,
1192 1221 1247 1266 et
1277 1229 1467 1283 campo
1497 1216 1732 1282 olomeo,
1763 1227 1817 1273 et
1845 1235 1874 1274 a
1903 1237 1995 1274 ca-

402 1291 539 1347 .nite
562 1293 628 1347 ad
662 1293 1037 1354 columucllam
1064 1303 1130 1355 de
1159 1316 1350 1374 campo
1381 1304 1685 1372 Mezzo,ubi
1718 1310 1825 1363 exit
1856 1325 1995 1381 aqua

421 1383 488 1436 de
510 1400 727 1455 sangro,
754 1396 809 1441 et
832 1391 1007 1460 pergit
1031 1394 1098 1446 ad
1123 1391 1383 1450 fossatum
1410 1395 1700 1467 Luparelli,
1724 1400 1993 1471 quodjat'n

419 1474 618 1530 dictum
635 1487 738 1532 est.
762 1478 1142 1553 Principaliter
1160 1501 1375 1559 quoque
1397 1490 1781 1551 conﬁrmamus
1809 1496 1904 1551 tibi
1928 1496 1994 1551 ad

415 1567 772 1639 episcopalem
800 1574 980 1629 sedem
1010 1577 1301 1633 Ecclesium
1321 1580 1379 1637 S.
1398 1581 1567 1639 Pelini
1595 1600 1717 1641 cum
1745 1589 2000 1645 omnibus

404 1657 672 1725 usibijuSte
699 1663 1056 1731 pertinentiis,
1088 1677 1141 1722 et
1164 1670 1367 1739 pariter
1393 1673 1756 1741 EcclesiamS.
1784 1677 1991 1733 Pamﬁli
2026 1662 2067 1721 Β

396 1764 538 1804 .cttnt
819 1756 1064 1813 ecclesiis
1093 1767 1149 1814 et
1182 1761 1423 1831 capellis,
1465 1779 1800 1835 qnzceunque
1849 1767 1991 1821 intra

398 1840 671 1909 .p‘rafatOs'
699 1848 869 1915 posita
897 1842 1020 1903 esse
1048 1861 1363 1919 noscuntur,
1405 1872 1525 1910 cum
1551 1858 1806 1913 omnibus
1827 1860 1993 1928 perti-

414 1932 614 1987 nentiis
633 1948 842 2001 earmn,
867 1939 936 1992 ita
970 1948 1029 1993 ut
1048 1942 1289 1999 decimas
1308 1955 1360 2000 et
1380 1946 1681 2004 oblationes
1702 1957 1807 2004 tam
1840 1951 1989 2005 γινο-

396 2030 534 2077 :rum
565 2040 727 2097 quam
772 2032 933 2086 etiam
966 2044 1325 2103 mortuorum,
1356 2041 1651 2095 secundum
1694 2045 1989 2099 auctorita-

414 2123 523 2172 tem
552 2126 740 2175 eorum
768 2138 1059 2191 canonum,
1090 2141 1251 2199 prout
1276 2132 1371 2187 tibi
1393 2134 1687 2199 videbitur,
1709 2136 1851 2192 sicut
1880 2139 1993 2207 cpio

412 2221 633 2278 scopum
678 2210 854 2277 decet,
899 2217 1154 2287 disponas
1202 2228 1258 2276 et
1309 2222 1607 2293 dispenscs.
1658 2225 1989 2284 Cleriborum

412 2312 607 2354 causas
632 2311 687 2356 et
742 2306 957 2377 negotia
1006 2310 1072 2364 ad
1103 2313 1393 2371 saeculares
1419 2316 1664 2371 homines
1717 2327 1988 2375 eteorum

407 2385 609 2456 judicia
639 2393 870 2448 transire
908 2409 1014 2451 non
1041 2402 1370 2469 consentias,
1398 2404 1491 2459 sed
1538 2414 1592 2459 tu
1638 2406 1749 2475 ipse
1786 2416 1841 2462 ct
1869 2424 1988 2465 sue-

392 2492 665 2535 ~cessorcs
696 2483 767 2536 tui
793 2486 1027 2543 audiatis
1056 2500 1110 2545 et
1135 2494 1396 2551 canonice
1422 2496 1716 2553 doﬁniatis.
1743 2500 1829 2566 Et,
1862 2501 1987 2570 quia

417 2571 681 2628 malorum
733 2587 1012 2644 pectorum
1067 2584 1388 2655 negligentia
1441 2589 1601 2643 simul
1651 2599 1708 2646 et
1747 2593 1985 2661 nequitia

392 2666 760 2719 Lmouumcnta
800 2667 1111 2726 chartarum
1148 2675 1230 2728 vel
1258 2676 1533 2748 privilegia
1576 2676 1985 2737 ‘anteeessorum

410 2763 745 2821 nemorum,
776 2767 830 2814 et
868 2760 1041 2831 siqua
1084 2775 1212 2821 sunt
1258 2767 1363 2823 alia
1393 2767 1755 2828 instrumenta
1793 2775 1987 2844 quibus

407 2846 778 2911 possessiones
804 2859 858 2906 et
887 2853 1027 2909 bona
1064 2857 1230 2927 ipsius
1260 2859 1601 2932 episcopatus
1633 2864 1987 2922 ﬁrmabantur

386 2945 462 2992 ,ει
508 2940 896 3010 retinebantur,
939 2956 1032 3002 aut
1081 2951 1288 3018 perdita
1336 2963 1431 3009 attt
1480 2956 1760 3013 subtracta
1819 2958 1983 3014 fuisse

410 3042 657 3097 constat,
720 3054 814 3107 per
866 3042 968 3096 ltnc
1014 3055 1210 3102 nostra:
1257 3051 1597 3107 auctoritatis
1646 3054 1978 3127 privilegium

415 3127 688 3182 sancimus
716 3141 773 3184 ιιι
809 3132 940 3188 nihil
978 3136 1080 3192 hoc
1103 3138 1337 3206 praefata:
1366 3142 1620 3200 Ecclesiae
1644 3156 1857 3213 noceat,
1886 3150 1980 3205 sed

405 3213 558 3284 juxta
588 3221 730 3288 quod
777 3222 902 3277 0:10
933 3226 1228 3298 imperator
1252 3232 1566 3291 Grimnaldo
1608 3235 1848 3305 ejusdem
1877 3240 1978 3296 Ec-

408 3308 587 3364 clesia:
619 3312 869 3384 episcopo
914 3319 1074 3375 etiam
1109 3338 1208 3392 per
1251 3336 1580 3397 praeceptum
1633 3331 1979 3397 edixit,-ubi-

405 3411 616 3466 cunque
653 3405 945 3461 necessitas
974 3417 1027 3463 et
1050 3408 1257 3477 justitia
1304 3415 1473 3485 ipsius
1500 3418 1843 3490 episcopatus
1865 3426 1978 3478 lue-

403 3487 495 3551 rit,
534 3490 634 3544 sub
665 3492 1075 3564 interpositione
1117 3508 1465 3573 sacramenti,
1511 3487 1608 3580 per
1623 3487 1846 3569 veraces
1881 3515 1978 3569 bu-

402 3577 574 3633 mines
605 3588 713 3636 tam
740 3583 930 3642 divites
950 3604 1108 3658 quam
1146 3593 1312 3648 etiam
1337 3577 1653 3666 mediocres,
1676 3591 1813 3671 quos
1834 3604 1973 3660 idem

398 3666 684 3734 cpiscopus
731 3673 1181 3745 dcuomiuaverit,
1209 3681 1259 3736 in
1290 3684 1660 3758 cujuscunque
1693 3666 1975 3761 potestate

400 3759 471 3811 sit
500 3759 612 3828 ipsa
630 3761 860 3832 justitia,
888 3767 1211 3838 inquiratur,
1244 3783 1298 3829 et
1344 3776 1597 3834 Ecclesia:
1626 3759 1783 3837 dictae
1817 3785 1976 3839 resti-

376 3858 598 3918 .tuatur.
652 3854 873 3926 Insuper
926 3860 1265 3921 decernimus
1317 3868 1421 3923 sub
1451 3868 1860 3940 interpositione
1889 3876 1972 3929 di-

400 3941 572 4000 stricti
600 3947 991 4018 anatltetnatis,
1023 3960 1082 4006 ttt
1109 3955 1414 4031 quicunque
1463 3963 1715 4016 conscius
1739 3973 1820 4019 est
1849 3981 1971 4034 pos:

398 4034 697 4092 sessionum
724 4040 805 4096 vel
831 4042 1092 4100 bonorum
1135 4063 1254 4117 qure
1275 4049 1396 4115 jure
1421 4064 1728 4124 competunt
1750 4058 1970 4128 prmfato

398 4124 750 4195 episcopatui,
781 4140 834 4185 et
871 4142 1047 4214 tamen
1086 4137 1211 4205 inde
1231 4140 1464 4196 alienata
1492 4144 1560 4198 ab
1592 4124 1850 4214 improbis
1874 4149 1970 4203 ho-

400 4212 633 4271 minibus
661 4216 989 4285 detinentur,
1017 4210 1269 4296 episcopo
1284 4239 1373 4284 aut
1402 4232 1516 4285 suis
1540 4210 1872 4297 mattil‘estet.
1902 4253 1969 4292 ne

1404 228 1413 237 -
1477 200 1534 257 S.
1577 202 1820 260 LEONIS
1858 205 1926 260 ιχ
1968 206 2169 263 DARE
2207 207 2589 279 QPUSCUI..\.

3570 196 3671 266 73$

1585 323 1643 368 ut
1663 315 1866 414 dictum
1894 325 1998 381 θεῖν
2031 324 2075 381 Α
2105 357 2225 397 eum
2257 344 2459 414 absque
2489 346 2821 401 discussione
2848 363 2909 402 ex
2933 349 3180 403 omnibus
3203 349 3361 404 rebus
3390 349 3673 407 mobilibus

2100 432 2185 487 vel
2217 433 2578 492 immobilibus
2622 452 2738 495 sese
2792 439 3149 505 moventibus,
3182 455 3301 510 qua:
3328 430 3471 494 nunc
3497 442 3672 510 possi-

2104 520 2211 587 det,
2244 531 2296 579 et
2327 524 2576 597 deinceps
2594 526 2737 597 juste
2763 527 3043 598 acquirere
3070 538 3121 584 et
3149 530 3426 600 possidere
3453 528 3668 601 poterit.

2103 610 2255 680 Quod
2284 614 2329 669 si
2351 617 2489 685 quis,
2507 615 2597 671 Dei
2622 627 2675 673 et
2698 619 2889 674 anima:
2916 635 3024 675 sua:
3048 620 3319 686 inimicus,
3352 636 3673 692 quocunque

2102 705 2259 759 tnodo
2296 706 2379 761 vel
2414 707 2627 778 ingenio
2679 710 2837 780 hujus
2879 710 3156 782 apostolici
3206 712 3469 783 privilegii
3501 723 3671 768 teme-

2101 796 2277 852 rarius
2303 800 2683 866 praevaricator
2707 803 2941 858 existere
2967 818 3071 857 non
3104 802 3361 867 timuerit,
3390 813 3447 859 et
3471 802 3671 873 aliquid

2099 899 2286 940 eorum
2316 903 2434 956 quae
2468 888 2553 943 hic
2579 895 2674 944 aut
2723 890 3110 947 conﬁrmantur
3137 901 3229 947 aut
3269 892 3613 947 iuﬁrmantur
3640 909 3668 947 a

2100 974 2274 1039 nobis,
2304 975 2405 1031 sibi
2435 979 2834 1048 przcsumpserit
2884 990 3073 1036 contra
3127 982 3230 1038 boc
3279 983 3422 1052 quod
3472 990 3674 1039 nostra:

2100 1068 2436 1124 auctoritatis
2461 1082 2690 1124 censura
2722 1070 2812 1126 hic
2840 1072 3229 1145 promulgatur,
3255 1082 3511 1144 perpetua
3535 1089 3667 1129 ana-

2090 1157 2350 1212 ‘tlteutalis
2379 1152 2644 1213 sententia
2673 1174 2730 1215 se
2759 1161 3018 1231 gehennae
3051 1177 3170 1217 cum
3206 1163 3442 1228 diabolo,
3469 1172 3524 1218 et
3568 1179 3666 1219 an-

2097 1249 2229 1320 gelis
2275 1251 2389 1320 ejus
2440 1251 2930 1322 irrecuperabiliter
2974 1242 3388 1324 mancipandam
3429 1256 3665 1318 noverit,

2092 1340 2196 1393 nisi
2220 1337 2377 1405 forte,
2407 1340 2530 1396 dum
2560 1341 2716 1411 vivit,
2746 1343 2904 1415 digne
2932 1344 3157 1400 Domino
3198 1346 3537 1415 etEcclesizn
3558 1363 3670 1403 sum

2096 1430 2434 1486 satisfecerit.
2462 1432 2560 1500 Qui
2589 1448 2716 1488 vero
2739 1414 2933 1490 divina:
2978 1434 3189 1505 pictatis
3224 1414 3416 1497 itituitu
3446 1447 3503 1493 et
3537 1453 3665 1494 san-

2086 1522 2195 1573 eta:
2218 1520 2533 1576 obcdientiae
2564 1524 2862 1578 reverentia
2911 1522 3081 1605 ﬁdelis
3105 1536 3456 1581 conservator
3494 1528 3652 1583 exsti‘

2098 1611 2223 1665 terit
2257 1612 2430 1683 hujus,
2466 1614 2893 1670 benedictionem
2928 1616 3014 1670 hic
3044 1625 3098 1669 et
3159 1616 3210 1670 in
3240 1614 3422 1673 futuro
3452 1633 3664 1689 promc-

2099 1705 2694 1777 reatur,pncmittmq°.:c
2724 1708 3064 1778 sempiterna:
3090 1708 3438 1766 beatitudinis
3467 1711 3521 1766 in
3558 1713 3663 1768 ele-

2094 1806 2300 1850 ctorum
2335 1797 2424 1851 Dei
2452 1797 2700 1853 coetibus.
2732 1799 2924 1854 Amen.

2110 1888 2113 1893 '
2164 1878 2363 1940 Datum
2383 1886 2433 1941 in
2473 1884 2776 1954 Benevento
2802 1906 2878 1945 xu
2913 1888 3032 1946 Kal.
3058 1891 3299 1949 Januarii
3344 1906 3442 1963 per
3468 1909 3660 1948 manus

2091 1968 2332 2032 Federici
2372 1979 2582 2033 diaconi
2612 1989 2668 2035 et
2703 1980 3113 2049 bibliolltecarii,
3147 2001 3210 2040 ac
3240 1985 3550 2042 cauccllarii
3599 1987 3658 2041 S.

2092 2068 2156 2122 Α.
2207 2070 2347 2125 sedis
2382 2070 2497 2125 vice
2545 2070 2606 2124 D.
2651 2068 2973 2128 lieremauni
3013 2074 3349 2131 Coloniensis
3392 2078 3657 2144 archiepi-

2092 2158 2259 2226 scopi,
2291 2169 2344 2213 et.
2372 2160 2830 2217 archieancellarii
2870 2177 3014 2219 anno
3035 2164 3177 2219 dom.
3208 2163 3408 2225 Leonis
3448 2165 3522 2221 IX
3553 2183 3646 2235 pa-

2091 2262 2190 2317 pte,
2219 2264 2268 2311 ν,
2304 2248 2410 2302 imi.
2445 2265 2519 2303 vt.

2728 2342 3012 2399 LXXXIX.

2091 2426 2327 2499 Epistula
2381 2429 2439 2484 S.
2501 2430 2680 2486 Leonis
2727 2432 2809 2486 ΙΧ
2866 2436 2935 2488 ad
2992 2436 3277 2491 "ruricum
3330 2436 3658 2497 Francorum

2780 2520 2971 2574 regem.

2406 2589 2808 2662 Fragmentum.
2847 2624 2919 2636 -ο
2951 2595 3126 2662 (Auno
3158 2596 3337 2666 l05i.)

2165 2674 2487 2747 [Dttcbcsuc,
2522 2680 2659 2755 llisl.
2686 2680 2880 2755 Frunc.
2924 2684 3137 2755 Script.,
3170 2685 3257 2749 IV.
3289 2685 3412 2754 N5,
3449 2702 3515 2744 ex
3557 2689 3655 2747 Dc-

2412 2762 2561 2805 crcto
2590 2750 2780 2816 lvouis,
2811 2767 2961 2823 parte
2990 2750 3068 2820 u‘,
3100 2772 3218 2826 Cap.
3251 2756 3329 2830 8.]

2158 2836 2319 2893 Pater
2349 2849 2468 2895 tuus
2498 2840 2783 2907 Robertus,
2814 2842 2972 2901 laude
3002 2856 3054 2902 et
3086 2848 3331 2904 consultu
3382 2851 3656 2922 episcopo-

2089 2943 2204 2983 rum
2239 2931 2384 3000 regui
2419 2933 2517 2997 tui,
2547 2932 2756 3011 Bertatn
2791 2944 3015 2991 matrem
3057 2937 3257 2994 OiiODiS
3303 2942 3521 2998 comitis
3548 2946 3650 3000 sibi

2011 3002 2052 3061 (ἶ
2085 3020 2238 3075 duxit
2281 3038 2522 3077 uxorem.
2574 3008 2655 3080 Ob
2697 3041 2856 3095 quam
2904 3042 3037 3095 rem,
3086 3030 3337 3099 quoniam
3388 3032 3489 3088 sibi
3534 3046 3651 3089 erat

2070 3112 2262 3179 carnis
2308 3112 2565 3170 aliiuitate
2608 3115 2912 3184 conjuncta,
2943 3119 3011 3174 ab
3055 3129 3395 3180 autecessore
3441 3134 3648 3189 nostro,

2068 3217 2201 3267 cum
2231 3203 2498 3274 episcopis
2529 3207 2618 3276 qui
2646 3206 2840 3276 placito
2872 3209 3250 3277 interfuerunt,
3281 3220 3649 3272 excommuni-

2079 3293 2207 3358 Cati,
2241 3303 2359 3364 post
2412 3296 2479 3350 ad
2538 3298 2718 3353 sedem
2776 3302 3127 3369 apostolicam
3184 3306 3461 3364 venientes
3524 3325 3652 3366 cum

2078 3386 2466 3457 satisfactione,
2493 3400 2702 3461 sumpta
2755 3393 3097 3463 pmnitcntia,
3122 3398 3396 3454 redierunt
3420 3401 3489 3456 ad
3517 3418 3647 3472 pro-

2078 3480 2214 3548 pria.

2805 3575 2913 3629 KC.

2061 3678 2133 3734 .S.
2170 3679 2272 3736 Leo
2308 3678 2391 3734 IX
2434 3680 2681 3737 Vaticano
2719 3683 2779 3738 S.
2807 3682 2946 3739 Petri
2982 3688 3169 3751 tentato
3198 3690 3452 3741 decima'u
3495 3690 3645 3743 obfu-

2477 3753 2675 3806 tionum
2712 3763 2912 3823 partem
2949 3755 3220 3828 elargilur.

2663 3842 2839 3914 (Auno
2885 3843 3063 3914 105M

2460 3932 2777 4005 [Baliarium
2812 3932 2976 3991 Vatic.
3024 3936 3076 4004 Ι,
3117 3935 3232 4011 35.]

2145 4024 2197 4079 lu
2225 4025 2444 4080 nomine
2494 4026 2741 4102 Domini,
2801 4041 2979 4102 amen.
3037 4028 3147 4102 lloc
3187 4041 3267 4086 cst
3313 4033 3644 4102 exemplum.

2072 4098 2183 4149 sive
2215 4097 2922 4171 transumptunt,cujusdam
2951 4101 3154 4168 papalis
3177 4101 3437 4171 privilegii
3468 4097 3640 4158 ieiicis

2072 4166 2462 4239 recordationis
2494 4166 2907 4239 dqttttti__t.eonis
2939 4166 3100 4239 papa:
3130 4166 3253 4224 noui
3280 4212 3296 4237 ,
3348 4166 3468 4239 ejus
3515 4188 3643 4226 vera

2070 4233 2211 4288 bulla
2266 4235 2512 4304 plum’bca
2556 4236 2608 4290 in
2654 4235 2756 4292 ﬁlis
2795 4233 2983 4292 sericis
3023 4233 3235 4301 'bttllati,
3283 4233 3394 4295 noti
3426 4242 3634 4303 vitiati.

399 4317 432 4354 ιι
455 4301 555 4356 alis
588 4303 815 4361 aliorum
868 4313 1253 4369 conscntienda
1290 4328 1344 4372 et
1397 4322 1643 4388 tacendo,
1674 4324 1967 4396 sacrilegus
1999 4340 2044 4399 υ
2071 4321 2175 4399 [³0⁸³
2203 4301 2382 4399 θὲζίιδί
2406 4344 2427 4399 ε
2436 4305 3330 4399 Λ¹ξ⁰³1ξ³ξ¹ξ⁰ξῖξξ³ξξίνΑἾθὲῘΡ-,ἣξίίιυέ
3371 4313 3638 4399 ξ¹¹ξμνίξξί¹⁰

374 4393 537 4473 ⁸ειιιιιιι
569 4393 851 4453 Dominum
882 4404 1107 4468 existat;
1143 4418 1330 4463 omnes
1357 4411 1517 4465 etiam
1569 4415 1772 4469 charta:
1818 4393 1969 4471 facta:

398 4482 466 4540 ad
498 4482 749 4542 damnum
780 4489 1050 4555 Ecclesia),
1078 4496 1159 4549 vel
1206 4508 1324 4567 qua:
1353 4499 1569 4556 fuerunt
1594 4503 1689 4573 ipsi
1718 4502 1971 4560 Ecclesiae

397 4575 713 4642 subtracta},
740 4591 795 4634 et
844 4582 1152 4641 detinentur
1179 4590 1246 4644 ab
1295 4590 1653 4660 invasoribus,
1677 4597 1967 4667 apostolica

398 4666 717 4725 auctoritate
746 4670 856 4726 sint
884 4673 1070 4732 inanes
1099 4688 1150 4731 et
1181 4694 1383 4735 vacum.
1430 4682 1566 4740 llinc
1615 4683 1672 4740 S.
1714 4687 1969 4743 Romana?

397 4762 449 4812 et
475 4759 782 4824 apostolicae
810 4764 972 4828 sedis,
1008 4765 1159 4833 cujus
1189 4766 1333 4837 juris
1361 4772 1701 4844 episcopatus
1732 4777 1819 4832 ille
1847 4793 1968 4847 spc-

373 4838 607 4903 'cialiter
637 4864 756 4905 esse
780 4852 1135 4924 dignoscitur,
1160 4838 1504 4927 auctoritate,
1530 4838 1629 4918 sub
1659 4838 1968 4922 intermina-

399 4932 543 4996 tione
568 4939 797 4999 districzi
838 4949 1217 5016 anatltetnatis,
1263 4953 1634 5012 interdicimus
1682 4973 1750 5012 ne
1786 4959 1964 5029 aliqua

400 5038 593 5094 magna
617 5028 697 5081 vel
731 5046 892 5099 parva
921 5051 1148 5105 persona
1179 5040 1544 5112 cujuscunque
1568 5028 1887 5104 conditionis
1910 5057 1967 5105 et

377 5115 675 5189 tliguitatis
705 5127 1010 5198 molestare,
1041 5132 1359 5204 inquietare,
1394 5137 1645 5198 divestire
1675 5152 1965 5213 prmsumat

477 5233 808 5322 titulouzc.
840 5244 1318 5322 magui‘ptjucipes
1369 5262 1670 5322 cmteraque
1728 5254 1961 5313 ﬁdelittm

372 5305 553 5392 turba
594 5306 667 5392 ,ιιι
694 5305 980 5392 Vati-cutio,
1016 5305 1073 5366 δ’.
1101 5305 1240 5371 Petri
1270 5305 1492 5392 templo,
1520 5305 1965 5380 obiciebant

2070 4375 2341 4448 suspecti,
2404 4376 2515 4448 sed
2549 4376 2702 4448 omni
2745 4377 2873 4448 vitio
2915 4375 3313 4448 etsuspiciuite
3365 4375 3640 4445 care-niis,

2070 4444 2224 4514 cujus
2262 4453 2437 4511 tenor,
2484 4446 2549 4500 de
2593 4444 2758 4501 verbo
2787 4447 2854 4501 ad
2881 4444 3134 4515 verbum,
3168 4463 3265 4518 per
3305 4452 3487 4506 omnia
3517 4444 3641 4506 talis

2070 4524 2173 4569 est.

2141 4603 2303 4660 Beate
2329 4604 2489 4660 Petre
2516 4606 2759 4676 apostole
2783 4647 2799 4674 ,
2842 4622 2941 4676 ego
2990 4606 3095 4663 Leo
3121 4609 3419 4680 episcopus,
3450 4625 3637 4666 servus

2071 4704 2193 4749 tuus
2219 4703 2273 4749 et
2299 4696 2535 4750 omnium
2568 4711 2843 4751 servorum
2872 4697 2983 4763 Dei,
3007 4699 3072 4752 tle
3098 4699 3202 4753 tuis
3226 4698 3380 4755 donis
3403 4700 3636 4769 aliquant

2062 4786 2163 4843 tibi
2195 4785 2363 4841 ull-ero
2414 4785 2755 4855 particulam,
2800 4804 2961 4856 quam
3006 4788 3134 4842 mihi
3175 4788 3394 4859 dignum
3437 4790 3537 4844 fuit
3560 4790 3637 4842 vi-

2069 4888 2212 4940 sum,
2240 4875 2456 4941 dignum
2482 4885 2535 4930 et
2560 4875 2761 4944 justum
2787 4878 2933 4932 curis
2961 4878 3154 4949 quibus
3182 4879 3510 4946 eireumdor,
3540 4894 3635 4933 au-

2067 4962 2211 5018 ferre
2257 4974 2310 5019 et
2358 4965 2452 5019 tibi
2508 4964 2702 5022 oﬂ'erre
2767 4968 2921 5038 quasi
2971 4982 3167 5030 meam,
3233 4982 3361 5024 eum
3403 4970 3472 5024 sit
3523 4977 3633 5028 tua.

2066 5050 2336 5122 Quidquid
2373 5054 2519 5109 enim
2548 5063 2632 5111 est
2659 5057 2800 5126 quod
2827 5057 2881 5112 iu
2908 5057 3107 5113 nostris
3129 5056 3346 5126 juribus
3368 5059 3440 5115 sit
3464 5059 3632 5129 (2:0),

2066 5146 2190 5202 licet
2229 5147 2299 5202 sit
2334 5162 2524 5219 parum
2550 5149 2617 5204 ad
2658 5149 3042 5207 conferendam
3079 5151 3477 5222 praeteritorum
3513 5149 3633 5227 quae

2064 5257 2243 5330 hulltc,
2272 5259 2498 5315 inferius
2535 5261 2890 5330 producenda!
2912 5304 2926 5324 .
2967 5261 3267 5320 luculenter
3315 5263 3624 5320 ostendunt.

2066 5328 2299 5392 llujusce
2326 5328 2731 5386 consuetudinis
2754 5347 2837 5392 ea,
2857 5334 2908 5387 ni
2937 5332 3189 5392 fallimur.
3221 5335 3363 5387 ratio
3384 5343 3467 5388 est
3491 5334 3630 5392 quod
