4020 5392
371 285 478 343 τῖτ

1325 286 1677 344 EPISTOLE
1717 281 1814 342 ΕΤ
1850 283 2161 341 ΒΕΠΠΕὙᾹ
2206 285 2608 345 l’ONTlFlCiA.

3494 285 3602 340 738

377 399 542 452 nostri
562 406 928 453 antecessores
946 398 1266 458 habuerunt.
1294 398 1343 452 id
1369 407 1562 460 tamen,
1593 397 1938 466 quantuluin-
1973 403 2012 457 Α
2049 395 2175 448 tatis
2207 397 2408 451 donum
2440 398 2534 452 tibi
2563 399 2628 451 de
2657 406 2768 462 tuo,
2797 397 2956 453 beate
2989 397 3146 453 Petre
3190 395 3454 469 apostole,
3481 400 3608 451 tide-

352 505 605 559 mimque
629 489 726 554 sit,
755 490 914 560 digne
941 499 1112 545 tecum
1133 489 1369 557 iudicavi
1405 491 1608 544 sortien
1632 492 1759 544 'unt.
1803 483 1941 542 Ecce

371 581 516 635 enim
568 580 636 636 de
677 580 1038 637 oblationibus
1074 579 1342 644 fidelium,
1372 595 1492 652 qua:
1518 580 1611 635 tibi
1647 577 1942 633 ofleruntur

376 673 429 726 iu
469 672 626 727 altari
664 683 774 736 tuo,
800 673 900 726 sub
940 687 1050 742 quo
1075 687 1288 726 sacrum
1317 683 1370 727 et
1410 671 1716 726 venerabile
1745 684 1943 740 corpus

375 769 529 814 tuum
573 759 866 830 requiescit
907 768 962 814 et
994 761 1154 815 etiam
1195 760 1248 814 in
1295 760 1631 816 confessione
1663 760 1830 830 ipsius
1861 759 1945 813 al-

375 848 532 913 taris,
569 848 836 904 det-imam
887 857 1094 918 partem
1133 845 1262 914 tmi,
1308 849 1556 919 quamvis
1587 861 1736 903 tuum
1773 857 1941 903 totum

372 937 469 1003 sit,
514 937 702 992 humili
749 938 1029 993 devotione
1057 944 1113 992 et
1153 946 1264 993 tota
1301 938 1482 992 cordis
1515 939 1944 1008 prosternatione

373 1027 674 1093 oderimus,
714 1029 997 1092 donamus,
1028 1027 1406 1094 concedimus,
1445 1038 1498 1083 ct
1542 1027 1706 1082 etiam
1761 1043 1945 1083 corro~

375 1127 636 1182 borarnus
673 1135 835 1194 atque
875 1122 1264 1179 continuamus
1291 1125 1358 1176 ad
1398 1123 1854 1178 constructionem
1890 1131 1946 1177 et

376 1217 744 1272 rcsareioneni
769 1214 884 1285 (εῖτ)
919 1215 1088 1284 ipsius
1115 1215 1187 1267 tui
1213 1215 1352 1269 sacri
1381 1215 1562 1284 templi
1591 1215 1642 1268 in
1665 1215 1905 1269 :rdi'ii-iis
1927 1254 1943 1279 ,

375 1308 696 1376 parietibus,
753 1307 1005 1376 picturis,
1051 1306 1240 1376 tignis,
1294 1307 1479 1370 tectis,
1530 1306 1860 1371 imbricibus,
1893 1315 1948 1360 et

377 1407 643 1468 praeterea
704 1396 1050 1452 luminarium
1115 1395 1616 1452 eoneinnationibns
1677 1397 1946 1462 assiduis,

377 1489 512 1551 olei,
539 1505 603 1544 ac
649 1501 809 1553 cene,
849 1503 1082 1543 necnon
1120 1487 1456 1560 lampadibus
1501 1488 1689 1543 vitreis
1713 1527 1730 1558 ,_
1779 1495 1834 1542 et
1874 1487 1950 1542 οἰ-

377 1580 608 1634 cindelis
638 1577 818 1650 (ill),
853 1586 1017 1648 atque
1055 1578 1386 1650 tliymiamati
1423 1577 1740 1646 exterisque
1778 1577 1950 1631 omni-

381 1669 483 1724 bus
533 1665 854 1723 utensilibus
927 1673 1047 1736 qua:
1129 1668 1194 1722 ad
1247 1683 1404 1722 usum
1458 1675 1514 1723 et
1572 1668 1948 1722 necessitatem

2045 485 2166 541 liter
2194 502 2258 542 ac
2283 501 2416 557 pure
2438 486 2714 553 collatum,
2748 489 2930 543 venire
2961 488 3251 545 tentaverit
3283 496 3336 543 et
3377 487 3610 542 inteme-

2043 585 2218 630 ratmn
2247 591 2352 632 non
2389 575 2704 630 custodierit
2730 615 2744 641 ,
2776 591 2884 635 non
2915 577 3091 639 solum
3134 585 3448 646 segregatus
3479 575 3552 631 sit
3581 592 3611 626 a

2039 666 2424 720 communione
2455 665 2690 721 ﬁdeliam
2718 666 2772 720 in
2803 665 2910 722 hic
2935 667 3222 736 temporali
3261 667 3390 730 vita,
3421 665 3516 719 sed
3558 665 3612 716 in

2045 756 2130 810 illa
2160 770 2374 828 quoque
2400 765 2605 812 :eteriia
2634 757 2922 811 damnatus
2944 755 3015 810 sit
3039 751 3310 826 perpetuis
3345 755 3521 826 pinnis
3556 761 3613 807 et

2044 846 2430 916 gehennalibus
2459 846 2767 901 tormentis.
2795 846 2840 900 Δ
2869 845 3144 900 contrario
3167 845 3353 910 etiam,
3384 843 3614 916 quieuit:

2044 951 2150 1005 que
2197 936 2419 992 devotus
2463 945 2647 990 custos
2695 943 2754 990 et
2793 943 2994 991 cautus
3047 933 3367 989 observator
3419 941 3619 988 nostra:

2045 1026 2331 1082 oblationis
2349 1027 2636 1089 exstiterit,
2653 1026 2848 1080 divinis
2863 1022 3324 1080 benedictionibus
3337 1031 3619 1093 augeatur;

2047 1125 2103 1170 et
2129 1115 2219 1170 hic
2243 1129 2338 1186 per
2381 1125 2452 1181 te,
2489 1114 2643 1171 beate
2690 1114 2848 1170 Petre
2881 1114 3147 1185 apostole,
3195 1130 3225 1168 a
3272 1123 3620 1183 peccatorum

2047 1204 2276 1260 vinculis
2301 1205 2629 1268 absolvatur,
2673 1214 2728 1260 et
2758 1204 2867 1258 illic.
2891 1218 3105 1273 quoque
3140 1219 3234 1274 per
3265 1213 3317 1259 te
3357 1204 3499 1258 intra
3531 1203 3617 1272 jac

2049 1307 2209 1346 uuam
2239 1294 2387 1364 regni
2423 1293 2662 1348 caelestis
2689 1293 3026 1346 admittatur.
3065 1291 3182 1347 Hoc
3208 1292 3390 1361 itaque
3419 1303 3616 1347 nostra:

2049 1383 2348 1439 devotionis
2370 1383 2730 1454 privilegium,
2764 1391 2822 1437 ut
2841 1384 3022 1438 verius
3041 1383 3296 1440 credatur
3338 1393 3394 1438 et
3419 1385 3624 1440 certius

2051 1473 2332 1539 habeatur,
2365 1474 2758 1545 subscriptione
2785 1485 2969 1529 nostra
3013 1474 3410 1538 roboraviuius,
3434 1482 3490 1528 et
3531 1489 3621 1526 ra-

2049 1564 2294 1620 boratnm
2320 1571 2505 1619 nostra
2531 1563 2826 1634 significari
2871 1563 3050 1630 sigillo
3089 1563 3238 1633 (315)
3265 1563 3526 1634 iussimus
3553 1565 3620 1618 ad

2051 1652 2264 1708 laudem
2286 1663 2341 1708 et
2366 1653 2589 1723 gloriam
2621 1653 2832 1708 Domini
2858 1655 3026 1709 nostri
3057 1653 3184 1710 Jesn
3230 1653 3434 1710 Christi
3481 1653 3623 1726 apud

383 1767 548 1828 atque
585 1757 833 1812 decon
866 1756 1031 1811 totius
1065 1755 1230 1826 ipsius
1258 1757 1500 1812 ecclesia:
1527 1757 1820 1826 pertinent.
1852 1758 1950 1812 De-

2068 1758 2214 1814 piem
2259 1743 2416 1798 beate
2472 1743 2632 1798 Petre
2690 1745 2950 1814 apostole,
2980 1760 3198 1816 semper
3245 1755 3365 1801 esto
3423 1760 3628 1804 memor

381 1847 582 1905 ciuium
625 1860 756 1904 vero
786 1846 955 1916 ipsam
1001 1859 1216 1916 semper
1241 1847 1485 1902 volumus
1529 1863 1649 1904 esse
1690 1848 1953 1904 decimam

383 1935 548 2001 diem,
585 1945 644 1992 ut
698 1935 900 1992 oblatio
943 1950 1063 2006 quae
1106 1935 1203 1991 tibi
1242 1937 1488 2003 debetur,
1538 1949 1784 2010 separata
1826 1939 1956 1996 sita

385 2024 601 2078 exteris
637 2021 1023 2090 oblationibus,
1071 2035 1127 2080 et
1169 2025 1372 2080 nullum
1413 2027 1592 2096 aliqua
1643 2027 1959 2084 confusione

389 2114 623 2185 patiatur
645 2129 906 2170 errorem.
949 2113 1124 2185 Super
1153 2116 1255 2171 hoc
1295 2116 1477 2180 etiam,
1509 2117 1552 2172 si
1581 2133 1688 2190 qua
1731 2133 1881 2184 vasa,
1911 2118 1958 2174 si

391 2219 500 2273 qua
541 2213 859 2260 ornamenta
901 2205 988 2260 vel
1017 2205 1332 2262 indumenta
1387 2209 1754 2264 ecclesiastica
1799 2225 1962 2280 super

390 2294 570 2364 ipsum
595 2309 808 2350 sacrum
830 2304 888 2350 et
923 2296 1231 2350 venerabile
1259 2297 1431 2352 altare
1463 2307 1609 2354 tuum
1633 2299 1814 2356 oblata
1841 2299 1960 2355 fue-

391 2385 505 2437 rint
531 2385 596 2438 ad
623 2383 822 2439 cultum
863 2383 981 2470 Dei,
1007 2387 1202 2442 divinis
1237 2386 1427 2443 oﬂieiis
1464 2399 1518 2444 et
1556 2391 1826 2462 mysteriis
1870 2406 1964 2445 ne-

393 2475 653 2538 cessaria,
699 2473 1030 2530 conferimus
1065 2492 1128 2530 ea
1171 2479 1354 2534 omnia
1414 2479 1512 2550 ipsi
1545 2489 1648 2534 tua:
1693 2480 1961 2546 ecclesitc,

392 2567 468 2622 ibi
507 2565 779 2639 'perpetiin
837 2583 1190 2638 permansura
1238 2570 1292 2624 in
1355 2586 1509 2626 usuin
1561 2561 1816 2626 solarium
1857 2574 1966 2627 De.)

393 2667 448 2710 et
507 2657 602 2710 tibi
657 2657 768 2712 illic
809 2669 920 2712 tum
970 2657 1173 2712 servire
1229 2669 1285 2713 et
1341 2660 1692 2714 serviturum.
1745 2659 1964 2716 Adden-

395 2748 524 2799 dum
570 2761 784 2816 quoque
831 2749 1102 2804 credimus
1146 2747 1278 2804 illud
1320 2749 1609 2804 oblationis
1661 2765 1880 2814 munus,
1913 2759 1971 2804 ut

391 2836 657 2906 quidquid
694 2837 904 2892 scilicet
949 2853 1044 2908 per
1073 2837 1258 2893 fideles
1283 2838 1350 2893 ad
1395 2839 1567 2907 ipsum
1600 2849 1747 2894 tuum
1779 2839 1967 2905 altare,

402 2941 458 2981 et
499 2931 568 2984 ad
597 2929 764 2998 ipsam
789 2928 1188 2986 confessionem
1213 2928 1433 2986 oﬂertur
1465 2931 1516 2985 in
1548 2931 1744 3002 vigiliis
1769 2931 1971 2986 Natalis

401 3021 501 3084 tui,
532 3031 587 3073 et
614 3022 666 3073 in
700 3023 811 3090 ipsa
842 3021 914 3075 tui
949 3020 1152 3076 Natalis
1187 3022 1298 3084 die,
1324 3022 1480 3076 beate
1523 3021 1684 3076 Petro
1705 3022 1967 3092 apostolo,

396 3122 574 3167 totum
598 3113 669 3166 sit
697 3111 932 3183 speciale
966 3121 1115 3167 tuum
1141 3129 1238 3183 pro
1263 3111 1646 3177 luminaribus,
1681 3123 1734 3169 et
1761 3115 1970 3170 ceteris

401 3201 632 3256 diversis
661 3202 1099 3268 necessitatibus,
1123 3202 1189 3258 ad
1215 3203 1327 3272 ipsa
1353 3213 1442 3256 tua
1466 3203 1728 3260 solemnia
1765 3209 1970 3275 agenda

400 3291 817 3360 pertinentibus.
850 3291 963 3347 Nec
1010 3292 1140 3347 illud
1185 3295 1706 3363 pi'aaterniittendum
1759 3296 1972 3351 censui-

402 3398 526 3438 mus
557 3392 636 3449 ut,
665 3376 1094 3454 quotiescunque
1133 3385 1200 3440 de
1249 3386 1662 3456 quibuseunqne
1709 3387 1892 3458 regnis
1917 3396 1974 3442 et

403 3479 568 3533 terris
598 3479 818 3542 tributa,
847 3479 961 3534 sive
991 3481 1058 3534 ad
1089 3479 1257 3536 altare
1287 3492 1436 3536 tnnm
1463 3481 1764 3538 offeruntur
1795 3485 1968 3554 (212),

405 3568 524 3624 sive
553 3571 620 3624 ad
647 3562 923 3640 apostolici
953 3571 1119 3641 pedes
1147 3583 1438 3642 ponuntur,
1456 3575 1571 3629 sive
1596 3575 1788 3644 quovis
1815 3575 1974 3632 modo

410 3671 515 3716 tua:
542 3661 854 3730 apostolicae
880 3663 1017 3728 sedi,
1041 3661 1129 3718 cui
1165 3662 1276 3720 Deo
1330 3673 1553 3721 auctore
1603 3665 1974 3736 przesidcmus,

405 3752 808 3820 persolvuntur,
837 3753 1046 3808 decima
1077 3769 1201 3825 pars
1229 3770 1414 3812 eormn
1444 3773 1658 3828 semper
1687 3759 1803 3823 tibi,
1847 3761 1978 3815 bea-

413 3852 468 3894 te
497 3841 652 3896 Petre
677 3843 940 3913 apostole,
983 3843 1261 3908 debeatur,
1301 3846 1372 3901 ad
1410 3845 1850 3903 reformationem
1893 3864 1980 3904 ee-

411 3929 592 3987 elesize
643 3939 767 3998 tuas,
809 3940 868 3988 et
923 3941 1117 3988 caetera
1175 3949 1304 4004 qum.
1323 3937 1576 4006 superius
1601 3938 1856 3993 diximus.
1911 3938 1980 3997 Ut

411 4036 546 4077 vero
583 4023 698 4077 haue
727 4024 908 4078 omnia
950 4023 1308 4081 observentur
1349 4026 1587 4093 illibata,
1632 4037 1739 4084 tam
1777 4045 1808 4083 a
1859 4045 1983 4086 suc.

417 4113 727 4168 eessoribus
755 4115 956 4170 nostris
984 4115 1039 4170 in
1067 4117 1195 4171 sede
1229 4125 1342 4184 tua,
1371 4134 1406 4174 o
1447 4119 1608 4175 beate
1654 4119 1815 4178 Petre
1859 4137 1985 4193 apo-

409 4209 576 4274 stolo,
612 4223 782 4276 usque
824 4207 878 4262 in
921 4208 1082 4264 finem
1129 4210 1307 4266 ealculi
1333 4212 1588 4277 sessoris,
1623 4229 1786 4284 quinm
1815 4216 1980 4272 etiam

416 4299 628 4354 cunctis
654 4298 963 4354 hominibus
983 4339 1000 4364 ,
1045 4309 1153 4354 tam
1185 4301 1396 4371 magnis
1438 4317 1602 4374 quam
1631 4305 1842 4374 parvis,
1870 4315 1982 4362 tam

2057 1835 2248 1899 llOSll‘l,
2277 1844 2332 1889 et
2355 1835 2598 1890 omnium
2623 1835 2802 1890 ovium
2829 1851 2966 1906 quas
3003 1851 3130 1892 suas
3187 1837 3302 1907 ipse
3330 1836 3629 1907 pamudas

2062 1925 2160 1980 tibi
2181 1925 2472 1990 commisit,
2501 1935 2558 1980 et
2582 1941 2680 1996 per
2704 1941 2804 1982 nos
2829 1926 3117 1983 miseratus
3151 1928 3322 1998 pascit
3347 1936 3405 1983 et
3441 1935 3628 1997 pascet

2058 2015 2235 2071 adhuc
2259 2029 2358 2086 per
2391 2015 2524 2070 alios
2555 2015 2608 2070 in
2639 2016 2836 2071 saecula
2868 2016 3211 2073 saeculorum.

2137 2110 2194 2169 με
2235 2105 2348 2178 Eg)
2377 2104 2488 2162 Leo
2519 2097 2805 2177 episcopus
2845 2123 3035 2166 servus
3087 2117 3234 2174 tuus,
3262 2091 3419 2172 beate
3470 2093 3630 2166 Petro

2059 2195 2320 2264 apostole,
2343 2195 2567 2258 donum,
2588 2197 2729 2266 quod
2751 2197 2846 2253 tibi
2868 2199 2934 2254 de
2961 2207 3053 2254 tuo
3079 2197 3203 2264 feci,
3229 2213 3391 2252 manu
3412 2197 3630 2269 propria

2065 2287 2337 2342 roboravi.

2134 2515 2289 2583 Acta,
2312 2517 2534 2588 scripta,
2574 2525 2930 2588 transumpta,
2956 2517 3228 2588 publicata
3253 2525 3309 2588 et
3331 2513 3632 2588 auscultat:

2067 2597 2194 2642 Sunt
2228 2584 2478 2656 prmdiela
2515 2587 2694 2642 omnia
2724 2584 2906 2641 coram
2931 2584 3377 2656 revereudissimo
3401 2587 3451 2639 in
3475 2584 3634 2656 Chri-

2069 2667 2152 2710 sto
2180 2655 2330 2725 patre
2371 2665 2423 2710 et
2459 2656 2698 2721 domino,
2723 2656 2940 2714 domino
2975 2655 3259 2720 Anihaldo,
3295 2655 3635 2725 miseratione

2069 2723 2250 2780 divina
2286 2726 2538 2795 episcopo
2565 2725 2807 2786 'l‘uscul.,
2835 2735 3038 2785 sancta:
3087 2725 3344 2779 Romana:
3384 2723 3636 2795 Ecclesiai

2070 2796 2254 2858 Carth,
2282 2793 2588 2864 apostolica:
2611 2795 2755 2849 sedis
2795 2795 2970 2862 legato
2995 2796 3062 2848 de
3085 2798 3252 2849 latere
3274 2834 3289 2860 ,
3323 2809 3418 2864 pro
3467 2793 3640 2846 lt'ilztl-

2075 2865 2180 2934 itali
2206 2863 2426 2918 sedente
2451 2863 2652 2924 Romae.
2684 2865 2734 2917 in
2767 2865 2966 2932 palatio
2993 2864 3166 2934 papali
3211 2867 3350 2934 apud
3379 2863 3635 2934 Sanctum

2073 2933 2290 2988 Petrum
2319 2973 2333 2997 ,
2380 2936 2480 3004 qui
2539 2935 2662 2988 huic
2715 2932 3348 3004 transumpto'prmseuti
3397 2933 3634 3000 scripto.

2075 3004 2233 3065 lecto,
2265 3003 2556 3071 publicato,
2599 3003 2927 3072 exemplato,
2959 3003 3008 3058 et
3053 3005 3373 3066 auscultato,
3399 3017 3550 3058 suam
3580 3011 3635 3056 et

1998 3078 2041 3140 C
2074 3076 2154 3128 sui
2176 3073 2338 3128 ofﬁcii
2367 3073 2746 3128 auttoritatem
2771 3073 3110 3143 interposuit,
3139 3085 3194 3128 et
3233 3078 3531 3136 decretum,
3579 3083 3636 3126 et

2073 3144 2246 3198 eidem
2278 3143 2446 3214 voluit
2477 3153 2536 3214 et
2564 3143 2805 3214 decrevit
2835 3144 3060 3214 ubilibet
3084 3145 3136 3198 in
3160 3143 3364 3214 judicio
3385 3150 3636 3214 etestra,

2071 3213 2208 3268 sicut
2233 3213 2509 3283 principali
2539 3213 2817 3284 privilegio
2847 3213 3006 3268 [idem
3038 3211 3332 3284 plenariam
3369 3211 3636 3284 adhiberi.

2073 3284 2335 3338 mandans
2355 3282 2510 3338 suum
2534 3282 2764 3354 Sigillum
2815 3282 3266 3354 eidemappendi
3317 3283 3382 3354 ad
3417 3282 3638 3354 majoris

2074 3353 2284 3408 roboris
2312 3351 2641 3408 firmitatem.
2675 3353 2730 3406 In
2772 3351 3083 3421 praesriitia'
3107 3351 3522 3408 i'everemlornm
3555 3351 3640 3406 γί-

2074 3438 2279 3486 rorum,
2315 3423 2636 3478 damnorum
2673 3422 2860 3478 fratris
2891 3421 3180 3478 'Francisri
3210 3423 3391 3476 abbat.
3450 3435 3637 3475 mona-

2074 3493 2226 3564 sterii
2255 3494 2314 3548 ὃ.
2348 3491 2728 3548 Bartholonuci
2758 3493 2856 3564 .de
2901 3494 3255 3564 tlaiiiporegio
3299 3491 3638 3564 Engubinen.

2075 3563 2216 3618 dioe.
2252 3564 2527 3618 liceretur.
2559 3563 2802 3618 Doctoris
2829 3561 3134 3618 cancellarii
3160 3561 3192 3629 ,“
3226 3572 3281 3618 et
3307 3561 3528 3617 Boberti
3573 3563 3640 3619 de

2076 3632 2349 3689 Placentia
2389 3631 2655 3702 Jurisper.
2683 3631 2964 3698 auditoris,
2995 3649 3057 3688 ac
3085 3632 3307 3688 Joannis
3330 3631 3548 3702 Thema:
3575 3630 3642 3683 de

2075 3703 2340 3767 Ceccano,
2371 3701 2620 3758 canon’ic.
2664 3703 2928 3758 Parisien.
2960 3705 3192 3773 nepotis,
3237 3709 3292 3773 et
3331 3701 3638 3773 capellano-

2079 3787 2198 3827 rum
2242 3773 2538 3842 supradicti
2587 3773 2768 3827 domui
2814 3773 3004 3842 legati,
3031 3769 3094 3828 ac
3133 3772 3366 3842 plurium
3410 3769 3638 3842 aliorum

2078 3838 2414 3897 notariorum
2455 3851 2515 3897 et
2564 3842 2780 3897 testium
2825 3838 3208 3906 litteratorum,
3249 3841 3316 3910 ad
3361 3838 3637 3910 praeliiissa

2079 3921 2389 3966 vocatorum
2417 3920 2472 3966 et
2501 3910 2805 3981 specialiter
2828 3921 3154 3980 rogatorum,
3188 3925 3252 3965 ac
3279 3909 3332 3981 in
3355 3910 3640 3981 praesentia

2083 3983 2184 4034 mei
2212 3981 2495 4046 Gualterii,
2528 3977 2582 4034 et
2604 3980 2751 4034 l'auli
2782 3981 2846 4034 de
2873 3977 3069 4035 Sancta
3117 3977 3372 4044 Victoria,
3413 3985 3468 4032 et
3508 3977 3644 4030 Μειιὲ

2083 4051 2206 4105 lluei
2228 4051 2297 4104 de
2335 4048 2554 4116 Spoleto
2576 4051 2989 4106 not:rior.infra
3019 4051 3269 4120 scriptor.
3297 4053 3367 4102 ad
3389 4049 3525 4102 hanc
3548 4061 3646 4120 pus

2082 4121 2446 4183 blicationem,
2478 4119 2943 4183 auscultatinnem,
2972 4117 3171 4176 decreti
3211 4129 3270 4176 et
3309 4117 3648 4174 auctoritatis

2084 4191 2544 4260 interpositionem
2569 4189 2874 4260 specialiter
2901 4201 3212 4246 vocatorum
3241 4199 3294 4245 et
3313 4195 3645 4259 rogaturum,

2084 4261 2184 4314 sub
2206 4258 2348 4328 anno
2378 4258 2897 4314 Dominimillesimo
2920 4261 3296 4316 trecentesimo
3319 4258 3646 4328 quinquage-g

2085 4331 2224 4384 sime
2241 4327 2487 4394 Jnhilieo,
2502 4329 2844 4399 pontilicatus
2863 4331 3256 4384 sanctissimiet
3277 4327 3457 4383 domui
3479 4327 3650 4399 nostri

417 4391 674 4448 divitibus
724 4407 889 4461 quam
944 4393 1274 4464 pauperibus
1301 4433 1321 4462 ,
1363 4397 1749 4464 mediocribus,
1779 4399 1979 4456 diversi
2011 4411 2060 4470 ι)
2085 4399 2374 4470 Clementis
2401 4391 2663 4470 papEeV'l
2681 4414 2826 4455 anno
2867 4408 3094 4468 octavo,
3120 4399 3414 4456 indictione
3467 4397 3650 4460 tertia,

411 4495 580 4536 sexus
603 4490 659 4536 et
697 4481 902 4546 tetatis,
928 4481 1215 4537 statuimus
1237 4485 1530 4553 apostolica
1565 4501 1817 4551 censura,
1847 4505 1978 4558 qua,

417 4569 543 4624 licet
569 4570 794 4642 indigni,
826 4569 1098 4641 fungimur
1129 4571 1244 4626 vice
1287 4581 1406 4638 tua,
1433 4575 1536 4630 sub
1575 4576 1742 4633 divini
1789 4579 1980 4648 iudicii

414 4663 838 4727 contestatione,
877 4672 934 4716 et
956 4662 1213 4718 terribilis
1236 4667 1596 4724 anathematis
1620 4669 1984 4738 interpositio.

424 4767 510 4816 ne,
541 4761 599 4806 ut
617 4751 827 4807 scilicet
853 4751 1162 4823 quicunque
1182 4762 1376 4820 contra
1399 4754 1502 4810 hoc
1525 4765 1723 4812 nostra:
1763 4757 1985 4815 hum-ili-

417 4887 598 4943 ticana
640 4885 862 4940 basilica
910 4893 965 4940 et
1009 4887 1185 4942 eidem
1237 4886 1612 4956 inservientes,
1659 4891 1986 4950 oblationum

418 4973 541 5084 illum
569 4957 625 5080 in
657 4958 774 5026 ipso
805 4956 1001 5027 templo
1029 4958 1246 5022 fierent,
1277 4961 1524 5029 portione
1549 4962 1728 5030 aliqua
1757 4963 1859 5018 rite
1895 4979 1989 5034 po.

451 5043 561 5084 iren
593 5043 677 5084 ur.

451 5043 561 5084 iren
569 5043 624 5080 ιιι
633 5043 677 5086 l',

489 5093 880 5170 (illigempe
905 5093 1481 5170 gilreisflampudibus;
1510 5099 1652 5170 quod
1677 5099 1832 5170 plane
1863 5119 1990 5162 con.

421 5165 527 5224 stat
553 5183 624 5222 ex
653 5165 757 5234 Vit.
792 5165 850 5220 ὃ.
895 5165 1112 5222 (Σωεειιιίἰ
1142 5166 1500 5234 Arelatensis,
1527 5165 1615 5225 ilbi
1643 5165 1756 5226 hare
1790 5175 1992 5234 haben-

424 5251 554 5316 tur:
595 5255 615 5288 α
664 5233 814 5316 Unus
839 5234 906 5288 de
931 5235 1448 5316 cubiculariis,_du.m
1490 5233 1812 5316 Cicindela".
1864 5261 1996 5304 ροη-

2087 4469 2286 4523 mensis
2306 4468 2413 4524 Mai
2438 4468 2524 4524 die
2553 4468 2782 4526 decimo.

2152 4538 2220 4593 Et
2265 4553 2364 4608 ego
2396 4538 2662 4594 Mattheus
2702 4537 2872 4604 Salvi,
2903 4538 3132 4596 clericus
3180 4535 3501 4606 Spoletanus
3546 4549 3652 4608 puo

2083 4607 2258 4663 blicus
2284 4605 2577 4678 apostolica
2622 4617 2678 4662 et
2725 4608 2989 4676 imperiali
3022 4605 3652 4678 auctoritatehnotarius,

2085 4675 2372 4747 praedictas
2396 4679 2601 4734 litteras
2621 4675 2950 4746 ‘apostolicas
2971 4676 3478 4747 «orantsuprailicto
3501 4675 3653 4725 deum

2088 4745 2158 4802 ito
2177 4747 2378 4818 legato,
2408 4764 2504 4817 pro
2534 4745 2784 4803 tribunali
2813 4750 3058 4811 sedente,
3081 4745 3186 4800 vidi
3219 4758 3274 4798 et
3301 4745 3424 4814 legi,
3454 4756 3656 4810 easque

2092 4915 2250 4956 nemo
2297 4899 2507 4956 inficias
2539 4897 2810 4972 Aibit,qui
2861 4899 3040 4968 prisca
3091 4895 3347 4972 Romana:
3407 4891 3662 4972 Ecclesia;

2095 4981 2436 5024 mmmmcnta
2470 4969 2552 5024 vel
2605 4963 2878 5036 tantisper
2923 4965 3236 5024 versaverit.
3278 4963 3557 5036 llemrhoc
3607 4963 3662 5036 in_

2096 5039 2214 5095 loco
2247 5040 2516 5108 prosequi,
2559 5033 3052 5108 supervacaneum;
3078 5035 3325 5108 rxempla
3351 5035 3494 5090 enim
3525 5033 3668 5102 apud

2097 5105 2438 5164 Anastasiuni
2480 5105 2950 5176 bibliotheeiLrium
3001 5107 3196 5176 ubique
3233 5113 3553 5176 occumbit}:
3603 5115 3667 5152 ac

2100 5177 2201 5232 viri
2233 5177 2549 5248 doctissimi,
2572 5175 2753 5248 justus
2794 5172 3156 5248 Fontaninns,
3183 5186 3236 5230 et
3265 5175 3454 5231 Petrus
3473 5172 3670 5248 Morel-

2103 5259 2219 5310 tus;
2250 5246 2336 5302 ille
2363 5249 2416 5302 in
2457 5243 2642 5314 Opusc.
2683 5247 2760 5300 De
2789 5245 2943 5304 disco
2977 5257 3228 5316 argenteo
3259 5249 3470 5310 votivo;
3500 5243 3590 5316 itit;
3618 5243 3670 5293 ill
