4020 5392
231 288 357 341 '7"!

1253 284 1607 341 EPISTULE
1651 285 1734 338 ET
1780 284 2092 338 DECRETA
2144 283 2546 339 PONTlFICIA.

3399 286 3497 342 7i!

232 407 344 461 alii
377 413 629 475 parentes
650 402 839 464 nostri,
867 400 1206 455 contulerunt
1236 400 1394 464 bona,
1420 410 1474 455 et
1497 415 1823 468 quiarcnnan
1856 412 1895 464 Α
1927 399 2146 454 decima:
2191 397 2430 453 ecclesiae
2483 397 2773 461 inferioris,
2831 408 2883 451 ct
2939 413 3050 466 ipsa
3104 399 3330 454 ecclesia
3379 417 3498 456 cum

230 497 525 550 concessit
558 494 669 562 jam
713 493 835 546 illnc
861 491 940 544 vel
973 491 1024 542 in
1054 500 1368 560 perpetuum
1391 505 1708 545 concessura
1743 500 1824 544 est

230 584 505 654 quaelibet
544 585 652 638 Deo
681 580 851 634 lidelis
887 595 1136 657 persona.
1169 579 1237 633 Et
1272 588 1329 632 ut
1357 581 1601 633 noverint
1637 595 1823 633 omnes

233 685 515 744 quantum
556 675 810 727 honorem
852 671 978 724 huic
1018 669 1136 724 loco
1180 685 1393 738 semper
1435 671 1822 739 optaverimus,

224 763 408 830 jnstis
432 764 682 833 precibus
714 761 922 815 domum
948 759 1216 812 Mathildis
1245 767 1300 812 et
1331 759 1421 812 lilii
1447 760 1562 828 cjns
1588 758 1820 818 llenrici,

234 854 420 908 nostri
457 852 727 922 quondam
761 850 988 919 nepotis,
1015 849 1205 903 altaria
1237 849 1288 902 in
1326 851 1435 918 ipsa
1466 849 1693 903 ecclesia
1724 849 1820 900 tria

231 961 350 999 nos
379 945 482 1013 ipsi
521 942 905 996 dedicavimus.
937 939 1084 1005 Quod
1127 940 1250 1008 quia
1285 940 1608 993 eminentius
1632 939 1820 992 altius-

229 1051 351 1103 que
382 1049 496 1102 pre
527 1034 734 1088 cmteris
766 1040 848 1086 est
887 1032 1234 1084 constitutum
1255 1071 1269 1092 ,
1299 1029 1632 1083 decretimus
1661 1030 1821 1082 etiam

230 1125 374 1178 illud
417 1121 850 1192 magniﬁcentius
895 1119 1112 1189 Speciali
1157 1119 1359 1173 honore
1395 1118 1822 1187 glorilicandum,

227 1223 296 1265 nt
333 1229 498 1267 nemo
541 1213 609 1265 ibi
651 1212 886 1264 celebret
930 1211 1180 1270 missam,
1219 1208 1318 1261 nisi
1363 1209 1822 1276 archiepiscopus,

225 1303 320 1357 vel
357 1305 646 1372 episcopus
679 1301 846 1370 ipsius
882 1299 1156 1361 diumesis,
1194 1299 1274 1350 vel
1317 1299 1492 1353 idonei
1537 1299 1700 1366 ipsius
1731 1314 1814 1352 cc-

226 1395 424 1447 elcsia:
473 1390 896 1445 hebdomadarii.
950 1388 1006 1442 Si
1049 1389 1170 1456 quis
1219 1400 1398 1441 autem
1443 1388 1545 1440 alia
1594 1403 1820 1455 persona

227 1483 511 1536 oratioais
537 1481 616 1535 vel
652 1478 877 1546 alicujus
906 1478 1103 1547 negotii
1141 1477 1510 1546 supervenerit
1541 1492 1722 1541 causa,
1755 1477 1821 1530 ad

227 1574 383 1626 idem
415 1571 610 1632 altare,
641 1578 699 1622 nt
730 1569 1012 1622 missarum
1041 1566 1304 1619 solemnia
1337 1578 1683 1634 exsequatur,
1719 1583 1820 1621 non

226 1670 532 1730 praesumat
573 1660 855 1721 accedere,
887 1657 985 1710 nisi
1034 1656 1100 1710 de
1143 1655 1432 1709 abbatissa:
1472 1655 1552 1708 vel
1596 1655 1820 1708 aliarum

1925 488 2189 542 conductu
2244 496 2300 541 et
2353 489 2608 542 omnibus
2665 488 2861 543 ibidem
2919 491 2986 544 ad
3042 491 3500 546 Christianitawm

1925 577 2332 645 pertinentibus.
2375 577 2452 630 De
2491 578 2762 641 Drehcim,
2793 580 2935 634 omni
2965 595 3126 644 anno,
3158 596 3252 636 sex
3279 594 3502 637 carratm

1924 667 2031 720 vini
2076 670 2142 721 ad
2191 667 2468 722 cellarium
2542 669 2854 722 monialium
2910 671 3125 736 dantur,
3167 680 3220 725 et
3270 671 3322 738 in
3366 673 3504 727 festo

1924 760 2096 813 sancti
2129 759 2339 813 Martini
2375 761 2563 813 decem
2599 759 2752 814 solidi
2777 761 2845 814 ibi
2869 762 3270 830 persolvuntur,
3299 764 3504 834 absque

1923 849 2043 904 aliis
2099 850 2377 904 beneﬂciis
2424 866 2544 920 qua:
2590 850 2718 904 inibi
2767 861 2893 905 sunt
2935 854 3128 922 posita.
3163 853 3317 922 Apud
3353 855 3504 909 villas

1924 940 2310 1008 Bosseringen,
2359 940 2820 1004 Scbalhembacb,
2869 941 3032 1008 Olba,
3080 943 3500 1006 llichenhol’em,

1924 1042 2096 1100 prata,
2128 1035 2265 1100 agri,
2314 1033 2478 1085 curiae
2524 1048 2626 1085 non
2680 1033 2919 1086 modice.
2968 1034 3042 1087 De
3090 1032 3289 1088 lautitia
3325 1044 3502 1088 autem

1924 1121 2186 1185 ecclesiae,
2227 1137 2291 1175 ac
2327 1138 2435 1175 sua:
2464 1121 2744 1175 catholica:
2786 1121 2906 1176 lidei
2942 1133 2994 1177 et
3022 1123 3256 1177 honestze
3295 1125 3504 1193 religio-

1926 1209 2028 1270 nis,
2056 1220 2208 1279 pater
2238 1219 2419 1263 noster
2444 1211 2613 1279 llngo,
2640 1209 2815 1276 justus
2846 1212 2896 1264 in
2929 1212 3128 1267 eisdem
3161 1215 3312 1268 bonis
3340 1216 3503 1266 advo—

1925 1308 2074 1350 catus
2102 1309 2156 1353 et
2195 1300 2384 1357 Incres.
2431 1299 2569 1352 hanc
2597 1301 2876 1353 constituit
2905 1303 3246 1354 concordiam
3278 1313 3331 1355 ut
3371 1303 3505 1355 invi-

1923 1405 2039 1440 cem
2077 1404 2135 1442 se
2180 1390 2230 1442 in
2277 1388 2432 1456 legali
2478 1388 2842 1451 tttatritttonio,
2869 1391 3162 1444 secundum
3193 1406 3345 1444 suam
3373 1408 3501 1444 con-

1925 1479 2216 1547 ditionem,
2261 1479 2617 1548 coniungendi
2667 1479 2890 1532 liberam
2919 1481 3151 1543 habeant
3190 1481 3500 1535 licentiam:

1926 1568 1995 1622 ita
2033 1578 2113 1632 nt,
2141 1570 2183 1623 si
2210 1586 2272 1622 ex
2307 1570 2392 1622 illa
2419 1567 2802 1636 conjunctione
2847 1586 3128 1622 ninncrosa
3171 1571 3348 1639 proles
3378 1587 3501 1639 pro-

1924 1667 2105 1710 creata
2132 1656 2314 1720 fuerit,
2339 1658 2615 1726 :cqualiter
2637 1658 2907 1711 dividatur
2929 1657 3170 1712 ecclesiae
3201 1669 3254 1711 et
3284 1659 3502 1713 her-redi.

228 1753 731 1808 sam-timoaialium
786 1765 1050 1804 consensu
1107 1756 1161 1802 ct
1213 1748 1451 1802 licentia.
1509 1748 1822 1804 Celebrctnr
1856 1757 1894 1812 lt
1925 1749 1981 1803 Si
2031 1759 2208 1803 autem
2258 1765 2362 1802 non
2409 1759 2746 1818 procreatum
2795 1747 2957 1803 fuerit
3001 1751 3121 1804 inde
3164 1750 3263 1804 nisi
3339 1767 3502 1804 unum

230 1847 402 1901 etiam
447 1844 716 1898 dedicatio
763 1843 832 1895 ab
877 1840 1125 1895 ouantibus
1172 1839 1275 1894 loci
1324 1838 1560 1907 ejusdem
1608 1841 1816 1904 incolis,

231 1953 306 1988 vn
344 1935 460 1988 Kal.
499 1933 828 1988 Decembris.

308 2049 374 2104 Ut
408 2059 589 2102 autem
623 2047 898 2117 probabile
937 2048 1301 2104 testimOainm
1329 2049 1455 2102 huic
1484 2049 1724 2103 ecclesize
1754 2051 1819 2102 ab

231 2141 490 2192 omnibus
518 2140 584 2191 de
630 2139 783 2192 bonis
809 2138 922 2191 suis
966 2138 1302 2201 adhibeatur,
1335 2140 1546 2192 nomina
1580 2140 1817 2208 ipsorum

236 2235 504 2284 bonorum
529 2227 611 2282 vel
633 2227 973 2298 praediorum,
989 2243 1107 2300 quae
1130 2228 1467 2287 modolibcre
1492 2229 1670 2298 habet,
1689 2231 1818 2286 tizte-

236 2322 364 2373 liter
407 2321 672 2375 subscribi
700 2319 950 2384 fecimus;
984 2323 1098 2374 hzec
1124 2331 1298 2376 autem
1325 2333 1448 2376 sunt
1477 2341 1488 2375 :
1516 2324 1569 2376 In
1599 2325 1818 2380 civitate

234 2410 467 2464 Metensi
514 2411 616 2464 tria
660 2411 900 2476 curtilia,
926 2412 1154 2466 ecclesia
1188 2413 1253 2466 de
1297 2414 1573 2470 Albertorl
1609 2416 1816 2484 integra

237 2516 360 2553 eum
405 2501 690 2566 conducto,
731 2510 780 2554 et
817 2502 1075 2556 medietas
1108 2501 1344 2570 ejusdem
1379 2505 1548 2570 villre;
1587 2505 1817 2560 Landel-

234 2592 433 2661 dingen
479 2592 636 2645 datus
683 2607 710 2643 a
756 2589 1020 2655 Beselmo,
1057 2595 1196 2662 apud
1227 2593 1569 2649 Nunhirchen
1602 2611 1818 2650 mansus

236 2699 360 2736 eum
395 2683 511 2736 lacn
559 2682 847 2752 piscatorio
882 2682 1038 2737 datus
1077 2699 1106 2736 a
1145 2684 1428 2754 Trusingo,
1461 2685 1599 2755 apud
1633 2687 1814 2760 Volte-

236 2774 428 2840 ringen
473 2772 706 2827 lurestus
747 2789 776 2826 a
818 2771 1070 2826 Bezolino
1099 2773 1286 2840 datus;
1335 2776 1563 2830 ecclesia
1613 2785 1720 2830 tota
1752 2778 1817 2832 dc

237 2861 552 2917 Steinsilide
599 2877 722 2917 cum
765 2863 1030 2918 conducto
1072 2875 1127 2918 et
1165 2865 1310 2919 omni
1361 2867 1684 2936 integritate.
1735 2867 1814 2920 Ad

233 2955 448 3008 curiam
503 2956 718 3025 liOSpEtii
783 2964 837 3011 et
886 2956 1189 3011 hominibus
1238 2959 1591 3027 suscipiendis
1649 2959 1814 3027 perti-

238 3056 326 3098 net
359 3045 731 3115 Vollresingen
761 3055 815 3101 et
839 3047 977 3115 apud
1008 3047 1322 3102 llalbessnrt
1351 3048 1710 3103 molendinunt
1761 3060 1813 3103 et

239 3152 466 3213 mansus
494 3153 649 3199 unus,
675 3145 728 3189 et
755 3138 891 3206 apud
917 3135 1318 3190 'l‘crolncsbeim
1349 3139 1499 3190 vinea
1535 3140 1663 3191 duas
1689 3153 1812 3191 car-

240 3235 388 3278 iatas
432 3226 532 3276 vini
572 3226 745 3278 solum
795 3241 890 3294 per
933 3242 1151 3278 annum.
1196 3227 1275 3278 Ad
1321 3227 1589 3280 abbatiam
1635 3236 1813 3281 a..t..—m

238 3319 436 3383 ipsam,
474 3320 608 3370 sicut
641 3325 694 3370 et
725 3317 824 3368 alia
860 3318 1130 3386 praedicta,
1163 3317 1392 3384 pertinet
1422 3319 1583 3371 etiam
1623 3329 1813 3388 quarta

238 3422 366 3474 pars
395 3405 630 3460 ccclesite
663 3407 800 3474 apud
833 3405 1178 3469 SittcrlJorll,
1203 3417 1254 3460 et
1287 3409 1438 3460 tertia
1469 3425 1590 3476 pars
1620 3411 1812 3465 telonci

237 3496 381 3566 apud
414 3495 670 3566 Sarburg;
703 3496 926 3550 erclcsia
958 3495 1223 3549 Monbeim
1253 3507 1359 3551 tota
1394 3514 1511 3551 cum
1547 3501 1813 3555 conducto

237 3601 288 3645 ct
329 3593 479 3647 omni
528 3593 848 3661 integritate,
896 3602 948 3646 et
985 3604 1172 3661 quarta
1212 3610 1336 3662 pars
1371 3593 1606 3661 ejusdem
1647 3593 1811 3660 vilice;

239 3683 500 3737 medietas
533 3684 672 3736 villae
696 3699 814 3751 qua:
871 3685 1066 3738 dicitur
1096 3685 1540 3756 Meingeringem,
1573 3695 1625 3740 et
1652 3686 1816 3740 cccle-

237 3775 313 3827 sia
352 3789 473 3828 cum
504 3775 768 3828 conductn
807 3783 859 3828 et
897 3775 1052 3829 tertia
1085 3792 1210 3844 pars
1251 3777 1489 3831 deciniaa.
1531 3776 1816 3831 Sacerdos-

237 3876 343 3929 que
382 3863 521 3917 illius
555 3862 797 3917 ecclesia!
827 3865 969 3916 omni
1010 3880 1150 3917 anno
1180 3865 1230 3918 in
1263 3864 1435 3918 Natali
1481 3865 1687 3919 Domini
1723 3865 1815 3919 tri-

238 3954 384 4023 ginta
415 3970 661 4009 nummos
700 3970 796 4023 pro
826 3955 1050 4025 enlogiis
1087 3957 1335 4024 persolvit
1377 3956 1678 4012 abbatissae.
1719 3957 1817 4012 lic-

239 4044 402 4098 clesia
445 4043 767 4114 Berthingcn
813 4055 921 4100 tota
963 4063 1084 4108 cum
1115 4047 1378 4101 conductu
1422 4055 1474 4101 et
1505 4048 1648 4101 omni
1683 4048 1816 4100 inte-

241 4136 454 4204 gritate,
479 4144 534 4188 et
560 4136 820 4190 medietas
845 4137 980 4190 villa:
1007 4135 1244 4205 ejusdem
1275 4137 1518 4191 ecclesia:
1544 4136 1812 4208 lgolingeu

241 4239 364 4278 cum
387 4225 651 4280 conduclu
674 4235 728 4280 et
750 4226 891 4286 villa,
908 4243 971 4280 ex
994 4237 1103 4281 toto
1125 4229 1246 4282 data
1275 4243 1370 4297 per
1393 4244 1586 4282 manus
1607 4228 1816 4282 Mathil-

242 4315 322 4369 dis
347 4314 554 4372 dilecta:
582 4320 767 4372 uxoris
790 4317 970 4374 fratris
1001 4320 1168 4373 nostri
1221 4319 1456 4390 llngonis
1481 4321 1739 4385 praedicti,
1764 4330 1816 4375 ct

1921 1841 2178 1909 cujusque
2200 1855 2360 1894 sexus
2393 1841 2741 1909 mancipium,
2773 1857 2868 1909 pro
2896 1841 3110 1910 speciali
3135 1857 3229 1895 sua
3254 1858 3502 1896 reveren-

1923 1930 1995 1982 tia
2018 1930 2216 1983 babeat
2243 1929 2489 1984 ecclesia.
2525 1930 2676 1995 Quod
2702 1940 2756 1983 et
2782 1946 2878 1983 nos
2908 1931 3310 1994 conﬁt-mannis,
3343 1939 3504 1999 atque

1922 2021 1974 2073 in
2007 2029 2322 2089 perpetuum
2366 2020 2546 2074 taliter
2576 2035 2893 2090 permanere
2939 2021 3266 2085 stabilimus,
3297 2036 3503 2075 necnon

1919 2120 1974 2164 ct
2003 2111 2179 2164 omnia
2208 2111 2275 2164 ad
2305 2111 2470 2180 ipsam
2499 2112 2783 2167 ecclesiam
2817 2113 3160 2182 pertinentia,
3199 2113 3412 2166 stabilia
3450 2122 3503 2165 et

1921 2201 2097 2267 ﬁrma,
2131 2210 2185 2254 et
2229 2203 2374 2255 nullo
2415 2205 2573 2255 modo
2606 2202 2873 2267 violanda,
2919 2204 3018 2256 hac
3064 2213 3259 2257 nostra:
3302 2219 3503 2272 pra-ce-

1920 2292 2118 2365 ptioais
2147 2293 2340 2365 pagina
2369 2294 2810 2359 conroboratam,
2844 2303 2898 2349 et
2926 2292 3057 2349 nihil
3087 2293 3300 2359 borum,
3332 2308 3504 2365 neque

1921 2387 2232 2454 imperator,
2277 2403 2450 2456 neque
2489 2402 2604 2451 rex,
2653 2402 2825 2454 neque
2855 2388 2981 2450 dux,
3020 2401 3196 2456 neque
3237 2387 3501 2448 marchio,

1920 2491 2094 2544 neque
2134 2490 2337 2540 comes,
2390 2493 2565 2546 neque
2610 2479 2930 2542 vicccomcs,
2974 2491 3150 2547 neque
3188 2479 3502 2543 advocatus,

1921 2580 2096 2634 neque
2128 2566 2324 2635 aliquis
2349 2567 2541 2631 hmres,
2568 2577 2623 2621 et
2650 2582 2824 2636 neque
2849 2568 3303 2637 archiepiscopus,
3331 2585 3506 2638 neque

1919 2655 2224 2724 episcopus,
2260 2655 2340 2709 vel
2378 2656 2541 2724 aliqui
2569 2656 2917 2710 ecclesiastici
2959 2659 3190 2722 ordinis,
3223 2674 3314 2712 seu
3350 2676 3506 2711 mnu-

1917 2746 2072 2800 dana:
2111 2746 2452 2810 conditionis,
2494 2761 2682 2815 magna
2728 2762 2995 2815 parvaque
3031 2764 3260 2818 persona
3309 2749 3503 2802 inlrin~

1917 2852 2062 2904 gere,
2091 2837 2175 2891 vel
2205 2835 2443 2890 minuere
2468 2845 2562 2890 aut
2605 2837 2858 2892 invadere
2900 2848 3220 2907 pnesumat;
3254 2840 3297 2892 si
3327 2849 3430 2892 aut.
3453 2853 3505 2892 m

1918 2928 2113 2997 aliquis
2155 2927 2582 2997 praesumpserit,
2612 2926 2836 2981 liberam
2868 2928 3065 2981 habeat
3105 2928 3376 2982 licentiam
3410 2934 3504 2980 aet-

1917 3019 2076 3072 eundi
2105 3019 2482 3072 auctoritatem
2506 3017 2876 3086 apostolicam.
2903 3017 3230 3072 Violatorem
3256 3033 3385 3087 ergo
3407 3019 3504 3072 bn-

1913 3109 2001 3175 jus
2033 3111 2306 3179 praecepti,
2341 3109 2602 3163 Martinus
2641 3110 2780 3180 pius,
2809 3112 2908 3164 nisi
2943 3112 3248 3180 resipuerit,
3280 3127 3382 3164 non
3415 3114 3504 3164 de-

1916 3197 2119 3264 l'endat,
2160 3197 2504 3262 Laurentius,
2543 3199 2698 3253 ltesus
2738 3200 2790 3252 in
2829 3197 3000 3265 illum,
3033 3202 3201 3254 iratus
3239 3203 3499 3268 innirgat,

1916 3292 2091 3358 sitque
2119 3292 2370 3344 omnibus
2405 3291 2567 3345 sociis
2608 3287 2868 3360 ingratus,
2913 3300 3074 3358 atque
3102 3294 3342 3345 divinum
3375 3311 3503 3344 ana-

1919 3381 2093 3434 thema
2127 3383 2420 3444 sustineat;
2455 3391 2892 3436 conservatorem
2936 3400 3064 3437 vero
3108 3385 3286 3438 divina
3329 3399 3424 3454 gra
3456 3389 3502 3437 ia

1915 3471 2428 3541 circumveniatget
2461 3473 2758 3543 apustoﬁca
2799 3475 3100 3530 benedictio
3128 3487 3410 3531 conservet
3449 3487 3504 3531 et

1917 3561 2127 3614 muniat

2607 3628 2805 3688 XCVII.
3298 3691 3304 3696 .

1918 3719 1979 3774 S.
2012 3719 2126 3792 Leo
2148 3721 2227 3774 IX
2257 3722 2528 3792 conﬁrmat
2560 3723 2920 3792 fundalioncm
2965 3727 3189 3781 abbaliw
3236 3726 3292 3780 S.
3334 3727 3498 3780 Joan-

1989 3793 2068 3843 nis
2092 3790 2690 3860 Baptist’I’Ioriuensis
2729 3811 2822 3859 pro
2856 3799 3118 3848 monac/tis
3150 3797 3499 3851 licncllicliuis

1990 3860 2040 3933 i_n
2088 3862 2294 3914 diwcesi
2334 3861 2642 3933 _Leodiemi,
2691 3865 2833 3916 haud
2873 3867 3070 3930 pridem
3122 3869 3372 3918 instituta:
3408 3884 3498 3933 per

1989 3927 2297 4010 Gerurdum.
2321 3930 2676 3984 Florinemrm
2727 3927 3064 4000 toparclmm,
3099 3939 3217 3988 dem
3249 3927 3497 3988 Camera-

1989 4015 2188 4052 censent
2216 4017 2454 4068 ευτδτορυ
2464 4017 2537 4053 ιιι.

2513 4071 2688 4138 (Anno
2729 4071 2906 4139 1054.)

2265 4157 2504 4230 [Hilarus
2537 4158 2669 4228 Opp.
2705 4160 2919 4229 diplum.
2949 4159 3050 4226 IV,
3076 4161 3152 4234 4.]

1984 4250 2095 4306 Ιλεο
2134 4251 2450 4321 episcopus,
2491 4267 2680 4310 servas
2722 4268 3004 4306 serv..~rum
3064 4254 3189 4316 Dei,
3246 4255 3500 4311 Ecclesia)

1917 4340 1972 4394 S.
2001 4339 2224 4395 Jomnis
2258 4341 2541 4409 Baptism,
2582 4352 2634 4394 ct
2672 4359 2767 4412 per
2795 4357 2913 4396 eam
2945 4342 3198 4399 GONISONI
3229 4346 3406 4401 abbati
3437 4365 3499 4403 ac

244 4407 334 4459 lilii
382 4407 498 4475 ejus
544 4408 791 4475 llcnrici;
835 4420 1047 4463 moneta
1093 4409 1229 4479 apud
1274 4411 1442 4465 llesse
1488 4427 1607 4465 cum
1652 4413 1814 4466 totius

1927 4432 2032 4501 ejus
2061 4432 2468 4487 successoribus
2495 4433 2544 4485 in
2579 4431 2695 4486 loco
2730 4433 2818 4502 qui
2857 4434 3055 4488 dicitur
3081 4435 3360 4504 Florinas,
3410 4455 3497 4492 Sa-

246 4499 465 4552 mercati
499 4500 756 4564 utilitate;
793 4509 984 4569 quarta
1022 4516 1147 4570 pars
1179 4501 1419 4555 ecclesiae
1457 4502 1521 4556 dc
1552 4502 1815 4556 Tesselin-

246 4604 341 4656 gen
369 4606 492 4644 cum
523 4593 788 4645 eonductu
829 4603 882 4646 et
918 4593 1062 4646 omni
1102 4595 1442 4664 integritate;
1490 4595 1713 4650 ecclesia
1751 4598 1817 4652 de

249 4679 522 4751 Belnoylre
551 4691 656 4736 tota
687 4699 809 4736 cum
839 4685 1106 4738 conducta
1136 4693 1190 4738 et
1214 4687 1358 4740 omni
1391 4686 1714 4757 integritate.
1745 4691 1816 4744 De

246 4769 343 4846 hac
370 4772 592 4826 ecclesia
626 4774 862 4844 quinque
885 4774 1036 4828 solidi
1067 4777 1212 4829 omni
1248 4792 1389 4831 anno
1417 4779 1812 4846 persolvuntur.

248 4858 477 4917 Ecclesia
516 4864 829 4918 Malscbeidt
867 4875 976 4919 tota
1019 4882 1138 4920 cum
1179 4868 1442 4923 condnetu
1475 4879 1530 4923 et
1567 4871 1816 4928 omnibus

251 4954 310 5004 ad
331 4953 788 5010 Christianitatem
818 4958 1227 5026 pertinentibus.
1256 4960 1327 5012 De
1353 4962 1450 5013 hac
1473 4964 1633 5015 etiam
1663 4964 1817 5031 quin-

251 5053 348 5106 que
378 5043 528 5097 soli-Ji
564 5046 712 5099 omni
738 5060 881 5099 anno
917 5047 1314 5114 persolvuntur.
1346 5049 1579 5105 Ecclesia
1608 5051 1818 5109 lilbeis-

253 5140 416 5200 mytre
460 5142 563 5187 tota
606 5151 728 5189 cum
771 5139 1038 5193 condnctu
1083 5147 1138 5192 et
1179 5140 1323 5192 omni
1369 5141 1693 5211 integritate.
1741 5143 1816 5200 De

255 5212 346 5298 bac
374 5224 527 5278 etiam
574 5228 811 5296 quinque
855 5229 1007 5284 solidi
1052 5229 1199 5283 omni
1241 5245 1383 5284 anno
1423 5234 1811 5300 persolventur.

193 5378 199 5388 ἱ
254 5306 478 5370 Ecclesia
517 5317 846 5388 Bettelingen
887 5330 990 5377 tota
1029 5338 1155 5378 cum
1200 5323 1463 5376 conductu
1503 5336 1557 5380 et
1593 5325 1713 5378 villa
1751 5346 1817 5384 ex

1921 4523 2082 4577 lutem
2111 4533 2163 4576 et
2188 4523 2534 4592 apostolicam
2561 4522 3011 4579 benedictionem.

1991 4616 2250 4670 Convenit
2288 4616 2584 4684 apostolico
2616 4616 2860 4685 regimini
2895 4627 2948 4670 ut
2993 4618 3045 4670 in
3081 4617 3332 4684 omnibus
3371 4634 3498 4687 pru-

1918 4705 2108 4757 denter
2133 4705 2500 4775 ecclcsiastico
2527 4707 2871 4773 providcatur
2894 4706 3106 4760 honori.
3123 4705 3200 4772 Qa
3223 4711 3494 4775 apropter;

1917 4793 2117 4850 Gon'so
2148 4797 2280 4848 abba
2311 4834 2327 4860 ,
2378 4796 2429 4849 in
2480 4796 2697 4850 Christo
2737 4796 2927 4849 dilecte.
2959 4797 3028 4849 lili
3058 4837 3072 4860 ,
3111 4798 3162 4849 in
3191 4813 3298 4864 quo
3328 4840 3341 4862 ,
3372 4799 3496 4866 quia

1919 4901 2072 4938 suum
2130 4886 2360 4953 pleniter
2398 4887 2656 4940 honorem
2707 4887 3002 4939 monastica
3032 4885 3238 4939 obtinet
3272 4887 3458 4956 religio
3482 4927 3498 4952 ,

1920 4974 2048 5029 mihi
2092 4973 2228 5029 bene
2273 4973 2634 5043 complacuit,
2667 4973 2880 5026 lirnnnn
2935 4974 3000 5025 de
3049 4972 3204 5026 bonis
3259 4976 3504 5032 ecclesiae

1919 5073 2050 5125 ture,
2084 5062 2134 5116 id
2163 5062 2377 5132 quidem
2416 5074 2756 5130 summepcre
2792 5060 3084 5128 postulanti
3108 5099 3124 5124 ,
3155 5065 3506 5122 concedimus

1915 5153 2252 5227 privilegium
2284 5192 2298 5214 ,
2332 5157 2473 5220 quod
2499 5154 2764 5214 videlicet,
2798 5151 2868 5206 ob
2911 5163 3150 5208 mutuam
3191 5159 3429 5222 petentis
3455 5166 3509 5211 et

1916 5249 2169 5301 donantis
2201 5245 2652 5311 be:evolentiam,
2679 5244 2872 5298 animm
2901 5255 3004 5300 tua:
3031 5244 3187 5301 simul
3211 5262 3278 5299 ac
3315 5259 3514 5306 nostra:

1915 5336 2055 5392 anud
2090 5337 2374 5390 Dominum
2407 5337 2630 5392 salutem
2662 5333 2905 5390 obtineat
2931 5346 2984 5392 et
3005 5336 3252 5392 2i()fi8lll.
