4020 5392
538 250 646 306 7ιὸ

1617 258 1670 313 S.
1716 257 1960 313 LEONIS
2000 264 2068 317 lX
2114 264 2312 318 ΡΑΡίΕ
2355 264 2742 323 Ol‘USCUl..\.
2816 270 2825 279 ’

3672 283 3773 338 ιιι

530 364 802 433 precibus,
835 372 920 424 ut.
947 366 1072 436 quia
1105 367 1217 434 ipse
1248 367 1521 437 prazl‘atam
1552 380 1770 442 sumptu
1823 382 1916 427 tuo
1944 385 1997 429 et
2035 374 2105 433 de
2137 387 2177 440 Λ
2208 380 2527 435 auctoritate
2573 383 2885 438 contlrmari
2929 393 2983 442 et
3007 390 3328 446 anctnrizari
3351 396 3775 463 postulaverunt.

532 454 692 509 rebus
748 457 980 526 propriis
1019 473 1144 511 cum
1194 457 1361 512 fratre
1389 457 1680 514 Godel‘rido
1725 465 2023 518 constmxit
2056 474 2112 519 et

533 548 751 602 donavit
780 548 1097 616 ecclesiam;
1148 550 1288 604 hanc
1329 566 1358 603 a
1390 550 1547 606 nobis
1573 561 1845 606 mereatur
1873 555 2111 625 recipere

530 629 780 708 gratiam.
800 637 1118 706 Annuimus,
1135 638 1375 710 inquam,
1389 641 1709 707 voluntarie,
1724 654 1777 697 et
1793 644 1894 698 sibi
1908 655 1961 699 et
1991 645 2107 710 tibi,

531 726 690 781 frater
744 728 1101 793 charissime;
1153 738 1205 784 et
1238 743 1331 785 vos
1355 730 1607 800 quidem,
1635 726 1772 802 quos
1802 733 1942 804 apud
1974 734 2110 790 alios

528 820 875 874 commendat
944 829 1075 875 tetas
1122 830 1178 875 et
1222 822 1475 877 exterius
1513 823 1806 878 reverenda
1856 825 2106 891 canities.

530 908 659 962 mihi
691 917 873 977 gratos
924 909 1052 964 fecit
1089 911 1366 966 moralitas
1419 912 1648 967 interior
1687 915 2109 971 tat-inviolabilis

532 997 685 1052 fides.
744 997 1009 1054 Memores
1060 1002 1223 1055 etiam
1258 1003 1309 1056 in
1356 1003 1459 1057 hac
1489 1012 1578 1058 tua
1608 1006 1867 1073 petitione
1909 1006 2108 1064 fuimus

530 1085 721 1143 fratris
777 1089 852 1143 tui
909 1090 1110 1145 domini
1164 1092 1437 1161 Wasonis,
1482 1096 1815 1168 Tungrensis
1851 1101 2107 1157 Ecclesia:

532 1183 927 1255 vigilantissimi
974 1187 1238 1256 pastoris.
1283 1190 1402 1258 qui,
1444 1190 1569 1245 dum
1617 1192 1785 1261 vixit,
1832 1196 2106 1263 aequitatis

529 1289 715 1327 norma
737 1313 750 1338 ,
779 1275 1055 1329 catholicae
1080 1278 1382 1346 religionis,
1415 1281 1688 1335 canonica:
1717 1281 1874 1335 simul
1906 1283 2102 1340 hones-

530 1364 654 1417 tatis
685 1381 896 1436 semper
916 1366 1017 1421 fuit
1045 1368 1248 1438 regula.

603 1453 751 1509 llanc
800 1456 963 1527 igitur
1012 1468 1214 1515 nostra:
1262 1463 1641 1533 praeceptionis
1681 1464 1930 1534 paginam
1981 1463 2099 1521 ﬁeri

514 1543 807 1614 jussimus,
855 1559 1158 1606 statuentes
1201 1554 1493 1622 apostolica
1540 1571 1801 1622 censura,
1853 1564 1913 1611 ut
1970 1555 2103 1611 nihil

525 1639 714 1692 horum
783 1655 901 1708 qua:
951 1641 1176 1711 prazfato
1235 1645 1564 1701 monasterio
1607 1662 1636 1700 a
1695 1647 2103 1717 quibuscunque

2211 477 2263 522 et
2290 472 2455 524 nostri
2484 474 2757 541 regimlnis
2781 477 3008 533 tuitione
3029 480 3321 536 confortari
3350 488 3776 555 t‘eprecatisunt,

2210 574 2439 630 quorum
2464 563 2707 630 petitioni
2743 578 3023 623 assensum
3064 574 3361 639 pratbentes
3398 576 3780 635 confirmamus

2211 660 2265 705 et
2312 654 2710 712 constitutionis
2760 666 2920 713 tanta
2946 659 3120 716 locum
3152 662 3384 731 liberali,
3408 676 3470 721 ut
3509 668 3777 739 deprecati

2210 752 2334 795 sunt
2357 782 2371 806 ,
2394 760 2517 813 jure
2563 749 2664 801 sub
2694 760 2889 803 nostra
2920 750 3229 809 defensione
3265 759 3605 828 suscipimus.
3635 764 3781 820 Unde

2208 846 2396 887 omnes
2435 835 2525 888 Dei
2576 835 2763 893 lidclcs
2798 840 3118 898 charitative
3164 846 3545 905 submonemus
3573 869 3640 907 ne
3668 864 3782 908 Iano

2212 931 2320 974 tum
2366 938 2500 992 opus
2548 926 2850 984 disturbare
2919 940 2976 985 et
3026 934 3291 1004 dissipare
3352 939 3444 996 Dei
3500 946 3780 1000 servitium

2209 1011 2291 1066 vel
2341 1012 2452 1067 Deo
2499 1013 2720 1073 devotas
2767 1020 3056 1089 patiantur.
3116 1025 3268 1094 Quoi
3318 1031 3363 1084 si
3413 1032 3613 1104 aliqui.
3658 1036 3782 1092 huic

2207 1103 2390 1157 divino
2432 1108 2579 1174 Operi
2631 1108 2874 1167 insidiari
2920 1121 3356 1188 praesumpserit,
3402 1103 3663 1181 concessa
3703 1131 3781 1183 vel

2207 1196 2548 1250 concedenda
2593 1199 2975 1258 calumniando
2997 1215 3052 1259 et
3096 1208 3452 1276 derastando,
3494 1213 3631 1268 iram
3664 1233 3784 1286 per-

2207 1293 2379 1353 petua:
2431 1288 2790 1346 damnationis
2818 1294 3097 1362 incurrat,
3141 1309 3194 1355 et
3244 1300 3302 1355 S.
3352 1302 3444 1357 Dei
3493 1304 3784 1365 Genitrieis

2204 1377 2551 1448 omniumque
2589 1378 2910 1440 Sanctorum
2954 1390 3353 1446 accusationem
3403 1410 3510 1449 non
3554 1400 3781 1463 evadat,

2205 1474 2259 1520 et
2278 1478 2520 1524 nostrum
2548 1473 2856 1542 anathema,
2887 1488 3146 1548 quantum
3179 1482 3268 1536 Dei
3295 1482 3497 1552 judicio
3524 1492 3782 1546 traditum

2206 1560 2359 1616 nobis
2387 1572 2496 1628 est,
2538 1567 2825 1633 apostolica
2891 1570 3054 1626 etiam
3101 1575 3422 1633 aurtmitate
3459 1594 3782 1638 concessum

2208 1653 2299 1705 Dei
2328 1653 2602 1710 inimicum
2654 1659 2782 1714 dare
2817 1662 2868 1715 in
2919 1662 3191 1720 interitum
3217 1709 3231 1729 ,
3263 1668 3313 1720 in
3340 1681 3602 1726 aeternum
3633 1676 3784 1729 dam-

527 1728 1045 1788 lidelibusconcessa
1067 1733 1148 1788 vel
1172 1736 1511 1791 concedenda
1536 1739 1733 1792 suntin
1761 1747 2099 1809 perpetuum,
2137 1724 2175 1781 η
2214 1757 2336 1795 num
2365 1745 2579 1798 sentiat.
2616 1746 2784 1817 llujus
2813 1765 2944 1807 vero
2991 1758 3402 1825 conscriptionis
3427 1763 3699 1828 chartam,
3726 1774 3783 1819 ut

525 1820 722 1889 aliquis
778 1824 1065 1878 temerario
1118 1838 1252 1879 ausu
1295 1825 1594 1897 infringere
1642 1827 1727 1882 vel
1783 1828 2102 1883 imminuere

532 1916 756 1974 audeat,
782 1926 847 1964 ne
868 1952 880 1975 ,
907 1911 1030 1966 dum
1058 1928 1445 1982 prtecursorcm
1475 1925 1528 1969 et
1563 1916 1860 1988 Baptistam
1889 1917 2098 1972 Domini

528 1996 845 2062 olli-tulerit,
887 2016 994 2071 quo
1044 2003 1184 2056 inter
1212 2014 1365 2057 natos
1400 2005 1686 2060 mulierum
1717 2005 1887 2074 major
1925 2007 2101 2061 nullus

528 2091 796 2155 auri-exit,
833 2093 926 2146 Dei
956 2092 1339 2162 omnipotentis
1376 2095 1509 2149 iram
1542 2097 1789 2151 incautus
1833 2096 2096 2151 incurrat.

600 2181 791 2235 Datum
834 2220 848 2235 .
895 2221 909 2235 .
952 2222 967 2237 .
1011 2223 1026 2238 .
1064 2224 1085 2238 .
1127 2224 1146 2238 .

584 2276 589 2283 ‘
1206 2274 1297 2331 XC
1307 2274 1435 2330 Vill.

522 2359 759 2430 Epistoia
801 2361 1071 2437 settbreve
1090 2361 1169 2437 Βς.
1198 2362 1384 2437 Leonis
1408 2363 1490 2418 IX
1519 2407 1532 2429 ,
1557 2382 1651 2435 pro
1670 2368 1959 2422 cwmrterio
1985 2368 2098 2437 pri-

665 2441 845 2484 oratus
868 2432 1053 2487 Sancti
1068 2432 1299 2487 -0rtentii
1331 2432 1689 2493 Cluniacensi:
1719 2439 1937 2493 ordinis.

1121 2526 1296 2591 (Anno
1320 2525 1507 2594 1054.)

988 2611 1227 2684 {Eallan
1255 2614 1494 2670 Cluniae.
1528 2618 1641 2688 l3.)

596 2700 708 2755 Leo
735 2701 1021 2773 episcopus
1041 2742 1057 2769 ,
1099 2720 1286 2760 serrus
1312 2722 1591 2762 servorum
1632 2709 1759 2778 Dei,
1811 2709 2098 2769 Maroneo

517 2793 925 2863 archiepiscopo
947 2795 1258 2863 Auscieusi,
1286 2796 1511 2853 salutem
1540 2808 1594 2856 et
1625 2803 2097 2871 apostolicambe-

518 2886 906 2940 nedictionem.

580 2977 842 3033 Pervenit
888 2979 954 3033 ad
1000 2995 1163 3036 aures
1205 2991 1420 3037 nostras
1468 2984 1674 3041 clamor
1704 3000 2092 3043 monacaorum

2206 1833 2498 1889 firmiorem
2544 1839 2787 1895 obtineat
2820 1842 3061 1913 vigorem
3083 1886 3099 1912 ,
3132 1848 3292 1919 sigilli
3332 1853 3504 1908 nostri
3547 1854 3781 1926 itnpreso

2202 1926 2353 1979 sione
2373 1928 2576 1998 signari
2601 1932 2930 1991 curavimus.

2955 2027 3016 2084 Ο.

2201 2108 2477 2201 S.‘Leonis
2520 2111 2846 2201 IXAcpistola
2871 2120 2941 2171 ad
2968 2117 3276 2201 Hic/tndem
3299 2123 3782 2201 Qomtantinopoli-

2269 2189 2450 2263 trinum
2508 2186 3233 2263 ⁸ριιιιήιιηίΙιςιηι.μαιιιιιεικςιω
3290 2195 3403 2263 ejus
3473 2209 3524 2251 et
3589 2186 3780 2255 Leonis

2269 2250 2766 2334 Acridaniepis‘t’cpi
2794 2255 3057 2313 inauditas
3078 2250 3506 2334 pra'sumptiones
3520 2282 3566 2323 et
3588 2250 3780 2327 nimias

2270 2324 2519 2377 vanitates
2544 2324 2716 2395 (215).
2921 2350 2925 2355 '

2267 2410 2379 2467 Leo
2417 2412 2697 2487 cpiSCt:ptts
2723 2460 2738 2482 ,
2781 2434 2968 2477 servus
3007 2438 3283 2481 servorum
3330 2427 3456 2494 Dei,
3516 2429 3779 2490 Μισιιίειι

2197 2505 2829 2581 Constantinopolitano,
2860 2524 2911 2568 et
2951 2515 3116 2572 LEONI
3146 2518 3448 2587 Acridano,
3481 2525 3779 2596 episcopis.

2266 2596 2307 2653 Ι.
2346 2594 2414 2652 In
2463 2608 2603 2654 terra
2629 2618 2736 2671 pax
2780 2606 3074 2661 hominibus
3115 2609 3264 2664 bona:
3294 2612 3574 2669 voluntatis
3622 2594 3779 2688 (liuc.

2199 2691 2281 2759 ιι).
2318 2689 2629 2760 llujusmodi
2672 2697 2952 2751 exordium
3003 2698 3185 2755 docuit
3231 2717 3329 2757 nos
3368 2703 3497 2759 illud
3532 2705 3783 2764 Domiui~

2198 2797 2318 2835 eum
2352 2795 2365 2835 :
2401 2780 2465 2834 In
2511 2800 2870 2857 quamcunque
2898 2787 3110 2843 domum
3139 2802 3229 2844 aut
3258 2793 3514 2848 civitatem
3547 2797 3783 2853 intrat-e-

2200 2871 2339 2933 ri'is,
2370 2872 2593 2940 primum
2617 2875 2771 2930 dicite
2790 2889 2811 2928 .'
2833 2874 2952 2933 Pax
2981 2880 3101 2935 huic
3123 2881 3338 2951 domui;
3379 2897 3427 2940 et
3450 2886 3499 2940 si
3524 2888 3596 2942 ibi
3618 2889 3784 2957 fuerit

2196 2964 2340 3029 ﬁlius
2382 2967 2550 3032 pacis,
2592 2971 2869 3039 requiescet
2917 2990 3075 3043 super
3118 2975 3268 3031 illum
3312 2995 3418 3048 pax
3461 2992 3665 3050 vestra;
3694 2986 3783 3039 sin

522 3068 707 3122 Sancti
728 3067 965 3124 ‘Orientii
993 3074 1442 3129 commorantium
1466 3076 1521 3130 iu
1550 3076 1809 3134 suburbio
1839 3079 2091 3145 civitatis,

2204 3066 2402 3121 autem,
2437 3057 2507 3111 ad
2541 3075 2627 3112 ros
2660 3072 2940 3117 revertetur
2968 3062 3117 3135 (Luc.
3145 3067 3301 3137 x).ln
3323 3085 3449 3139 pace
3471 3074 3659 3126 etenim
3693 3090 3781 3127 vo-

510 3173 618 3225 νινυ
668 3158 864 3228 injuria
921 3176 1085 3231 quain
1157 3162 1274 3218 loco
1312 3165 1521 3221 illortnn
1567 3167 1767 3225 inferre
1811 3169 2004 3227 niteris
2031 3172 2094 3225 de

514 3249 839 3304 coemeterio
898 3260 1075 3305 extra.
1124 3242 1278 3308 usiim
1343 3257 1577 3326 antiquae
1636 3262 2091 3318 consuetudinis:

520 3353 637 3393 mu
665 3341 808 3395 cnim
855 3341 1104 3398 meliores
1125 3360 1312 3399 sumus
1344 3361 1507 3415 quam
1526 3357 1711 3416 patres
1737 3351 1928 3406 nostri.
1955 3351 2099 3417 Qua-

513 3439 745 3499 propter
775 3430 869 3485 tibi
918 3435 1235 3490 mandamus
1267 3445 1428 3505 atque
1452 3439 1550 3499 sub
1572 3441 1897 3499 auctoritate
1924 3441 2019 3496 Dei
2042 3451 2103 3496 et

518 3520 694 3574 sancti
750 3519 897 3575 Petri
944 3529 1000 3575 ct
1049 3534 1227 3577 nostra
1270 3527 1612 3595 praecipimus
1660 3540 1716 3584 ut
1782 3532 2095 3600 prtedictnm

519 3611 905 3665 monasterimn
963 3615 1115 3666 novis
1160 3613 1369 3683 legibus
1404 3625 1460 3669 et
1513 3618 1771 3674 inauditis
1800 3630 2095 3675 consuetu-

519 3702 736 3763 dinibus
781 3702 833 3756 in
856 3702 1001 3757 nullo
1025 3701 1247 3759 infestus
1271 3746 1285 3769 ,
1316 3706 1368 3760 in
1399 3707 1544 3762 nullo
1579 3711 1863 3776 molestos,
1896 3722 2002 3767 tam
2037 3714 2095 3767 in

518 3793 831 3849 catnteterio
851 3812 1013 3864 quam
1042 3797 1094 3848 in
1128 3796 1248 3852 aliis
1274 3798 1431 3852 rebus
1452 3800 1516 3853 ad
1541 3799 1712 3870 ipsum
1734 3800 1910 3857 locum
1932 3805 2097 3873 perti-

514 3885 788 3940 nentibus.
816 3886 1164 3943 Deccrninms
1210 3890 1389 3960 itaque
1435 3895 1695 3950 canonica
1726 3905 1776 3950 et
1800 3899 2095 3967 apostolica

511 3976 839 4029 auctoritate
864 3986 922 4030 ut
941 3977 1079 4030 nulla
1098 3979 1319 4035 ecclesia
1352 3984 1850 4042 terminosstatutos
1870 4004 1900 4040 a
1926 3988 2098 4044 Patri-

512 4065 618 4121 bus
646 4070 842 4122 audeat
869 4071 1119 4126 transire.
1154 4071 1302 4129 Unde
1332 4091 1425 4130 vos
1455 4077 1742 4133 admonere
1765 4080 2007 4135 volumus
2043 4088 2099 4136 et

511 4161 860 4229 prmcipitnus
894 4172 951 4217 ut
1000 4165 1144 4235 quod
1171 4182 1339 4236 usque
1367 4172 1520 4224 modo
1550 4189 1652 4225 non
1684 4173 1967 4239 habuistis,
1998 4189 2096 4231 nec

510 4251 657 4304 intra
676 4246 881 4318 urbem,
896 4271 994 4310 nec
1007 4266 1180 4322 extra,
1199 4260 1348 4314 vobis
1361 4256 1552 4330 injuste
1568 4264 1865 4320 vindicetis.
1880 4265 2097 4322 Scilicet

512 4341 654 4396 sicut
694 4343 791 4398 fuit
823 4350 1191 4415 cmmeterium
1222 4356 1547 4423 temporibus
1578 4369 1980 4415 antecessorum
2005 4376 2094 4416 ve-

509 4442 756 4488 strorum
782 4477 798 4500 ,
843 4437 914 4491 ita
946 4452 1258 4508 permaneat
1284 4443 1334 4496 in
1367 4446 1618 4501 szeculum
1647 4450 1697 4502 in
1729 4449 1985 4507 futttrum.

1215 4532 1397 4588 XCIX.

509 4610 575 4668 Β.
612 4614 714 4671 Leo
740 4616 817 4670 IX
846 4620 1125 4718 catilirqqnt
1148 4621 1839 4718 tt'ttlatipitem.porca/ebria
1873 4631 2096 4718 abbatia'

925 4692 987 4745 δ.
1019 4691 1206 4746 Maria:
1232 4696 1372 4763 apud
1395 4691 1672 4751 Santones.

1108 4784 1292 4855 (Antio
1328 4786 1501 4858 1054.)

806 4867 972 4941 illati.
1010 4868 1203 4926 Christ.
1237 4872 1313 4939 ll,
1346 4875 1617 4938 lnstrum..
1657 4877 1806 4953 48L]

511 4943 519 4971 ⁵
579 4955 815 5013 nectere
839 4962 1077 5015 eumiqu
1102 4962 1385 5019 ordinante
1414 4966 1555 5033 Deo,
1591 4970 1697 5024 Leo
1734 4986 1833 5039 ego
1853 5010 1867 5035 ,
1898 4969 2092 5025 Roma-

510 5060 597 5098 nae
623 5047 766 5101 sedis
798 5064 955 5119 papa.

584 5135 891 5195 innotescat
941 5144 1063 5199 velo
1091 5147 1343 5204 omnibus
1382 5150 1662 5208 catholica:
1696 5153 1950 5209 Ecclesim
1978 5155 2093 5210 cnl~

518 5227 725 5283 toribus
774 5235 912 5299 quod
955 5235 1255 5304 Goll‘ridus,
1301 5254 1487 5298 centes
1540 5245 1982 5316 Andegavcnsis,
2033 5254 2093 5301 et

522 5322 699 5389 Agnes
724 5323 993 5379 comitissa
1048 5331 1220 5385 locum
1244 5320 1313 5387 ‘S.
1344 5333 1525 5392 Maria:
1571 5335 1955 5392 Sanctonensis
1982 5351 2094 5392 ca:-

2196 3166 2219 3199 c
2246 3149 2328 3201 suit
2373 3164 2464 3202 nos
2507 3147 2644 3205 Deus
2673 3149 2729 3223 (I
2754 3150 2875 3208 Cor.
2908 3157 3003 3229 vn)
3033 3197 3046 3220 ,
3071 3157 3159 3227 qui
3200 3168 3276 3212 est
3317 3176 3424 3229 pax
3455 3175 3669 3229 nostra;
3689 3165 3781 3233 qui

2197 3237 2317 3303 fecit
2362 3249 2579 3309 utraque
2618 3256 2777 3297 unum
2800 3285 2815 3307 ,
2845 3252 2896 3298 et
2935 3247 3143 3301 veniens
3192 3252 3564 3321 eoaugelizaoit
3595 3272 3782 3323 pacem

2196 3328 2276 3379 his
2303 3329 2392 3397 qui
2437 3328 2587 3400 longe
2611 3371 2626 3395 ,
2673 3342 2720 3385 et
2751 3332 2831 3386 his
2855 3335 2945 3404 qui
2972 3351 3131 3405 prape
3154 3348 3303 3392 erant
3328 3339 3544 3410 (Ephes.
3586 3345 3650 3413 ιι)
3680 3360 3695 3396 :
3725 3353 3780 3397 et

2197 3419 2339 3474 inter
2388 3421 2642 3476 nonnulla
2676 3423 2812 3479 dixit
2855 3440 2871 3480 :
2922 3424 3072 3480 Beati
3098 3428 3345 3498 paciﬁci,
3389 3434 3635 3502 quoniam
3681 3431 3780 3498 ﬁlii

2196 3510 2295 3565 Dei
2346 3513 2670 3568 vocabuntur
2716 3513 2938 3585 (Matth.
2970 3517 3065 3589 v).
3098 3517 3338 3585 Quorum
3392 3522 3558 3592 pedes
3594 3523 3780 3578 Deilo-

2196 3614 2332 3668 qnus
2351 3599 2517 3655 lsaias
2529 3603 2843 3668 admiratus,
2859 3605 3149 3687 proclamat
3168 3607 3366 3674 :Quam
3388 3613 3614 3681 speciosi
3622 3614 3779 3682 pedes

2195 3692 2657 3761 euangelizandum
2681 3697 2898 3765 pacem!
2917 3697 3053 3770 (Isa.
3078 3716 3183 3767 Lll;
3217 3701 3370 3757 Rom.
3403 3703 3483 3777 Χ.)
3508 3706 3589 3759 Ad
3614 3709 3778 3775 quani

2198 3796 2423 3851 magnus
2444 3781 2638 3840 Paulus
2658 3790 3011 3851 contestando
3031 3792 3110 3845 sic
3125 3792 3415 3864 discipulos
3426 3795 3775 3852 adhortatur:

2197 3867 2392 3925 Pacem
2412 3876 2685 3944 sequimini
2710 3893 2826 3932 cum
2855 3879 3118 3949 omnibus,
3147 3873 3193 3937 et
3218 3887 3645 3953 sanctimoniam,
3668 3889 3781 3943 sine

2194 3978 2297 4033 qua
2320 3979 2466 4018 uento
2492 3965 2674 4020 videbit
2698 3967 2862 4022 Deum
2883 3968 3071 4035 (Hebr.
3101 3975 3222 4044 ιιι).
3245 3976 3312 4030 Ει
3334 3994 3348 4030 :
3367 3975 3425 4032 Si
3441 3979 3562 4046 ﬁeri
3588 3991 3775 4045 potest,

2193 4055 2334 4124 quod
2383 4071 2448 4109 ex
2497 4058 2635 4112 vobis
2678 4068 2787 4124 est,
2830 4077 2948 4115 cum
2996 4065 3235 4121 omnibus
3272 4068 3569 4124 hominibus
3595 4089 3775 4141 pacem

2196 4147 2442 4202 habentes
2490 4149 2662 4221 (Rom.
2707 4152 2829 4224 xu).
2861 4153 2928 4209 Et
2954 4172 3166 4213 rursum
3200 4177 3214 4213 :
3247 4159 3442 4217 Pacem
3483 4167 3701 4228 habile.
3730 4178 3777 4223 et

2200 4238 2338 4295 Deus
2368 4242 2665 4299 dilectionis
2687 4256 2736 4301 et
2773 4248 2918 4317 pacis
2936 4251 3035 4303 erit
3072 4252 3331 4309 vobiscum
3362 4254 3448 4326 (II
3478 4256 3602 4312 Cor.
3633 4259 3772 4331 xm).

2198 4330 2308 4387 Nec
2334 4332 2634 4403 immerito,
2673 4338 2884 4394 dicente
2932 4342 3211 4413 discipulis
3239 4347 3352 4403 suis
3376 4389 3389 4411 ,
3425 4350 3536 4405 imo
3592 4354 3773 4408 omni-

2124 4425 2170 4483 ι)
2197 4423 2296 4477 bus
2322 4423 2644 4482 ChriStianis
2667 4428 2783 4499 ipso
2832 4431 3060 4488 Domino
3084 4453 3098 4490 :
3130 4434 3321 4493 Pacem
3348 4441 3581 4514 relinquo
3604 4446 3772 4512 vobis,

2199 4529 2378 4581 pacem
2402 4514 2569 4570 ineant
2591 4518 2657 4572 do
2688 4520 2828 4574 vobis
2856 4521 3039 4592 (Joan.
3069 4527 3202 4593 XIV).
3233 4527 3363 4595 Qua:
3393 4532 3581 4603 utique
3610 4551 3772 4606 quam

2198 4614 2456 4674 germano
2491 4616 2546 4661 et
2586 4612 2823 4667 unanimi
2857 4613 3048 4670 ali‘eclu
3076 4657 3092 4681 ,
3119 4626 3173 4672 et
3201 4618 3586 4679 indissolubilis
3606 4624 3776 4681 finde.

2200 4696 2274 4750 ris
2299 4712 2438 4752 nexu
2470 4699 2748 4757 retinenda
2782 4705 2880 4769 sit,
2903 4705 3029 4763 hinc
3050 4718 3228 4779 potest
3255 4712 3430 4785 colligi
3458 4717 3602 4785 quod
3628 4733 3773 4779 eam.

2207 4787 2450 4843 ultimam
2486 4790 2855 4851 coltzercdibus
2877 4809 2930 4851 et
2964 4802 3438 4873 cantpartfcipibus
3465 4807 3602 4874 suis,
3628 4809 3775 4865 velut

2199 4878 2541 4937 bzereditario
2589 4892 2645 4939 et
2708 4897 2972 4957 perpetuo
3018 4889 3144 4961 jure
3188 4896 3638 4964 commendatam,
3674 4902 3773 4954 sub

2198 4978 2524 5028 testamento
2575 4991 2700 5032 mox
2764 4993 2863 5034 suo
2910 4984 3172 5052 sanguine
3223 4987 3528 5059 subscripto
3578 5001 3634 5047 et
3686 4994 3771 5064 pia

2198 5073 2374 5119 morte
2420 5065 2740 5124 confirmato
2788 5066 3043 5143 reliquit,
3087 5078 3239 5146 quasi
3278 5080 3774 5137 diceretaFratrr-s

2195 5165 2251 5211 et
2299 5159 2606 5216 cohaeredes
2656 5161 2790 5228 mei,
2848 5166 3092 5238 relinquo
3145 5172 3296 5226 vobis
3342 5189 3408 5228 ex
3452 5176 3773 5245 patrimonio

2199 5258 2383 5304 nostro
2414 5260 2644 5319 sortem,
2686 5258 3033 5324 temporalem
3066 5261 3318 5317 videlicet
3344 5280 3574 5334 pacem;
3612 5281 3771 5336 quam

2198 5339 2244 5392 Si
2276 5341 2534 5392 inti‘m'am
2564 5351 2618 5392 ΕΙ.
2664 5343 3136 5392 incnnlaniinnlmn
3162 5350 3223 5392 in
3275 5352 3380 5392 nun
3412 5354 3541 5392 ινίΙιί
3577 5350 3776 5392 poni-qs.
