4020 5392
199 315 315 387 ‘us

1205 305 1558 384 EPISTOLJE
1597 306 1684 382 ET
1723 326 2037 381 occasu
2079 309 2480 384 PONTIFtCtA:

3378 326 3536 386 Ὶὶσ-

185 438 741 512 ιξιιιιπιίε,1’;ιιιεθίιιιε
773 437 979 502 minor,
1017 451 1115 506 pro
1152 437 1252 492 hac
1299 440 1411 506 ipsa
1448 437 1660 490 Patrem
1705 436 1781 490 sic

1893 436 2137 504 gemebat
2167 436 2268 489 sub
2318 435 2571 506 periculis
2623 433 2674 488 in
2721 433 2870 490 lalsis
2915 434 3199 498 fratribus,
3241 441 3476 492 revelata

185 534 527 601 deprecatur
549 571 563 589 .
599 531 663 582 ad
711 528 926 583 Patrem
959 545 1148 593 suum,
1175 539 1228 583 ct
1256 529 1469 584 Patrem
1505 540 1744 583 nostrum
1775 569 1790 593 ,

181 629 216 676 a
254 638 366 692 quo
444 636 722 689 nunquam
799 621 1159 684 discesserat,
1225 620 1545 673 rediturus;
1597 618 1790 682 Pater,

181 732 322 786 quos
349 714 540 769 dedisti
567 714 721 777 milii,
749 711 860 765 volo
887 721 938 764 ut
965 711 1066 763 sint
1095 723 1250 763 unum
1269 753 1282 773 ,
1300 711 1431 764 sicut
1452 723 1493 764 et
1521 725 1788 764 nosuuum

181 820 376 860 sumus
400 844 416 867 ,
454 814 501 856 et
541 804 644 856 sint
685 800 1030 854 consummati
1083 801 1135 852 in
1178 817 1338 852 unum
1376 800 1560 868 (lauit.
1595 799 1748 868 xvtt).

260 893 324 947 ll.
380 892 487 947 Se;l
542 891 632 945 Va:
684 892 876 944 mundo
934 908 966 942 α
1015 890 1281 943 scandulis
1330 889 1545 958 (Matth.
1604 892 1790 953 xvttt),

180 1003 342 1054 quia,
376 1003 501 1042 eum
560 999 697 1055 pene
736 999 926 1039 omnes
970 985 1178 1053 pagina:
1209 983 1405 1038 divina:
1442 1001 1538 1038 nos
1589 985 1792 1052 pariter

181 1077 425 1131 invitent
462 1078 530 1128 ad
571 1077 769 1130 bonum
809 1075 1030 1128 unitatis
1059 1085 1113 1128 et
1161 1075 1344 1143 pacis,
1384 1086 1652 1143 quatenus
1698 1093 1792 1128 cor

181 1188 361 1224 unum
395 1181 451 1225 et
477 1171 657 1224 anima
693 1185 796 1222 una
832 1169 904 1223 sit
950 1168 1104 1222 nobis
1137 1169 1191 1221 itt
1220 1183 1285 1222 eo
1307 1169 1398 1237 qui
1435 1169 1712 1221 unanimes
1739 1170 1789 1222 in

181 1265 354 1318 domo
385 1280 482 1318 sua
504 1302 517 1325 ,
545 1278 664 1331 quae
696 1273 778 1315 est
804 1262 1070 1315 catholica
1097 1261 1339 1314 Ecclesia
1363 1301 1377 1323 ,
1411 1259 1658 1314 habitare
1705 1261 1788 1314 la—

182 1355 290 1417 cit,
349 1355 612 1408 exstitere
658 1363 834 1407 tamen
887 1353 1180 1415 hactenus,
1215 1363 1270 1405 et
1318 1353 1563 1404 existunt
1605 1353 1786 1406 miseri

181 1445 480 1505 homines,
534 1461 667 1508 sua,
723 1461 827 1497 tton
862 1459 980 1512 qua:
1014 1451 1140 1496 sunt
1190 1441 1318 1496 Jcsu
1377 1441 1613 1505 Christi,
1647 1458 1789 1511 qum-

181 1543 377 1589 rentes
430 1534 652 1604 (Philip.
705 1533 802 1604 tt),
855 1549 949 1602 per
995 1533 1173 1586 omnia
1210 1531 1472 1586 militibus
1503 1532 1786 1585 Dominum

181 1624 381 1696 gloria:
417 1625 861 1693 cruciﬁgentibtts
912 1624 1219 1692 nequiores.
1254 1622 1330 1676 Illi
1374 1623 1639 1692 siquidem
1668 1639 1786 1677 cor-

183 1715 438 1783 ruptibili
468 1716 666 1769 tunica:
693 1714 885 1783 ipsius,
939 1714 1065 1782 quia
1090 1712 1424 1767 inconsutilis
1471 1722 1526 1767 et
1555 1714 1786 1781 desuper

184 1818 446 1862 contexta
497 1817 615 1861 erat
658 1822 753 1876 per
797 1815 1006 1870 totum,
1052 1815 1443 1875 pepercerunt,
1492 1806 1732 1862 dicentes
1771 1827 1783 1860 :

187 1899 320 1953 Non
379 1900 683 1953 scindamus
754 1915 869 1951 eam
933 1896 1129 1966 (Joan.
1180 1897 1342 1966 nx),
1397 1899 1629 1966 quadam
1688 1899 1792 1952 uti-

186 2007 298 2062 que
335 1989 637 2046 reverentia
690 1987 941 2041 admirati
990 1996 1046 2041 et
1088 1987 1333 2042 textricis
1369 1988 1696 2057 diligentiam
1739 1999 1792 2042 et

185 2081 374 2149 aperis
426 2079 772 2150 elegantiam.
819 2079 912 2134 Isti
959 2093 1088 2132 vero
1115 2080 1510 2149 incorruptibili
1538 2081 1789 2135 eharitati

187 2174 342 2240 ejus,
375 2190 480 2243 qua
513 2174 687 2226 univit
713 2173 1032 2237 Ecclesiam,
1064 2183 1120 2225 ut
1151 2174 1434 2228 exhiberet
1459 2174 1558 2226 sibi
1589 2185 1791 2227 vestem

186 2266 526 2334 gloriosam,
588 2278 694 2317 non
747 2263 1032 2316 habentem
1093 2263 1356 2316 maculam
1415 2272 1512 2317 aut
1561 2280 1789 2332 rugam,

186 2357 389 2426 impias
423 2364 475 2407 et
505 2354 800 2424 sacrilegas
827 2369 1018 2407 manus
1063 2354 1128 2406 ad
1157 2353 1566 2407 discindendum
1595 2355 1790 2408 crude-

188 2447 317 2501 liter
349 2445 624 2514 injiciunt,
679 2445 888 2516 linguas
932 2445 1303 2515 ntagniloquas
1346 2455 1400 2499 et
1455 2446 1666 2500 dolosas
1723 2448 1788 2501 ad

186 2537 604 2591 confodiendum
648 2536 791 2588 illam
823 2548 1122 2599 exacuunt;
1155 2535 1304 2588 nihili
1332 2536 1626 2605 pendentes
1658 2537 1793 2590 inel-

185 2628 340 2682 fabili
367 2636 416 2683 et
446 2627 672 2696 speciali
704 2627 934 2680 artiﬁcio
965 2637 1246 2681 cozcterna:
1283 2629 1388 2680 Deo
1413 2627 1556 2688 Patri
1584 2630 1792 2700 sapien-

187 2719 278 2778 tia!
303 2727 642 2788 compactam
692 2727 748 2770 et
776 2725 1119 2779 contextam,
1153 2731 1249 2770 nec
1278 2717 1513 2772 humano
1543 2717 1756 2788 ingenio
1775 2760 1789 2784 ,

185 2826 288 2865 seu
331 2810 780 2880 philosophorum
821 2807 1150 2879 syllogismis
1180 2817 1270 2861 aut
1303 2811 1790 2878 argtnueutationi-

185 2903 294 2956 hus
347 2911 674 2956 consutam:
725 2899 904 2953 Stulta
951 2899 1087 2953 enim
1139 2899 1321 2952 mundi
1351 2899 1502 2969 elegit
1539 2899 1709 2964 Deus,
1736 2911 1790 2953 ut

185 2995 478 3060 conlaudat
515 2992 776 3059 sapientes
801 2989 852 3061 (I
887 2989 1010 3043 Cor.
1040 2990 1100 3060 ι).
1137 2989 1320 3060 Neque
1350 2990 1494 3044 enim
1539 3005 1633 3060 per
1666 2986 1785 3046 rhe-

190 3096 344 3141 tores
372 3098 424 3141 et
451 3089 724 3157 sophistas
757 3087 973 3155 collegit
1002 3086 1299 3155 piscatores
1323 3127 1336 3148 ,
1361 3084 1456 3139 sed
1495 3098 1592 3166 per
1615 3083 1790 3164 pisea-

189 3190 343 3236 tores
365 3192 418 3237 et
463 3183 742 3252 simplices
765 3182 1002 3251 piscatus
1026 3190 1108 3236 est
1130 3181 1400 3250 sophistas
1429 3187 1477 3233 et
1504 3188 1747 3232 oratores
1771 3220 1784 3244 ,

187 3274 351 3344 quia,
385 3275 525 3329 sicut
567 3275 820 3345 egregius
867 3273 1064 3328 Paulus
1098 3273 1230 3327 dicit
1262 3290 1274 3324 :
1317 3269 1438 3325 Non
1482 3283 1555 3325 est
1589 3281 1643 3326 tn
1674 3288 1784 3324 srr-

188 3381 345 3418 mone
378 3380 589 3434 regnum
617 3364 746 3428 Dei,
779 3365 870 3418 sed
898 3366 952 3418 in
983 3366 1168 3418 virtute
1203 3361 1256 3430 (Ι
1291 3361 1414 3416 Cor.
1449 3360 1544 3432 tv).

263 3453 350 3506 Ill.
383 3453 580 3507 Verum
611 3454 896 3508 erubescat
918 3463 972 3508 et
1001 3453 1367 3508 confundatur
1406 3453 1570 3523 impia
1606 3451 1782 3507 hmre-

190 3545 309 3608 sis,
367 3545 712 3612 impudenter
775 3544 992 3598 inhians
1041 3543 1266 3598 sectioni
1321 3552 1482 3612 atque
1530 3543 1781 3596 divisioni

190 3634 506 3689 insecabilis
553 3644 608 3690 et
655 3634 998 3690 iudivisibilis
1045 3635 1308 3696 ttnitatis,
1361 3635 1694 3688 reclamante
1729 3643 1784 3686 et

192 3735 530 3796 repugnante
575 3741 683 3780 non
735 3725 906 3779 solum
964 3725 1131 3794 ipsius
1181 3725 1402 3778 unitatis
1434 3735 1657 3785 natura.
1689 3724 1782 3779 sed

190 3817 356 3871 etiam
395 3816 647 3871 humana:
673 3816 951 3886 sapientia:
977 3813 1309 3883 conjectura.
1350 3813 1630 3869 Discedam
1653 3830 1782 3882 ergo

187 3905 384 3976 perﬁdi
413 3906 592 3967 cervi,
623 3905 793 3968 milvi,
818 3905 1060 3958 vultures
1085 3945 1098 3966 ,
1135 3915 1188 3958 et
1218 3919 1552 3974 quaaeunque
1581 3903 1780 3958 laniatu

188 3999 274 4052 vel
330 4007 504 4051 morte
549 3997 722 4050 aliena
755 4007 1052 4066 pascuntur
1081 4012 1228 4051 aves.
1259 3995 1382 4050 Sola
1416 3995 1664 4050 columba
1712 3996 1780 4050 ad

189 4105 379 4144 aream
413 4091 595 4143 redeat
619 4097 675 4142 et
717 4103 880 4159 super
910 4095 1073 4157 caput
1110 4086 1319 4141 Domini
1348 4085 1474 4142 Jesu
1510 4102 1735 4141 manens
1763 4125 1778 4151 ,

191 4189 365 4234 totum
393 4197 591 4250 corpus
634 4181 784 4250 ejus,
819 4181 1068 4249 quodest
1095 4179 1365 4243 Ecclesia,
1395 4179 1572 4240 uniat,
1605 4179 1781 4232 inﬁm-

191 4271 284 4324 dat
324 4281 380 4324 et
411 4273 652 4339 repleat,
712 4272 1035 4340 unicamque
1081 4270 1382 4324 columbam
1438 4271 1506 4324 de
1555 4269 1799 4330 diversae,

191 4361 545 4429 professionis
617 4370 674 4416 et
726 4361 958 4415 nationis
1011 4361 1318 4415 hominibus
1374 4369 1537 4428 atque
1587 4359 1779 4431 linguis

1823 1777 1862 1834 Β

1818 3118 1860 3176 C

1897 525 2105 578 illorum
2153 527 2340 590 exitu,
2378 543 2474 595 per
2510 543 2571 580 os
2617 527 2754 580 beati
2803 527 3026 583 Joannis
3055 530 3280 598 apostoli
3315 532 3483 583 liheru

1897 630 2232 689 protestatur
2265 638 2276 674 :
2315 618 2396 673 lis
2438 620 2582 674 nobis
2627 622 2896 688 exierunt,
2952 621 3042 675 sed
3093 639 3194 676 non
3239 635 3484 677 erantex
3523 603 3536 704 δ’

1897 711 2063 765 nolis.
2123 710 2260 764 Nam
2292 714 2337 764 si
2378 711 2594 780 fuissent
2628 730 2692 766 ex
2731 714 2880 767 nobis
2908 755 2922 778 ,
2951 716 3352 784 permansissent
3381 697 3488 768 uti-
3527 775 3533 782 ι

1893 817 1989 866 que
2014 803 2277 856 nobiscum
2310 802 2360 874 (Ι
2391 803 2550 857 Joan.
2581 803 2664 874 tt).
2697 803 2795 870 Qui
2820 805 2961 859 enim
2985 813 3172 874 peetus
3195 807 3484 872 columbae,

1896 892 2041 946 velut
2071 894 2324 948 humores
2371 895 2494 948 mali
2519 935 2533 961 ,
2581 895 2825 950 solebant
2848 910 3096 967 premere
3120 938 3135 962 ,
3164 907 3219 952 et
3250 899 3318 952 ad
3344 915 3484 954 nau-

1897 998 2044 1037 seam
2072 985 2274 1055 jngiter
2303 1002 2627 1055 provocare,
2660 987 2888 1055 alicujus
2913 991 3241 1045 accessionis
3281 991 3361 1047 vel
3387 1005 3473 1045 oc.

1895 1076 2133 1130 casionis
2189 1079 2420 1147 impulsu
2487 1081 2724 1150 egressi,
2781 1081 2863 1135 vel
2913 1081 3107 1151 ejecti,
3167 1091 3260 1135 aut
3307 1082 3486 1151 potius

1894 1168 2094 1235 cgesti,
2149 1171 2567 1240 comprobantur
2600 1187 2719 1226 eam
2777 1173 3054 1238 relevare;
3116 1181 3280 1244 atque
3331 1175 3484 1228 bona:

1893 1257 2216 1313 valetudinis
2245 1268 2445 1313 s'atum
2495 1275 2591 1315 sua
2623 1261 2954 1316 discessione
2987 1262 3162 1316 eidem
3207 1251 3481 1317 remeare.

1893 1347 2164 1418 Quotquot
2191 1360 2371 1405 autem
2407 1362 2608 1408 exeunt
2647 1353 2866 1408 redituri
2899 1393 2914 1417 ,
2947 1353 3170 1408 omnino
3195 1355 3264 1408 ab
3299 1369 3361 1408 ea
3390 1367 3484 1408 ne-

1893 1450 2100 1506 queunt
2128 1440 2285 1494 avelli
2320 1451 2414 1496 aut
2461 1444 2680 1512 przeeidi
2711 1460 2726 1506 ;
2755 1454 2809 1499 et
2834 1445 2877 1498 si
2904 1444 3152 1500 ridentur
3173 1445 3484 1515 aliquandiu

1891 1529 2059 1584 avulsi
2119 1542 2211 1586 aut
2268 1533 2497 1602 praecisi,
2551 1537 2677 1605 quia
2733 1536 2890 1590 Norit
2923 1537 3062 1590 Deus
3095 1538 3184 1608 qui
3221 1547 3339 1592 sunt
3371 1537 3485 1607 ejus

1892 1619 1975 1686 (11
2005 1621 2140 1676 Tim.
2176 1622 2260 1692 tt),
2296 1639 2391 1694 per
2435 1624 2588 1693 cujus
2619 1627 3147 1695 prmdestinationem
3180 1637 3307 1682 sunt
3337 1627 3482 1682 intus

1889 1710 2006 1765 sine
2031 1726 2235 1776 errore,
2265 1715 2427 1768 etiam
2458 1717 2823 1785 quipntantur
2853 1715 2984 1771 foris
3008 1733 3153 1781 esse,
3179 1727 3234 1772 et
3259 1731 3480 1779 errare;

1894 1820 1994 1859 nec
2016 1807 2153 1875 rapit
2175 1807 2462 1877 quisquam
2507 1808 2573 1861 de
2597 1823 2757 1862 manu
2789 1808 2992 1880 ipsius,
3023 1824 3158 1878 quos
3190 1807 3300 1879 jam
3330 1825 3484 1880 pror-

1893 1911 1988 1950 sus
2018 1907 2203 1967 raptos
2227 1899 2659 1969 suspicabamur.

1963 1987 2050 2042 IV.
2095 1987 2200 2042 Sed
2254 2003 2334 2044 vre
2382 1990 2659 2044 hominum
2717 1989 2980 2059 superbia:
3047 1998 3105 2045 et
3156 1990 3478 2061 arrogantiae

1894 2076 2279 2149 [ignorantia-1,
2312 2080 2402 2150 qui
2435 2079 2676 2134 membra
2708 2081 3052 2144 Antichristi,
3096 2089 3150 2136 et
3178 2096 3508 2150 prmeursoy

1897 2185 1981 2224 res
2013 2169 2129 2238 ejus
2178 2171 2377 2236 allecti,
2425 2173 2630 2242 quiest
2679 2189 2769 2228 rex
2821 2188 2985 2242 super
3018 2173 3299 2229 universos
3343 2173 3481 2228 ﬁlios

1895 2261 2180 2328 superbize.
2215 2277 2319 2316 non
2351 2273 2567 2317 cessant
2591 2263 2925 2318 zizaniorum
2955 2272 3135 2332 pestes
3165 2263 3217 2317 in
3245 2262 3477 2318 medium
3503 2331 3506 2334 ἢ

1897 2350 2061 2404 tritici
2101 2367 2382 2423 spargere,
2411 2362 2466 2408 et
2494 2369 2747 2416 messem,
2778 2371 2862 2408 ru.
2897 2353 3117 2409 creleSte
3142 2365 3509 2426 praeparatur

1898 2439 2180 2504 horreum,
2227 2452 2487 2511 quantum
2536 2443 2588 2495 in
2611 2444 2690 2497 eis
2731 2453 2835 2509 est,
2865 2453 3118 2500 atterere.
3149 2443 3226 2500 De
3247 2461 3506 2518 quorum;

1896 2532 2201 2600 periculoso
2232 2543 2470 2603 tempore
2492 2534 2720 2589 dilectus
2769 2535 2980 2591 Domini
3032 2537 3184 2607 virgo
3244 2534 3506 2610 Joannes.

1895 2619 2058 2673 \‘oluit
2097 2637 2192 2675 nos
2234 2621 2502 2676 instruere
2551 2641 2564 2676 :
2602 2621 2782 2676 Filioli
2807 2663 2822 2686 ,
2857 2625 3106 2693 inquiens
3134 2664 3149 2688 ,
3197 2613 3507 2679 novissima~

1893 2711 2022 2764 liora
2075 2722 2172 2774 est,
2222 2722 2268 2764 et
2317 2714 2450 2766 sicut
2495 2714 2715 2767 audistis
2763 2716 2886 2783 quia
2917 2714 3274 2768 Amic/tristris
3322 2716 3507 2792 venit“

1895 2816 2032 2853 nunc
2067 2812 2239 2854 autem
2267 2801 2568 2854 Antichristi
2613 2801 2761 2854 multi
2785 2802 2914 2870 [arti
2960 2811 3080 2854 sunt
3129 2800 3179 2872 (Ι
3201 2801 3364 2857 Joan.
3390 2807 3477 2865 It.)

1894 2889 2019 2944 H:ec
2072 2892 2359 2945 novissima
2414 2892 2542 2946 hora
2598 2908 2627 2946 a
2679 2893 2852 2958 primo
2903 2892 3133 2947 adventu
3182 2881 3498 2968 Salvatoris,

1896 2983 2169 3051 incmpta,
2223 2999 2392 3054 usque
2443 2985 2509 3037 ad
2558 2984 2850 3038 secundum
2901 2982 3017 3048 ejus
3060 2983 3349 3039 adventum
3397 2998 3486 3038 est.

1895 3073 2281 3140 proli-ridenda.
2322 3074 2451 3140 Qua:
2495 3084 2626 3143 quot
2671 3074 3035 3130 Antichristos
3077 3073 3188 3142 jam
3235 3075 3484 3132 habuerit

1893 3175 1986 3218 aut
2035 3166 2320 3228 detexerit,
2376 3166 2554 3220 dicere
2611 3167 2733 3236 quis
2781 3165 3017 3236 poterit?
3054 3167 3128 3220 De
3179 3167 3376 3236 quibus
3427 3178 3483 3223 et

1890 3254 2088 3309 Doctor
2123 3255 2383 3325 gentium,
2415 3255 2682 3308 mirabilis
2707 3253 2932 3318 Paulus,
2961 3255 3203 3324 Ephesiis
3248 3255 3300 3309 in
3330 3239 3500 3330 Acti-1

1888 3343 1988 3398 bus
2036 3345 2400 3414 apostolorum
2449 3345 2525 3398 ait
2574 3362 2586 3397 :
2627 3343 2737 3412 ligo
2769 3345 2876 3397 scio
2922 3345 3168 3414 quoniam
3213 3346 3497 3422 intrabunt

1886 3453 1998 3510 post
2025 3441 2392 3495 discessionem
2437 3456 2601 3493 meum
2641 3437 2752 3507 lupi
2794 3455 2974 3508 grarcs
3004 3440 3058 3492 in
3087 3455 3193 3502 ros,
3223 3456 3324 3494 non
3361 3457 3486 3508 par-

1887 3541 2058 3585 centes
2079 3531 2222 3600 gregi
2247 3548 2263 3590 ;
2295 3540 2342 3583 cl
2372 3546 2436 3584 ea:
2463 3530 2602 3584 vobis
2634 3530 2758 3598 ipsis
2785 3540 3059 3598 exsurgant
3099 3531 3197 3583 viri
3222 3530 3484 3601 loquentes

1884 3637 2146 3690 perversa,
2171 3621 2246 3673 uti
2277 3620 2537 3672 abduc/ml
2587 3618 2870 3683 discipulos
2916 3629 3032 3688 post
3076 3636 3130 3673 se
3181 3619 3322 3687 (Act.
3364 3621 3482 3689 xx).

1887 3712 2014 3775 Sed,
2065 3729 2096 3766 o
2146 3713 2371 3767 Domine
2415 3712 2563 3774 Jesu.
2611 3712 2838 3782 pervigil
2882 3711 3092 3776 Pastor,
3149 3721 3204 3767 et
3260 3710 3370 3768 Leo
3419 3715 3488 3767 de

1889 3804 2029 3858 tribu
2059 3802 2194 3858 Juda
2219 3844 2234 3868 ,
2265 3805 2356 3874 qui
2381 3844 2394 3868 ,
2423 3805 2719 3858 secundum
2751 3803 3118 3869 Psalmistam,
3147 3817 3310 3873 super
3339 3805 3487 3874 aspi-

1885 3894 2006 3947 dem
2042 3901 2096 3946 et
2137 3893 2446 3947 basiliscum
2483 3892 2751 3953 ambulas,
2782 3901 2836 3945 et
2866 3891 3152 3946 conculcas
3193 3891 3404 3946 leonem
3429 3900 3489 3947 et

1884 3983 2177 4038 draconem
2219 3980 2391 4054 (Psul.
2426 3985 2536 4050 xc),
2565 3981 2679 4048 jam
2729 3982 2782 4034 in
2835 3980 2939 4035 ﬁne
2989 3981 3310 4036 saeculorum
3355 3997 3487 4038 oves

1883 4091 2098 4146 pascua:
2131 4083 2255 4138 tua},
2282 4075 2447 4128 variis
2481 4074 2688 4128 insidiis
2729 4082 2784 4127 et
2813 4073 2960 4125 rabie
3007 4072 3490 4142 innumerabilium

1883 4165 2132 4236 luporum
2184 4165 2446 4219 hactenus
2491 4163 2698 4226 fessas,
2751 4162 3075 4216 miseranter
3127 4162 3384 4228 attende,
3429 4168 3487 4216 et

1883 4257 2090 4324 increpa
2122 4255 2262 4324 feras
2291 4255 2568 4307 arundinis
2613 4250 2786 4323 (Psul.
2812 4253 2980 4321 vau)
3007 4292 3022 4318 ,
3065 4266 3185 4321 qua:
3231 4243 3482 4318 szeviunt,

1882 4345 2200 4398 ctdentibus
2225 4343 2480 4398 frendunt
2504 4358 2667 4412 super
2693 4342 3050 4396 humilitatem
3077 4341 3332 4397 Ecclesia:
3358 4352 3491 4416 tuaé,

192 4454 472 4515 omnibus,
522 4455 676 4522 quasi
723 4455 789 4510 de
838 4454 1067 4508 diversis
1112 4452 1368 4508 membris
1409 4437 1641 4516 efﬁciat,
1689 4469 1773 4507 ctu

1893 4438 2001 4494 htlti
2053 4449 2109 4494 et
2156 4439 2384 4511 protecti
2440 4438 2785 4503 arundineto,
2834 4437 2884 4491 id
2933 4447 3036 4500 e5t,
3087 4437 3354 4490 mundana
3387 4452 3487 4508 po;

195 4560 326 4600 voce
364 4546 586 4615 Capitis,
613 4546 754 4616 quod
781 4555 863 4599 est
899 4546 1013 4614 ipse
1042 4544 1309 4606 Christus,
1352 4544 1497 4597 dicat
1527 4561 1538 4595 :
1572 4542 1689 4596 Una
1711 4553 1783 4596 est

195 4635 433 4698 columba
466 4653 575 4689 mea
599 4677 614 4699 ,
657 4636 883 4705 perfecta
916 4651 1028 4688 mea
1049 4674 1064 4700 ,
1091 4632 1428 4687 immaculata
1457 4649 1570 4685 mea
1607 4630 1782 4702 (Cant.

196 4737 279 4794 γ).
329 4728 458 4792 Qua:
490 4729 634 4781 enim
687 4743 900 4796 semper
936 4743 1042 4780 una
1085 4733 1346 4789 vocatur,
1395 4732 1449 4779 et
1487 4732 1598 4787 est,
1648 4740 1787 4777 nun-

195 4833 356 4886 quam
392 4818 652 4871 dividitur
696 4827 787 4870 aut
822 4826 1073 4881 secatur;
1120 4831 1242 4885 qua:
1287 4830 1502 4885 semper
1523 4815 1784 4884 perfecta,

197 4911 299 4965 hoc
331 4920 413 4964 est
441 4911 594 4980 plena
623 4950 638 4973 ,
694 4925 967 4979 nunquam
1019 4896 1282 4963 minuitur
1315 4923 1410 4961 aut
1450 4921 1784 4969 evacuaur;

199 5017 316 5070 quae
361 5017 573 5070 semper
600 5001 940 5054 immaculata
961 5040 974 5063 ,
1009 5014 1281 5068 nunquam
1307 4999 1673 5066 corrutr.pi.ttr
1698 5005 1792 5050 aut

200 5092 515 5146 maculatur.
570 5092 876 5158 Quoniam,
916 5091 1018 5146 etsi
1065 5104 1453 5158 nonnunquam
1487 5089 1556 5143 ab
1582 5104 1644 5142 ea
1675 5087 1790 5156 ple-

203 5187 243 5202 -ἷ
266 5199 314 5202 -.ν
339 5198 351 5202 -
379 5187 442 5202 ξεί
491 5191 680 5202 --ςμνγηι
715 5191 766 5202 --ι
804 5197 902 5202 μ..-
939 5187 1280 5202 μ----..ιει..1ιι-ι
1332 5193 1432 5202 ..κ-μ
1467 5187 1641 5202 ΙΑ--.---
1677 5192 1703 5202 n
1729 5192 1788 5202 ιιι-

1890 4541 2106 4594 testate,
2136 4530 2377 4586 exterius
2407 4529 2623 4598 quidem
2657 4529 2822 4583 nitida
2848 4569 2861 4591 ,
2900 4529 2993 4582 sed
3033 4526 3259 4582 intcr'us
3286 4526 3480 4592 vacur,

1889 4623 2002 4688 ubi,
2037 4623 2176 4678 sicut
2205 4623 2273 4675 ah
2318 4621 2535 4674 beatum
2572 4618 2673 4673 Job
2702 4619 2880 4672 divina
2914 4633 3044 4673 voce
3087 4617 3324 4671 dicitur:
3361 4614 3490 4680 Non.

1888 4713 2060 4768 solum
2114 4727 2290 4765 omnes
2335 4711 2512 4763 bestia:
2559 4710 2675 4778 agri
2721 4708 2910 4761 ludunt
2953 4708 3073 4772 (Job
3106 4708 3196 4778 XL)
3224 4748 3239 4774 ,
3288 4719 3490 4782 cuncta

1889 4805 2094 4860 scilicet
2126 4803 2282 4858 turba
2313 4802 2670 4870 malignorum
2703 4802 2987 4870 spirituum
3021 4802 3315 4854 secundum
3357 4800 3484 4856 libi-
3565 4859 3569 4864 η

1892 4906 2002 4948 tum
2057 4907 2213 4946 suum
2259 4891 2668 4952 debacchatur,
2720 4904 2906 4942 verum
2966 4889 3129 4942 etiam
3180 4888 3485 4953 Behemot,

1890 5000 2077 5041 eorum
2128 4983 2313 5054 utique
2361 4983 2632 5050 princeps,
2679 4979 2872 5032 ibidem
2916 4980 3016 5034 sub
3059 4980 3247 5034 umbra
3288 4982 3488 5037 dormit

1893 5079 1944 5131 iu
1993 5082 2206 5131 secreto
2257 5071 2448 5126 calami
2501 5079 2552 5125 et
2608 5069 2739 5122 loris
2789 5066 3160 5130 humentibus,
3197 5082 3319 5125 eum
3371 5072 3491 5127 sine

1893 5170 2068 5202 ηιῖηηη
2099 5163 2467 5200 ἶηηιιῖιιίιιιιὶηο
2493 5161 2570 5200 ιἠΙ
2597 5159 3024 5200 nnnlrmlinlinnn
3049 5159 3100 5198 in
3129 5163 3488 5198 αιιηιινιιιηηηη
