4020 5392
435 348 533 402 τῖςι
571 315 578 322 ’
1516 347 1565 402 s.
1610 346 1854 404 LEONIS
1895 349 1964 404 Ix
2005 351 2011 405 l

2113 349 2205 406 ΜΞ
2247 346 2636 406 OPUSCCLX.
2758 363 2770 370 -
3574 351 3682 407 732

437 460 659 522 “abiem,
689 471 792 528 qua
832 457 1082 513 szeviclrit
1124 457 1178 511 iu
1226 457 1545 518 catholicos,
1599 457 1998 520 destruendam,
2033 464 2074 522 Λ
2106 461 2276 512 dicam
2307 460 2390 512 cui
2420 475 2523 512 non
2545 455 2810 512 maledixit
2841 453 3135 510 Deus-foul
3163 459 3422 526 quomodo
3459 470 3684 514 aetati.-

430 543 804 602 sanctissimus
853 562 986 617 papa
1039 545 1331 612 Martinus,
1383 547 1624 601 collectis
1677 557 1895 602 centum
1951 559 2006 600 et

430 639 667 705 quinque
707 637 990 705 episcopis,
1021 635 1289 691 damnavit
1327 635 1528 706 Cyrum
1553 634 2001 697 Alexandrinum,

433 727 700 796 Sergium,
719 726 1005 796 Pyrrhum,
1032 737 1080 779 et
1110 725 1355 788 Paulum,
1387 724 2006 796 Conslantinopolitanos

430 819 730 885 episcopos.
763 818 816 870 lu
845 832 946 885 qua
980 817 1165 884 utique
1193 817 1410 870 vesania
1443 830 1541 868 nec
1567 828 1662 869 vos
1701 815 1818 868 istis
1848 815 2007 867 modo

434 909 770 978 temporibus
801 906 1083 960 inferiores
1113 905 1202 958 illo
1234 914 1414 958 vestro
1443 903 1631 967 Paulo,
1662 916 1926 957 summam
1954 911 2006 954 ct

432 1000 782 1069 apostolicam
819 1000 1017 1060 sedem,
1053 1006 1382 1066 cunctosque
1421 995 1778 1050 institutionis
1806 991 1922 1060 ejus
1947 993 2006 1046 ﬁ-

433 1092 686 1146 dissimos
731 1092 1106 1145 observatores
1173 1088 1520 1140 anathemate
1571 1084 1867 1148 damnatis;
1929 1083 2007 1136 iu-

434 1192 614 1248 rauta,
663 1180 954 1251 impudenti
1002 1179 1308 1249 arrogantia
1364 1177 1500 1232 adeo
1550 1175 1760 1239 caecati,
1801 1183 1857 1227 ut
1900 1189 2004 1227 non

433 1272 878 1326 auimadvertatis
938 1272 1088 1342 quid,
1134 1281 1187 1324 et
1234 1269 1325 1338 qui
1379 1268 1619 1332 faciatis,
1673 1276 1728 1321 ct
1769 1267 1876 1320 cui.
1929 1265 2004 1318 llli

435 1375 626 1427 nempe
674 1361 847 1414 facitis
879 1358 1264 1428 praijudiciom,
1307 1357 1372 1411 de
1399 1372 1502 1424 qua
1549 1370 1651 1410 nec
1687 1354 1860 1415 vobis,
1906 1367 2008 1406 nec

433 1454 651 1507 cuilibet
678 1451 980 1506 mortalium
1016 1451 1138 1506 licet
1167 1450 1348 1505 facere
1374 1449 1656 1518 judicium,
1693 1447 2007 1500 beatissiu-o

437 1556 493 1600 et
548 1543 843 1614 apostolico
900 1543 1150 1613 pontifice
1210 1541 1474 1594 Silvestro
1515 1537 1773 1592 divinitus
1823 1535 2008 1589 decer-

434 1647 616 1702 nente,
651 1633 1024 1709 spiritualique
1059 1633 1178 1704 ejus
1208 1632 1317 1685 lilio
1367 1629 1748 1692 Constantino,
1795 1627 2007 1695 religio-

433 1731 653 1783 sissinto
677 1728 939 1796 Augusto,
965 1742 1086 1780 cum
1121 1724 1366 1778 universa
1422 1721 1625 1794 synodo
1665 1719 1877 1773 t‘iiemna
1918 1734 2006 1786 ap.

2108 551 2200 601 bor
2225 564 2376 618 quem
2400 548 2652 602 Dominus
2675 565 2774 602 non
2804 547 3133 601 detestatur?
3155 545 3345 616 (Nam.
3370 554 3551 619 unt.)
3577 551 3680 604 Vos

2106 653 2235 692 vero
2285 655 2387 693 nec
2443 654 2597 693 amor
2659 639 2751 693 Dei
2788 648 2842 694 et
2898 639 3162 708 proximi,
3215 653 3311 693 nec
3369 644 3678 697 revetentia

2061 757 2063 760 -
2107 730 2405 784 divinorum
2422 746 2708 794 canonum,
2735 731 3005 796 aut,sieut
3026 729 3682 788 (ὶίςὶιιιιν.σι·ι1ιο‹ιοιοτιιω
3711 763 3714 765 λ

2109 817 2409 886 principum
2441 827 2742 872 vestrorum
2778 818 3068 888 prohibitio
3117 827 3362 885 revocat,
3405 821 3535 888 quin
3585 835 3682 892 pn—

2107 905 2246 960 bliee
2298 907 2632 961 maledicatis
2685 915 2740 960 et
2811 907 3152 962 detestemini
3215 923 3385 978 genus
3407 909 3692 976 electura,

2109 995 2284 1065 regale
2311 996 2693 1064 sacerdOIium,
2719 1006 3036 1068 gentemque
3064 1009 3302 1054 sanctam
3341 997 3390 1070 (1
3421 998 3570 1056 Patr.
3597 1004 3686 1070 lt}-

2178 1087 2289 1142 Xll.
2317 1088 2466 1156 Quod
2489 1089 2734 1158 quamvis
2755 1089 3005 1146 omnibus
3034 1091 3291 1148 Ecclesiis
3311 1091 3535 1158 Christi,
3563 1108 3689 1165 qua)

2108 1192 2272 1231 unam
2304 1177 2622 1232 catholicam
2649 1178 2700 1232 in
2733 1187 2842 1233 toto
2872 1181 3071 1234 mundo
3096 1180 3355 1247 efﬁciunt,
3386 1196 3416 1236 a
3439 1183 3684 1253 principe

2107 1267 2497 1336 apostolorum,
2537 1267 2696 1323 Petro
2742 1271 2812 1324 sit
2868 1284 2997 1325 vere
3051 1272 3278 1340 dictum,
3317 1273 3449 1327 nulli
3500 1284 3682 1328 tauwn

2108 1359 2288 1412 verius
2324 1368 2539 1426 aptatur
2559 1376 2718 1428 quam
2771 1360 2844 1415 illi
2889 1361 2973 1416 cui
3018 1364 3231 1432 proprie
3266 1365 3521 1432 prmsidet
3569 1367 3683 1435 ipse

2107 1448 2197 1516 qui
2254 1448 2494 1500 cu-lestis
2543 1449 2688 1518 regni
2750 1450 2946 1502 meruit
2998 1452 3358 1520 gubernacula
3409 1455 3682 1520 obtinere,

2111 1537 2337 1590 Domino
2375 1536 2498 1592 Jesn
2525 1537 2742 1592 Christo
2773 1539 2874 1592 sibi
2906 1539 3119 1595 dicente
3156 1559 3169 1594 :
3206 1540 3318 1594 'l'ibi
3349 1543 3485 1595 dabo
3513 1545 3684 1600 dares

2110 1628 2250 1694 regni
2278 1626 2522 1679 ca'lorum
2554 1626 2767 1697 (Matth.
2799 1629 2935 1695 xvt),
2959 1640 3029 1690 et,
3079 1631 3130 1683 in
3169 1631 3388 1700 speciali
3418 1642 3687 1700 potestate

2111 1716 2306 1786 ligandi
2336 1727 2391 1771 et
2421 1718 2686 1781 solvendi,
2740 1719 2933 1772 summi
2981 1722 3268 1776 sacerdotii
3322 1723 3686 1793 privilegium.

425 1822 696 1890 probante
722 1837 785 1874 ae
816 1817 1189 1872 subscribente
1219 1825 1275 1868 ut
1303 1829 1507 1868 smnma
1558 1813 1714 1868 sedes
1737 1827 1764 1864 a
1791 1810 2005 1864 nemine
2040 1792 2080 1846 Β
2107 1810 2175 1862 At
2195 1809 2470 1878 quoniatu,
2498 1819 2786 1864 attestante
2813 1811 3098 1866 Salomone
3131 1830 3144 1866 :
3169 1811 3273 1868 Car
3295 1818 3427 1884 regis
3449 1817 3502 1869 in
3525 1792 3686 1871 manu

426 1910 730 1976 judicetur;
763 1905 1146 1961 inviolabiliter
1174 1913 1230 1958 et
1273 1904 1590 1958 inconcusse
1641 1902 1742 1956 sibi
1783 1914 2004 1954 conser-

434 2009 556 2056 vato
609 2001 698 2054 illo
753 1997 1050 2069 privilegio,
1101 1995 1242 2065 quod
1295 1995 1434 2048 idetn
1514 1993 1763 2063 princeps
1811 1999 2006 2060 quarto

433 2091 772 2162 baptismatis
822 2089 904 2144 sui
957 2089 1044 2142 die
1077 2088 1303 2142 devotus
1347 2085 1576 2140 contulit
1623 2083 1864 2153 pontiﬁci
1906 2081 2008 2143 lto-

432 2197 614 2246 mauo,
655 2179 860 2236 scilicet
905 2187 963 2232 ut
1006 2177 1058 2235 in
1093 2185 1205 2232 toto
1233 2177 1364 2232 orbe
1401 2175 1708 2230 sacerdotes
1752 2173 1824 2227 ita
1864 2173 2008 2228 hunc

399 2313 401 2316 ι
434 2284 592 2346 caput
618 2276 872 2337 habeant,
901 2274 1039 2329 sicut
1069 2287 1257 2327 omnes
1281 2271 1511 2342 judiees,
1541 2283 1742 2338 regem.
1767 2266 2007 2334 Quorum

433 2383 646 2437 semper
675 2367 817 2422 omni
850 2365 1048 2420 tnundo
1099 2363 1446 2418 reverendam
1500 2359 1845 2422 sententiam,
1869 2357 2008 2412 sicut

433 2459 692 2519 terer‘tct
722 2456 898 2517 divina
931 2454 1279 2531 inspiratione
1304 2449 1718 2529 promulgatam,
1749 2446 2007 2524 ειιιιμιρνει

434 2559 655 2626 reliqum
682 2556 1013 2610 universales
1048 2553 1256 2625 synodi,
1306 2553 1357 2606 id
1407 2559 1490 2605 est
1517 2547 2006 2615 Constantinopolis

435 2657 559 2702 taua
588 2648 782 2717 prima,
813 2661 1078 2701 consensu
1111 2646 1180 2714 pii
1206 2643 1501 2712 Augustict
1526 2638 1760 2710 religiosi
1790 2637 2009 2704 majoris

435 2739 747 2798 Theodosii.
776 2738 1041 2806 Ephesina
1071 2735 1243 2805 prima
1264 2775 1278 2800 ,
1303 2732 1401 2786 sub
1430 2730 1651 2788 Juuiore
1682 2727 2005 2789 Theodosio,

436 2833 547 2886 ﬁlio
592 2830 867 2896 Arehadii,
909 2825 1394 2891 Chalcedonensis,
1443 2822 1543 2878 sub
1599 2821 1830 2890 imperio
1867 2819 2005 2871 diva:

433 2926 707 2982 memoria:
720 2921 995 2984 Marciani,
1023 2921 1176 2974 tertia
1189 2914 1800 2984 Constantinopolitana,
1819 2921 2005 2981 rogatu

435 3029 490 3072 et
518 3029 781 3071 consensu
802 3011 1040 3067 Junioris
1062 3008 1419 3070 Constantini,
1447 3002 1683 3057 unanimi
1711 3001 2005 3060 voluntate,

435 3104 799 3172 Q'OiiCOI‘deIIC
832 3101 994 3155 verbo
1029 3107 1082 3152 et
1112 3097 1312 3166 scripto
1346 3093 1734 3148 conﬁrmavere
1763 3097 2004 3142 sanctam
2033 3134 2054 3172 ί

436 3199 735 3251 ltzunanatn
777 3202 831 3245 et
885 3189 1229 3260 apostolicam
1297 3187 1516 3247 sedem,
1565 3189 1685 3251 post
1726 3178 2006 3233 Dominum

439 3287 648 3346 .lesum,
678 3289 835 3351 caput
865 3295 984 3333 esse
1012 3278 1249 3331 omnium
1288 3272 1647 3328 Ecclesiarum
1686 3267 1805 3331 Dei,
1829 3275 1880 3320 et
1912 3266 2012 3320 hoc

442 3376 640 3427 debere
670 3371 840 3434 credi,
871 3367 1111 3420 conﬁteri
1154 3374 1210 3420 ct
1261 3361 1423 3418 scribi
1470 3362 1537 3414 ab
1565 3358 1816 3412 omnibus
1845 3370 2012 3409 vene-

446 3462 718 3518 ratoribus
746 3459 946 3512 Niczeni
980 3455 1188 3509 concilii
1211 3453 1362 3518 cujus
1393 3456 1718 3504 statutorum
1749 3461 1920 3513 usque
1947 3443 2018 3496 ad

440 3568 609 3610 unum
627 3551 734 3608 iota
759 3544 1222 3616 contemptoribus
1243 3543 1547 3596 districtum
1573 3538 1861 3592 anathema
1888 3551 2016 3588 eau-

441 3656 552 3698 tmn
583 3651 666 3697 est
715 3655 742 3693 a
787 3641 1023 3707 quinque
1054 3632 1310 3704 pr:ef..tis,
1364 3627 1659 3685 et-cunctis
1702 3634 2013 3681 sanctorum

440 3732 661 3790 Patrum
689 3726 912 3799 synodis
933 3723 1404 3794 subsequentibus.

513 3845 604 3902 XI.
636 3843 748 3908 Sic,
773 3850 923 3912 juxta
957 3845 1290 3908 sapientem,
1319 3833 1455 3904 lapis
1481 3833 1678 3889 missus
1705 3845 1809 3884 non
1841 3827 2014 3899 pergit

441 3935 720 3994 atlcwlnm
755 3930 943 4004 (Ereti.
975 3928 1168 4000 xxv“),
1199 3937 1252 3982 ct
1281 3926 1644 3988 maledictum,
1664 3920 1862 3976 frustra
1892 3933 2016 3989 pro-

443 4025 631 4089 latum,
686 4024 971 4080 revertitur
1015 4023 1066 4076 iu
1112 4029 1384 4075 auctorem
1417 4032 1570 4072 suum
1596 4013 1778 4084 (Prov.
1819 4015 2012 4074 xxvi):

444 4121 542 4186 sic,
569 4119 722 4187 juxta
753 4116 893 4185 vulgi
923 4113 1286 4185 proverbium,
1342 4109 1431 4179 qui
1480 4121 1640 4175 supra
1670 4112 1831 4172 caput
1859 4115 2013 4155 suum

445 4222 639 4276 Spuere
669 4216 914 4267 conatur,
949 4203 1268 4271 quantocius
1316 4200 1367 4252 in
1398 4198 1587 4252 faciem
1619 4193 1760 4248 illius
1801 4200 2016 4260 sputum

453 4297 714 4353 relabitur
742 4309 756 4346 :
784 4293 875 4348 Sic
909 4292 1062 4346 nobis
1093 4288 1429 4346 maledictum
1458 4301 1556 4356 pro
1601 4282 1886 4337 maledicto
1913 4292 2017 4332 non

449 4384 821 4445 reddentibus,
848 4381 939 4434 sed
970 4395 1090 4433 cum
1125 4377 1432 4438 Psalmista,
1459 4375 1737 4428 adversum
1768 4382 1866 4422 nos
1891 4381 2014 4434 pec-

2106 1900 2352 1966 Domini;
2385 1918 2693 1972 quocunque
2724 1903 2938 1956 voluerit
2978 1914 3133 1958 rerlet
3157 1907 3288 1959 illud
3314 1905 3496 1976 (I’ror.
3535 1915 3686 1976 ut):
3747 1967 3762 1973 ,

2110 2000 2315 2047 tantum
2342 1993 2550 2062 apicem
2581 1993 2816 2047 caelestis
2847 1995 3121 2062 dignitatis
3166 1995 3218 2050 in
3262 1997 3420 2050 beato
3446 1997 3610 2053 Petro
3635 2010 3688 2054 et

2110 2083 2161 2137 in
2201 2082 2319 2151 ejus
2345 2084 2560 2138 vicariis
2590 2084 3038 2153 prudentissimus
3089 2095 3318 2142 terrente
3355 2091 3688 2144 monarchia:

2109 2174 2358 2242 princeps
2379 2173 2764 2227 Constantinus
2792 2173 2976 2227 intima
3006 2175 3444 2231 consideratione
3475 2179 3685 2233 reveri-

2109 2276 2216 2330 tus,
2267 2272 2488 2320 eunctos
2545 2279 2714 2336 usque
2777 2267 2828 2319 in
2879 2267 3035 2321 ﬁnem
3099 2269 3278 2322 sa'culi
3332 2286 3689 2325 successuros

2108 2359 2283 2412 cidem
2343 2357 2585 2426 apostolo
2633 2359 2682 2411 iu
2741 2359 2977 2413 Itomana
3035 2361 3160 2415 sede
3219 2361 3525 2429 pontiﬁces,
3590 2338 3690 2431 per

2109 2449 2319 2510 beatum
2353 2449 2668 2511 Silvesnam
2705 2469 2806 2511 non
2840 2451 3008 2511 solum
3042 2453 3303 2526 imperiali
3337 2465 3608 2530 potes:a2e
3631 2466 3687 2514 et

2108 2547 2394 2619 dignitate,
2421 2564 2605 2604 verum
2631 2549 2793 2602 etiam
2826 2549 3008 2602 infulis
3033 2559 3085 2602 et
3112 2549 3376 2604 ministris
3399 2550 3688 2604 adornavit

2111 2639 2490 2710 imperialibus,
2515 2639 2667 2694 valde
2696 2638 2971 2707 indignum
3002 2637 3115 2693 fore
3146 2639 3442 2694 arbitratus
3470 2649 3694 2695 terreno

2111 2730 2334 2800 imperio
2383 2728 2533 2783 subdi
2585 2744 2720 2796 quos
2774 2728 2955 2781 divina
3004 2727 3256 2796 majestas
3293 2727 3536 2798 pra-fecit
3577 2743 3691 2783 ca:-

2111 2820 2258 2883 lesti;
2287 2819 2374 2874 cui
2413 2821 2658 2888 equidem
2688 2834 2844 2887 comp
2883 2827 3057 2872 ratum
3083 2818 3221 2872 istud
3254 2828 3530 2873 terrenum
3556 2820 3698 2874 nihil

2108 2920 2212 2974 est,
2243 2911 2342 2965 nisi
2364 2911 2570 2964 vanitas
2612 2911 2934 2974 vanitatum,
2967 2924 3072 2978 qua
3101 2908 3544 2973 ltontines,obliti
3580 2909 3692 2962 Do-

2112 3002 2239 3056 tnini
2261 3002 2527 3056 Creatoris
2545 3000 2648 3063 sui,
2669 3000 3103 3063 intumescentes,
3134 3013 3258 3054 mox
3286 3001 3692 3063 detumeseuut_

2110 3094 2174 3147 Et
2199 3103 2373 3146 tamen
2401 3090 2693 3161 imperialis
2719 3089 2978 3143 celsitudo
3013 3091 3112 3142 hoc
3139 3097 3307 3144 totum
3331 3089 3473 3159 quo]
3507 3089 3687 3158 potuit

2113 3184 2306 3247 effecit,
2335 3183 2550 3252 quando
2589 3191 2700 3237 tota
2736 3179 3018 3234 davotione
3065 3179 3324 3250 quidquid
3379 3195 3408 3232 a
3462 3181 3693 3232 Domino

2115 3289 2420 3350 acceperat,
2451 3278 2624 3332 eidem
2651 3277 2708 3330 in
2731 3275 2998 3330 ministris.
3017 3275 3131 3329 suis
3158 3275 3411 3328 reddidit.
3449 3273 3518 3328 Ut
3544 3272 3692 3327 enim

2113 3368 2435 3423 venerabilis
2471 3365 2666 3420 Paulus
2715 3366 2870 3420 docet
2900 3381 2914 3418 :
2943 3361 3066 3418 Non
3112 3373 3186 3417 est
3233 3371 3462 3432 potestas
3513 3362 3617 3415 nisi
3656 3379 3689 3413 α

2113 3457 2224 3512 Deo
2254 3471 2614 3528 :qua'cunque
2656 3465 2828 3508 autent
2874 3464 3016 3518 sunt,
3055 3471 3086 3507 α
3131 3452 3242 3508 Deo
3277 3453 3524 3505 ordinata
3571 3460 3694 3504 sunt

2115 3554 2291 3626 (liam.
2321 3551 2462 3624 stu).
2489 3550 2694 3616 Quibus
2721 3550 2772 3602 in
2801 3546 2998 3602 terreni
3029 3545 3173 3616 regni
3197 3551 3497 3611 opportuna
3521 3528 3700 3595 att-mis

2114 3645 2435 3700 nistratione
2491 3656 2595 3696 non
2661 3639 3019 3694 resistendum
3079 3635 3160 3690 sic
3212 3633 3534 3689 instruimur
3594 3645 3693 3700 per

2115 3736 2287 3805 ipsum
2325 3732 2616 3804 principem
2655 3727 3014 3800 apostolorum
3043 3745 3054 3780 :
3083 3723 3317 3793 Subjecti
3350 3732 3510 3776 estote
3551 3723 3695 3774 onui

2113 3829 2356 3881 humanae
2402 3834 2656 3878 creatura:
2699 3830 2906 3891 propter
2945 3817 3144 3882 Deum;
3197 3817 3300 3870 sive
3348 3813 3498 3884 regi,
3539 3813 3696 3882 quasi

2114 3915 2462 3988 pra'cellenti;
2487 3916 2590 3968 sire
2630 3890 2870 3974 dulcibus,
2917 3920 3165 3978 tanquam
3195 3905 3258 3958 ab
3293 3921 3353 3958 eo
3393 3903 3595 3962 missis.
3624 3890 3702 3954 ad.

2115 4007 2396 4062 vindictam
2417 4006 2834 4071 malefaotorum,
2850 4002 3055 4056 tandem
3069 4015 3183 4055 vero
3198 3999 3471 4060 bonorum,
3484 3996 3610 4066 quia
3622 3994 3696 4045 si:

2115 4107 2188 4152 est
2204 4097 2441 4152 voluntas
2453 4095 2546 4149 Dei
2563 4095 2610 4165 (1
2630 4092 2770 4147 Patr.
2793 4095 2875 4158 ιι).
2894 4091 3084 4162 Etpost
3104 4103 3271 4160 pauca
3290 4108 3302 4142 :
3319 4087 3484 4140 Deum
3499 4087 3692 4144 timete,

2118 4203 2286 4257 regem
2333 4185 2674 4253 honoriﬁcam
2723 4182 2933 4254 (Ibid.).
2975 4183 3146 4250 Atque
3177 4193 3271 4248 per
3315 4174 3698 4246 coaposttolum

2119 4275 2233 4342 ejus
2255 4274 2478 4328 Paulum
2503 4291 2518 4327 :
2545 4272 2726 4327 Omnis
2748 4273 2924 4325 anima
2945 4268 3283 4334 potestatibus
3303 4265 3702 4320 sublimioribus

2119 4365 2326 4416 subdita
2355 4364 2420 4417 sit
2475 4361 2613 4416 Nam
2641 4362 2729 4431 qui
2748 4360 2937 4414 resistit
2962 4359 3222 4429 potestati.
3251 4357 3345 4410 Dei
3373 4353 3695 4409 ordinatiani

453 4485 640 4528 eatorc
669 4471 1019 4530 consistente,
1076 4466 1374 4521 custodiam
1409 4463 1490 4518 ori
1547 4468 1732 4514 nostro
1778 4457 1888 4526 jam
1927 4455 2014 4509 ditt
2049 4460 2094 4517 1)
2122 4459 2332 4511 resistit.
2359 4456 2459 4520 Qui
2491 4466 2662 4508 autem
2707 4453 2971 4514 resistunt,
3021 4451 3118 4521 ipsi
3159 4450 3257 4501 sibi
3303 4448 3692 4500 damnationem

451 4561 777 4640 ponentibus
806 4556 978 4628 (Psal.
1031 4557 1279 4625 xxxviii),
1326 4567 1421 4622 per
1473 4563 1736 4605 tumorem
1781 4557 2020 4602 vestrum

453 4637 780 4712 iucurristis,
803 4648 944 4717 quod
967 4645 1226 4709 dolemus,
1243 4644 1368 4713 quia
1386 4640 1754 4711 prmjudicium
1779 4637 2023 4692 faciendo

2122 4547 2393 4616 acquirunt
2425 4544 2602 4614 (Rom.
2632 4542 2771 4613 xm).
2802 4541 2952 4596 Unde
2983 4539 3257 4610 Sapientia
3305 4537 3356 4590 iu
3389 4533 3702 4588 Proverbiis

2124 4640 2356 4706 intonat,
2383 4642 2566 4692 dicens
2594 4652 2608 4689 :
2648 4618 2746 4689 Per
2771 4651 2852 4688 me
2901 4649 3041 4704 rcges
3086 4641 3324 4701 regnant,
3354 4638 3405 4680 at
3439 4624 3700 4696 principes

452 4757 677 4798 somnne
706 4741 842 4805 sedi,
880 4740 945 4793 de
973 4753 1079 4808 qua
1122 4751 1221 4790 nec
1264 4734 1526 4803 judicium
1554 4732 1679 4786 licet
1709 4731 1886 4784 facere
1910 4729 2024 4784 cni-
2115 4730 2264 4801 justo
2285 4731 2566 4783 decernunt
2594 4726 2776 4795 (Prov.
2807 4724 2948 4788 vni).
2974 4722 3124 4788 Quod
3154 4721 3317 4774 etiam
3348 4731 3493 4787 saepe
3521 4713 3705 4767 dictus

451 4851 615 4905 quam
643 4833 939 4894 hominum,
985 4828 1270 4883 anathema
1315 4823 1601 4893 accepistis
1657 4820 1724 4875 ab
1760 4818 2026 4873 universis

452 4927 704 4982 Patribus
755 4921 994 4980 omnium
1045 4917 1432 4975 venerabilium
1485 4913 1856 4970 conciliorum.
1908 4910 2026 4978 Quo

453 5014 896 5073 ludissolubiliter
919 5009 1313 5079 astringemiui,
1338 5007 1381 5060 si
1412 5020 1508 5060 cor
1525 5003 1867 5074 impmnitens
1894 4999 2022 5053 reti-

455 5109 631 5140 ..Antln
685 5119 846 5140 cnnup
884 5113 1087 5140 tantum
1132 5099 1620 5140 nrmcnthhlinnmn-
1677 5095 1744 5140 nl!
1789 5093 1878 5140 ἰῑὲεε
1934 5106 2030 5141 per

2124 4822 2395 4890 Augustus
2415 4815 2798 4872 Constantinus
2824 4811 3150 4882 perspicacis
3191 4808 3382 4862 anima:
3413 4802 3642 4857 vivacita
3671 4815 3709 4852 θ

2127 4909 2492 4982 deprehendit,
2542 4915 2598 4961 et
2645 4903 2800 4958 matri
2833 4918 2941 4956 sua:
2993 4900 3254 4969 religiosae
3302 4895 3517 4950 Helena:
3557 4893 3702 4944 inter

2129 4999 2384 5054 nonnulla
2415 4998 2494 5052 sic
2524 4994 2841 5062 rescripsit:
2871 5011 2888 5041 τ
2923 4990 3022 5058 Qui
3067 4990 3377 5044 moderatur
3400 4982 3618 5046 stecula,
3647 4989 3706 5032 et.

2129 5089 2362 5142 disoonit
2411 5085 2576 5140 totius
2616 5083 2798 5136 mundi
2852 5079 3125 5142 suffragia,
3179 5077 3375 5142 :;::i'.,as
3427 5073 3623 5128 alimur
3652 5078 3707 5120 et
