  <div class='ocr_page' id='page_1' title='image "/cluster/home/n/w/nwhite01/storage/ocr_20150623/143/hvd.32044015471816/380.png"; bbox 0 0 4020 5392; ppageno 0'>
   <div class='ocr_carea' id='block_1_1' title="bbox 319 429 426 483">
    <p class='ocr_par' dir='ltr' id='par_1_1' title="bbox 319 429 426 483">
     <span class='ocr_line' id='line_1_1' title="bbox 319 429 426 483; baseline 0.009 -1"><span class='ocrx_word' id='word_1_1' title='bbox 319 429 426 483; x_wconf 70' lang='lat'><strong>733</strong></span> 
     </span>
    </p>
   </div>
   <div class='ocr_carea' id='block_1_2' title="bbox 1286 424 2570 490">
    <p class='ocr_par' dir='ltr' id='par_1_2' title="bbox 1286 424 2570 490">
     <span class='ocr_line' id='line_1_2' title="bbox 1286 424 2570 490; baseline 0.001 -4"><span class='ocrx_word' id='word_1_2' title='bbox 1286 427 1645 488; x_wconf 66' lang='grc' dir='ltr'><strong>ΕΡΙΞΪΟΜΞ</strong></span> <span class='ocrx_word' id='word_1_3' title='bbox 1689 427 1772 487; x_wconf 79' lang='grc' dir='ltr'><strong>ΕΤ</strong></span> <span class='ocrx_word' id='word_1_4' title='bbox 1811 424 2128 488; x_wconf 66' lang='lat' dir='ltr'><strong>DECRETA</strong></span> <span class='ocrx_word' id='word_1_5' title='bbox 2169 430 2570 490; x_wconf 66' lang='lat' dir='ltr'><strong>PONTll-‘ICIA.</strong></span> 
     </span>
    </p>
   </div>
   <div class='ocr_carea' id='block_1_3' title="bbox 3464 431 3572 486">
    <p class='ocr_par' dir='ltr' id='par_1_3' title="bbox 3464 431 3572 486">
     <span class='ocr_line' id='line_1_3' title="bbox 3464 431 3572 486; baseline 0.019 -2"><span class='ocrx_word' id='word_1_6' title='bbox 3464 431 3572 486; x_wconf 66' lang='grc' dir='ltr'><strong>τιςι</strong></span> 
     </span>
    </p>
   </div>
   <div class='ocr_carea' id='block_1_4' title="bbox 319 535 3573 611">
    <p class='ocr_par' dir='ltr' id='par_1_4' title="bbox 319 535 3573 611">
     <span class='ocr_line' id='line_1_4' title="bbox 319 535 3573 611; baseline 0.001 -17"><span class='ocrx_word' id='word_1_7' title='bbox 319 541 430 595; x_wconf 89' lang='lat' dir='ltr'><strong>dici</strong></span> <span class='ocrx_word' id='word_1_8' title='bbox 465 541 696 609; x_wconf 85' lang='lat' dir='ltr'><strong>optatis,</strong></span> <span class='ocrx_word' id='word_1_9' title='bbox 724 549 778 594; x_wconf 85' lang='lat' dir='ltr'><strong>et</strong></span> <span class='ocrx_word' id='word_1_10' title='bbox 805 538 846 594; x_wconf 87' lang='lat' dir='ltr'><strong>si</strong></span> <span class='ocrx_word' id='word_1_11' title='bbox 877 539 1046 609; x_wconf 73' lang='lat' dir='ltr'><strong>ipsam</strong></span> <span class='ocrx_word' id='word_1_12' title='bbox 1070 535 1345 610; x_wconf 65' lang='lat' dir='ltr'><strong>Evangelii</strong></span> <span class='ocrx_word' id='word_1_13' title='bbox 1389 543 1663 596; x_wconf 79' lang='lat' dir='ltr'><strong>unitatem</strong></span> <span class='ocrx_word' id='word_1_14' title='bbox 1692 555 1894 611; x_wconf 71' lang='lat' dir='ltr'><strong>aperte.</strong></span> <span class='ocrx_word' id='word_1_15' title='bbox 1933 553 1970 606; x_wconf 76' lang='grc' dir='ltr'>Α</span> <span class='ocrx_word' id='word_1_16' title='bbox 2002 554 2051 597; x_wconf 87' lang='lat' dir='ltr'><strong>et</strong></span> <span class='ocrx_word' id='word_1_17' title='bbox 2079 542 2186 596; x_wconf 89' lang='lat' dir='ltr'><strong>illic</strong></span> <span class='ocrx_word' id='word_1_18' title='bbox 2207 558 2374 611; x_wconf 83' lang='lat' dir='ltr'><strong>usque</strong></span> <span class='ocrx_word' id='word_1_19' title='bbox 2408 543 2458 596; x_wconf 91' lang='lat' dir='ltr'><strong>in</strong></span> <span class='ocrx_word' id='word_1_20' title='bbox 2483 543 2642 597; x_wconf 87' lang='lat' dir='ltr'><strong>finem</strong></span> <span class='ocrx_word' id='word_1_21' title='bbox 2666 552 2908 610; x_wconf 69' lang='lat' dir='ltr'><strong>qna~rant</strong></span> <span class='ocrx_word' id='word_1_22' title='bbox 2931 541 3225 607; x_wconf 77' lang='lat' dir='ltr'><strong>doctorem,</strong></span> <span class='ocrx_word' id='word_1_23' title='bbox 3252 537 3338 597; x_wconf 85' lang='lat' dir='ltr'><strong>ubi</strong></span> <span class='ocrx_word' id='word_1_24' title='bbox 3358 549 3573 597; x_wconf 57' lang='lat' dir='ltr'><strong>sanctoe</strong></span> 
     </span>
    </p>
   </div>
   <div class='ocr_carea' id='block_1_5' title="bbox 318 632 1894 702">
    <p class='ocr_par' dir='ltr' id='par_1_5' title="bbox 318 632 1894 702">
     <span class='ocr_line' id='line_1_5' title="bbox 318 632 1894 702; baseline 0 -16"><span class='ocrx_word' id='word_1_25' title='bbox 318 633 467 701; x_wconf 78' lang='lat' dir='ltr'><strong>quod</strong></span> <span class='ocrx_word' id='word_1_26' title='bbox 512 634 693 687; x_wconf 83' lang='lat' dir='ltr'><strong>absit!</strong></span> <span class='ocrx_word' id='word_1_27' title='bbox 747 649 850 686; x_wconf 82' lang='lat' dir='ltr'><strong>non</strong></span> <span class='ocrx_word' id='word_1_28' title='bbox 907 634 1250 701; x_wconf 75' lang='lat' dir='ltr'><strong>impugnatis.</strong></span> <span class='ocrx_word' id='word_1_29' title='bbox 1279 632 1360 685; x_wconf 75' lang='lat' dir='ltr'><strong>Ad</strong></span> <span class='ocrx_word' id='word_1_30' title='bbox 1419 633 1570 702; x_wconf 80' lang='lat' dir='ltr'><strong>cujus</strong></span> <span class='ocrx_word' id='word_1_31' title='bbox 1602 636 1894 688; x_wconf 70' lang='lat' dir='ltr'><strong>tonitruum</strong></span> 
     </span>
    </p>
   </div>
   <div class='ocr_carea' id='block_1_6' title="bbox 321 722 1896 793">
    <p class='ocr_par' dir='ltr' id='par_1_6' title="bbox 321 722 1896 793">
     <span class='ocr_line' id='line_1_6' title="bbox 321 722 1896 793; baseline 0 -17"><span class='ocrx_word' id='word_1_32' title='bbox 321 725 574 793; x_wconf 75' lang='lat' dir='ltr'><strong>quisquis</strong></span> <span class='ocrx_word' id='word_1_33' title='bbox 601 740 706 777; x_wconf 89' lang='lat' dir='ltr'><strong>non</strong></span> <span class='ocrx_word' id='word_1_34' title='bbox 733 722 1142 791; x_wconf 66' lang='lat' dir='ltr'><strong>expergiscitur,</strong></span> <span class='ocrx_word' id='word_1_35' title='bbox 1169 737 1271 775; x_wconf 92' lang='lat' dir='ltr'><strong>non</strong></span> <span class='ocrx_word' id='word_1_36' title='bbox 1303 723 1518 785; x_wconf 86' lang='lat' dir='ltr'><strong>dormit,</strong></span> <span class='ocrx_word' id='word_1_37' title='bbox 1550 727 1642 777; x_wconf 84' lang='lat' dir='ltr'><strong>sed</strong></span> <span class='ocrx_word' id='word_1_38' title='bbox 1677 725 1896 776; x_wconf 88' lang='lat' dir='ltr'><strong>omnino</strong></span> 
     </span>
    </p>
   </div>
   <div class='ocr_carea' id='block_1_7' title="bbox 321 812 1893 881">
    <p class='ocr_par' dir='ltr' id='par_1_7' title="bbox 321 812 1893 881">
     <span class='ocr_line' id='line_1_7' title="bbox 321 812 1893 881; baseline -0.001 -13"><span class='ocrx_word' id='word_1_39' title='bbox 321 824 402 870; x_wconf 80' lang='lat' dir='ltr'><strong>est</strong></span> <span class='ocrx_word' id='word_1_40' title='bbox 436 824 704 881; x_wconf 83' lang='lat' dir='ltr'><strong>mortuus,</strong></span> <span class='ocrx_word' id='word_1_41' title='bbox 736 815 821 868; x_wconf 83' lang='lat' dir='ltr'><strong>cui</strong></span> <span class='ocrx_word' id='word_1_42' title='bbox 842 813 953 881; x_wconf 87' lang='lat' dir='ltr'><strong>jam</strong></span> <span class='ocrx_word' id='word_1_43' title='bbox 978 812 1176 867; x_wconf 84' lang='lat' dir='ltr'><strong>frustra</strong></span> <span class='ocrx_word' id='word_1_44' title='bbox 1201 813 1270 866; x_wconf 83' lang='lat' dir='ltr'><strong>ab</strong></span> <span class='ocrx_word' id='word_1_45' title='bbox 1301 813 1608 866; x_wconf 88' lang='lat' dir='ltr'><strong>hominibus</strong></span> <span class='ocrx_word' id='word_1_46' title='bbox 1636 813 1893 868; x_wconf 83' lang='lat' dir='ltr'><strong>clamabi—</strong></span> 
     </span>
    </p>
   </div>
   <div class='ocr_carea' id='block_1_8' title="bbox 321 901 1895 970">
    <p class='ocr_par' dir='ltr' id='par_1_8' title="bbox 321 901 1895 970">
     <span class='ocr_line' id='line_1_8' title="bbox 321 901 1895 970; baseline -0.004 -12"><span class='ocrx_word' id='word_1_47' title='bbox 321 915 431 958; x_wconf 86' lang='lat' dir='ltr'><strong>tur.</strong></span> <span class='ocrx_word' id='word_1_48' title='bbox 451 904 561 958; x_wconf 83' lang='lat' dir='ltr'><strong>Sed</strong></span> <span class='ocrx_word' id='word_1_49' title='bbox 597 919 661 958; x_wconf 89' lang='lat' dir='ltr'><strong>nc</strong></span> <span class='ocrx_word' id='word_1_50' title='bbox 701 903 837 958; x_wconf 84' lang='lat' dir='ltr'><strong>forte</strong></span> <span class='ocrx_word' id='word_1_51' title='bbox 863 904 1036 956; x_wconf 90' lang='lat' dir='ltr'><strong>adhuc</strong></span> <span class='ocrx_word' id='word_1_52' title='bbox 1074 903 1139 954; x_wconf 90' lang='lat' dir='ltr'><strong>de</strong></span> <span class='ocrx_word' id='word_1_53' title='bbox 1183 912 1394 955; x_wconf 85' lang='lat' dir='ltr'><strong>terrena</strong></span> <span class='ocrx_word' id='word_1_54' title='bbox 1446 901 1610 970; x_wconf 90' lang='lat' dir='ltr'><strong>ipsius</strong></span> <span class='ocrx_word' id='word_1_55' title='bbox 1653 903 1895 956; x_wconf 77' lang='lat' dir='ltr'><strong>dondna-</strong></span> 
     </span>
    </p>
   </div>
   <div class='ocr_carea' id='block_1_9' title="bbox 323 990 1896 1062">
    <p class='ocr_par' dir='ltr' id='par_1_9' title="bbox 323 990 1896 1062">
     <span class='ocr_line' id='line_1_9' title="bbox 323 990 1896 1062; baseline 0 -18"><span class='ocrx_word' id='word_1_56' title='bbox 323 994 474 1046; x_wconf 83' lang='lat' dir='ltr'><strong>tione</strong></span> <span class='ocrx_word' id='word_1_57' title='bbox 524 992 719 1062; x_wconf 86' lang='lat' dir='ltr'><strong>aliquis</strong></span> <span class='ocrx_word' id='word_1_58' title='bbox 767 991 919 1046; x_wconf 87' lang='lat' dir='ltr'><strong>vobis</strong></span> <span class='ocrx_word' id='word_1_59' title='bbox 969 990 1259 1045; x_wconf 86' lang='lat' dir='ltr'><strong>dubietatis</strong></span> <span class='ocrx_word' id='word_1_60' title='bbox 1303 993 1536 1060; x_wconf 87' lang='lat' dir='ltr'><strong>supersit</strong></span> <span class='ocrx_word' id='word_1_61' title='bbox 1592 992 1896 1060; x_wconf 78' lang='lat' dir='ltr'><strong>scrupulus,</strong></span> 
     </span>
    </p>
   </div>
   <div class='ocr_carea' id='block_1_10' title="bbox 318 1079 1898 1150">
    <p class='ocr_par' dir='ltr' id='par_1_10' title="bbox 318 1079 1898 1150">
     <span class='ocr_line' id='line_1_10' title="bbox 318 1079 1898 1150; baseline -0.001 -15"><span class='ocrx_word' id='word_1_62' title='bbox 318 1098 460 1137; x_wconf 84' lang='lat' dir='ltr'><strong>neve</strong></span> <span class='ocrx_word' id='word_1_63' title='bbox 483 1081 678 1136; x_wconf 79' lang='lat' dir='ltr'><strong>leviter</strong></span> <span class='ocrx_word' id='word_1_64' title='bbox 721 1081 1061 1150; x_wconf 87' lang='lat' dir='ltr'><strong>suspicemini</strong></span> <span class='ocrx_word' id='word_1_65' title='bbox 1104 1080 1299 1150; x_wconf 91' lang='lat' dir='ltr'><strong>ineptis</strong></span> <span class='ocrx_word' id='word_1_66' title='bbox 1349 1093 1403 1133; x_wconf 90' lang='lat' dir='ltr'><strong>et</strong></span> <span class='ocrx_word' id='word_1_67' title='bbox 1450 1081 1678 1134; x_wconf 82' lang='lat' dir='ltr'><strong>anilibus</strong></span> <span class='ocrx_word' id='word_1_68' title='bbox 1708 1079 1898 1134; x_wconf 82' lang='lat' dir='ltr'><strong>fabulis</strong></span> 
     </span>
    </p>
   </div>
   <div class='ocr_carea' id='block_1_11' title="bbox 320 1168 1897 1226">
    <p class='ocr_par' dir='ltr' id='par_1_11' title="bbox 320 1168 1897 1226">
     <span class='ocr_line' id='line_1_11' title="bbox 320 1168 1897 1226; baseline -0.001 -2"><span class='ocrx_word' id='word_1_69' title='bbox 320 1179 573 1226; x_wconf 73' lang='lat' dir='ltr'><strong>sanetam</strong></span> <span class='ocrx_word' id='word_1_70' title='bbox 615 1170 911 1226; x_wconf 77' lang='lat' dir='ltr'><strong>Romanam</strong></span> <span class='ocrx_word' id='word_1_71' title='bbox 965 1170 1145 1224; x_wconf 89' lang='lat' dir='ltr'><strong>sedem</strong></span> <span class='ocrx_word' id='word_1_72' title='bbox 1191 1168 1328 1222; x_wconf 81' lang='lat' dir='ltr'><strong>velle</strong></span> <span class='ocrx_word' id='word_1_73' title='bbox 1377 1169 1476 1223; x_wconf 83' lang='lat' dir='ltr'><strong>sibi</strong></span> <span class='ocrx_word' id='word_1_74' title='bbox 1523 1171 1897 1224; x_wconf 90' lang='lat' dir='ltr'><strong>inconcussum</strong></span> 
     </span>
    </p>
   </div>
   <div class='ocr_carea' id='block_1_12' title="bbox 323 1263 1899 1333">
    <p class='ocr_par' dir='ltr' id='par_1_12' title="bbox 323 1263 1899 1333">
     <span class='ocr_line' id='line_1_12' title="bbox 323 1263 1899 1333; baseline 0.001 -14"><span class='ocrx_word' id='word_1_75' title='bbox 323 1267 589 1319; x_wconf 85' lang='lat' dir='ltr'><strong>honorem</strong></span> <span class='ocrx_word' id='word_1_76' title='bbox 618 1264 889 1319; x_wconf 85' lang='lat' dir='ltr'><strong>vindicare</strong></span> <span class='ocrx_word' id='word_1_77' title='bbox 917 1273 973 1318; x_wconf 89' lang='lat' dir='ltr'><strong>et</strong></span> <span class='ocrx_word' id='word_1_78' title='bbox 1010 1263 1291 1319; x_wconf 87' lang='lat' dir='ltr'><strong>defensare</strong></span> <span class='ocrx_word' id='word_1_79' title='bbox 1339 1264 1700 1333; x_wconf 83' lang='lat' dir='ltr'><strong>aliquatenus,</strong></span> <span class='ocrx_word' id='word_1_80' title='bbox 1729 1281 1899 1333; x_wconf 87' lang='lat' dir='ltr'><strong>pauca</strong></span> 
     </span>
    </p>
   </div>
   <div class='ocr_carea' id='block_1_13' title="bbox 321 1353 1900 1426">
    <p class='ocr_par' dir='ltr' id='par_1_13' title="bbox 321 1353 1900 1426">
     <span class='ocr_line' id='line_1_13' title="bbox 321 1353 1900 1426; baseline 0.001 -16"><span class='ocrx_word' id='word_1_81' title='bbox 321 1373 390 1410; x_wconf 76' lang='lat' dir='ltr'><strong>ex</strong></span> <span class='ocrx_word' id='word_1_82' title='bbox 424 1356 727 1426; x_wconf 85' lang='lat' dir='ltr'><strong>privilegio,</strong></span> <span class='ocrx_word' id='word_1_83' title='bbox 755 1356 991 1425; x_wconf 63' lang='lat' dir='ltr'><strong>ejusdem</strong></span> <span class='ocrx_word' id='word_1_84' title='bbox 1027 1353 1362 1410; x_wconf 84' lang='lat' dir='ltr'><strong>Constantini</strong></span> <span class='ocrx_word' id='word_1_85' title='bbox 1403 1371 1563 1409; x_wconf 84' lang='lat' dir='ltr'><strong>manu</strong></span> <span class='ocrx_word' id='word_1_86' title='bbox 1597 1371 1717 1409; x_wconf 91' lang='lat' dir='ltr'><strong>cum</strong></span> <span class='ocrx_word' id='word_1_87' title='bbox 1742 1372 1900 1411; x_wconf 76' lang='lat' dir='ltr'><strong>eiuro</strong></span> 
     </span>
    </p>
   </div>
   <div class='ocr_carea' id='block_1_14' title="bbox 275 1445 1903 1516">
    <p class='ocr_par' dir='ltr' id='par_1_14' title="bbox 275 1445 1903 1516">
     <span class='ocr_line' id='line_1_14' title="bbox 275 1445 1903 1516; baseline -0.001 -16"><span class='ocrx_word' id='word_1_88' title='bbox 275 1477 286 1490; x_wconf 72' lang='lat'><strong><em>.-</em></strong></span> <span class='ocrx_word' id='word_1_89' title='bbox 321 1463 494 1501; x_wconf 78' lang='lat' dir='ltr'><strong>aurea</strong></span> <span class='ocrx_word' id='word_1_90' title='bbox 520 1462 684 1516; x_wconf 84' lang='lat' dir='ltr'><strong>super</strong></span> <span class='ocrx_word' id='word_1_91' title='bbox 709 1445 949 1501; x_wconf 69' lang='lat' dir='ltr'><strong>cmlcslis</strong></span> <span class='ocrx_word' id='word_1_92' title='bbox 972 1445 1221 1516; x_wconf 75' lang='lat' dir='ltr'><strong>clavigeri</strong></span> <span class='ocrx_word' id='word_1_93' title='bbox 1257 1446 1559 1500; x_wconf 85' lang='lat' dir='ltr'><strong>venerabile</strong></span> <span class='ocrx_word' id='word_1_94' title='bbox 1587 1461 1782 1514; x_wconf 91' lang='lat' dir='ltr'><strong>corpus</strong></span> <span class='ocrx_word' id='word_1_95' title='bbox 1810 1462 1903 1514; x_wconf 83' lang='lat' dir='ltr'><strong>po-</strong></span> 
     </span>
    </p>
   </div>
   <div class='ocr_carea' id='block_1_15' title="bbox 259 1529 1901 1606">
    <p class='ocr_par' dir='ltr' id='par_1_15' title="bbox 259 1529 1901 1606">
     <span class='ocr_line' id='line_1_15' title="bbox 259 1529 1901 1606; baseline -0.003 -10"><span class='ocrx_word' id='word_1_96' title='bbox 259 1593 264 1596; x_wconf 89' lang='lat'>.</span> <span class='ocrx_word' id='word_1_97' title='bbox 293 1529 453 1602; x_wconf 59' lang='lat' dir='ltr'><strong>&quot;s&#39;lo,</strong></span> <span class='ocrx_word' id='word_1_98' title='bbox 487 1539 553 1592; x_wconf 82' lang='lat' dir='ltr'><strong>ad</strong></span> <span class='ocrx_word' id='word_1_99' title='bbox 581 1538 814 1592; x_wconf 86' lang='lat' dir='ltr'><strong>medium</strong></span> <span class='ocrx_word' id='word_1_100' title='bbox 829 1535 1184 1606; x_wconf 85' lang='lat' dir='ltr'><strong>proferemus,</strong></span> <span class='ocrx_word' id='word_1_101' title='bbox 1207 1537 1402 1606; x_wconf 83' lang='lat' dir='ltr'><strong>quibus</strong></span> <span class='ocrx_word' id='word_1_102' title='bbox 1423 1537 1675 1591; x_wconf 81' lang='lat' dir='ltr'><strong>l‘umletur</strong></span> <span class='ocrx_word' id='word_1_103' title='bbox 1705 1539 1901 1591; x_wconf 74' lang='lat' dir='ltr'><strong>\‘Ctilus</strong></span> 
     </span>
    </p>
   </div>
   <div class='ocr_carea' id='block_1_16' title="bbox 323 1627 1902 1692">
    <p class='ocr_par' dir='ltr' id='par_1_16' title="bbox 323 1627 1902 1692">
     <span class='ocr_line' id='line_1_16' title="bbox 323 1627 1902 1692; baseline 0 -9"><span class='ocrx_word' id='word_1_104' title='bbox 323 1641 382 1684; x_wconf 75' lang='lat' dir='ltr'><strong>et</strong></span> <span class='ocrx_word' id='word_1_105' title='bbox 410 1628 779 1685; x_wconf 77' lang='lat' dir='ltr'><strong>confundatur</strong></span> <span class='ocrx_word' id='word_1_106' title='bbox 810 1627 1038 1692; x_wconf 88' lang='lat' dir='ltr'><strong>vanitas,</strong></span> <span class='ocrx_word' id='word_1_107' title='bbox 1065 1636 1122 1680; x_wconf 92' lang='lat' dir='ltr'><strong>ut</strong></span> <span class='ocrx_word' id='word_1_108' title='bbox 1150 1628 1331 1681; x_wconf 90' lang='lat' dir='ltr'><strong>omnia</strong></span> <span class='ocrx_word' id='word_1_109' title='bbox 1360 1629 1599 1682; x_wconf 88' lang='lat' dir='ltr'><strong>membra</strong></span> <span class='ocrx_word' id='word_1_110' title='bbox 1625 1629 1902 1683; x_wconf 76' lang='lat' dir='ltr'><strong>catholica:</strong></span> 
     </span>
    </p>
   </div>
   <div class='ocr_carea' id='block_1_17' title="bbox 325 1716 1898 1788">
    <p class='ocr_par' dir='ltr' id='par_1_17' title="bbox 325 1716 1898 1788">
     <span class='ocr_line' id='line_1_17' title="bbox 325 1716 1898 1788; baseline -0.001 -17"><span class='ocrx_word' id='word_1_111' title='bbox 325 1719 522 1773; x_wconf 81' lang='lat' dir='ltr'><strong>matris</strong></span> <span class='ocrx_word' id='word_1_112' title='bbox 543 1725 873 1788; x_wconf 71' lang='lat' dir='ltr'><strong>cognoscant</strong></span> <span class='ocrx_word' id='word_1_113' title='bbox 898 1731 994 1772; x_wconf 85' lang='lat' dir='ltr'><strong>nos</strong></span> <span class='ocrx_word' id='word_1_114' title='bbox 1011 1716 1150 1772; x_wconf 84' lang='lat' dir='ltr'><strong>illius</strong></span> <span class='ocrx_word' id='word_1_115' title='bbox 1181 1717 1319 1770; x_wconf 81' lang='lat' dir='ltr'><strong>Petri</strong></span> <span class='ocrx_word' id='word_1_116' title='bbox 1346 1717 1640 1786; x_wconf 64' lang='lat' dir='ltr'><strong>disciplina:</strong></span> <span class='ocrx_word' id='word_1_117' title='bbox 1665 1734 1787 1774; x_wconf 89' lang='lat' dir='ltr'><strong>esse</strong></span> <span class='ocrx_word' id='word_1_118' title='bbox 1811 1719 1898 1786; x_wconf 88' lang='lat' dir='ltr'><strong>qui</strong></span> 
     </span>
    </p>
   </div>
   <div class='ocr_carea' id='block_1_18' title="bbox 326 1805 1902 1878">
    <p class='ocr_par' dir='ltr' id='par_1_18' title="bbox 326 1805 1902 1878">
     <span class='ocr_line' id='line_1_18' title="bbox 326 1805 1902 1878; baseline -0.002 -16"><span class='ocrx_word' id='word_1_119' title='bbox 326 1811 408 1863; x_wconf 73' lang='lat' dir='ltr'><strong>sic</strong></span> <span class='ocrx_word' id='word_1_120' title='bbox 436 1810 489 1862; x_wconf 89' lang='lat' dir='ltr'><strong>in</strong></span> <span class='ocrx_word' id='word_1_121' title='bbox 523 1808 753 1878; x_wconf 80' lang='lat' dir='ltr'><strong>Epistula</strong></span> <span class='ocrx_word' id='word_1_122' title='bbox 775 1823 870 1862; x_wconf 90' lang='lat' dir='ltr'><strong>sua</strong></span> <span class='ocrx_word' id='word_1_123' title='bbox 909 1807 984 1861; x_wconf 86' lang='lat' dir='ltr'><strong>ait</strong></span> <span class='ocrx_word' id='word_1_124' title='bbox 1005 1807 1070 1861; x_wconf 87' lang='lat' dir='ltr'><strong>de</strong></span> <span class='ocrx_word' id='word_1_125' title='bbox 1097 1822 1190 1861; x_wconf 83' lang='lat' dir='ltr'><strong>se:</strong></span> <span class='ocrx_word' id='word_1_126' title='bbox 1227 1805 1348 1860; x_wconf 79' lang='lat' dir='ltr'><strong>Non</strong></span> <span class='ocrx_word' id='word_1_127' title='bbox 1379 1807 1515 1859; x_wconf 78' lang='lat' dir='ltr'><strong>enim</strong></span> <span class='ocrx_word' id='word_1_128' title='bbox 1545 1808 1724 1860; x_wconf 81' lang='lat' dir='ltr'><strong>doctas</strong></span> <span class='ocrx_word' id='word_1_129' title='bbox 1751 1806 1902 1875; x_wconf 57' lang='grc' dir='ltr'><strong>[οὐκ.</strong></span> 
     </span>
    </p>
   </div>
   <div class='ocr_carea' id='block_1_19' title="bbox 325 1871 1956 1965">
    <p class='ocr_par' dir='ltr' id='par_1_19' title="bbox 325 1871 1956 1965">
     <span class='ocr_line' id='line_1_19' title="bbox 325 1871 1956 1965; baseline -0.002 -15"><span class='ocrx_word' id='word_1_130' title='bbox 325 1901 411 1954; x_wconf 67' lang='grc' dir='ltr'><strong>ιη</strong></span> <span class='ocrx_word' id='word_1_131' title='bbox 438 1899 622 1962; x_wconf 73' lang='lat' dir='ltr'><strong>secuti,</strong></span> <span class='ocrx_word' id='word_1_132' title='bbox 647 1908 822 1952; x_wconf 78' lang='lat' dir='ltr'><strong>notam</strong></span> <span class='ocrx_word' id='word_1_133' title='bbox 854 1896 992 1950; x_wconf 68' lang='lat' dir='ltr'><strong>vobis</strong></span> <span class='ocrx_word' id='word_1_134' title='bbox 1038 1896 1251 1965; x_wconf 70' lang='lat' dir='ltr'><strong>fecimus</strong></span> <span class='ocrx_word' id='word_1_135' title='bbox 1309 1894 1514 1948; x_wconf 84' lang='lat' dir='ltr'><strong>Domini</strong></span> <span class='ocrx_word' id='word_1_136' title='bbox 1564 1896 1725 1950; x_wconf 70' lang='lat' dir='ltr'><strong>nostri</strong></span> <span class='ocrx_word' id='word_1_137' title='bbox 1773 1893 1900 1948; x_wconf 74' lang='lat' dir='ltr'><strong>Jesu</strong></span> <span class='ocrx_word' id='word_1_138' title='bbox 1935 1871 1956 1930; x_wconf 75' lang='grc' dir='ltr'>ί</span> 
     </span>
    </p>
   </div>
   <div class='ocr_carea' id='block_1_20' title="bbox 327 1985 1902 2057">
    <p class='ocr_par' dir='ltr' id='par_1_20' title="bbox 327 1985 1902 2057">
     <span class='ocr_line' id='line_1_20' title="bbox 327 1985 1902 2057; baseline -0.005 -13"><span class='ocrx_word' id='word_1_139' title='bbox 327 1989 526 2044; x_wconf 63' lang='lat' dir='ltr'><strong>Christi</strong></span> <span class='ocrx_word' id='word_1_140' title='bbox 556 1991 812 2050; x_wconf 70' lang='lat' dir='ltr'><strong>virtutem,</strong></span> <span class='ocrx_word' id='word_1_141' title='bbox 842 1987 930 2041; x_wconf 74' lang='lat' dir='ltr'><strong>sed</strong></span> <span class='ocrx_word' id='word_1_142' title='bbox 959 1986 1304 2057; x_wconf 72' lang='lat' dir='ltr'><strong>speculatores</strong></span> <span class='ocrx_word' id='word_1_143' title='bbox 1333 1986 1460 2054; x_wconf 71' lang='lat' dir='ltr'><strong>farti</strong></span> <span class='ocrx_word' id='word_1_144' title='bbox 1509 1985 1650 2038; x_wconf 80' lang='lat' dir='ltr'><strong>illius</strong></span> <span class='ocrx_word' id='word_1_145' title='bbox 1701 1987 1902 2055; x_wconf 81' lang='lat' dir='ltr'><strong>magni-</strong></span> 
     </span>
    </p>
   </div>
   <div class='ocr_carea' id='block_1_21' title="bbox 327 2072 1902 2146">
    <p class='ocr_par' dir='ltr' id='par_1_21' title="bbox 327 2072 1902 2146">
     <span class='ocr_line' id='line_1_21' title="bbox 327 2072 1902 2146; baseline -0.004 -14"><span class='ocrx_word' id='word_1_146' title='bbox 327 2079 530 2132; x_wconf 74' lang='lat' dir='ltr'><strong>tudinis</strong></span> <span class='ocrx_word' id='word_1_147' title='bbox 562 2077 648 2145; x_wconf 89' lang='lat' dir='ltr'><strong>(Il</strong></span> <span class='ocrx_word' id='word_1_148' title='bbox 681 2076 825 2130; x_wconf 81' lang='lat' dir='ltr'><strong>Pctr.</strong></span> <span class='ocrx_word' id='word_1_149' title='bbox 875 2076 936 2146; x_wconf 86' lang='lat' dir='ltr'><strong>t);</strong></span> <span class='ocrx_word' id='word_1_150' title='bbox 979 2085 1032 2130; x_wconf 90' lang='lat' dir='ltr'><strong>et</strong></span> <span class='ocrx_word' id='word_1_151' title='bbox 1062 2091 1159 2129; x_wconf 92' lang='lat' dir='ltr'><strong>nos</strong></span> <span class='ocrx_word' id='word_1_152' title='bbox 1188 2075 1336 2127; x_wconf 86' lang='lat' dir='ltr'><strong>vobis</strong></span> <span class='ocrx_word' id='word_1_153' title='bbox 1365 2072 1632 2128; x_wconf 90' lang='lat' dir='ltr'><strong>inculcare</strong></span> <span class='ocrx_word' id='word_1_154' title='bbox 1658 2090 1760 2126; x_wconf 85' lang='lat' dir='ltr'><strong>non</strong></span> <span class='ocrx_word' id='word_1_155' title='bbox 1795 2084 1902 2126; x_wconf 89' lang='lat' dir='ltr'><strong>tam</strong></span> 
     </span>
    </p>
   </div>
   <div class='ocr_carea' id='block_1_22' title="bbox 331 2168 1900 2243">
    <p class='ocr_par' dir='ltr' id='par_1_22' title="bbox 331 2168 1900 2243">
     <span class='ocr_line' id='line_1_22' title="bbox 331 2168 1900 2243; baseline -0.007 -14"><span class='ocrx_word' id='word_1_156' title='bbox 331 2175 505 2229; x_wconf 80' lang='lat' dir='ltr'><strong>relatu</strong></span> <span class='ocrx_word' id='word_1_157' title='bbox 528 2173 762 2243; x_wconf 87' lang='lat' dir='ltr'><strong>quolibet</strong></span> <span class='ocrx_word' id='word_1_158' title='bbox 789 2187 948 2242; x_wconf 88' lang='lat' dir='ltr'><strong>quant</strong></span> <span class='ocrx_word' id='word_1_159' title='bbox 972 2185 1092 2240; x_wconf 75' lang='lat' dir='ltr'><strong>qua:</strong></span> <span class='ocrx_word' id='word_1_160' title='bbox 1120 2170 1233 2239; x_wconf 75' lang='lat' dir='ltr'><strong>ipso</strong></span> <span class='ocrx_word' id='word_1_161' title='bbox 1257 2168 1435 2222; x_wconf 66' lang='lat' dir='ltr'><strong>\‘isttet</strong></span> <span class='ocrx_word' id='word_1_162' title='bbox 1459 2175 1602 2220; x_wconf 90' lang='lat' dir='ltr'><strong>tactu</strong></span> <span class='ocrx_word' id='word_1_163' title='bbox 1628 2175 1900 2234; x_wconf 80' lang='lat' dir='ltr'><strong>comperta</strong></span> 
     </span>
    </p>
   </div>
   <div class='ocr_carea' id='block_1_23' title="bbox 330 2255 1902 2329">
    <p class='ocr_par' dir='ltr' id='par_1_23' title="bbox 330 2255 1902 2329">
     <span class='ocr_line' id='line_1_23' title="bbox 330 2255 1902 2329; baseline -0.007 -10"><span class='ocrx_word' id='word_1_164' title='bbox 330 2274 483 2320; x_wconf 81' lang='lat' dir='ltr'><strong>sunt.</strong></span> <span class='ocrx_word' id='word_1_165' title='bbox 515 2262 610 2316; x_wconf 69' lang='grc' dir='ltr'><strong>γει</strong></span> <span class='ocrx_word' id='word_1_166' title='bbox 639 2261 896 2315; x_wconf 78' lang='lat' dir='ltr'><strong>adiumnti</strong></span> <span class='ocrx_word' id='word_1_167' title='bbox 928 2260 1293 2329; x_wconf 73' lang='lat' dir='ltr'><strong>recognoscite</strong></span> <span class='ocrx_word' id='word_1_168' title='bbox 1321 2257 1445 2326; x_wconf 83' lang='lat' dir='ltr'><strong>quia</strong></span> <span class='ocrx_word' id='word_1_169' title='bbox 1472 2256 1608 2311; x_wconf 87' lang='lat' dir='ltr'><strong>idem</strong></span> <span class='ocrx_word' id='word_1_170' title='bbox 1639 2255 1902 2326; x_wconf 79' lang='lat' dir='ltr'><strong>gloriosus</strong></span> 
     </span>
    </p>
   </div>
   <div class='ocr_carea' id='block_1_24' title="bbox 334 2347 1904 2427">
    <p class='ocr_par' dir='ltr' id='par_1_24' title="bbox 334 2347 1904 2427">
     <span class='ocr_line' id='line_1_24' title="bbox 334 2347 1904 2427; baseline -0.005 -19"><span class='ocrx_word' id='word_1_171' title='bbox 334 2358 588 2427; x_wconf 75' lang='lat' dir='ltr'><strong>princeps</strong></span> <span class='ocrx_word' id='word_1_172' title='bbox 625 2357 676 2408; x_wconf 92' lang='lat' dir='ltr'><strong>in</strong></span> <span class='ocrx_word' id='word_1_173' title='bbox 724 2354 835 2421; x_wconf 86' lang='lat' dir='ltr'><strong>jam</strong></span> <span class='ocrx_word' id='word_1_174' title='bbox 892 2353 1035 2406; x_wconf 87' lang='lat' dir='ltr'><strong>dicto</strong></span> <span class='ocrx_word' id='word_1_175' title='bbox 1067 2350 1360 2422; x_wconf 79' lang='lat' dir='ltr'><strong>privilegio,</strong></span> <span class='ocrx_word' id='word_1_176' title='bbox 1418 2357 1538 2418; x_wconf 90' lang='lat' dir='ltr'><strong>post</strong></span> <span class='ocrx_word' id='word_1_177' title='bbox 1584 2347 1904 2402; x_wconf 74' lang='lat' dir='ltr'><strong>Christiana:</strong></span> 
     </span>
    </p>
   </div>
   <div class='ocr_carea' id='block_1_25' title="bbox 331 2440 1905 2514">
    <p class='ocr_par' dir='ltr' id='par_1_25' title="bbox 331 2440 1905 2514">
     <span class='ocr_line' id='line_1_25' title="bbox 331 2440 1905 2514; baseline -0.008 -12"><span class='ocrx_word' id='word_1_178' title='bbox 331 2449 455 2503; x_wconf 87' lang='lat' dir='ltr'><strong>tidei</strong></span> <span class='ocrx_word' id='word_1_179' title='bbox 524 2448 726 2502; x_wconf 86' lang='lat' dir='ltr'><strong>claram</strong></span> <span class='ocrx_word' id='word_1_180' title='bbox 805 2443 1205 2514; x_wconf 81' lang='lat' dir='ltr'><strong>perfectamque</strong></span> <span class='ocrx_word' id='word_1_181' title='bbox 1273 2440 1666 2495; x_wconf 75' lang='lat' dir='ltr'><strong>confessionem</strong></span> <span class='ocrx_word' id='word_1_182' title='bbox 1744 2447 1905 2507; x_wconf 81' lang='lat' dir='ltr'><strong>atque</strong></span> 
     </span>
    </p>
   </div>
   <div class='ocr_carea' id='block_1_26' title="bbox 331 2530 1902 2608">
    <p class='ocr_par' dir='ltr' id='par_1_26' title="bbox 331 2530 1902 2608">
     <span class='ocr_line' id='line_1_26' title="bbox 331 2530 1902 2608; baseline -0.008 -16"><span class='ocrx_word' id='word_1_183' title='bbox 331 2537 674 2608; x_wconf 77' lang='lat' dir='ltr'><strong>baptismatis</strong></span> <span class='ocrx_word' id='word_1_184' title='bbox 712 2536 792 2590; x_wconf 89' lang='lat' dir='ltr'><strong>sui</strong></span> <span class='ocrx_word' id='word_1_185' title='bbox 822 2533 1160 2588; x_wconf 89' lang='lat' dir='ltr'><strong>enucleatam</strong></span> <span class='ocrx_word' id='word_1_186' title='bbox 1210 2530 1747 2587; x_wconf 81' lang='lat' dir='ltr'><strong>cunnnetulationem.</strong></span> <span class='ocrx_word' id='word_1_187' title='bbox 1781 2543 1902 2595; x_wconf 86' lang='lat' dir='ltr'><strong>spe-</strong></span> 
     </span>
    </p>
   </div>
   <div class='ocr_carea' id='block_1_27' title="bbox 328 2618 1907 2691">
    <p class='ocr_par' dir='ltr' id='par_1_27' title="bbox 328 2618 1907 2691">
     <span class='ocr_line' id='line_1_27' title="bbox 328 2618 1907 2691; baseline -0.008 -12"><span class='ocrx_word' id='word_1_188' title='bbox 328 2626 521 2680; x_wconf 78' lang='lat' dir='ltr'><strong>cialem</strong></span> <span class='ocrx_word' id='word_1_189' title='bbox 550 2633 748 2679; x_wconf 72' lang='lat' dir='ltr'><strong>sanetae</strong></span> <span class='ocrx_word' id='word_1_190' title='bbox 780 2622 1035 2676; x_wconf 70' lang='lat' dir='ltr'><strong>Romanae</strong></span> <span class='ocrx_word' id='word_1_191' title='bbox 1058 2621 1310 2676; x_wconf 76' lang='lat' dir='ltr'><strong>Ecclesia:</strong></span> <span class='ocrx_word' id='word_1_192' title='bbox 1337 2619 1648 2691; x_wconf 84' lang='lat' dir='ltr'><strong>dignitatem</strong></span> <span class='ocrx_word' id='word_1_193' title='bbox 1677 2618 1754 2672; x_wconf 77' lang='lat' dir='ltr'><strong>sic</strong></span> <span class='ocrx_word' id='word_1_194' title='bbox 1784 2633 1907 2686; x_wconf 85' lang='lat' dir='ltr'><strong>pro-</strong></span> 
     </span>
    </p>
   </div>
   <div class='ocr_carea' id='block_1_28' title="bbox 289 2710 1903 2808">
    <p class='ocr_par' dir='ltr' id='par_1_28' title="bbox 289 2710 1903 2808">
     <span class='ocr_line' id='line_1_28' title="bbox 289 2710 1903 2808; baseline -0.008 -35"><span class='ocrx_word' id='word_1_195' title='bbox 289 2717 612 2808; x_wconf 33' lang='lat' dir='ltr'><strong>3‘nndgavit,</strong></span> <span class='ocrx_word' id='word_1_196' title='bbox 641 2717 826 2770; x_wconf 87' lang='lat' dir='ltr'><strong>dicens</strong></span> <span class='ocrx_word' id='word_1_197' title='bbox 853 2730 868 2768; x_wconf 93' lang='lat'><strong>:</strong></span> <span class='ocrx_word' id='word_1_198' title='bbox 898 2732 915 2766; x_wconf 78' lang='grc' dir='ltr'>ι</span> <span class='ocrx_word' id='word_1_199' title='bbox 951 2713 1088 2770; x_wconf 89' lang='lat' dir='ltr'><strong>Utile</strong></span> <span class='ocrx_word' id='word_1_200' title='bbox 1107 2710 1486 2783; x_wconf 76' lang='lat' dir='ltr'><strong>judicavimus,</strong></span> <span class='ocrx_word' id='word_1_201' title='bbox 1514 2726 1616 2764; x_wconf 91' lang='lat' dir='ltr'><strong>una</strong></span> <span class='ocrx_word' id='word_1_202' title='bbox 1636 2725 1760 2763; x_wconf 82' lang='lat' dir='ltr'><strong>cum</strong></span> <span class='ocrx_word' id='word_1_203' title='bbox 1782 2725 1903 2761; x_wconf 91' lang='lat' dir='ltr'><strong>om-</strong></span> 
     </span>
    </p>
   </div>
   <div class='ocr_carea' id='block_1_29' title="bbox 271 2798 1906 2874">
    <p class='ocr_par' dir='ltr' id='par_1_29' title="bbox 271 2798 1906 2874">
     <span class='ocr_line' id='line_1_29' title="bbox 271 2798 1906 2874; baseline -0.007 -13"><span class='ocrx_word' id='word_1_204' title='bbox 271 2809 282 2824; x_wconf 83' lang='lat'><strong><em>&quot;</em></strong></span> <span class='ocrx_word' id='word_1_205' title='bbox 313 2798 495 2861; x_wconf 42' lang='lat' dir='ltr'><strong>‘nihus</strong></span> <span class='ocrx_word' id='word_1_206' title='bbox 527 2806 724 2860; x_wconf 88' lang='lat' dir='ltr'><strong>nostris</strong></span> <span class='ocrx_word' id='word_1_207' title='bbox 753 2804 1008 2874; x_wconf 89' lang='lat' dir='ltr'><strong>satrapis,</strong></span> <span class='ocrx_word' id='word_1_208' title='bbox 1038 2815 1092 2858; x_wconf 91' lang='lat' dir='ltr'><strong>et</strong></span> <span class='ocrx_word' id='word_1_209' title='bbox 1121 2803 1371 2856; x_wconf 76' lang='lat' dir='ltr'><strong>universo</strong></span> <span class='ocrx_word' id='word_1_210' title='bbox 1397 2809 1606 2862; x_wconf 87' lang='lat' dir='ltr'><strong>senatu,</strong></span> <span class='ocrx_word' id='word_1_211' title='bbox 1634 2798 1906 2868; x_wconf 83' lang='lat' dir='ltr'><strong>optimati-</strong></span> 
     </span>
    </p>
   </div>
   <div class='ocr_carea' id='block_1_30' title="bbox 334 2889 1906 2963">
    <p class='ocr_par' dir='ltr' id='par_1_30' title="bbox 334 2889 1906 2963">
     <span class='ocr_line' id='line_1_30' title="bbox 334 2889 1906 2963; baseline -0.006 -13"><span class='ocrx_word' id='word_1_212' title='bbox 334 2897 436 2950; x_wconf 86' lang='lat' dir='ltr'><strong>bus</strong></span> <span class='ocrx_word' id='word_1_213' title='bbox 465 2897 625 2950; x_wconf 86' lang='lat' dir='ltr'><strong>etiam</strong></span> <span class='ocrx_word' id='word_1_214' title='bbox 648 2905 704 2951; x_wconf 89' lang='lat' dir='ltr'><strong>et</strong></span> <span class='ocrx_word' id='word_1_215' title='bbox 731 2903 927 2949; x_wconf 87' lang='lat' dir='ltr'><strong>cuncto</strong></span> <span class='ocrx_word' id='word_1_216' title='bbox 952 2894 1145 2963; x_wconf 82' lang='lat' dir='ltr'><strong>populo</strong></span> <span class='ocrx_word' id='word_1_217' title='bbox 1192 2892 1444 2945; x_wconf 70' lang='lat' dir='ltr'><strong>“uitiante</strong></span> <span class='ocrx_word' id='word_1_218' title='bbox 1471 2890 1652 2960; x_wconf 68' lang='lat' dir='ltr'><strong>glori-.e</strong></span> <span class='ocrx_word' id='word_1_219' title='bbox 1683 2889 1906 2958; x_wconf 85' lang='lat' dir='ltr'><strong>imperio</strong></span> 
     </span>
    </p>
   </div>
   <div class='ocr_carea' id='block_1_31' title="bbox 328 2980 1906 3058">
    <p class='ocr_par' dir='ltr' id='par_1_31' title="bbox 328 2980 1906 3058">
     <span class='ocr_line' id='line_1_31' title="bbox 328 2980 1906 3058; baseline -0.006 -16"><span class='ocrx_word' id='word_1_220' title='bbox 328 2991 666 3058; x_wconf 78' lang='lat' dir='ltr'><strong>snhjacente,</strong></span> <span class='ocrx_word' id='word_1_221' title='bbox 693 2998 773 3054; x_wconf 90' lang='lat' dir='ltr'><strong>ut,</strong></span> <span class='ocrx_word' id='word_1_222' title='bbox 797 2989 936 3044; x_wconf 67' lang='lat' dir='ltr'><strong>sicut</strong></span> <span class='ocrx_word' id='word_1_223' title='bbox 962 2987 1150 3042; x_wconf 87' lang='lat' dir='ltr'><strong>beatus</strong></span> <span class='ocrx_word' id='word_1_224' title='bbox 1181 2985 1370 3040; x_wconf 81' lang='lat' dir='ltr'><strong>Petrus</strong></span> <span class='ocrx_word' id='word_1_225' title='bbox 1398 2984 1449 3038; x_wconf 92' lang='lat' dir='ltr'><strong>in</strong></span> <span class='ocrx_word' id='word_1_226' title='bbox 1487 2983 1645 3036; x_wconf 90' lang='lat' dir='ltr'><strong>terris</strong></span> <span class='ocrx_word' id='word_1_227' title='bbox 1673 2980 1906 3034; x_wconf 87' lang='lat' dir='ltr'><strong>vicarius</strong></span> 
     </span>
    </p>
   </div>
   <div class='ocr_carea' id='block_1_32' title="bbox 336 3073 1906 3142">
    <p class='ocr_par' dir='ltr' id='par_1_32' title="bbox 336 3073 1906 3142">
     <span class='ocr_line' id='line_1_32' title="bbox 336 3073 1906 3142; baseline -0.007 -6"><span class='ocrx_word' id='word_1_228' title='bbox 336 3082 458 3136; x_wconf 79' lang='lat' dir='ltr'><strong>Filii</strong></span> <span class='ocrx_word' id='word_1_229' title='bbox 485 3082 575 3136; x_wconf 81' lang='lat' dir='ltr'><strong>Dei</strong></span> <span class='ocrx_word' id='word_1_230' title='bbox 608 3083 817 3135; x_wconf 86' lang='lat' dir='ltr'><strong>videtur</strong></span> <span class='ocrx_word' id='word_1_231' title='bbox 840 3095 957 3135; x_wconf 89' lang='lat' dir='ltr'><strong>esse</strong></span> <span class='ocrx_word' id='word_1_232' title='bbox 984 3079 1332 3141; x_wconf 90' lang='lat' dir='ltr'><strong>constitutus,</strong></span> <span class='ocrx_word' id='word_1_233' title='bbox 1364 3077 1436 3130; x_wconf 89' lang='lat' dir='ltr'><strong>ita</strong></span> <span class='ocrx_word' id='word_1_234' title='bbox 1470 3076 1631 3129; x_wconf 86' lang='lat' dir='ltr'><strong>etiam</strong></span> <span class='ocrx_word' id='word_1_235' title='bbox 1663 3087 1712 3126; x_wconf 86' lang='lat' dir='ltr'><strong>et</strong></span> <span class='ocrx_word' id='word_1_236' title='bbox 1733 3073 1906 3142; x_wconf 83' lang='lat' dir='ltr'><strong>ponti-</strong></span> 
     </span>
    </p>
   </div>
   <div class='ocr_carea' id='block_1_33' title="bbox 335 3165 1978 3264">
    <p class='ocr_par' dir='ltr' id='par_1_33' title="bbox 335 3165 1978 3264">
     <span class='ocr_line' id='line_1_33' title="bbox 335 3165 1978 3264; baseline -0.005 -40"><span class='ocrx_word' id='word_1_237' title='bbox 335 3171 466 3224; x_wconf 84' lang='lat' dir='ltr'><strong>fices</strong></span> <span class='ocrx_word' id='word_1_238' title='bbox 499 3170 667 3239; x_wconf 86' lang='lat' dir='ltr'><strong>ipsius</strong></span> <span class='ocrx_word' id='word_1_239' title='bbox 689 3170 960 3240; x_wconf 69' lang='lat' dir='ltr'><strong>lprincipis</strong></span> <span class='ocrx_word' id='word_1_240' title='bbox 989 3168 1354 3238; x_wconf 86' lang='lat' dir='ltr'><strong>apostolorum</strong></span> <span class='ocrx_word' id='word_1_241' title='bbox 1406 3167 1541 3229; x_wconf 88' lang='lat' dir='ltr'><strong>vice,</strong></span> <span class='ocrx_word' id='word_1_242' title='bbox 1575 3165 1906 3234; x_wconf 78' lang='lat' dir='ltr'><strong>principatus</strong></span> <span class='ocrx_word' id='word_1_243' title='bbox 1934 3203 1978 3264; x_wconf 66' lang='grc' dir='ltr'><strong>Ο</strong></span> 
     </span>
    </p>
   </div>
   <div class='ocr_carea' id='block_1_34' title="bbox 332 3254 1907 3329">
    <p class='ocr_par' dir='ltr' id='par_1_34' title="bbox 332 3254 1907 3329">
     <span class='ocr_line' id='line_1_34' title="bbox 332 3254 1907 3329; baseline -0.002 -20"><span class='ocrx_word' id='word_1_244' title='bbox 332 3269 678 3329; x_wconf 84' lang='lat' dir='ltr'><strong>potestatem.</strong></span> <span class='ocrx_word' id='word_1_245' title='bbox 703 3259 930 3327; x_wconf 75' lang='lat' dir='ltr'><strong>amplius</strong></span> <span class='ocrx_word' id='word_1_246' title='bbox 954 3274 1114 3327; x_wconf 90' lang='lat' dir='ltr'><strong>quam</strong></span> <span class='ocrx_word' id='word_1_247' title='bbox 1139 3266 1365 3310; x_wconf 70' lang='lat' dir='ltr'><strong>terrena:</strong></span> <span class='ocrx_word' id='word_1_248' title='bbox 1395 3254 1686 3324; x_wconf 85' lang='lat' dir='ltr'><strong>imperialis</strong></span> <span class='ocrx_word' id='word_1_249' title='bbox 1711 3264 1907 3306; x_wconf 74' lang='lat' dir='ltr'><strong>nostra:</strong></span> 
     </span>
    </p>
   </div>
   <div class='ocr_carea' id='block_1_35' title="bbox 332 3347 1908 3410">
    <p class='ocr_par' dir='ltr' id='par_1_35' title="bbox 332 3347 1908 3410">
     <span class='ocr_line' id='line_1_35' title="bbox 332 3347 1908 3410; baseline -0.001 -9"><span class='ocrx_word' id='word_1_250' title='bbox 332 3350 646 3404; x_wconf 82' lang='lat' dir='ltr'><strong>serenitatis</strong></span> <span class='ocrx_word' id='word_1_251' title='bbox 680 3349 1033 3403; x_wconf 79' lang='lat' dir='ltr'><strong>mansuetudo</strong></span> <span class='ocrx_word' id='word_1_252' title='bbox 1073 3349 1274 3403; x_wconf 87' lang='lat' dir='ltr'><strong>habere</strong></span> <span class='ocrx_word' id='word_1_253' title='bbox 1319 3347 1547 3410; x_wconf 74' lang='lat' dir='ltr'><strong>videtur,</strong></span> <span class='ocrx_word' id='word_1_254' title='bbox 1597 3361 1908 3400; x_wconf 79' lang='lat' dir='ltr'><strong>concessam</strong></span> 
     </span>
    </p>
   </div>
   <div class='ocr_carea' id='block_1_36' title="bbox 337 3436 1908 3510">
    <p class='ocr_par' dir='ltr' id='par_1_36' title="bbox 337 3436 1908 3510">
     <span class='ocr_line' id='line_1_36' title="bbox 337 3436 1908 3510; baseline -0.001 -16"><span class='ocrx_word' id='word_1_255' title='bbox 337 3461 368 3494; x_wconf 91' lang='lat' dir='ltr'><strong>a</strong></span> <span class='ocrx_word' id='word_1_256' title='bbox 402 3441 558 3496; x_wconf 87' lang='lat' dir='ltr'><strong>nobis</strong></span> <span class='ocrx_word' id='word_1_257' title='bbox 588 3449 879 3510; x_wconf 88' lang='lat' dir='ltr'><strong>nostroque</strong></span> <span class='ocrx_word' id='word_1_258' title='bbox 902 3440 1126 3508; x_wconf 89' lang='lat' dir='ltr'><strong>imperio</strong></span> <span class='ocrx_word' id='word_1_259' title='bbox 1148 3439 1444 3501; x_wconf 90' lang='lat' dir='ltr'><strong>obtineant,</strong></span> <span class='ocrx_word' id='word_1_260' title='bbox 1471 3437 1729 3505; x_wconf 81' lang='lat' dir='ltr'><strong>eligentes</strong></span> <span class='ocrx_word' id='word_1_261' title='bbox 1757 3436 1908 3492; x_wconf 88' lang='lat' dir='ltr'><strong>nobis</strong></span> 
     </span>
    </p>
   </div>
   <div class='ocr_carea' id='block_1_37' title="bbox 337 3528 1910 3602">
    <p class='ocr_par' dir='ltr' id='par_1_37' title="bbox 337 3528 1910 3602">
     <span class='ocr_line' id='line_1_37' title="bbox 337 3528 1910 3602; baseline -0.003 -16"><span class='ocrx_word' id='word_1_262' title='bbox 337 3537 510 3601; x_wconf 81' lang='lat' dir='ltr'><strong>ipsum</strong></span> <span class='ocrx_word' id='word_1_263' title='bbox 545 3531 841 3602; x_wconf 89' lang='lat' dir='ltr'><strong>principem</strong></span> <span class='ocrx_word' id='word_1_264' title='bbox 871 3531 1251 3601; x_wconf 86' lang='lat' dir='ltr'><strong>apostolorum,</strong></span> <span class='ocrx_word' id='word_1_265' title='bbox 1286 3529 1366 3583; x_wconf 91' lang='lat' dir='ltr'><strong>vel</strong></span> <span class='ocrx_word' id='word_1_266' title='bbox 1389 3529 1504 3598; x_wconf 90' lang='lat' dir='ltr'><strong>ejus</strong></span> <span class='ocrx_word' id='word_1_267' title='bbox 1537 3529 1787 3593; x_wconf 90' lang='lat' dir='ltr'><strong>vicarios,</strong></span> <span class='ocrx_word' id='word_1_268' title='bbox 1818 3528 1910 3582; x_wconf 85' lang='lat' dir='ltr'><strong>fir-</strong></span> 
     </span>
    </p>
   </div>
   <div class='ocr_carea' id='block_1_38' title="bbox 337 3620 1910 3692">
    <p class='ocr_par' dir='ltr' id='par_1_38' title="bbox 337 3620 1910 3692">
     <span class='ocr_line' id='line_1_38' title="bbox 337 3620 1910 3692; baseline -0.001 -17"><span class='ocrx_word' id='word_1_269' title='bbox 337 3637 456 3676; x_wconf 88' lang='lat' dir='ltr'><strong>mos</strong></span> <span class='ocrx_word' id='word_1_270' title='bbox 484 3622 623 3692; x_wconf 91' lang='lat' dir='ltr'><strong>apud</strong></span> <span class='ocrx_word' id='word_1_271' title='bbox 657 3623 820 3676; x_wconf 84' lang='lat' dir='ltr'><strong>Deum</strong></span> <span class='ocrx_word' id='word_1_272' title='bbox 855 3637 975 3676; x_wconf 91' lang='lat' dir='ltr'><strong>esse</strong></span> <span class='ocrx_word' id='word_1_273' title='bbox 1017 3630 1289 3690; x_wconf 77' lang='lat' dir='ltr'><strong>patronos.</strong></span> <span class='ocrx_word' id='word_1_274' title='bbox 1320 3620 1385 3674; x_wconf 82' lang='lat' dir='ltr'><strong>Et</strong></span> <span class='ocrx_word' id='word_1_275' title='bbox 1417 3622 1555 3675; x_wconf 88' lang='lat' dir='ltr'><strong>sicut</strong></span> <span class='ocrx_word' id='word_1_276' title='bbox 1607 3629 1787 3673; x_wconf 89' lang='lat' dir='ltr'><strong>nostra</strong></span> <span class='ocrx_word' id='word_1_277' title='bbox 1827 3629 1910 3673; x_wconf 88' lang='lat' dir='ltr'><strong>est</strong></span> 
     </span>
    </p>
   </div>
   <div class='ocr_carea' id='block_1_39' title="bbox 335 3712 1906 3782">
    <p class='ocr_par' dir='ltr' id='par_1_39' title="bbox 335 3712 1906 3782">
     <span class='ocr_line' id='line_1_39' title="bbox 335 3712 1906 3782; baseline -0.002 -16"><span class='ocrx_word' id='word_1_278' title='bbox 335 3725 552 3766; x_wconf 84' lang='lat' dir='ltr'><strong>terrena</strong></span> <span class='ocrx_word' id='word_1_279' title='bbox 595 3713 890 3782; x_wconf 82' lang='lat' dir='ltr'><strong>iinperialis</strong></span> <span class='ocrx_word' id='word_1_280' title='bbox 924 3713 1185 3782; x_wconf 83' lang='lat' dir='ltr'><strong>potentia,</strong></span> <span class='ocrx_word' id='word_1_281' title='bbox 1221 3713 1289 3767; x_wconf 91' lang='lat' dir='ltr'><strong>ita</strong></span> <span class='ocrx_word' id='word_1_282' title='bbox 1339 3712 1455 3782; x_wconf 80' lang='lat' dir='ltr'><strong>ejus</strong></span> <span class='ocrx_word' id='word_1_283' title='bbox 1505 3720 1906 3768; x_wconf 85' lang='lat' dir='ltr'><strong>sacrosanctam</strong></span> 
     </span>
    </p>
   </div>
   <div class='ocr_carea' id='block_1_40' title="bbox 337 3800 1904 3866">
    <p class='ocr_par' dir='ltr' id='par_1_40' title="bbox 337 3800 1904 3866">
     <span class='ocr_line' id='line_1_40' title="bbox 337 3800 1904 3866; baseline 0.001 -12"><span class='ocrx_word' id='word_1_284' title='bbox 337 3800 632 3854; x_wconf 77' lang='lat' dir='ltr'><strong>Romanam</strong></span> <span class='ocrx_word' id='word_1_285' title='bbox 665 3801 956 3856; x_wconf 81' lang='lat' dir='ltr'><strong>Ecclesium</strong></span> <span class='ocrx_word' id='word_1_286' title='bbox 1003 3802 1340 3857; x_wconf 82' lang='lat' dir='ltr'><strong>decrevimus</strong></span> <span class='ocrx_word' id='word_1_287' title='bbox 1368 3815 1708 3866; x_wconf 88' lang='lat' dir='ltr'><strong>veneranter_</strong></span> <span class='ocrx_word' id='word_1_288' title='bbox 1734 3803 1904 3856; x_wconf 81' lang='lat' dir='ltr'><strong>hono-</strong></span> 
     </span>
    </p>
   </div>
   <div class='ocr_carea' id='block_1_41' title="bbox 293 3894 1907 3963">
    <p class='ocr_par' dir='ltr' id='par_1_41' title="bbox 293 3894 1907 3963">
     <span class='ocr_line' id='line_1_41' title="bbox 293 3894 1907 3963; baseline 0.001 -19"><span class='ocrx_word' id='word_1_289' title='bbox 293 3900 311 3912; x_wconf 85' lang='lat'><strong>&#39;</strong></span> <span class='ocrx_word' id='word_1_290' title='bbox 336 3907 479 3954; x_wconf 86' lang='lat' dir='ltr'><strong>rare,</strong></span> <span class='ocrx_word' id='word_1_291' title='bbox 505 3901 558 3946; x_wconf 89' lang='lat' dir='ltr'><strong>et</strong></span> <span class='ocrx_word' id='word_1_292' title='bbox 587 3894 815 3962; x_wconf 86' lang='lat' dir='ltr'><strong>amplius</strong></span> <span class='ocrx_word' id='word_1_293' title='bbox 847 3910 1006 3963; x_wconf 89' lang='lat' dir='ltr'><strong>quam</strong></span> <span class='ocrx_word' id='word_1_294' title='bbox 1032 3904 1271 3948; x_wconf 88' lang='lat' dir='ltr'><strong>nostrum</strong></span> <span class='ocrx_word' id='word_1_295' title='bbox 1295 3894 1577 3960; x_wconf 88' lang='lat' dir='ltr'><strong>imperimn</strong></span> <span class='ocrx_word' id='word_1_296' title='bbox 1610 3904 1907 3948; x_wconf 84' lang='lat' dir='ltr'><strong>terrenum-</strong></span> 
     </span>
    </p>
   </div>
   <div class='ocr_carea' id='block_1_42' title="bbox 334 3981 1907 4052">
    <p class='ocr_par' dir='ltr' id='par_1_42' title="bbox 334 3981 1907 4052">
     <span class='ocr_line' id='line_1_42' title="bbox 334 3981 1907 4052; baseline 0.001 -18"><span class='ocrx_word' id='word_1_297' title='bbox 334 3996 442 4050; x_wconf 86' lang='lat' dir='ltr'><strong>que</strong></span> <span class='ocrx_word' id='word_1_298' title='bbox 475 3982 726 4037; x_wconf 85' lang='lat' dir='ltr'><strong>thronum</strong></span> <span class='ocrx_word' id='word_1_299' title='bbox 756 3985 936 4038; x_wconf 88' lang='lat' dir='ltr'><strong>sedem</strong></span> <span class='ocrx_word' id='word_1_300' title='bbox 973 3983 1392 4037; x_wconf 78' lang='lat' dir='ltr'><strong>sacratissimum</strong></span> <span class='ocrx_word' id='word_1_301' title='bbox 1419 3981 1477 4036; x_wconf 83' lang='grc' dir='ltr'><strong>Β.</strong></span> <span class='ocrx_word' id='word_1_302' title='bbox 1509 3982 1655 4036; x_wconf 84' lang='lat' dir='ltr'><strong>l’ctri</strong></span> <span class='ocrx_word' id='word_1_303' title='bbox 1678 3981 1907 4052; x_wconf 86' lang='lat' dir='ltr'><strong>gloriose</strong></span> 
     </span>
    </p>
   </div>
   <div class='ocr_carea' id='block_1_43' title="bbox 335 4073 1905 4143">
    <p class='ocr_par' dir='ltr' id='par_1_43' title="bbox 335 4073 1905 4143">
     <span class='ocr_line' id='line_1_43' title="bbox 335 4073 1905 4143; baseline 0.002 -18"><span class='ocrx_word' id='word_1_304' title='bbox 335 4073 602 4136; x_wconf 76' lang='lat' dir='ltr'><strong>exaltare,</strong></span> <span class='ocrx_word' id='word_1_305' title='bbox 637 4073 932 4128; x_wconf 87' lang='lat' dir='ltr'><strong>tribuentes</strong></span> <span class='ocrx_word' id='word_1_306' title='bbox 953 4075 1000 4128; x_wconf 93' lang='lat' dir='ltr'><strong>ei</strong></span> <span class='ocrx_word' id='word_1_307' title='bbox 1033 4083 1354 4143; x_wconf 79' lang='lat' dir='ltr'><strong>potestatem</strong></span> <span class='ocrx_word' id='word_1_308' title='bbox 1382 4085 1433 4126; x_wconf 91' lang='lat' dir='ltr'><strong>ct</strong></span> <span class='ocrx_word' id='word_1_309' title='bbox 1461 4073 1644 4143; x_wconf 66' lang='lat' dir='ltr'><strong>gloriae</strong></span> <span class='ocrx_word' id='word_1_310' title='bbox 1673 4073 1905 4143; x_wconf 84' lang='lat' dir='ltr'><strong>dignita—</strong></span> 
     </span>
    </p>
   </div>
   <div class='ocr_carea' id='block_1_44' title="bbox 336 4161 1902 4232">
    <p class='ocr_par' dir='ltr' id='par_1_44' title="bbox 336 4161 1902 4232">
     <span class='ocr_line' id='line_1_44' title="bbox 336 4161 1902 4232; baseline 0.001 -20"><span class='ocrx_word' id='word_1_311' title='bbox 336 4167 468 4225; x_wconf 85' lang='lat' dir='ltr'><strong>tem,</strong></span> <span class='ocrx_word' id='word_1_312' title='bbox 503 4170 663 4229; x_wconf 88' lang='lat' dir='ltr'><strong>atque</strong></span> <span class='ocrx_word' id='word_1_313' title='bbox 690 4161 925 4230; x_wconf 67' lang='lat' dir='ltr'><strong>vigorem</strong></span> <span class='ocrx_word' id='word_1_314' title='bbox 955 4172 1008 4214; x_wconf 91' lang='lat' dir='ltr'><strong>et</strong></span> <span class='ocrx_word' id='word_1_315' title='bbox 1057 4163 1519 4215; x_wconf 76' lang='lat' dir='ltr'><strong>honoriﬁcentiam</strong></span> <span class='ocrx_word' id='word_1_316' title='bbox 1545 4162 1902 4232; x_wconf 85' lang='lat' dir='ltr'><strong>imperialem;</strong></span> 
     </span>
    </p>
   </div>
   <div class='ocr_carea' id='block_1_45' title="bbox 333 4250 1904 4321">
    <p class='ocr_par' dir='ltr' id='par_1_45' title="bbox 333 4250 1904 4321">
     <span class='ocr_line' id='line_1_45' title="bbox 333 4250 1904 4321; baseline 0.004 -20"><span class='ocrx_word' id='word_1_317' title='bbox 333 4259 498 4318; x_wconf 86' lang='lat' dir='ltr'><strong>atque</strong></span> <span class='ocrx_word' id='word_1_318' title='bbox 529 4250 878 4304; x_wconf 86' lang='lat' dir='ltr'><strong>decernentes</strong></span> <span class='ocrx_word' id='word_1_319' title='bbox 907 4252 1178 4306; x_wconf 76' lang='lat' dir='ltr'><strong>sancimus</strong></span> <span class='ocrx_word' id='word_1_320' title='bbox 1207 4260 1265 4306; x_wconf 94' lang='lat' dir='ltr'><strong>ut</strong></span> <span class='ocrx_word' id='word_1_321' title='bbox 1294 4253 1648 4321; x_wconf 87' lang='lat' dir='ltr'><strong>principatum</strong></span> <span class='ocrx_word' id='word_1_322' title='bbox 1706 4263 1904 4319; x_wconf 88' lang='lat' dir='ltr'><strong>teneat,</strong></span> 
     </span>
    </p>
   </div>
   <div class='ocr_carea' id='block_1_46' title="bbox 335 4341 1907 4410">
    <p class='ocr_par' dir='ltr' id='par_1_46' title="bbox 335 4341 1907 4410">
     <span class='ocr_line' id='line_1_46' title="bbox 335 4341 1907 4410; baseline 0.005 -18"><span class='ocrx_word' id='word_1_323' title='bbox 335 4350 446 4393; x_wconf 88' lang='lat' dir='ltr'><strong>tam</strong></span> <span class='ocrx_word' id='word_1_324' title='bbox 473 4355 634 4409; x_wconf 87' lang='lat' dir='ltr'><strong>super</strong></span> <span class='ocrx_word' id='word_1_325' title='bbox 661 4351 894 4410; x_wconf 86' lang='lat' dir='ltr'><strong>quatuor</strong></span> <span class='ocrx_word' id='word_1_326' title='bbox 923 4341 1096 4408; x_wconf 83' lang='lat' dir='ltr'><strong>sedes,</strong></span> <span class='ocrx_word' id='word_1_327' title='bbox 1127 4343 1564 4408; x_wconf 78' lang='lat' dir='ltr'><strong>Alexamlrinam,</strong></span> <span class='ocrx_word' id='word_1_328' title='bbox 1619 4344 1907 4400; x_wconf 77' lang='lat' dir='ltr'><strong>Antioche-</strong></span> 
     </span>
    </p>
   </div>
   <div class='ocr_carea' id='block_1_47' title="bbox 333 4428 1905 4504">
    <p class='ocr_par' dir='ltr' id='par_1_47' title="bbox 333 4428 1905 4504">
     <span class='ocr_line' id='line_1_47' title="bbox 333 4428 1905 4504; baseline 0.004 -22"><span class='ocrx_word' id='word_1_329' title='bbox 333 4444 500 4495; x_wconf 87' lang='lat' dir='ltr'><strong>nam,</strong></span> <span class='ocrx_word' id='word_1_330' title='bbox 543 4428 1080 4502; x_wconf 80' lang='lat' dir='ltr'><strong>Hierosolymilanaut</strong></span> <span class='ocrx_word' id='word_1_331' title='bbox 1127 4447 1190 4487; x_wconf 88' lang='lat' dir='ltr'><strong>ae</strong></span> <span class='ocrx_word' id='word_1_332' title='bbox 1233 4433 1905 4504; x_wconf 78' lang='lat' dir='ltr'><strong>Constantinopolilanam,</strong></span> 
     </span>
    </p>
   </div>
   <div class='ocr_carea' id='block_1_48' title="bbox 2001 631 3575 700">
    <p class='ocr_par' dir='ltr' id='par_1_48' title="bbox 2001 631 3575 700">
     <span class='ocr_line' id='line_1_48' title="bbox 2001 631 3575 700; baseline 0.003 -18"><span class='ocrx_word' id='word_1_333' title='bbox 2001 646 2117 683; x_wconf 89' lang='lat' dir='ltr'><strong>rum</strong></span> <span class='ocrx_word' id='word_1_334' title='bbox 2146 631 2428 683; x_wconf 87' lang='lat' dir='ltr'><strong>doctorum</strong></span> <span class='ocrx_word' id='word_1_335' title='bbox 2471 639 2754 699; x_wconf 78' lang='lat' dir='ltr'><strong>quiescum</strong></span> <span class='ocrx_word' id='word_1_336' title='bbox 2809 646 3070 698; x_wconf 86' lang='lat' dir='ltr'><strong>corpora;</strong></span> <span class='ocrx_word' id='word_1_337' title='bbox 3105 641 3157 686; x_wconf 90' lang='lat' dir='ltr'><strong>et</strong></span> <span class='ocrx_word' id='word_1_338' title='bbox 3189 631 3277 694; x_wconf 87' lang='lat' dir='ltr'><strong>ibi,</strong></span> <span class='ocrx_word' id='word_1_339' title='bbox 3311 634 3463 700; x_wconf 90' lang='lat' dir='ltr'><strong>proni</strong></span> <span class='ocrx_word' id='word_1_340' title='bbox 3509 643 3575 686; x_wconf 85' lang='lat' dir='ltr'><strong>ac</strong></span> 
     </span>
    </p>
   </div>
   <div class='ocr_carea' id='block_1_49' title="bbox 2001 720 3573 789">
    <p class='ocr_par' dir='ltr' id='par_1_49' title="bbox 2001 720 3573 789">
     <span class='ocr_line' id='line_1_49' title="bbox 2001 720 3573 789; baseline 0.001 -14"><span class='ocrx_word' id='word_1_341' title='bbox 2001 723 2163 775; x_wconf 78' lang='lat' dir='ltr'><strong>lu‘tmo</strong></span> <span class='ocrx_word' id='word_1_342' title='bbox 2178 722 2452 789; x_wconf 85' lang='lat' dir='ltr'><strong>prostrati,</strong></span> <span class='ocrx_word' id='word_1_343' title='bbox 2479 721 2716 775; x_wconf 73' lang='lat' dir='ltr'><strong>cmlestis</strong></span> <span class='ocrx_word' id='word_1_344' title='bbox 2737 721 2878 788; x_wconf 79' lang='lat' dir='ltr'><strong>regis</strong></span> <span class='ocrx_word' id='word_1_345' title='bbox 2894 721 2983 774; x_wconf 80' lang='lat' dir='ltr'><strong>Dei</strong></span> <span class='ocrx_word' id='word_1_346' title='bbox 3001 730 3054 774; x_wconf 92' lang='lat' dir='ltr'><strong>et</strong></span> <span class='ocrx_word' id='word_1_347' title='bbox 3083 720 3380 776; x_wconf 80' lang='lat' dir='ltr'><strong>Salvalot&#39;is</strong></span> <span class='ocrx_word' id='word_1_348' title='bbox 3397 724 3573 777; x_wconf 71' lang='lat' dir='ltr'><strong>nostri</strong></span> 
     </span>
    </p>
   </div>
   <div class='ocr_carea' id='block_1_50' title="bbox 1997 809 3579 881">
    <p class='ocr_par' dir='ltr' id='par_1_50' title="bbox 1997 809 3579 881">
     <span class='ocr_line' id='line_1_50' title="bbox 1997 809 3579 881; baseline 0 -16"><span class='ocrx_word' id='word_1_349' title='bbox 1997 811 2123 865; x_wconf 76' lang='lat' dir='ltr'><strong>Jesu</strong></span> <span class='ocrx_word' id='word_1_350' title='bbox 2161 810 2358 866; x_wconf 85' lang='lat' dir='ltr'><strong>Christi</strong></span> <span class='ocrx_word' id='word_1_351' title='bbox 2383 810 2707 864; x_wconf 86' lang='lat' dir='ltr'><strong>famulentur</strong></span> <span class='ocrx_word' id='word_1_352' title='bbox 2759 809 2952 874; x_wconf 84' lang='lat' dir='ltr'><strong>olllcio,</strong></span> <span class='ocrx_word' id='word_1_353' title='bbox 2991 810 3078 864; x_wconf 86' lang='lat' dir='ltr'><strong>ubi</strong></span> <span class='ocrx_word' id='word_1_354' title='bbox 3120 812 3334 881; x_wconf 90' lang='lat' dir='ltr'><strong>superbi</strong></span> <span class='ocrx_word' id='word_1_355' title='bbox 3371 815 3579 866; x_wconf 79' lang='lat' dir='ltr'><strong>terreni</strong></span> 
     </span>
    </p>
   </div>
   <div class='ocr_carea' id='block_1_51' title="bbox 2003 901 3583 973">
    <p class='ocr_par' dir='ltr' id='par_1_51' title="bbox 2003 901 3583 973">
     <span class='ocr_line' id='line_1_51' title="bbox 2003 901 3583 973; baseline 0.001 -19"><span class='ocrx_word' id='word_1_356' title='bbox 2003 903 2144 973; x_wconf 85' lang='lat' dir='ltr'><strong>regis</strong></span> <span class='ocrx_word' id='word_1_357' title='bbox 2173 903 2479 956; x_wconf 80' lang='lat' dir='ltr'><strong>serviebant</strong></span> <span class='ocrx_word' id='word_1_358' title='bbox 2500 901 2744 970; x_wconf 90' lang='lat' dir='ltr'><strong>imperio.</strong></span> <span class='ocrx_word' id='word_1_359' title='bbox 2778 922 2796 953; x_wconf 73' lang='grc' dir='ltr'><strong>ι</strong></span> <span class='ocrx_word' id='word_1_360' title='bbox 2830 902 2898 956; x_wconf 79' lang='lat' dir='ltr'><strong>Et</strong></span> <span class='ocrx_word' id='word_1_361' title='bbox 2935 902 3208 956; x_wconf 84' lang='lat' dir='ltr'><strong>succincte</strong></span> <span class='ocrx_word' id='word_1_362' title='bbox 3245 917 3583 956; x_wconf 85' lang='lat' dir='ltr'><strong>commemo--</strong></span> 
     </span>
    </p>
   </div>
   <div class='ocr_carea' id='block_1_52' title="bbox 1995 989 3578 1062">
    <p class='ocr_par' dir='ltr' id='par_1_52' title="bbox 1995 989 3578 1062">
     <span class='ocr_line' id='line_1_52' title="bbox 1995 989 3578 1062; baseline 0.003 -18"><span class='ocrx_word' id='word_1_363' title='bbox 1995 1004 2119 1046; x_wconf 78' lang='lat' dir='ltr'><strong>rato</strong></span> <span class='ocrx_word' id='word_1_364' title='bbox 2157 1006 2254 1045; x_wconf 91' lang='lat' dir='ltr'><strong>suo</strong></span> <span class='ocrx_word' id='word_1_365' title='bbox 2283 991 2461 1044; x_wconf 88' lang='lat' dir='ltr'><strong>studio</strong></span> <span class='ocrx_word' id='word_1_366' title='bbox 2485 1000 2538 1045; x_wconf 86' lang='lat' dir='ltr'><strong>et</strong></span> <span class='ocrx_word' id='word_1_367' title='bbox 2573 991 2852 1045; x_wconf 81' lang='lat' dir='ltr'><strong>devotione</strong></span> <span class='ocrx_word' id='word_1_368' title='bbox 2886 992 2938 1045; x_wconf 92' lang='lat' dir='ltr'><strong>iu</strong></span> <span class='ocrx_word' id='word_1_369' title='bbox 2967 993 3345 1045; x_wconf 86' lang='lat' dir='ltr'><strong>construendis</strong></span> <span class='ocrx_word' id='word_1_370' title='bbox 3372 989 3578 1062; x_wconf 80' lang='lat' dir='ltr'><strong>aliquot</strong></span> 
     </span>
    </p>
   </div>
   <div class='ocr_carea' id='block_1_53' title="bbox 2001 1081 3576 1150">
    <p class='ocr_par' dir='ltr' id='par_1_53' title="bbox 2001 1081 3576 1150">
     <span class='ocr_line' id='line_1_53' title="bbox 2001 1081 3576 1150; baseline 0.001 -16"><span class='ocrx_word' id='word_1_371' title='bbox 2001 1092 2310 1134; x_wconf 76' lang='lat' dir='ltr'><strong>sanctorum</strong></span> <span class='ocrx_word' id='word_1_372' title='bbox 2341 1081 2578 1134; x_wconf 85' lang='lat' dir='ltr'><strong>basilicis</strong></span> <span class='ocrx_word' id='word_1_373' title='bbox 2604 1091 2658 1133; x_wconf 92' lang='lat' dir='ltr'><strong>et</strong></span> <span class='ocrx_word' id='word_1_374' title='bbox 2685 1081 3042 1150; x_wconf 89' lang='lat' dir='ltr'><strong>imperialium</strong></span> <span class='ocrx_word' id='word_1_375' title='bbox 3078 1081 3428 1137; x_wconf 86' lang='lat' dir='ltr'><strong>donationum</strong></span> <span class='ocrx_word' id='word_1_376' title='bbox 3457 1097 3576 1136; x_wconf 65' lang='lat' dir='ltr'><strong>mae</strong></span> 
     </span>
    </p>
   </div>
   <div class='ocr_carea' id='block_1_54' title="bbox 2000 1169 3582 1241">
    <p class='ocr_par' dir='ltr' id='par_1_54' title="bbox 2000 1169 3582 1241">
     <span class='ocr_line' id='line_1_54' title="bbox 2000 1169 3582 1241; baseline 0.004 -18"><span class='ocrx_word' id='word_1_377' title='bbox 2000 1170 2307 1241; x_wconf 82' lang='lat' dir='ltr'><strong>gniﬁcentia</strong></span> <span class='ocrx_word' id='word_1_378' title='bbox 2346 1169 2682 1226; x_wconf 85' lang='lat' dir='ltr'><strong>abundanter</strong></span> <span class='ocrx_word' id='word_1_379' title='bbox 2712 1171 2918 1235; x_wconf 85' lang='lat' dir='ltr'><strong>ditatis,</strong></span> <span class='ocrx_word' id='word_1_380' title='bbox 2976 1171 3053 1225; x_wconf 86' lang='lat' dir='ltr'><strong>ait</strong></span> <span class='ocrx_word' id='word_1_381' title='bbox 3102 1189 3115 1224; x_wconf 89' lang='lat'><strong>:</strong></span> <span class='ocrx_word' id='word_1_382' title='bbox 3159 1189 3178 1222; x_wconf 74' lang='grc' dir='ltr'>ι</span> <span class='ocrx_word' id='word_1_383' title='bbox 3223 1171 3582 1230; x_wconf 71' lang='grc' dir='ltr'><strong>(Συιιεθάἱωω</strong></span> 
     </span>
    </p>
   </div>
   <div class='ocr_carea' id='block_1_55' title="bbox 2003 1261 3576 1330">
    <p class='ocr_par' dir='ltr' id='par_1_55' title="bbox 2003 1261 3576 1330">
     <span class='ocr_line' id='line_1_55' title="bbox 2003 1261 3576 1330; baseline 0.003 -16"><span class='ocrx_word' id='word_1_384' title='bbox 2003 1263 2134 1330; x_wconf 78' lang='lat' dir='ltr'><strong>ipsis</strong></span> <span class='ocrx_word' id='word_1_385' title='bbox 2163 1262 2368 1316; x_wconf 86' lang='lat' dir='ltr'><strong>sanctis</strong></span> <span class='ocrx_word' id='word_1_386' title='bbox 2395 1261 2676 1330; x_wconf 87' lang='lat' dir='ltr'><strong>apostolis,</strong></span> <span class='ocrx_word' id='word_1_387' title='bbox 2711 1262 2944 1318; x_wconf 87' lang='lat' dir='ltr'><strong>dominis</strong></span> <span class='ocrx_word' id='word_1_388' title='bbox 2979 1262 3310 1318; x_wconf 86' lang='lat' dir='ltr'><strong>beatissimis</strong></span> <span class='ocrx_word' id='word_1_389' title='bbox 3332 1262 3493 1319; x_wconf 80' lang='lat' dir='ltr'><strong>Petro</strong></span> <span class='ocrx_word' id='word_1_390' title='bbox 3522 1271 3576 1318; x_wconf 73' lang='lat' dir='ltr'><strong>et</strong></span> 
     </span>
    </p>
   </div>
   <div class='ocr_carea' id='block_1_56' title="bbox 2003 1351 3575 1423">
    <p class='ocr_par' dir='ltr' id='par_1_56' title="bbox 2003 1351 3575 1423">
     <span class='ocr_line' id='line_1_56' title="bbox 2003 1351 3575 1423; baseline 0.004 -18"><span class='ocrx_word' id='word_1_391' title='bbox 2003 1351 2188 1418; x_wconf 85' lang='lat' dir='ltr'><strong>Paulo,</strong></span> <span class='ocrx_word' id='word_1_392' title='bbox 2218 1363 2272 1406; x_wconf 89' lang='lat' dir='ltr'><strong>et</strong></span> <span class='ocrx_word' id='word_1_393' title='bbox 2298 1368 2392 1422; x_wconf 88' lang='lat' dir='ltr'><strong>per</strong></span> <span class='ocrx_word' id='word_1_394' title='bbox 2422 1355 2519 1407; x_wconf 91' lang='lat' dir='ltr'><strong>hos</strong></span> <span class='ocrx_word' id='word_1_395' title='bbox 2537 1352 2700 1407; x_wconf 89' lang='lat' dir='ltr'><strong>etiam</strong></span> <span class='ocrx_word' id='word_1_396' title='bbox 2727 1353 2884 1410; x_wconf 89' lang='lat' dir='ltr'><strong>beato</strong></span> <span class='ocrx_word' id='word_1_397' title='bbox 2906 1355 3168 1409; x_wconf 82' lang='lat' dir='ltr'><strong>Silvestre</strong></span> <span class='ocrx_word' id='word_1_398' title='bbox 3187 1355 3336 1411; x_wconf 80' lang='lat' dir='ltr'><strong>Patri</strong></span> <span class='ocrx_word' id='word_1_399' title='bbox 3369 1366 3575 1423; x_wconf 87' lang='lat' dir='ltr'><strong>nostro,</strong></span> 
     </span>
    </p>
   </div>
   <div class='ocr_carea' id='block_1_57' title="bbox 2003 1442 3583 1515">
    <p class='ocr_par' dir='ltr' id='par_1_57' title="bbox 2003 1442 3583 1515">
     <span class='ocr_line' id='line_1_57' title="bbox 2003 1442 3583 1515; baseline 0.001 -20"><span class='ocrx_word' id='word_1_400' title='bbox 2003 1457 2217 1495; x_wconf 89' lang='lat' dir='ltr'><strong>summo</strong></span> <span class='ocrx_word' id='word_1_401' title='bbox 2256 1442 2516 1510; x_wconf 77' lang='lat' dir='ltr'><strong>pontitici,</strong></span> <span class='ocrx_word' id='word_1_402' title='bbox 2549 1452 2604 1497; x_wconf 81' lang='lat' dir='ltr'><strong>et</strong></span> <span class='ocrx_word' id='word_1_403' title='bbox 2636 1443 3092 1498; x_wconf 77' lang='lat' dir='ltr'><strong>universaliurbis</strong></span> <span class='ocrx_word' id='word_1_404' title='bbox 3127 1444 3306 1499; x_wconf 77' lang='lat' dir='ltr'><strong>Roma:</strong></span> <span class='ocrx_word' id='word_1_405' title='bbox 3329 1461 3502 1515; x_wconf 73' lang='grc' dir='ltr'><strong>νίψω,</strong></span> <span class='ocrx_word' id='word_1_406' title='bbox 3527 1456 3583 1499; x_wconf 73' lang='lat' dir='ltr'><strong>et</strong></span> 
     </span>
    </p>
   </div>
   <div class='ocr_carea' id='block_1_58' title="bbox 2001 1533 3576 1606">
    <p class='ocr_par' dir='ltr' id='par_1_58' title="bbox 2001 1533 3576 1606">
     <span class='ocr_line' id='line_1_58' title="bbox 2001 1533 3576 1606; baseline 0.003 -20"><span class='ocrx_word' id='word_1_407' title='bbox 2001 1535 2252 1587; x_wconf 88' lang='lat' dir='ltr'><strong>onmibus</strong></span> <span class='ocrx_word' id='word_1_408' title='bbox 2275 1533 2390 1600; x_wconf 75' lang='lat' dir='ltr'><strong>ejus</strong></span> <span class='ocrx_word' id='word_1_409' title='bbox 2426 1535 2825 1588; x_wconf 84' lang='lat' dir='ltr'><strong>successoribus</strong></span> <span class='ocrx_word' id='word_1_410' title='bbox 2854 1537 3223 1604; x_wconf 76' lang='lat' dir='ltr'><strong>pontificibus,</strong></span> <span class='ocrx_word' id='word_1_411' title='bbox 3259 1539 3349 1606; x_wconf 88' lang='lat' dir='ltr'><strong>qui</strong></span> <span class='ocrx_word' id='word_1_412' title='bbox 3401 1553 3576 1605; x_wconf 87' lang='lat' dir='ltr'><strong>usque</strong></span> 
     </span>
    </p>
   </div>
   <div class='ocr_carea' id='block_1_59' title="bbox 2006 1627 3578 1692">
    <p class='ocr_par' dir='ltr' id='par_1_59' title="bbox 2006 1627 3578 1692">
     <span class='ocr_line' id='line_1_59' title="bbox 2006 1627 3578 1692; baseline 0.002 -13"><span class='ocrx_word' id='word_1_413' title='bbox 2006 1627 2057 1679; x_wconf 91' lang='lat' dir='ltr'><strong>in</strong></span> <span class='ocrx_word' id='word_1_414' title='bbox 2083 1628 2240 1678; x_wconf 88' lang='lat' dir='ltr'><strong>linem</strong></span> <span class='ocrx_word' id='word_1_415' title='bbox 2269 1627 2448 1679; x_wconf 88' lang='lat' dir='ltr'><strong>mtmdi</strong></span> <span class='ocrx_word' id='word_1_416' title='bbox 2507 1628 2558 1680; x_wconf 91' lang='lat' dir='ltr'><strong>in</strong></span> <span class='ocrx_word' id='word_1_417' title='bbox 2588 1627 2714 1681; x_wconf 88' lang='lat' dir='ltr'><strong>sede</strong></span> <span class='ocrx_word' id='word_1_418' title='bbox 2741 1627 2880 1682; x_wconf 87' lang='lat' dir='ltr'><strong>beati</strong></span> <span class='ocrx_word' id='word_1_419' title='bbox 2936 1629 3078 1682; x_wconf 81' lang='lat' dir='ltr'><strong>Petri</strong></span> <span class='ocrx_word' id='word_1_420' title='bbox 3133 1639 3294 1682; x_wconf 91' lang='lat' dir='ltr'><strong>erunt</strong></span> <span class='ocrx_word' id='word_1_421' title='bbox 3353 1632 3578 1692; x_wconf 81' lang='lat' dir='ltr'><strong>sessuri,</strong></span> 
     </span>
    </p>
   </div>
   <div class='ocr_carea' id='block_1_60' title="bbox 2005 1716 3582 1788">
    <p class='ocr_par' dir='ltr' id='par_1_60' title="bbox 2005 1716 3582 1788">
     <span class='ocr_line' id='line_1_60' title="bbox 2005 1716 3582 1788; baseline 0.004 -20"><span class='ocrx_word' id='word_1_422' title='bbox 2005 1724 2167 1784; x_wconf 88' lang='lat' dir='ltr'><strong>atque</strong></span> <span class='ocrx_word' id='word_1_423' title='bbox 2212 1716 2277 1769; x_wconf 91' lang='lat' dir='ltr'><strong>de</strong></span> <span class='ocrx_word' id='word_1_424' title='bbox 2321 1716 2568 1784; x_wconf 73' lang='lat' dir='ltr'><strong>pra-senti</strong></span> <span class='ocrx_word' id='word_1_425' title='bbox 2637 1718 3004 1772; x_wconf 69' lang='lat' dir='ltr'><strong>conti-adimus</strong></span> <span class='ocrx_word' id='word_1_426' title='bbox 3055 1719 3309 1787; x_wconf 85' lang='lat' dir='ltr'><strong>palatium</strong></span> <span class='ocrx_word' id='word_1_427' title='bbox 3369 1719 3582 1788; x_wconf 80' lang='lat' dir='ltr'><strong>imperii</strong></span> 
     </span>
    </p>
   </div>
   <div class='ocr_carea' id='block_1_61' title="bbox 2007 1806 3580 1878">
    <p class='ocr_par' dir='ltr' id='par_1_61' title="bbox 2007 1806 3580 1878">
     <span class='ocr_line' id='line_1_61' title="bbox 2007 1806 3580 1878; baseline 0.005 -20"><span class='ocrx_word' id='word_1_428' title='bbox 2007 1808 2171 1861; x_wconf 77' lang='lat' dir='ltr'><strong>nostri</strong></span> <span class='ocrx_word' id='word_1_429' title='bbox 2204 1806 2586 1872; x_wconf 87' lang='lat' dir='ltr'><strong>Lateranense,</strong></span> <span class='ocrx_word' id='word_1_430' title='bbox 2619 1809 2761 1878; x_wconf 90' lang='lat' dir='ltr'><strong>quod</strong></span> <span class='ocrx_word' id='word_1_431' title='bbox 2804 1809 3053 1864; x_wconf 86' lang='lat' dir='ltr'><strong>omnibus</strong></span> <span class='ocrx_word' id='word_1_432' title='bbox 3082 1810 3133 1863; x_wconf 94' lang='lat' dir='ltr'><strong>in</strong></span> <span class='ocrx_word' id='word_1_433' title='bbox 3176 1819 3286 1871; x_wconf 79' lang='lat' dir='ltr'><strong>toto</strong></span> <span class='ocrx_word' id='word_1_434' title='bbox 3315 1811 3444 1865; x_wconf 85' lang='lat' dir='ltr'><strong>orbe</strong></span> <span class='ocrx_word' id='word_1_435' title='bbox 3469 1820 3580 1866; x_wconf 84' lang='lat' dir='ltr'><strong>ter-</strong></span> 
     </span>
    </p>
   </div>
   <div class='ocr_carea' id='block_1_62' title="bbox 2005 1899 3584 1971">
    <p class='ocr_par' dir='ltr' id='par_1_62' title="bbox 2005 1899 3584 1971">
     <span class='ocr_line' id='line_1_62' title="bbox 2005 1899 3584 1971; baseline 0.003 -16"><span class='ocrx_word' id='word_1_436' title='bbox 2005 1915 2184 1956; x_wconf 80' lang='lat' dir='ltr'><strong>rarum</strong></span> <span class='ocrx_word' id='word_1_437' title='bbox 2206 1899 2490 1968; x_wconf 75' lang='lat' dir='ltr'><strong>praefertur</strong></span> <span class='ocrx_word' id='word_1_438' title='bbox 2515 1911 2675 1970; x_wconf 79' lang='lat' dir='ltr'><strong>atque</strong></span> <span class='ocrx_word' id='word_1_439' title='bbox 2700 1901 2954 1970; x_wconf 66' lang='lat' dir='ltr'><strong>prtecellit</strong></span> <span class='ocrx_word' id='word_1_440' title='bbox 2973 1902 3184 1971; x_wconf 79' lang='lat' dir='ltr'><strong>palatiis</strong></span> <span class='ocrx_word' id='word_1_441' title='bbox 3210 1921 3222 1956; x_wconf 91' lang='lat'><strong>:</strong></span> <span class='ocrx_word' id='word_1_442' title='bbox 3249 1904 3442 1956; x_wconf 85' lang='lat' dir='ltr'><strong>deinde</strong></span> <span class='ocrx_word' id='word_1_443' title='bbox 3470 1903 3584 1959; x_wconf 82' lang='lat' dir='ltr'><strong>dia-</strong></span> 
     </span>
    </p>
   </div>
   <div class='ocr_carea' id='block_1_63' title="bbox 2004 1990 3586 2062">
    <p class='ocr_par' dir='ltr' id='par_1_63' title="bbox 2004 1990 3586 2062">
     <span class='ocr_line' id='line_1_63' title="bbox 2004 1990 3586 2062; baseline 0.002 -20"><span class='ocrx_word' id='word_1_444' title='bbox 2004 1990 2180 2053; x_wconf 83' lang='lat' dir='ltr'><strong>dema,</strong></span> <span class='ocrx_word' id='word_1_445' title='bbox 2241 1991 2487 2044; x_wconf 77' lang='lat' dir='ltr'><strong>videlicet</strong></span> <span class='ocrx_word' id='word_1_446' title='bbox 2537 2007 2788 2045; x_wconf 82' lang='lat' dir='ltr'><strong>coronam</strong></span> <span class='ocrx_word' id='word_1_447' title='bbox 2836 1992 3028 2060; x_wconf 84' lang='lat' dir='ltr'><strong>capitis</strong></span> <span class='ocrx_word' id='word_1_448' title='bbox 3081 1993 3268 2056; x_wconf 88' lang='lat' dir='ltr'><strong>nostri,</strong></span> <span class='ocrx_word' id='word_1_449' title='bbox 3317 1991 3586 2062; x_wconf 75' lang='lat' dir='ltr'><strong>simulque</strong></span> 
     </span>
    </p>
   </div>
   <div class='ocr_carea' id='block_1_64' title="bbox 2007 2081 3580 2150">
    <p class='ocr_par' dir='ltr' id='par_1_64' title="bbox 2007 2081 3580 2150">
     <span class='ocr_line' id='line_1_64' title="bbox 2007 2081 3580 2150; baseline 0.003 -19"><span class='ocrx_word' id='word_1_450' title='bbox 2007 2081 2310 2150; x_wconf 75' lang='lat' dir='ltr'><strong>phrygium,</strong></span> <span class='ocrx_word' id='word_1_451' title='bbox 2343 2097 2550 2135; x_wconf 86' lang='lat' dir='ltr'><strong>necnon</strong></span> <span class='ocrx_word' id='word_1_452' title='bbox 2575 2090 2624 2135; x_wconf 88' lang='lat' dir='ltr'><strong>el</strong></span> <span class='ocrx_word' id='word_1_453' title='bbox 2647 2083 3110 2150; x_wconf 69' lang='lat' dir='ltr'><strong>sapct-lnnnerale.</strong></span> <span class='ocrx_word' id='word_1_454' title='bbox 3128 2083 3377 2138; x_wconf 80' lang='lat' dir='ltr'><strong>videlicet</strong></span> <span class='ocrx_word' id='word_1_455' title='bbox 3407 2085 3580 2138; x_wconf 88' lang='lat' dir='ltr'><strong>lorum</strong></span> 
     </span>
    </p>
   </div>
   <div class='ocr_carea' id='block_1_65' title="bbox 2003 2169 3582 2238">
    <p class='ocr_par' dir='ltr' id='par_1_65' title="bbox 2003 2169 3582 2238">
     <span class='ocr_line' id='line_1_65' title="bbox 2003 2169 3582 2238; baseline 0.004 -19"><span class='ocrx_word' id='word_1_456' title='bbox 2003 2169 2145 2238; x_wconf 84' lang='lat' dir='ltr'><strong>quod</strong></span> <span class='ocrx_word' id='word_1_457' title='bbox 2197 2169 2473 2238; x_wconf 81' lang='lat' dir='ltr'><strong>imperiale</strong></span> <span class='ocrx_word' id='word_1_458' title='bbox 2523 2171 2864 2224; x_wconf 84' lang='lat' dir='ltr'><strong>circumdare</strong></span> <span class='ocrx_word' id='word_1_459' title='bbox 2892 2172 3086 2225; x_wconf 88' lang='lat' dir='ltr'><strong>assolet</strong></span> <span class='ocrx_word' id='word_1_460' title='bbox 3118 2173 3345 2237; x_wconf 82' lang='lat' dir='ltr'><strong>collum;</strong></span> <span class='ocrx_word' id='word_1_461' title='bbox 3395 2190 3582 2228; x_wconf 89' lang='lat' dir='ltr'><strong>verum</strong></span> 
     </span>
    </p>
   </div>
   <div class='ocr_carea' id='block_1_66' title="bbox 2001 2261 3581 2332">
    <p class='ocr_par' dir='ltr' id='par_1_66' title="bbox 2001 2261 3581 2332">
     <span class='ocr_line' id='line_1_66' title="bbox 2001 2261 3581 2332; baseline 0.001 -19"><span class='ocrx_word' id='word_1_462' title='bbox 2001 2262 2166 2314; x_wconf 82' lang='lat' dir='ltr'><strong>etiam</strong></span> <span class='ocrx_word' id='word_1_463' title='bbox 2221 2270 2272 2315; x_wconf 85' lang='lat' dir='ltr'><strong>et</strong></span> <span class='ocrx_word' id='word_1_464' title='bbox 2326 2261 2661 2332; x_wconf 80' lang='lat' dir='ltr'><strong>chlamydem</strong></span> <span class='ocrx_word' id='word_1_465' title='bbox 2728 2278 3074 2331; x_wconf 81' lang='lat' dir='ltr'><strong>purpuream,</strong></span> <span class='ocrx_word' id='word_1_466' title='bbox 3128 2274 3288 2332; x_wconf 85' lang='lat' dir='ltr'><strong>atque</strong></span> <span class='ocrx_word' id='word_1_467' title='bbox 3348 2267 3581 2319; x_wconf 82' lang='lat' dir='ltr'><strong>tuu&#39;cam</strong></span> 
     </span>
    </p>
   </div>
   <div class='ocr_carea' id='block_1_67' title="bbox 2006 2350 3585 2422">
    <p class='ocr_par' dir='ltr' id='par_1_67' title="bbox 2006 2350 3585 2422">
     <span class='ocr_line' id='line_1_67' title="bbox 2006 2350 3585 2422; baseline 0.004 -19"><span class='ocrx_word' id='word_1_468' title='bbox 2006 2350 2338 2415; x_wconf 77' lang='lat' dir='ltr'><strong>coccineum,</strong></span> <span class='ocrx_word' id='word_1_469' title='bbox 2369 2360 2422 2404; x_wconf 86' lang='lat' dir='ltr'><strong>et</strong></span> <span class='ocrx_word' id='word_1_470' title='bbox 2473 2353 2651 2406; x_wconf 87' lang='lat' dir='ltr'><strong>omnia</strong></span> <span class='ocrx_word' id='word_1_471' title='bbox 2681 2352 2980 2422; x_wconf 86' lang='lat' dir='ltr'><strong>imperialia</strong></span> <span class='ocrx_word' id='word_1_472' title='bbox 3027 2354 3357 2418; x_wconf 85' lang='lat' dir='ltr'><strong>indumenta,</strong></span> <span class='ocrx_word' id='word_1_473' title='bbox 3406 2361 3496 2410; x_wconf 86' lang='lat' dir='ltr'><strong>sed</strong></span> <span class='ocrx_word' id='word_1_474' title='bbox 3530 2367 3585 2410; x_wconf 85' lang='lat' dir='ltr'><strong>et</strong></span> 
     </span>
    </p>
   </div>
   <div class='ocr_carea' id='block_1_68' title="bbox 2007 2441 3584 2515">
    <p class='ocr_par' dir='ltr' id='par_1_68' title="bbox 2007 2441 3584 2515">
     <span class='ocr_line' id='line_1_68' title="bbox 2007 2441 3584 2515; baseline 0.003 -19"><span class='ocrx_word' id='word_1_475' title='bbox 2007 2441 2322 2512; x_wconf 79' lang='lat' dir='ltr'><strong>dignitatem</strong></span> <span class='ocrx_word' id='word_1_476' title='bbox 2352 2444 2706 2512; x_wconf 86' lang='lat' dir='ltr'><strong>itnperialium</strong></span> <span class='ocrx_word' id='word_1_477' title='bbox 2732 2443 3134 2513; x_wconf 58' lang='lat' dir='ltr'><strong>praesidentium</strong></span> <span class='ocrx_word' id='word_1_478' title='bbox 3165 2447 3426 2515; x_wconf 90' lang='lat' dir='ltr'><strong>equitum,</strong></span> <span class='ocrx_word' id='word_1_479' title='bbox 3457 2461 3584 2501; x_wconf 58' lang='lat' dir='ltr'><strong>cono</strong></span> 
     </span>
    </p>
   </div>
   <div class='ocr_carea' id='block_1_69' title="bbox 2009 2530 3583 2604">
    <p class='ocr_par' dir='ltr' id='par_1_69' title="bbox 2009 2530 3583 2604">
     <span class='ocr_line' id='line_1_69' title="bbox 2009 2530 3583 2604; baseline 0.007 -23"><span class='ocrx_word' id='word_1_480' title='bbox 2009 2530 2243 2584; x_wconf 86' lang='lat' dir='ltr'><strong>ferentes</strong></span> <span class='ocrx_word' id='word_1_481' title='bbox 2265 2531 2313 2584; x_wconf 88' lang='lat' dir='ltr'><strong>ei</strong></span> <span class='ocrx_word' id='word_1_482' title='bbox 2331 2531 2492 2584; x_wconf 89' lang='lat' dir='ltr'><strong>etiam</strong></span> <span class='ocrx_word' id='word_1_483' title='bbox 2518 2532 2810 2600; x_wconf 87' lang='lat' dir='ltr'><strong>imperialia</strong></span> <span class='ocrx_word' id='word_1_484' title='bbox 2836 2542 3069 2602; x_wconf 88' lang='lat' dir='ltr'><strong>sceptra,</strong></span> <span class='ocrx_word' id='word_1_485' title='bbox 3099 2534 3363 2604; x_wconf 88' lang='lat' dir='ltr'><strong>simulque</strong></span> <span class='ocrx_word' id='word_1_486' title='bbox 3389 2545 3583 2592; x_wconf 82' lang='lat' dir='ltr'><strong>cuncta</strong></span> 
     </span>
    </p>
   </div>
   <div class='ocr_carea' id='block_1_70' title="bbox 2008 2624 3583 2692">
    <p class='ocr_par' dir='ltr' id='par_1_70' title="bbox 2008 2624 3583 2692">
     <span class='ocr_line' id='line_1_70' title="bbox 2008 2624 3583 2692; baseline 0.003 -17"><span class='ocrx_word' id='word_1_487' title='bbox 2008 2624 2159 2692; x_wconf 78' lang='lat' dir='ltr'><strong>signa</strong></span> <span class='ocrx_word' id='word_1_488' title='bbox 2191 2632 2352 2692; x_wconf 88' lang='lat' dir='ltr'><strong>atque</strong></span> <span class='ocrx_word' id='word_1_489' title='bbox 2389 2625 2586 2688; x_wconf 85' lang='lat' dir='ltr'><strong>band-a,</strong></span> <span class='ocrx_word' id='word_1_490' title='bbox 2615 2625 2778 2678; x_wconf 87' lang='lat' dir='ltr'><strong>etiam</strong></span> <span class='ocrx_word' id='word_1_491' title='bbox 2810 2635 2865 2678; x_wconf 91' lang='lat' dir='ltr'><strong>et</strong></span> <span class='ocrx_word' id='word_1_492' title='bbox 2893 2624 3102 2679; x_wconf 84' lang='lat' dir='ltr'><strong>diversa</strong></span> <span class='ocrx_word' id='word_1_493' title='bbox 3133 2636 3448 2681; x_wconf 86' lang='lat' dir='ltr'><strong>ornamenta</strong></span> <span class='ocrx_word' id='word_1_494' title='bbox 3483 2626 3583 2680; x_wconf 86' lang='lat' dir='ltr'><strong>im-</strong></span> 
     </span>
    </p>
   </div>
   <div class='ocr_carea' id='block_1_71' title="bbox 2007 2713 3578 2785">
    <p class='ocr_par' dir='ltr' id='par_1_71' title="bbox 2007 2713 3578 2785">
     <span class='ocr_line' id='line_1_71' title="bbox 2007 2713 3578 2785; baseline 0.005 -22"><span class='ocrx_word' id='word_1_495' title='bbox 2007 2713 2252 2782; x_wconf 84' lang='lat' dir='ltr'><strong>perialia,</strong></span> <span class='ocrx_word' id='word_1_496' title='bbox 2272 2723 2326 2768; x_wconf 87' lang='lat' dir='ltr'><strong>et</strong></span> <span class='ocrx_word' id='word_1_497' title='bbox 2346 2713 2976 2784; x_wconf 53' lang='lat' dir='ltr'><strong>omnetngprocessionem</strong></span> <span class='ocrx_word' id='word_1_498' title='bbox 3011 2715 3307 2785; x_wconf 86' lang='lat' dir='ltr'><strong>imperialis</strong></span> <span class='ocrx_word' id='word_1_499' title='bbox 3329 2717 3578 2771; x_wconf 89' lang='lat' dir='ltr'><strong>culminis</strong></span> 
     </span>
    </p>
   </div>
   <div class='ocr_carea' id='block_1_72' title="bbox 2008 2805 3579 2876">
    <p class='ocr_par' dir='ltr' id='par_1_72' title="bbox 2008 2805 3579 2876">
     <span class='ocr_line' id='line_1_72' title="bbox 2008 2805 3579 2876; baseline 0.001 -15"><span class='ocrx_word' id='word_1_500' title='bbox 2008 2816 2061 2861; x_wconf 93' lang='lat' dir='ltr'><strong>et</strong></span> <span class='ocrx_word' id='word_1_501' title='bbox 2089 2805 2312 2876; x_wconf 86' lang='lat' dir='ltr'><strong>gloriam</strong></span> <span class='ocrx_word' id='word_1_502' title='bbox 2343 2806 2624 2874; x_wconf 87' lang='lat' dir='ltr'><strong>potestatis</strong></span> <span class='ocrx_word' id='word_1_503' title='bbox 2670 2817 2888 2861; x_wconf 79' lang='lat' dir='ltr'><strong>nostrae.</strong></span> <span class='ocrx_word' id='word_1_504' title='bbox 2923 2806 3079 2862; x_wconf 78' lang='lat' dir='ltr'><strong>Viros</strong></span> <span class='ocrx_word' id='word_1_505' title='bbox 3116 2809 3280 2862; x_wconf 88' lang='lat' dir='ltr'><strong>etiam</strong></span> <span class='ocrx_word' id='word_1_506' title='bbox 3328 2824 3579 2863; x_wconf 87' lang='lat' dir='ltr'><strong>reveren-</strong></span> 
     </span>
    </p>
   </div>
   <div class='ocr_carea' id='block_1_73' title="bbox 2009 2897 3580 2962">
    <p class='ocr_par' dir='ltr' id='par_1_73' title="bbox 2009 2897 3580 2962">
     <span class='ocr_line' id='line_1_73' title="bbox 2009 2897 3580 2962; baseline 0 -12"><span class='ocrx_word' id='word_1_507' title='bbox 2009 2898 2260 2951; x_wconf 85' lang='lat' dir='ltr'><strong>dissimos</strong></span> <span class='ocrx_word' id='word_1_508' title='bbox 2291 2897 2515 2951; x_wconf 84' lang='lat' dir='ltr'><strong>clericos</strong></span> <span class='ocrx_word' id='word_1_509' title='bbox 2539 2897 2733 2950; x_wconf 87' lang='lat' dir='ltr'><strong>diversi</strong></span> <span class='ocrx_word' id='word_1_510' title='bbox 2759 2898 2983 2962; x_wconf 89' lang='lat' dir='ltr'><strong>ordinis,</strong></span> <span class='ocrx_word' id='word_1_511' title='bbox 3019 2899 3191 2953; x_wconf 88' lang='lat' dir='ltr'><strong>eidem</strong></span> <span class='ocrx_word' id='word_1_512' title='bbox 3223 2911 3580 2954; x_wconf 78' lang='lat' dir='ltr'><strong>sacrosancta:</strong></span> 
     </span>
    </p>
   </div>
   <div class='ocr_carea' id='block_1_74' title="bbox 1994 2986 3585 3065">
    <p class='ocr_par' dir='ltr' id='par_1_74' title="bbox 1994 2986 3585 3065">
     <span class='ocr_line' id='line_1_74' title="bbox 1994 2986 3585 3065; baseline 0.002 -24"><span class='ocrx_word' id='word_1_513' title='bbox 1994 2987 2267 3065; x_wconf 60' lang='lat' dir='ltr'><strong>Romanae</strong></span> <span class='ocrx_word' id='word_1_514' title='bbox 2298 2986 2549 3040; x_wconf 72' lang='lat' dir='ltr'><strong>Ecclesia:</strong></span> <span class='ocrx_word' id='word_1_515' title='bbox 2573 2988 2869 3043; x_wconf 88' lang='lat' dir='ltr'><strong>servientes</strong></span> <span class='ocrx_word' id='word_1_516' title='bbox 2900 2989 3027 3042; x_wconf 88' lang='lat' dir='ltr'><strong>illml</strong></span> <span class='ocrx_word' id='word_1_517' title='bbox 3058 2989 3266 3044; x_wconf 91' lang='lat' dir='ltr'><strong>culmen</strong></span> <span class='ocrx_word' id='word_1_518' title='bbox 3297 2989 3585 3058; x_wconf 72' lang='lat' dir='ltr'><strong>singularis</strong></span> 
     </span>
    </p>
   </div>
   <div class='ocr_carea' id='block_1_75' title="bbox 2010 3077 3584 3149">
    <p class='ocr_par' dir='ltr' id='par_1_75' title="bbox 2010 3077 3584 3149">
     <span class='ocr_line' id='line_1_75' title="bbox 2010 3077 3584 3149; baseline 0.002 -18"><span class='ocrx_word' id='word_1_519' title='bbox 2010 3079 2260 3149; x_wconf 67' lang='lat' dir='ltr'><strong>potentiae</strong></span> <span class='ocrx_word' id='word_1_520' title='bbox 2293 3090 2346 3132; x_wconf 90' lang='lat' dir='ltr'><strong>et</strong></span> <span class='ocrx_word' id='word_1_521' title='bbox 2388 3077 2757 3148; x_wconf 68' lang='lat' dir='ltr'><strong>pra&#39;eellcntia:</strong></span> <span class='ocrx_word' id='word_1_522' title='bbox 2805 3079 3004 3135; x_wconf 88' lang='lat' dir='ltr'><strong>habere</strong></span> <span class='ocrx_word' id='word_1_523' title='bbox 3073 3082 3363 3145; x_wconf 86' lang='lat' dir='ltr'><strong>saneiu.us,</strong></span> <span class='ocrx_word' id='word_1_524' title='bbox 3431 3081 3584 3148; x_wconf 83' lang='lat' dir='ltr'><strong>cujus</strong></span> 
     </span>
    </p>
   </div>
   <div class='ocr_carea' id='block_1_76' title="bbox 2010 3170 3584 3242">
    <p class='ocr_par' dir='ltr' id='par_1_76' title="bbox 2010 3170 3584 3242">
     <span class='ocr_line' id='line_1_76' title="bbox 2010 3170 3584 3242; baseline 0.001 -19"><span class='ocrx_word' id='word_1_525' title='bbox 2010 3170 2371 3240; x_wconf 87' lang='lat' dir='ltr'><strong>amplissimus</strong></span> <span class='ocrx_word' id='word_1_526' title='bbox 2403 3181 2584 3226; x_wconf 87' lang='lat' dir='ltr'><strong>noster</strong></span> <span class='ocrx_word' id='word_1_527' title='bbox 2612 3181 2832 3225; x_wconf 89' lang='lat' dir='ltr'><strong>senatus</strong></span> <span class='ocrx_word' id='word_1_528' title='bbox 2869 3171 3077 3225; x_wconf 84' lang='lat' dir='ltr'><strong>videtur</strong></span> <span class='ocrx_word' id='word_1_529' title='bbox 3113 3171 3279 3242; x_wconf 79' lang='lat' dir='ltr'><strong>gloria</strong></span> <span class='ocrx_word' id='word_1_530' title='bbox 3308 3173 3584 3237; x_wconf 80' lang='lat' dir='ltr'><strong>adornari,</strong></span> 
     </span>
    </p>
   </div>
   <div class='ocr_carea' id='block_1_77' title="bbox 2012 3261 3582 3332">
    <p class='ocr_par' dir='ltr' id='par_1_77' title="bbox 2012 3261 3582 3332">
     <span class='ocr_line' id='line_1_77' title="bbox 2012 3261 3582 3332; baseline 0.002 -18"><span class='ocrx_word' id='word_1_531' title='bbox 2012 3262 2062 3314; x_wconf 87' lang='lat' dir='ltr'><strong>id</strong></span> <span class='ocrx_word' id='word_1_532' title='bbox 2093 3272 2193 3322; x_wconf 87' lang='lat' dir='ltr'><strong>est.</strong></span> <span class='ocrx_word' id='word_1_533' title='bbox 2227 3261 2482 3331; x_wconf 84' lang='lat' dir='ltr'><strong>patricios</strong></span> <span class='ocrx_word' id='word_1_534' title='bbox 2509 3273 2668 3332; x_wconf 88' lang='lat' dir='ltr'><strong>atque</strong></span> <span class='ocrx_word' id='word_1_535' title='bbox 2697 3262 2943 3317; x_wconf 90' lang='lat' dir='ltr'><strong>consules</strong></span> <span class='ocrx_word' id='word_1_536' title='bbox 2971 3261 3125 3323; x_wconf 69' lang='lat' dir='ltr'><strong>effici.</strong></span> <span class='ocrx_word' id='word_1_537' title='bbox 3164 3278 3368 3316; x_wconf 90' lang='lat' dir='ltr'><strong>necnon</strong></span> <span class='ocrx_word' id='word_1_538' title='bbox 3397 3272 3451 3317; x_wconf 91' lang='lat' dir='ltr'><strong>et</strong></span> <span class='ocrx_word' id='word_1_539' title='bbox 3478 3277 3582 3317; x_wconf 76' lang='lat' dir='ltr'><strong>ea:-</strong></span> 
     </span>
    </p>
   </div>
   <div class='ocr_carea' id='block_1_78' title="bbox 2011 3349 3574 3420">
    <p class='ocr_par' dir='ltr' id='par_1_78' title="bbox 2011 3349 3574 3420">
     <span class='ocr_line' id='line_1_78' title="bbox 2011 3349 3574 3420; baseline 0.003 -19"><span class='ocrx_word' id='word_1_540' title='bbox 2011 3351 2141 3404; x_wconf 87' lang='lat' dir='ltr'><strong>teris</strong></span> <span class='ocrx_word' id='word_1_541' title='bbox 2164 3350 2514 3419; x_wconf 84' lang='lat' dir='ltr'><strong>dignitatibus</strong></span> <span class='ocrx_word' id='word_1_542' title='bbox 2542 3349 2912 3418; x_wconf 73' lang='lat' dir='ltr'><strong>imperialibus</strong></span> <span class='ocrx_word' id='word_1_543' title='bbox 2936 3366 3028 3405; x_wconf 89' lang='lat' dir='ltr'><strong>cos</strong></span> <span class='ocrx_word' id='word_1_544' title='bbox 3059 3350 3460 3420; x_wconf 76' lang='lat' dir='ltr'><strong>promulgamus</strong></span> <span class='ocrx_word' id='word_1_545' title='bbox 3485 3351 3574 3406; x_wconf 80' lang='lat' dir='ltr'><strong>de-</strong></span> 
     </span>
    </p>
   </div>
   <div class='ocr_carea' id='block_1_79' title="bbox 2009 3437 3582 3508">
    <p class='ocr_par' dir='ltr' id='par_1_79' title="bbox 2009 3437 3582 3508">
     <span class='ocr_line' id='line_1_79' title="bbox 2009 3437 3582 3508; baseline 0.001 -16"><span class='ocrx_word' id='word_1_546' title='bbox 2009 3439 2208 3493; x_wconf 86' lang='lat' dir='ltr'><strong>corari.</strong></span> <span class='ocrx_word' id='word_1_547' title='bbox 2247 3437 2312 3491; x_wconf 83' lang='lat' dir='ltr'><strong>Et</strong></span> <span class='ocrx_word' id='word_1_548' title='bbox 2347 3439 2486 3492; x_wconf 86' lang='lat' dir='ltr'><strong>sicut</strong></span> <span class='ocrx_word' id='word_1_549' title='bbox 2513 3438 2804 3508; x_wconf 79' lang='lat' dir='ltr'><strong>ilnpct‘ialis</strong></span> <span class='ocrx_word' id='word_1_550' title='bbox 2851 3448 3026 3494; x_wconf 81' lang='lat' dir='ltr'><strong>exstat</strong></span> <span class='ocrx_word' id='word_1_551' title='bbox 3067 3441 3316 3494; x_wconf 85' lang='lat' dir='ltr'><strong>decorata</strong></span> <span class='ocrx_word' id='word_1_552' title='bbox 3367 3438 3582 3506; x_wconf 84' lang='lat' dir='ltr'><strong>militia,</strong></span> 
     </span>
    </p>
   </div>
   <div class='ocr_carea' id='block_1_80' title="bbox 2011 3526 3577 3584">
    <p class='ocr_par' dir='ltr' id='par_1_80' title="bbox 2011 3526 3577 3584">
     <span class='ocr_line' id='line_1_80' title="bbox 2011 3526 3577 3584; baseline 0.003 -4"><span class='ocrx_word' id='word_1_553' title='bbox 2011 3529 2083 3581; x_wconf 91' lang='lat' dir='ltr'><strong>ita</strong></span> <span class='ocrx_word' id='word_1_554' title='bbox 2106 3536 2158 3580; x_wconf 89' lang='lat' dir='ltr'><strong>et</strong></span> <span class='ocrx_word' id='word_1_555' title='bbox 2183 3527 2385 3580; x_wconf 87' lang='lat' dir='ltr'><strong>clermn</strong></span> <span class='ocrx_word' id='word_1_556' title='bbox 2418 3527 2478 3582; x_wconf 89' lang='lat' dir='ltr'><strong>S.</strong></span> <span class='ocrx_word' id='word_1_557' title='bbox 2509 3526 2764 3582; x_wconf 77' lang='lat' dir='ltr'><strong>Romana:</strong></span> <span class='ocrx_word' id='word_1_558' title='bbox 2814 3529 3066 3582; x_wconf 65' lang='lat' dir='ltr'><strong>Ecclesia:</strong></span> <span class='ocrx_word' id='word_1_559' title='bbox 3109 3530 3288 3583; x_wconf 90' lang='lat' dir='ltr'><strong>ornari</strong></span> <span class='ocrx_word' id='word_1_560' title='bbox 3331 3527 3577 3584; x_wconf 52' lang='lat' dir='ltr'><strong>decerni-</strong></span> 
     </span>
    </p>
   </div>
   <div class='ocr_carea' id='block_1_81' title="bbox 2009 3615 3581 3687">
    <p class='ocr_par' dir='ltr' id='par_1_81' title="bbox 2009 3615 3581 3687">
     <span class='ocr_line' id='line_1_81' title="bbox 2009 3615 3581 3687; baseline 0 -17"><span class='ocrx_word' id='word_1_561' title='bbox 2009 3633 2148 3670; x_wconf 73' lang='lat' dir='ltr'><strong>nius.</strong></span> <span class='ocrx_word' id='word_1_562' title='bbox 2182 3615 2248 3670; x_wconf 79' lang='lat' dir='ltr'><strong>Et</strong></span> <span class='ocrx_word' id='word_1_563' title='bbox 2277 3617 2724 3684; x_wconf 86' lang='lat' dir='ltr'><strong>quemadmodum</strong></span> <span class='ocrx_word' id='word_1_564' title='bbox 2759 3617 3052 3687; x_wconf 85' lang='lat' dir='ltr'><strong>imperialis</strong></span> <span class='ocrx_word' id='word_1_565' title='bbox 3081 3619 3316 3687; x_wconf 89' lang='lat' dir='ltr'><strong>potentia</strong></span> <span class='ocrx_word' id='word_1_566' title='bbox 3351 3618 3581 3672; x_wconf 81' lang='lat' dir='ltr'><strong>diversis</strong></span> 
     </span>
    </p>
   </div>
   <div class='ocr_carea' id='block_1_82' title="bbox 2009 3704 3578 3776">
    <p class='ocr_par' dir='ltr' id='par_1_82' title="bbox 2009 3704 3578 3776">
     <span class='ocr_line' id='line_1_82' title="bbox 2009 3704 3578 3776; baseline 0.001 -19"><span class='ocrx_word' id='word_1_567' title='bbox 2009 3704 2236 3770; x_wconf 84' lang='lat' dir='ltr'><strong>oﬂiciis,</strong></span> <span class='ocrx_word' id='word_1_568' title='bbox 2289 3705 2743 3758; x_wconf 86' lang='lat' dir='ltr'><strong>cubiculariorum</strong></span> <span class='ocrx_word' id='word_1_569' title='bbox 2829 3721 3020 3776; x_wconf 71' lang='lat' dir='ltr'><strong>mrmpc</strong></span> <span class='ocrx_word' id='word_1_570' title='bbox 3090 3714 3142 3760; x_wconf 89' lang='lat' dir='ltr'><strong>et</strong></span> <span class='ocrx_word' id='word_1_571' title='bbox 3192 3705 3578 3769; x_wconf 87' lang='lat' dir='ltr'><strong>ostiariorum,</strong></span> 
     </span>
    </p>
   </div>
   <div class='ocr_carea' id='block_1_83' title="bbox 2009 3794 3578 3864">
    <p class='ocr_par' dir='ltr' id='par_1_83' title="bbox 2009 3794 3578 3864">
     <span class='ocr_line' id='line_1_83' title="bbox 2009 3794 3578 3864; baseline 0.002 -19"><span class='ocrx_word' id='word_1_572' title='bbox 2009 3804 2173 3864; x_wconf 89' lang='lat' dir='ltr'><strong>atque</strong></span> <span class='ocrx_word' id='word_1_573' title='bbox 2192 3794 2438 3849; x_wconf 89' lang='lat' dir='ltr'><strong>omnium</strong></span> <span class='ocrx_word' id='word_1_574' title='bbox 2463 3795 2838 3850; x_wconf 78' lang='lat' dir='ltr'><strong>excubitorum</strong></span> <span class='ocrx_word' id='word_1_575' title='bbox 2869 3804 3110 3860; x_wconf 89' lang='lat' dir='ltr'><strong>ornatur,</strong></span> <span class='ocrx_word' id='word_1_576' title='bbox 3146 3796 3217 3850; x_wconf 91' lang='lat' dir='ltr'><strong>ita</strong></span> <span class='ocrx_word' id='word_1_577' title='bbox 3253 3805 3305 3848; x_wconf 92' lang='lat' dir='ltr'><strong>et</strong></span> <span class='ocrx_word' id='word_1_578' title='bbox 3335 3805 3578 3850; x_wconf 83' lang='lat' dir='ltr'><strong>sanctam</strong></span> 
     </span>
    </p>
   </div>
   <div class='ocr_carea' id='block_1_84' title="bbox 2010 3884 3586 3941">
    <p class='ocr_par' dir='ltr' id='par_1_84' title="bbox 2010 3884 3586 3941">
     <span class='ocr_line' id='line_1_84' title="bbox 2010 3884 3586 3941; baseline 0.002 -6"><span class='ocrx_word' id='word_1_579' title='bbox 2010 3884 2306 3939; x_wconf 69' lang='lat' dir='ltr'><strong>lintnanam</strong></span> <span class='ocrx_word' id='word_1_580' title='bbox 2339 3885 2632 3941; x_wconf 85' lang='lat' dir='ltr'><strong>Erelesiam</strong></span> <span class='ocrx_word' id='word_1_581' title='bbox 2674 3886 2920 3941; x_wconf 89' lang='lat' dir='ltr'><strong>decorari</strong></span> <span class='ocrx_word' id='word_1_582' title='bbox 2969 3885 3235 3939; x_wconf 85' lang='lat' dir='ltr'><strong>volumus.</strong></span> <span class='ocrx_word' id='word_1_583' title='bbox 3285 3885 3350 3938; x_wconf 84' lang='lat' dir='ltr'><strong>Et</strong></span> <span class='ocrx_word' id='word_1_584' title='bbox 3379 3895 3437 3939; x_wconf 92' lang='lat' dir='ltr'><strong>ut</strong></span> <span class='ocrx_word' id='word_1_585' title='bbox 3467 3899 3586 3938; x_wconf 86' lang='lat' dir='ltr'><strong>ant-</strong></span> 
     </span>
    </p>
   </div>
   <div class='ocr_carea' id='block_1_85' title="bbox 2009 3974 3583 4045">
    <p class='ocr_par' dir='ltr' id='par_1_85' title="bbox 2009 3974 3583 4045">
     <span class='ocr_line' id='line_1_85' title="bbox 2009 3974 3583 4045; baseline 0.002 -19"><span class='ocrx_word' id='word_1_586' title='bbox 2009 3974 2248 4041; x_wconf 88' lang='lat' dir='ltr'><strong>plissime</strong></span> <span class='ocrx_word' id='word_1_587' title='bbox 2279 3976 2581 4044; x_wconf 81' lang='lat' dir='ltr'><strong>pontiﬁcale</strong></span> <span class='ocrx_word' id='word_1_588' title='bbox 2617 3976 2780 4029; x_wconf 90' lang='lat' dir='ltr'><strong>decus</strong></span> <span class='ocrx_word' id='word_1_589' title='bbox 2810 3974 3141 4045; x_wconf 69' lang='lat' dir='ltr'><strong>prmfulgeat,</strong></span> <span class='ocrx_word' id='word_1_590' title='bbox 3167 3976 3507 4031; x_wconf 90' lang='lat' dir='ltr'><strong>decernimus</strong></span> <span class='ocrx_word' id='word_1_591' title='bbox 3529 3988 3583 4030; x_wconf 81' lang='lat' dir='ltr'><strong>et</strong></span> 
     </span>
    </p>
   </div>
   <div class='ocr_carea' id='block_1_86' title="bbox 2009 4063 3580 4136">
    <p class='ocr_par' dir='ltr' id='par_1_86' title="bbox 2009 4063 3580 4136">
     <span class='ocr_line' id='line_1_86' title="bbox 2009 4063 3580 4136; baseline 0.003 -20"><span class='ocrx_word' id='word_1_592' title='bbox 2009 4063 2111 4118; x_wconf 93' lang='lat' dir='ltr'><strong>hoe</strong></span> <span class='ocrx_word' id='word_1_593' title='bbox 2143 4065 2396 4119; x_wconf 90' lang='lat' dir='ltr'><strong>uteleriei</strong></span> <span class='ocrx_word' id='word_1_594' title='bbox 2419 4065 2657 4134; x_wconf 88' lang='lat' dir='ltr'><strong>ejusdem</strong></span> <span class='ocrx_word' id='word_1_595' title='bbox 2685 4065 2738 4118; x_wconf 90' lang='lat' dir='ltr'><strong>S.</strong></span> <span class='ocrx_word' id='word_1_596' title='bbox 2772 4067 3024 4118; x_wconf 69' lang='lat' dir='ltr'><strong>Romamn</strong></span> <span class='ocrx_word' id='word_1_597' title='bbox 3039 4065 3292 4121; x_wconf 81' lang='lat' dir='ltr'><strong>Ecclesia:</strong></span> <span class='ocrx_word' id='word_1_598' title='bbox 3313 4065 3580 4136; x_wconf 84' lang='lat' dir='ltr'><strong>mappulis</strong></span> 
     </span>
    </p>
   </div>
   <div class='ocr_carea' id='block_1_87' title="bbox 2009 4152 3582 4219">
    <p class='ocr_par' dir='ltr' id='par_1_87' title="bbox 2009 4152 3582 4219">
     <span class='ocr_line' id='line_1_87' title="bbox 2009 4152 3582 4219; baseline 0.003 -15"><span class='ocrx_word' id='word_1_599' title='bbox 2009 4165 2063 4206; x_wconf 92' lang='lat' dir='ltr'><strong>et</strong></span> <span class='ocrx_word' id='word_1_600' title='bbox 2085 4152 2504 4219; x_wconf 89' lang='lat' dir='ltr'><strong>linteaminibus,</strong></span> <span class='ocrx_word' id='word_1_601' title='bbox 2534 4155 2585 4208; x_wconf 93' lang='lat' dir='ltr'><strong>id</strong></span> <span class='ocrx_word' id='word_1_602' title='bbox 2611 4164 2689 4210; x_wconf 90' lang='lat' dir='ltr'><strong>est</strong></span> <span class='ocrx_word' id='word_1_603' title='bbox 2707 4155 3088 4210; x_wconf 86' lang='lat' dir='ltr'><strong>candidissimo</strong></span> <span class='ocrx_word' id='word_1_604' title='bbox 3113 4153 3313 4218; x_wconf 90' lang='lat' dir='ltr'><strong>colore,</strong></span> <span class='ocrx_word' id='word_1_605' title='bbox 3361 4155 3582 4210; x_wconf 81' lang='lat' dir='ltr'><strong>decora-</strong></span> 
     </span>
    </p>
   </div>
   <div class='ocr_carea' id='block_1_88' title="bbox 2011 4242 3546 4311">
    <p class='ocr_par' dir='ltr' id='par_1_88' title="bbox 2011 4242 3546 4311">
     <span class='ocr_line' id='line_1_88' title="bbox 2011 4242 3546 4311; baseline 0.003 -17"><span class='ocrx_word' id='word_1_606' title='bbox 2011 4251 2092 4295; x_wconf 91' lang='lat' dir='ltr'><strong>tos</strong></span> <span class='ocrx_word' id='word_1_607' title='bbox 2118 4255 2284 4311; x_wconf 89' lang='lat' dir='ltr'><strong>equos</strong></span> <span class='ocrx_word' id='word_1_608' title='bbox 2307 4242 2566 4311; x_wconf 90' lang='lat' dir='ltr'><strong>cquitent.</strong></span> <span class='ocrx_word' id='word_1_609' title='bbox 2599 4243 2660 4297; x_wconf 78' lang='lat' dir='ltr'><strong>Et</strong></span> <span class='ocrx_word' id='word_1_610' title='bbox 2686 4244 2766 4298; x_wconf 91' lang='lat' dir='ltr'><strong>sic</strong></span> <span class='ocrx_word' id='word_1_611' title='bbox 2792 4253 2977 4299; x_wconf 89' lang='lat' dir='ltr'><strong>noster</strong></span> <span class='ocrx_word' id='word_1_612' title='bbox 2997 4253 3217 4300; x_wconf 87' lang='lat' dir='ltr'><strong>senatus</strong></span> <span class='ocrx_word' id='word_1_613' title='bbox 3238 4243 3546 4300; x_wconf 81' lang='lat' dir='ltr'><strong>calceameu</strong></span> 
     </span>
    </p>
   </div>
   <div class='ocr_carea' id='block_1_89' title="bbox 2012 4332 3554 4401">
    <p class='ocr_par' dir='ltr' id='par_1_89' title="bbox 2012 4332 3554 4401">
     <span class='ocr_line' id='line_1_89' title="bbox 2012 4332 3554 4401; baseline 0.003 -16"><span class='ocrx_word' id='word_1_614' title='bbox 2012 4332 2079 4386; x_wconf 88' lang='lat' dir='ltr'><strong>tis</strong></span> <span class='ocrx_word' id='word_1_615' title='bbox 2101 4333 2270 4386; x_wconf 88' lang='lat' dir='ltr'><strong>utitur</strong></span> <span class='ocrx_word' id='word_1_616' title='bbox 2297 4348 2418 4388; x_wconf 89' lang='lat' dir='ltr'><strong>cum</strong></span> <span class='ocrx_word' id='word_1_617' title='bbox 2455 4333 2740 4401; x_wconf 87' lang='lat' dir='ltr'><strong>udonihus,</strong></span> <span class='ocrx_word' id='word_1_618' title='bbox 2781 4335 2834 4390; x_wconf 89' lang='lat' dir='ltr'><strong>id</strong></span> <span class='ocrx_word' id='word_1_619' title='bbox 2863 4346 2946 4391; x_wconf 87' lang='lat' dir='ltr'><strong>est</strong></span> <span class='ocrx_word' id='word_1_620' title='bbox 2993 4335 3221 4392; x_wconf 88' lang='lat' dir='ltr'><strong>candido</strong></span> <span class='ocrx_word' id='word_1_621' title='bbox 3268 4336 3554 4393; x_wconf 76' lang='lat' dir='ltr'><strong>liuteamin</strong></span> 
     </span>
    </p>
   </div>
   <div class='ocr_carea' id='block_1_90' title="bbox 2012 4420 3588 4491">
    <p class='ocr_par' dir='ltr' id='par_1_90' title="bbox 2012 4420 3588 4491">
     <span class='ocr_line' id='line_1_90' title="bbox 2012 4420 3588 4491; baseline 0.004 -18"><span class='ocrx_word' id='word_1_622' title='bbox 2012 4420 2313 4484; x_wconf 90' lang='lat' dir='ltr'><strong>illustratis,</strong></span> <span class='ocrx_word' id='word_1_623' title='bbox 2363 4421 2445 4476; x_wconf 87' lang='lat' dir='ltr'><strong>sic</strong></span> <span class='ocrx_word' id='word_1_624' title='bbox 2474 4433 2694 4478; x_wconf 86' lang='lat' dir='ltr'><strong>utantur</strong></span> <span class='ocrx_word' id='word_1_625' title='bbox 2732 4434 2788 4480; x_wconf 92' lang='lat' dir='ltr'><strong>et</strong></span> <span class='ocrx_word' id='word_1_626' title='bbox 2837 4426 3050 4491; x_wconf 89' lang='lat' dir='ltr'><strong>clerici;</strong></span> <span class='ocrx_word' id='word_1_627' title='bbox 3109 4434 3164 4482; x_wconf 91' lang='lat' dir='ltr'><strong>et</strong></span> <span class='ocrx_word' id='word_1_628' title='bbox 3213 4430 3285 4481; x_wconf 86' lang='lat' dir='ltr'><strong>ita</strong></span> <span class='ocrx_word' id='word_1_629' title='bbox 3328 4429 3588 4482; x_wconf 26' lang='lat' dir='ltr'><strong>ctelestiar</strong></span> 
     </span>
    </p>
   </div>
   <div class='ocr_carea' id='block_1_91' title="bbox 329 4510 3579 4592">
    <p class='ocr_par' dir='ltr' id='par_1_91' title="bbox 329 4510 3579 4592">
     <span class='ocr_line' id='line_1_91' title="bbox 329 4510 3579 4592; baseline 0.002 -19"><span class='ocrx_word' id='word_1_630' title='bbox 329 4533 602 4590; x_wconf 87' lang='lat' dir='ltr'><strong>quamque</strong></span> <span class='ocrx_word' id='word_1_631' title='bbox 629 4521 792 4575; x_wconf 88' lang='lat' dir='ltr'><strong>etiam</strong></span> <span class='ocrx_word' id='word_1_632' title='bbox 821 4537 982 4592; x_wconf 87' lang='lat' dir='ltr'><strong>super</strong></span> <span class='ocrx_word' id='word_1_633' title='bbox 1010 4539 1196 4578; x_wconf 82' lang='lat' dir='ltr'><strong>manes</strong></span> <span class='ocrx_word' id='word_1_634' title='bbox 1225 4523 1276 4577; x_wconf 93' lang='lat' dir='ltr'><strong>in</strong></span> <span class='ocrx_word' id='word_1_635' title='bbox 1309 4525 1560 4580; x_wconf 89' lang='lat' dir='ltr'><strong>universo</strong></span> <span class='ocrx_word' id='word_1_636' title='bbox 1581 4527 1710 4582; x_wconf 88' lang='lat' dir='ltr'><strong>orbe</strong></span> <span class='ocrx_word' id='word_1_637' title='bbox 1740 4536 1910 4581; x_wconf 56' lang='lat' dir='ltr'><strong>terra-</strong></span> <span class='ocrx_word' id='word_1_638' title='bbox 1938 4527 1986 4586; x_wconf 90' lang='lat' dir='ltr'><strong>D</strong></span> <span class='ocrx_word' id='word_1_639' title='bbox 2010 4510 2150 4565; x_wconf 69' lang='grc' dir='ltr'><strong>εῖευῑ</strong></span> <span class='ocrx_word' id='word_1_640' title='bbox 2181 4518 2416 4578; x_wconf 56' lang='lat' dir='ltr'><strong>terrena.</strong></span> <span class='ocrx_word' id='word_1_641' title='bbox 2449 4513 2516 4567; x_wconf 66' lang='lat' dir='ltr'><strong>ad</strong></span> <span class='ocrx_word' id='word_1_642' title='bbox 2541 4513 2752 4570; x_wconf 67' lang='lat' dir='ltr'><strong>lavdem</strong></span> <span class='ocrx_word' id='word_1_643' title='bbox 2780 4515 2874 4571; x_wconf 76' lang='lat' dir='ltr'><strong>Dei</strong></span> <span class='ocrx_word' id='word_1_644' title='bbox 2898 4517 3244 4572; x_wconf 69' lang='lat' dir='ltr'><strong>decorentur.</strong></span> <span class='ocrx_word' id='word_1_645' title='bbox 3268 4518 3385 4573; x_wconf 72' lang='grc' dir='ltr'><strong>Ρτῐε</strong></span> <span class='ocrx_word' id='word_1_646' title='bbox 3405 4519 3579 4573; x_wconf 76' lang='grc' dir='ltr'><strong>οιιηιὶ⁴</strong></span> 
     </span>
    </p>
   </div>
   <div class='ocr_carea' id='block_1_92' title="bbox 333 4609 1908 4686">
    <p class='ocr_par' dir='ltr' id='par_1_92' title="bbox 333 4609 1908 4686">
     <span class='ocr_line' id='line_1_92' title="bbox 333 4609 1908 4686; baseline 0.004 -22"><span class='ocrx_word' id='word_1_647' title='bbox 333 4627 455 4664; x_wconf 91' lang='lat' dir='ltr'><strong>rum</strong></span> <span class='ocrx_word' id='word_1_648' title='bbox 484 4609 576 4665; x_wconf 85' lang='lat' dir='ltr'><strong>Dei</strong></span> <span class='ocrx_word' id='word_1_649' title='bbox 607 4610 898 4679; x_wconf 85' lang='lat' dir='ltr'><strong>Ecclesias,</strong></span> <span class='ocrx_word' id='word_1_650' title='bbox 924 4622 975 4667; x_wconf 90' lang='lat' dir='ltr'><strong>et</strong></span> <span class='ocrx_word' id='word_1_651' title='bbox 1018 4613 1284 4683; x_wconf 86' lang='lat' dir='ltr'><strong>pontifex,</strong></span> <span class='ocrx_word' id='word_1_652' title='bbox 1326 4616 1439 4685; x_wconf 91' lang='lat' dir='ltr'><strong>qui,</strong></span> <span class='ocrx_word' id='word_1_653' title='bbox 1494 4633 1590 4686; x_wconf 92' lang='lat' dir='ltr'><strong>pro</strong></span> <span class='ocrx_word' id='word_1_654' title='bbox 1645 4627 1908 4685; x_wconf 89' lang='lat' dir='ltr'><strong>tempore,</strong></span> 
     </span>
    </p>
   </div>
   <div class='ocr_carea' id='block_1_93' title="bbox 331 4701 1908 4770">
    <p class='ocr_par' dir='ltr' id='par_1_93' title="bbox 331 4701 1908 4770">
     <span class='ocr_line' id='line_1_93' title="bbox 331 4701 1908 4770; baseline 0.003 -14"><span class='ocrx_word' id='word_1_655' title='bbox 331 4701 502 4770; x_wconf 86' lang='lat' dir='ltr'><strong>ipsius</strong></span> <span class='ocrx_word' id='word_1_656' title='bbox 521 4711 881 4758; x_wconf 70' lang='lat' dir='ltr'><strong>sacrosancta:</strong></span> <span class='ocrx_word' id='word_1_657' title='bbox 909 4701 1163 4760; x_wconf 78' lang='lat' dir='ltr'><strong>Romana:</strong></span> <span class='ocrx_word' id='word_1_658' title='bbox 1186 4703 1442 4762; x_wconf 68' lang='lat' dir='ltr'><strong>Ecclesiae</strong></span> <span class='ocrx_word' id='word_1_659' title='bbox 1477 4707 1746 4761; x_wconf 79' lang='lat' dir='ltr'><strong>exstiterit</strong></span> <span class='ocrx_word' id='word_1_660' title='bbox 1797 4707 1908 4762; x_wconf 89' lang='lat' dir='ltr'><strong>cel-</strong></span> 
     </span>
    </p>
   </div>
   <div class='ocr_carea' id='block_1_94' title="bbox 329 4791 1907 4862">
    <p class='ocr_par' dir='ltr' id='par_1_94' title="bbox 329 4791 1907 4862">
     <span class='ocr_line' id='line_1_94' title="bbox 329 4791 1907 4862; baseline 0.004 -19"><span class='ocrx_word' id='word_1_661' title='bbox 329 4791 444 4844; x_wconf 77' lang='lat' dir='ltr'><strong>sior</strong></span> <span class='ocrx_word' id='word_1_662' title='bbox 489 4800 543 4845; x_wconf 87' lang='lat' dir='ltr'><strong>et</strong></span> <span class='ocrx_word' id='word_1_663' title='bbox 580 4792 831 4862; x_wconf 86' lang='lat' dir='ltr'><strong>princeps</strong></span> <span class='ocrx_word' id='word_1_664' title='bbox 856 4794 1064 4849; x_wconf 90' lang='lat' dir='ltr'><strong>cunctis</strong></span> <span class='ocrx_word' id='word_1_665' title='bbox 1109 4795 1476 4851; x_wconf 88' lang='lat' dir='ltr'><strong>sacerdotibus</strong></span> <span class='ocrx_word' id='word_1_666' title='bbox 1519 4797 1683 4850; x_wconf 90' lang='lat' dir='ltr'><strong>totius</strong></span> <span class='ocrx_word' id='word_1_667' title='bbox 1725 4797 1907 4850; x_wconf 84' lang='lat' dir='ltr'><strong>mundi</strong></span> 
     </span>
    </p>
   </div>
   <div class='ocr_carea' id='block_1_95' title="bbox 328 4882 1905 4955">
    <p class='ocr_par' dir='ltr' id='par_1_95' title="bbox 328 4882 1905 4955">
     <span class='ocr_line' id='line_1_95' title="bbox 328 4882 1905 4955; baseline 0.003 -20"><span class='ocrx_word' id='word_1_668' title='bbox 328 4883 547 4946; x_wconf 74' lang='lat' dir='ltr'><strong>existat,</strong></span> <span class='ocrx_word' id='word_1_669' title='bbox 579 4884 632 4938; x_wconf 83' lang='lat' dir='ltr'><strong>e&#39;t</strong></span> <span class='ocrx_word' id='word_1_670' title='bbox 660 4882 776 4952; x_wconf 82' lang='lat' dir='ltr'><strong>ejus</strong></span> <span class='ocrx_word' id='word_1_671' title='bbox 795 4882 1024 4951; x_wconf 88' lang='lat' dir='ltr'><strong>judicio,</strong></span> <span class='ocrx_word' id='word_1_672' title='bbox 1052 4902 1276 4955; x_wconf 64' lang='lat' dir='ltr'><strong>quaeque</strong></span> <span class='ocrx_word' id='word_1_673' title='bbox 1317 4887 1384 4941; x_wconf 89' lang='lat' dir='ltr'><strong>ad</strong></span> <span class='ocrx_word' id='word_1_674' title='bbox 1428 4886 1630 4941; x_wconf 90' lang='lat' dir='ltr'><strong>cultum</strong></span> <span class='ocrx_word' id='word_1_675' title='bbox 1680 4885 1774 4940; x_wconf 88' lang='lat' dir='ltr'><strong>Dei</strong></span> <span class='ocrx_word' id='word_1_676' title='bbox 1823 4887 1905 4939; x_wconf 83' lang='lat' dir='ltr'><strong>vel</strong></span> 
     </span>
    </p>
   </div>
   <div class='ocr_carea' id='block_1_96' title="bbox 331 4971 1909 5044">
    <p class='ocr_par' dir='ltr' id='par_1_96' title="bbox 331 4971 1909 5044">
     <span class='ocr_line' id='line_1_96' title="bbox 331 4971 1909 5044; baseline 0.005 -22"><span class='ocrx_word' id='word_1_677' title='bbox 331 4973 450 5026; x_wconf 84' lang='lat' dir='ltr'><strong>tidei</strong></span> <span class='ocrx_word' id='word_1_678' title='bbox 477 4971 910 5029; x_wconf 83' lang='lat' dir='ltr'><strong>Christianorum</strong></span> <span class='ocrx_word' id='word_1_679' title='bbox 935 4976 1282 5029; x_wconf 90' lang='lat' dir='ltr'><strong>stabilitatem</strong></span> <span class='ocrx_word' id='word_1_680' title='bbox 1310 4976 1646 5044; x_wconf 88' lang='lat' dir='ltr'><strong>procuranda</strong></span> <span class='ocrx_word' id='word_1_681' title='bbox 1677 4975 1909 5041; x_wconf 86' lang='lat' dir='ltr'><strong>fuerint,</strong></span> 
     </span>
    </p>
   </div>
   <div class='ocr_carea' id='block_1_97' title="bbox 327 5063 1905 5135">
    <p class='ocr_par' dir='ltr' id='par_1_97' title="bbox 327 5063 1905 5135">
     <span class='ocr_line' id='line_1_97' title="bbox 327 5063 1905 5135; baseline 0.005 -23"><span class='ocrx_word' id='word_1_682' title='bbox 327 5063 701 5133; x_wconf 87' lang='lat' dir='ltr'><strong>disponantur.</strong></span> <span class='ocrx_word' id='word_1_683' title='bbox 762 5063 972 5120; x_wconf 82' lang='lat' dir='ltr'><strong>Justum</strong></span> <span class='ocrx_word' id='word_1_684' title='bbox 1009 5067 1205 5135; x_wconf 88' lang='lat' dir='ltr'><strong>quippe</strong></span> <span class='ocrx_word' id='word_1_685' title='bbox 1248 5076 1329 5120; x_wconf 90' lang='lat' dir='ltr'><strong>est</strong></span> <span class='ocrx_word' id='word_1_686' title='bbox 1380 5075 1437 5120; x_wconf 88' lang='lat' dir='ltr'><strong>ut</strong></span> <span class='ocrx_word' id='word_1_687' title='bbox 1482 5067 1550 5122; x_wconf 92' lang='lat' dir='ltr'><strong>ibi</strong></span> <span class='ocrx_word' id='word_1_688' title='bbox 1599 5067 1679 5120; x_wconf 72' lang='lat' dir='ltr'><strong>lex</strong></span> <span class='ocrx_word' id='word_1_689' title='bbox 1721 5077 1905 5122; x_wconf 87' lang='lat' dir='ltr'><strong>sancta</strong></span> 
     </span>
    </p>
   </div>
   <div class='ocr_carea' id='block_1_98' title="bbox 328 5153 1900 5223">
    <p class='ocr_par' dir='ltr' id='par_1_98' title="bbox 328 5153 1900 5223">
     <span class='ocr_line' id='line_1_98' title="bbox 328 5153 1900 5223; baseline 0.006 -22"><span class='ocrx_word' id='word_1_690' title='bbox 328 5161 485 5220; x_wconf 77' lang='lat' dir='ltr'><strong>caput</strong></span> <span class='ocrx_word' id='word_1_691' title='bbox 511 5161 694 5208; x_wconf 89' lang='lat' dir='ltr'><strong>teneat</strong></span> <span class='ocrx_word' id='word_1_692' title='bbox 725 5153 1075 5223; x_wconf 89' lang='lat' dir='ltr'><strong>principatus,</strong></span> <span class='ocrx_word' id='word_1_693' title='bbox 1109 5153 1200 5207; x_wconf 87' lang='lat' dir='ltr'><strong>ubi</strong></span> <span class='ocrx_word' id='word_1_694' title='bbox 1239 5167 1544 5211; x_wconf 85' lang='lat' dir='ltr'><strong>sanctarum</strong></span> <span class='ocrx_word' id='word_1_695' title='bbox 1594 5156 1771 5222; x_wconf 79' lang='lat' dir='ltr'><strong>legum</strong></span> <span class='ocrx_word' id='word_1_696' title='bbox 1821 5157 1900 5210; x_wconf 88' lang='lat' dir='ltr'><strong>in-</strong></span> 
     </span>
    </p>
   </div>
   <div class='ocr_carea' id='block_1_99' title="bbox 329 5240 1810 5268">
    <p class='ocr_par' dir='ltr' id='par_1_99' title="bbox 329 5240 1810 5268">
     <span class='ocr_line' id='line_1_99' title="bbox 329 5240 1810 5268; baseline 0.005 -8"><span class='ocrx_word' id='word_1_697' title='bbox 329 5240 538 5262; x_wconf 70' lang='grc' dir='ltr'><strong>...ε.--.--</strong></span> <span class='ocrx_word' id='word_1_698' title='bbox 587 5241 842 5264; x_wconf 50' lang='lat'><strong>01----.-</strong></span> <span class='ocrx_word' id='word_1_699' title='bbox 865 5253 1042 5264; x_wconf 52' lang='grc' dir='ltr'><strong>-.-..ο-η</strong></span> <span class='ocrx_word' id='word_1_700' title='bbox 1106 5243 1318 5266; x_wconf 68' lang='lat' dir='ltr'><strong>l.-..n--..-</strong></span> <span class='ocrx_word' id='word_1_701' title='bbox 1348 5243 1527 5266; x_wconf 37' lang='lat' dir='ltr'><strong>n-._s..-</strong></span> <span class='ocrx_word' id='word_1_702' title='bbox 1547 5263 1560 5265; x_wconf 85' lang='lat'><em>_</em></span> <span class='ocrx_word' id='word_1_703' title='bbox 1607 5247 1810 5268; x_wconf 66' lang='grc' dir='ltr'><strong>--...μ.ι..ι</strong></span> 
     </span>
    </p>
   </div>
   <div class='ocr_carea' id='block_1_100' title="bbox 459 5241 1896 5268">
    <p class='ocr_par' dir='ltr' id='par_1_100' title="bbox 459 5241 1896 5268">
     <span class='ocr_line' id='line_1_100' title="bbox 459 5241 1896 5268; baseline 0.004 -6"><span class='ocrx_word' id='word_1_704' title='bbox 459 5249 538 5262; x_wconf 64' lang='grc' dir='ltr'><strong>ι--</strong></span> <span class='ocrx_word' id='word_1_705' title='bbox 587 5241 622 5262; x_wconf 70' lang='grc' dir='ltr'><strong><em>ο</em></strong></span> <span class='ocrx_word' id='word_1_706' title='bbox 647 5241 1042 5264; x_wconf 43' lang='grc' dir='ltr'><strong>νΙ---ιν...---..ο-η</strong></span> <span class='ocrx_word' id='word_1_707' title='bbox 1106 5243 1318 5266; x_wconf 65' lang='lat' dir='ltr'><strong>I.-..I--..-</strong></span> <span class='ocrx_word' id='word_1_708' title='bbox 1348 5243 1560 5266; x_wconf 40' lang='lat'><strong>0-.-“---</strong></span> <span class='ocrx_word' id='word_1_709' title='bbox 1607 5247 1896 5268; x_wconf 64' lang='lat' dir='ltr'><strong>_-...,.a..l---.-</strong></span> 
     </span>
    </p>
   </div>
   <div class='ocr_carea' id='block_1_101' title="bbox 2011 4599 3577 4678">
    <p class='ocr_par' dir='ltr' id='par_1_101' title="bbox 2011 4599 3577 4678">
     <span class='ocr_line' id='line_1_101' title="bbox 2011 4599 3577 4678; baseline 0.004 -25"><span class='ocrx_word' id='word_1_710' title='bbox 2011 4599 2110 4653; x_wconf 87' lang='lat' dir='ltr'><strong>bus</strong></span> <span class='ocrx_word' id='word_1_711' title='bbox 2154 4609 2330 4654; x_wconf 89' lang='lat' dir='ltr'><strong>autem</strong></span> <span class='ocrx_word' id='word_1_712' title='bbox 2377 4600 2650 4658; x_wconf 89' lang='lat' dir='ltr'><strong>licentiam</strong></span> <span class='ocrx_word' id='word_1_713' title='bbox 2711 4606 3026 4672; x_wconf 89' lang='lat' dir='ltr'><strong>tribuentes,</strong></span> <span class='ocrx_word' id='word_1_714' title='bbox 3080 4609 3424 4662; x_wconf 84' lang='lat' dir='ltr'><strong>concedimus</strong></span> <span class='ocrx_word' id='word_1_715' title='bbox 3473 4608 3577 4678; x_wconf 81' lang='lat' dir='ltr'><strong>ipsi</strong></span> 
     </span>
    </p>
   </div>
   <div class='ocr_carea' id='block_1_102' title="bbox 2010 4691 3579 4766">
    <p class='ocr_par' dir='ltr' id='par_1_102' title="bbox 2010 4691 3579 4766">
     <span class='ocr_line' id='line_1_102' title="bbox 2010 4691 3579 4766; baseline 0.004 -22"><span class='ocrx_word' id='word_1_716' title='bbox 2010 4691 2353 4745; x_wconf 74' lang='lat' dir='ltr'><strong>sanctiSsimo</strong></span> <span class='ocrx_word' id='word_1_717' title='bbox 2382 4692 2526 4747; x_wconf 87' lang='lat' dir='ltr'><strong>Patri</strong></span> <span class='ocrx_word' id='word_1_718' title='bbox 2560 4703 2764 4760; x_wconf 91' lang='lat' dir='ltr'><strong>nostro,</strong></span> <span class='ocrx_word' id='word_1_719' title='bbox 2791 4695 3055 4752; x_wconf 78' lang='lat' dir='ltr'><strong>Silvestre</strong></span> <span class='ocrx_word' id='word_1_720' title='bbox 3086 4697 3235 4751; x_wconf 86' lang='lat' dir='ltr'><strong>urbis</strong></span> <span class='ocrx_word' id='word_1_721' title='bbox 3259 4695 3444 4753; x_wconf 63' lang='lat' dir='ltr'><strong>Romae</strong></span> <span class='ocrx_word' id='word_1_722' title='bbox 3467 4697 3579 4766; x_wconf 81' lang='lat' dir='ltr'><strong>cpi-</strong></span> 
     </span>
    </p>
   </div>
   <div class='ocr_carea' id='block_1_103' title="bbox 2011 4785 3578 4856">
    <p class='ocr_par' dir='ltr' id='par_1_103' title="bbox 2011 4785 3578 4856">
     <span class='ocr_line' id='line_1_103' title="bbox 2011 4785 3578 4856; baseline 0.003 -20"><span class='ocrx_word' id='word_1_723' title='bbox 2011 4795 2192 4850; x_wconf 86' lang='lat' dir='ltr'><strong>scopo,</strong></span> <span class='ocrx_word' id='word_1_724' title='bbox 2238 4791 2292 4836; x_wconf 89' lang='lat' dir='ltr'><strong>et</strong></span> <span class='ocrx_word' id='word_1_725' title='bbox 2330 4797 2500 4852; x_wconf 82' lang='lat' dir='ltr'><strong>papae,</strong></span> <span class='ocrx_word' id='word_1_726' title='bbox 2523 4793 2578 4838; x_wconf 89' lang='lat' dir='ltr'><strong>et</strong></span> <span class='ocrx_word' id='word_1_727' title='bbox 2621 4785 2870 4839; x_wconf 80' lang='lat' dir='ltr'><strong>on&#39;mibus</strong></span> <span class='ocrx_word' id='word_1_728' title='bbox 2917 4787 3008 4856; x_wconf 87' lang='lat' dir='ltr'><strong>qui</strong></span> <span class='ocrx_word' id='word_1_729' title='bbox 3056 4794 3175 4854; x_wconf 89' lang='lat' dir='ltr'><strong>post</strong></span> <span class='ocrx_word' id='word_1_730' title='bbox 3214 4801 3336 4841; x_wconf 91' lang='lat' dir='ltr'><strong>eum</strong></span> <span class='ocrx_word' id='word_1_731' title='bbox 3374 4787 3425 4840; x_wconf 89' lang='lat' dir='ltr'><strong>in</strong></span> <span class='ocrx_word' id='word_1_732' title='bbox 3452 4800 3578 4840; x_wconf 82' lang='lat' dir='ltr'><strong>suc-</strong></span> 
     </span>
    </p>
   </div>
   <div class='ocr_carea' id='block_1_104' title="bbox 2011 4875 3578 4946">
    <p class='ocr_par' dir='ltr' id='par_1_104' title="bbox 2011 4875 3578 4946">
     <span class='ocr_line' id='line_1_104' title="bbox 2011 4875 3578 4946; baseline 0.001 -20"><span class='ocrx_word' id='word_1_733' title='bbox 2011 4888 2166 4927; x_wconf 85' lang='lat' dir='ltr'><strong>eessu</strong></span> <span class='ocrx_word' id='word_1_734' title='bbox 2201 4883 2258 4928; x_wconf 89' lang='lat' dir='ltr'><strong>et</strong></span> <span class='ocrx_word' id='word_1_735' title='bbox 2292 4875 2566 4946; x_wconf 87' lang='lat' dir='ltr'><strong>perpetuis</strong></span> <span class='ocrx_word' id='word_1_736' title='bbox 2607 4876 2946 4944; x_wconf 82' lang='lat' dir='ltr'><strong>temporibus</strong></span> <span class='ocrx_word' id='word_1_737' title='bbox 2997 4876 3336 4940; x_wconf 79' lang='lat' dir='ltr'><strong>advenerim,</strong></span> <span class='ocrx_word' id='word_1_738' title='bbox 3375 4875 3578 4931; x_wconf 57' lang='lat' dir='ltr'><strong>Leatiso</strong></span> 
     </span>
    </p>
   </div>
   <div class='ocr_carea' id='block_1_105' title="bbox 2008 4963 3570 5036">
    <p class='ocr_par' dir='ltr' id='par_1_105' title="bbox 2008 4963 3570 5036">
     <span class='ocr_line' id='line_1_105' title="bbox 2008 4963 3570 5036; baseline -0.001 -16"><span class='ocrx_word' id='word_1_739' title='bbox 2008 4965 2162 5020; x_wconf 87' lang='lat' dir='ltr'><strong>simis</strong></span> <span class='ocrx_word' id='word_1_740' title='bbox 2186 4965 2554 5036; x_wconf 78' lang='lat' dir='ltr'><strong>pontiﬁcibus,</strong></span> <span class='ocrx_word' id='word_1_741' title='bbox 2599 4981 2697 5036; x_wconf 91' lang='lat' dir='ltr'><strong>pro</strong></span> <span class='ocrx_word' id='word_1_742' title='bbox 2746 4965 2950 5022; x_wconf 89' lang='lat' dir='ltr'><strong>honore</strong></span> <span class='ocrx_word' id='word_1_743' title='bbox 2977 4975 3031 5021; x_wconf 89' lang='lat' dir='ltr'><strong>et</strong></span> <span class='ocrx_word' id='word_1_744' title='bbox 3054 4964 3222 5034; x_wconf 83' lang='lat' dir='ltr'><strong>gloria</strong></span> <span class='ocrx_word' id='word_1_745' title='bbox 3245 4965 3459 5022; x_wconf 79' lang='lat' dir='ltr'><strong>Christi</strong></span> <span class='ocrx_word' id='word_1_746' title='bbox 3478 4963 3570 5018; x_wconf 84' lang='lat' dir='ltr'><strong>Dei</strong></span> 
     </span>
    </p>
   </div>
   <div class='ocr_carea' id='block_1_106' title="bbox 2008 5055 3577 5129">
    <p class='ocr_par' dir='ltr' id='par_1_106' title="bbox 2008 5055 3577 5129">
     <span class='ocr_line' id='line_1_106' title="bbox 2008 5055 3577 5129; baseline -0.004 -16"><span class='ocrx_word' id='word_1_747' title='bbox 2008 5058 2180 5113; x_wconf 71' lang='lat' dir='ltr'><strong>llOSll‘i</strong></span> <span class='ocrx_word' id='word_1_748' title='bbox 2209 5059 2262 5113; x_wconf 92' lang='lat' dir='ltr'><strong>in</strong></span> <span class='ocrx_word' id='word_1_749' title='bbox 2289 5061 2478 5113; x_wconf 85' lang='lat' dir='ltr'><strong>eadem</strong></span> <span class='ocrx_word' id='word_1_750' title='bbox 2526 5071 2716 5128; x_wconf 81' lang='lat' dir='ltr'><strong>magna</strong></span> <span class='ocrx_word' id='word_1_751' title='bbox 2759 5057 2853 5111; x_wconf 87' lang='lat' dir='ltr'><strong>Dei</strong></span> <span class='ocrx_word' id='word_1_752' title='bbox 2882 5056 3148 5113; x_wconf 88' lang='lat' dir='ltr'><strong>catholica</strong></span> <span class='ocrx_word' id='word_1_753' title='bbox 3195 5066 3256 5111; x_wconf 75' lang='lat' dir='ltr'><strong>et</strong></span> <span class='ocrx_word' id='word_1_754' title='bbox 3287 5055 3577 5129; x_wconf 81' lang='lat' dir='ltr'><strong>apostolica</strong></span> 
     </span>
    </p>
   </div>
   <div class='ocr_carea' id='block_1_107' title="bbox 2011 5144 3580 5220">
    <p class='ocr_par' dir='ltr' id='par_1_107' title="bbox 2011 5144 3580 5220">
     <span class='ocr_line' id='line_1_107' title="bbox 2011 5144 3580 5220; baseline -0.004 -18"><span class='ocrx_word' id='word_1_755' title='bbox 2011 5147 2268 5208; x_wconf 70' lang='lat' dir='ltr'><strong>Ecclesia,</strong></span> <span class='ocrx_word' id='word_1_756' title='bbox 2293 5162 2356 5202; x_wconf 70' lang='lat' dir='ltr'><strong>ex</strong></span> <span class='ocrx_word' id='word_1_757' title='bbox 2393 5157 2576 5202; x_wconf 88' lang='lat' dir='ltr'><strong>nostro</strong></span> <span class='ocrx_word' id='word_1_758' title='bbox 2619 5145 2840 5206; x_wconf 88' lang='lat' dir='ltr'><strong>indicto.</strong></span> <span class='ocrx_word' id='word_1_759' title='bbox 2883 5162 3042 5218; x_wconf 90' lang='lat' dir='ltr'><strong>quem</strong></span> <span class='ocrx_word' id='word_1_760' title='bbox 3079 5145 3324 5215; x_wconf 87' lang='lat' dir='ltr'><strong>placatus</strong></span> <span class='ocrx_word' id='word_1_761' title='bbox 3363 5144 3580 5220; x_wconf 89' lang='lat' dir='ltr'><strong>pr0prio</strong></span> 
     </span>
    </p>
   </div>
   <div class='ocr_carea' id='block_1_108' title="bbox 2011 5237 3580 5270">
    <p class='ocr_par' dir='ltr' id='par_1_108' title="bbox 2011 5237 3580 5270">
     <span class='ocr_line' id='line_1_108' title="bbox 2011 5237 3580 5270; baseline 0.001 -2"><span class='ocrx_word' id='word_1_762' title='bbox 2011 5238 2237 5270; x_wconf 65' lang='grc' dir='ltr'><strong>ι-αιιιΩἶΙῖΛ</strong></span> <span class='ocrx_word' id='word_1_763' title='bbox 2263 5237 2522 5270; x_wconf 50' lang='lat' dir='ltr'><strong>Itin-Juno.</strong></span> <span class='ocrx_word' id='word_1_764' title='bbox 2543 5237 2766 5270; x_wconf 59' lang='grc' dir='ltr'><strong>νηιηοιιῖ.</strong></span> <span class='ocrx_word' id='word_1_765' title='bbox 2806 5247 2854 5270; x_wconf 74' lang='lat' dir='ltr'><strong>nl</strong></span> <span class='ocrx_word' id='word_1_766' title='bbox 2888 5239 2940 5270; x_wconf 66' lang='grc' dir='ltr'><strong>ἶ.-</strong></span> <span class='ocrx_word' id='word_1_767' title='bbox 2965 5253 3186 5270; x_wconf 68' lang='lat' dir='ltr'><strong>unouno-on</strong></span> <span class='ocrx_word' id='word_1_768' title='bbox 3207 5241 3580 5270; x_wconf 61' lang='grc' dir='ltr'><strong>οηιῗηῖηι-Λαηιη</strong></span> 
     </span>
    </p>
   </div>
   <div class='ocr_carea' id='block_1_109' title="bbox 3613 853 3620 876">
    <p class='ocr_par' dir='ltr' id='par_1_109' title="bbox 3613 853 3620 876">
     <span class='ocr_line' id='line_1_109' title="bbox 3613 853 3620 876; baseline 0 0"><span class='ocrx_word' id='word_1_769' title='bbox 3613 853 3620 876; x_wconf 88' lang='lat' dir='ltr'><strong>l</strong></span> 
     </span>
    </p>
   </div>
   <div class='ocr_carea' id='block_1_110' title="bbox 3605 879 3644 930">
    <p class='ocr_par' dir='ltr' id='par_1_110' title="bbox 3605 879 3644 930">
     <span class='ocr_line' id='line_1_110' title="bbox 3605 879 3644 930; baseline 0.051 -2"><span class='ocrx_word' id='word_1_770' title='bbox 3605 879 3644 930; x_wconf 54' lang='grc' dir='ltr'><strong>Ιχ</strong></span> 
     </span>
    </p>
   </div>
   <div class='ocr_carea' id='block_1_111' title="bbox 3623 1125 3670 1166">
    <p class='ocr_par' dir='ltr' id='par_1_111' title="bbox 3623 1125 3670 1166">
     <span class='ocr_line' id='line_1_111' title="bbox 3623 1125 3670 1166; baseline 0 -26"><span class='ocrx_word' id='word_1_771' title='bbox 3623 1125 3670 1166; x_wconf 45' lang='grc' dir='ltr'><strong>γλ</strong></span> 
     </span>
    </p>
   </div>
   <div class='ocr_carea' id='block_1_112' title="bbox 3617 1177 3624 1186">
    <p class='ocr_par' dir='ltr' id='par_1_112' title="bbox 3617 1177 3624 1186">
     <span class='ocr_line' id='line_1_112' title="bbox 3617 1177 3624 1186; baseline 0 0"><span class='ocrx_word' id='word_1_772' title='bbox 3617 1177 3624 1186; x_wconf 77' lang='grc' dir='ltr'><em>ι</em></span> 
     </span>
    </p>
   </div>
  </div>
