4020 5392
199 431 304 490 757

1185 428 1544 490 εῐιιδτοι..ε
1581 431 1665 488 ET
1705 427 2023 487 DECRETA
2059 425 2460 485 PONTII-‘ICIA.

3349 423 3460 496 τες

270 542 452 622 XVII.
481 545 580 601 ilic
624 543 770 601 solus
795 583 808 608 ,
860 544 1000 600 sicut
1048 542 1388 614 doctiloqnus
1447 544 1772 614 evangelista
1803 545 1849 602 Α
1879 547 2208 611 protestatur
2241 557 2253 593 :
2283 540 2343 594 Si.
2366 537 2838 594 circumcidamiui.
2866 528 3104 592 Christus
3153 528 3292 592 robis
3323 532 3456 590 nihil

198 630 378 691 Lucas
404 643 674 700 testatum-
702 629 826 690 dum
855 628 942 704 qui
975 635 1203 705 dispersi
1237 634 1441 689 iuet'anl
1469 647 1566 703 pro
1596 649 1778 704 persc-

201 723 596 782 wtione’l‘acta
638 719 737 779 sub
783 724 1083 793 Stephano,
1111 726 1479 781 circumirent
1511 727 1774 789 civitates,

202 813 406 868 nemini
450 812 732 882 loquentes
778 813 996 866 verbum
1040 813 1199 878 vita,
1245 812 1345 866 nisi
1389 811 1520 867 solis
1557 808 1777 877 ludat-is,

199 909 369 957 orans
398 899 450 956 in
499 901 799 966 canat-ulc,
831 900 1005 955 fartus
1044 911 1127 956 est
1172 896 1226 957 in
1267 915 1495 956 excessu
1540 901 1776 956 mentis:

199 1007 260 1056 et
278 999 507 1059 linteum
527 997 780 1056 omnibus
807 1011 966 1056 terra:
997 1001 1452 1072 quadrupedibus,
1487 1013 1540 1056 et
1583 1002 1783 1072 reptili-

201 1096 332 1160 bus,
383 1090 798 1162 volucribusque
843 1092 966 1146 (δαεΣί
1005 1090 1294 1157 refertum,
1345 1104 1580 1162 quatuor
1617 1093 1784 1146 initiis

199 1181 448 1242 submitti
480 1183 546 1238 de
591 1183 728 1239 ccelo
753 1183 886 1237 vidit
907 1223 922 1248 ,
955 1183 1165 1252 sibique
1210 1184 1421 1238 ett-litus
1449 1185 1646 1238 dictum
1679 1194 1786 1238 ter-

203 1276 284 1330 tio
312 1293 324 1328 :
357 1271 547 1344 Surge,
582 1271 752 1336 Patre,
783 1274 958 1328 occide
1004 1285 1051 1328 et
1101 1273 1392 1337 manduca,
1425 1284 1476 1328 et
1511 1274 1669 1328 tertio
1717 1273 1784 1328 ab

203 1373 276 1434 eo:
308 1377 627 1450 responsum
679 1396 690 1432 :
729 1376 866 1443 Quia
896 1393 1167 1432 commune
1209 1388 1256 1431 et
1286 1379 1609 1432 immundum
1647 1394 1782 1432 nun-

203 1487 364 1538 quam
393 1470 624 1523 introivit
654 1485 708 1528 os
758 1485 961 1534 meant;
985 1478 1038 1522 et
1066 1469 1224 1523 tertio
1267 1483 1496 1538 superna
1543 1484 1671 1522 voce
1704 1475 1788 1525 re-'-

205 1562 435 1633 petitum
484 1578 497 1613 :
541 1558 696 1625 Quod
743 1545 883 1614 Deus
936 1560 1250 1622 mandarit,
1303 1569 1358 1612 tu
1411 1575 1472 1612 ue
1519 1574 1789 1613 commune

203 1634 612 1726 dixeris'lAct.‘
649 1654 735 1724 x);
785 1641 1111 1710 suilicienter
1156 1655 1450 1710 instructus
1480 1670 1511 1709 a
1559 1665 1790 1726 quatuor

206 1753 395 1828 mundi
423 1754 667 1827 partibus
695 1763 902 1836 gentes,
934 1755 1204 1826 quondam
1233 1755 1558 1820 immundas,
1590 1757 1640 1810 in
1670 1756 1788 1810 nui-

205 1855 377 1909 tateut
431 1840 550 1918 [i'ei
611 1847 1038 1915 congregandas,
1098 1846 1284 1916 sicque
1322 1845 1468 1912 lide,
1521 1845 1789 1902 mundatis
1825 1870 1868 1930 υ

205 1950 397 1987 citrum
441 1933 810 1998 c0nScientiis,
841 1935 922 2002 ab
949 1935 1209 2006 cperibus
1255 1938 1502 2001 mortuis,
1534 1945 1584 1992 et
1612 1938 1789 1994 occisa

207 2021 262 2075 in
294 2021 374 2078 eis
399 2013 634 2092 pristina
665 2021 1022 2088 immtmditia,
1053 2023 1136 2078 cui
1176 2024 1380 2079 servire
1425 2023 1662 2080 membra
1695 2041 1788 2079 sua

207 2104 611 2179 exhibuerant,
672 2111 891 2167 Christo
951 2113 1343 2170 delectabiliter
1391 2114 1790 2170 invisceraudas

210 2202 384 2256 tribus
415 2203 618 2257 nuntiis
641 2193 691 2256 iri
729 2189 986 2270 mysterio
1013 2201 1294 2260 Trin’tatis
1314 2221 1373 2260 se
1399 2205 1789 2272 invitantibus;

211 2303 503 2368 immanem
530 2319 720 2372 aprum
758 2301 904 2357 illum
947 2305 1010 2359 de
1040 2304 1170 2362 silva
1201 2307 1460 2378 gentium,
1485 2307 1792 2366 Cornelium

208 2388 587 2452 centurionem
629 2412 793 2467 aggre
823 2413 935 2459 sus,
967 2414 1070 2453 non
1104 2398 1451 2456 reluctantem
1502 2403 1700 2458 occidit
1739 2412 1795 2458 et

209 2488 472 2552 comedit,
495 2488 711 2556 quando
730 2503 866 2558 aqua
887 2479 951 2542 et
974 2489 1175 2558 Spiritu
1204 2490 1515 2548 mundafum
1539 2492 1794 2550 Ecclesia:

211 2576 428 2631 indidit.
457 2575 928 2644 Cui,.coadunatis
957 2579 1123 2649 ipsius
1151 2581 1459 2638 domesticis
1490 2591 1545 2637 et
1585 2584 1792 2648 amicis,

201 2668 343 2724 dum
401 2667 577 2736 adhuc
635 2668 986 2738 loqueretur,
1036 2671 1273 2742 Spiritus
1326 2684 1547 2730 sanctus
1601 2678 1796 2732 cecidit

212 2747 377 2827 super
395 2773 583 2814 omnes
619 2759 708 2828 qui
733 2760 1023 2835 audiebant
1048 2763 1288 2828 verbum,
1315 2774 1370 2817 et
1395 2775 1550 2819 erant
1575 2765 1797 2836 loquen-

197 2859 298 2905 tes
337 2849 553 2920 linguis,
583 2859 656 2915 et
704 2851 1112 2921 magniﬁcantes
1160 2853 1326 2910 Deum
1377 2855 1586 2926 (lbid.).
1645 2857 1795 2922 Quod

217 2932 345 3020 nulli
375 2932 708 3013 ludentum,
743 2957 842 3005 nec
893 2942 1022 3022 ipsis
1061 2945 1320 3014 apostolis
1352 2949 1559 3015 uspiam
1604 2948 1799 3015 legitur

210 3050 554 3100 concessum,
586 3046 645 3090 ιιι
676 3035 936 3092 Paracleti
977 3045 1181 3093 tantam
1222 3039 1610 3109 plenitudinem
1656 3041 1798 3096 acci-

218 3135 406 3195 perent
433 3127 748 3196 priusquam
773 3126 1120 3198 baptismum.
1155 3128 1342 3194 Nonne
1387 3129 1514 3184 hinc
1540 3129 1652 3197 jam
1681 3130 1800 3185 lure.

222 3217 426 3271 clarius
469 3227 680 3276 constat
730 3217 947 3274 Petrum
996 3219 1245 3289 primitus
1275 3219 1341 3274 ad
1385 3220 1794 3277 mdilicationem
1824 3205 1867 3269 ε

225 3307 481 3362 Ecclesiae
522 3307 722 3362 Christi
759 3307 973 3364 Jndzeos
1009 3317 1063 3364 et
1109 3310 1336 3379 gentiles
1366 3311 1656 3365 attraxisse
1686 3353 1699 3375 ,
1746 3321 1800 3366 et

219 3397 380 3468 quasi
403 3397 534 3454 duos
573 3399 809 3468 parietes
838 3415 903 3454 ex
955 3401 1172 3456 diverso
1205 3402 1482 3458 venientes
1508 3443 1522 3466 ,
1564 3419 1659 3472 per
1709 3419 1804 3456 an-

217 3487 465 3556 gularem
514 3488 747 3565 lapidem
793 3489 1067 3546 Christum
1122 3490 1473 3548 indissolubili
1520 3493 1802 3548 eharitatis

219 3574 428 3656 glutine
479 3575 866 3645 coniunxisse?
921 3577 1024 3646 Qui
1061 3590 1266 3650 postea
1329 3583 1514 3638 videns
1575 3599 1800 3639 messem

219 3686 472 3745 multam,
503 3690 558 3733 et
589 3680 870 3750 operarios
901 3697 1122 3752 paucos,
1145 3682 1368 3738 Paulum
1416 3693 1473 3738 et.
1500 3683 1801 3740 Barnabam

223 3769 291 3838 ab
315 3769 602 3825 Antiochia
625 3773 1008 3840 praedicatores
1029 3775 1276 3830 omnibus
1303 3776 1611 3832 nationibus
1639 3777 1803 3834 desti~

223 3859 404 3924 navit;
434 3861 633 3930 quibus
669 3871 888 3918 strenue
925 3861 1100 3918 omcio
1126 3865 1501 3922 iusudantibns
1527 3868 1802 3924 dexteram

221 3947 502 4004 societatis
549 3949 719 4015 dedit,
757 3961 820 4006 ut
865 3953 938 4007 illi
994 3954 1210 4023 quidem
1265 3956 1317 4010 in
1364 3957 1630 4026 gentibus,
1690 3958 1805 4026 ipse

220 4052 353 4091 vero
399 4038 458 4094 in
512 4040 927 4097 circumcisione
966 4052 1129 4109 esset,
1181 4046 1322 4102 sicut
1364 4048 1415 4101 in
1458 4049 1688 4118 Epistula
1737 4049 1802 4104 ad

221 4124 448 4201 Galatas
483 4129 789 4188 ostenditur
817 4131 1094 4195 evidenter
1125 4131 1264 4207 (Cal.
1284 4135 1364 4205 ιι).
1389 4135 1571 4204 Neque
1602 4146 1801 4200 tamen,

222 4214 426 4283 partito
457 4217 509 4271 in
538 4234 633 4276 eos
672 4235 859 4285 onere,
893 4224 1160 4286 subtraxit
1204 4239 1262 4279 se
1296 4235 1488 4294 emptae
1533 4207 1808 4282 vocationi

225 4321 470 4391 gentium
487 4329 545 4380 et
578 4338 932 4395 curua-quam
961 4335 1081 4396 post
1113 4327 1293 4382 Asiam
1317 4329 1386 4384 ab
1409 4329 1625 4400 Illyrico
1645 4333 1807 4386 sentit

228 4421 340 4466 tota
393 4413 607 4483 Europa
633 4421 690 4471 et
713 4415 918 4480 Africo,
949 4418 1323 4487 prtecipueqne
1349 4420 1527 4474 nnmdi
1565 4427 1727 4490 caput
1753 4433 1808 4478 et

1876 629 2104 699 proderit
2141 622 2282 694 (Gal.
2322 630 2398 700 ν).

1949 717 2128 774 Χνιιι.
2161 718 2267 774 Sed
2297 727 2352 772 et
2399 715 2524 772 illud
2555 715 2606 773 in
2644 717 2760 787 ipso
2801 715 2959 770 Petro
3002 716 3346 774 nihilominus
3374 724 3461 769 est

1879 807 2412 863 animaduertendum
2460 807 2602 875 quod
2650 805 2730 860 sui
2776 805 3019 874 corporis
3061 806 3250 859 umbra
3306 805 3455 858 iulir.

1882 899 1983 953 tuis
2032 894 2350 953 conferebat
2392 903 2591 965 optata:
2639 893 2915 964 sospitatis
2954 895 3270 950 remedium.
3305 893 3459 962 Quod

1882 987 2011 1043 nulli
2047 997 2356 1042 sanctorum
2408 995 2620 1041 constat
2670 985 2928 1039 hactenus
2959 999 3271 1038 concessum
3303 1000 3315 1035 :
3357 997 3457 1039 nec

1885 1076 1992 1142 ille,
2025 1091 2120 1148 per
2163 1091 2322 1146 quem
2353 1075 2542 1131 Petrus
2587 1074 2757 1144 potuit
2808 1073 3064 1143 quidquid
3103 1073 3223 1127 boni
3265 1071 3458 1143 potuit.

1884 1185 1949 1223 ex
1977 1183 2074 1224 suo
2101 1167 2446 1223 sanctissimo
2472 1180 2698 1236 corpore
2741 1164 3026 1233 aliquando
3069 1163 3318 1232 cuiquam
3353 1160 3459 1216 taie

1884 1259 2082 1312 donum
2115 1256 2358 1311 attribuit
2391 1255 2627 1310 Sanctus
2653 1262 2988 1318 sanctorum,
3035 1253 3129 1308 sed
3160 1266 3258 1308 suo
3299 1250 3462 1306 Petro

1886 1345 2191 1418 specialiter
2221 1346 2274 1399 iu
2308 1359 2496 1414 magna
2533 1343 2922 1416 signiﬁcatione
2955 1341 3232 1413 praesentis
3269 1350 3326 1396 et
3376 1341 3463 1422 ῐιιτ

1889 1447 2025 1492 tura;
2071 1435 2321 1492 Ecclesiae
2359 1437 2459 1490 hoc
2511 1435 2806 1490 reservavit
2855 1434 3189 1504 privilegium
3212 1475 3226 1498 ,
3259 1433 3408 1488 scilic
3446 1441 3466 1486 t

1888 1528 2011 1597 quia
2064 1527 2176 1597 ipse
2221 1527 2502 1595 utriusque
2557 1526 2870 1596 principalis
2930 1534 3112 1580 rector
3160 1525 3461 1586 existeret,

1891 1616 2171 1686 utriusque
2214 1623 2408 1670 statum
2451 1613 2502 1667 in
2560 1614 2738 1684 seipso
2784 1616 3150 1683 portenderet,
3202 1623 3467 1684 quatenus

1891 1707 2004 1762 tunc
2053 1707 2342 1760 visibilium
2401 1715 2455 1760 et
2519 1703 2938 1759 transiturorum
3005 1712 3463 1760 sacramentormu

1892 1806 2098 1852 secreta
2130 1796 2349 1862 virtute,
2384 1797 2538 1866 quasi
2565 1796 2754 1850 umbra
2787 1811 2902 1858 sua,
2930 1796 3133 1851 morbis
3161 1796 3466 1870 animarum

1895 1887 1947 1941 in
1994 1897 2132 1942 terra
2187 1888 2429 1949 curatis,
2492 1887 2634 1942 illam
2703 1887 2858 1942 nobis
2912 1887 3088 1942 adhuc
3147 1877 3467 1942 invisibilcm

1892 1979 2138 2034 veritatis
2171 1989 2228 2036 et
2253 1980 2600 2035 beatitudinis
2631 1980 2858 2035 solidam
2896 1981 3152 2049 speciem,
3187 1979 3333 2036 velut
3377 1996 3467 2034 so-

1891 2071 2056 2126 lidum
2103 2086 2300 2142 corpus
2324 2113 2336 2134 ,
2377 2071 2629 2125 exhibeat
2671 2071 2724 2124 iu
2758 2071 2930 2126 cmlis.
2955 2069 3194 2136 Quarum
3223 2067 3474 2123 diﬂ'ercno-

1893 2163 2022 2216 tiam
2053 2160 2288 2215 breviter
2323 2160 2610 2230 Apostolus
2641 2160 2978 2215 demonstrat
3004 2175 3019 2211 :
3045 2157 3288 2212 Videmus
3312 2175 3470 2223 nunc,

1896 2251 2160 2322 inquiens,
2181 2268 2271 2320 per
2296 2249 2560 2319 speculum
2587 2251 2640 2304 in
2664 2252 2956 2321 wnigmule,
2991 2261 3113 2302 tunc
3135 2259 3308 2303 autem
3338 2249 3473 2318 facie

1894 2352 1960 2395 aa
1995 2343 2205 2412 faciem.
2256 2341 2411 2396 Nunc
2461 2358 2712 2412 cognosco
2758 2358 2822 2396 ea:
2864 2350 3011 2412 parte
3046 2381 3063 2407 ,
3130 2350 3254 2394 tunc
3292 2351 3478 2394 autem.

1895 2435 2366 2503 cognoscarn,sicut
2389 2443 2433 2487 et
2459 2435 2692 2503 cognitus
2717 2450 2831 2486 sum
2850 2432 2897 2504 (1
2914 2431 3037 2487 Cor.
3071 2433 3216 2504 xm).
3233 2432 3328 2488 Cui
3347 2447 3476 2486 con-

1895 2527 2127 2581 cordans
2161 2524 2397 2581 Joannes
2435 2524 2776 2595 conpostolns
2805 2540 2934 2579 suus
2968 2524 3044 2578 ait
3085 2542 3098 2577 :
3143 2522 3474 2588 Charissimi,

1896 2615 1994 2682 ﬁlii
2045 2613 2143 2668 Dei
2185 2624 2460 2679 sumus,“
2510 2615 2744 2666 nondum
2791 2615 3034 2683 apparuit
3087 2613 3221 2683 quid
3256 2614 3470 2666 erimus.

1899 2705 2105 2760 Scimus
2139 2705 2410 2775 quoniam,
2450 2721 2564 2758 cum
2595 2705 2913 2774 apparuerit,
2945 2704 3137 2758 similes
3180 2703 3232 2759 ei
3258 2705 3494 2768 erimus,

1897 2797 2146 2866 quoniam
2174 2795 2458 2850 videbimus
2488 2813 2606 2849 eum
2631 2796 2786 2850 sicuti
2809 2806 2882 2850 est
2929 2794 2976 2867 (1
3001 2795 3164 2849 Joan.
3189 2796 3293 2865 ιιι).
3320 2793 3475 2862 Quod

1901 2901 2026 2940 vero
2055 2899 2291 2954 presens
2334 2884 2572 2939 Ecclesia
2612 2885 2714 2940 tlde
2751 2893 2805 2938 et
2844 2900 2939 2953 spe
2988 2883 3250 2950 salvator,
3280 2884 3476 2938 Paulus

1901 2977 1979 3029 sic
2007 2974 2244 3044 loquitur
2277 2992 2289 3026 :
2320 2972 2450 3028 Siue
2491 2973 2596 3042 ﬁde
2638 2973 2954 3044 impossibile
2983 2983 3056 3027 est
3099 2973 3304 3042 placere
3344 2971 3494 3027 Deo..

1900 3065 2061 3120 Fides
2089 3076 2263 3120 autent
2289 3075 2361 3119 est
2403 3068 2781 3134 sperandarum
2819 3064 3112 3119 substantia
3162 3079 3355 3125 rerum,
3386 3079 3477 3114 ar-

1900 3166 2198 3225 gumentum
2235 3172 2335 3210 non
2359 3155 2722 3225 apparentium
2763 3153 2950 3226 (Hebr.
2984 3153 3079 3222 at).
3113 3153 3255 3207 Idem
3286 3153 3338 3206 in
3372 3152 3480 3206 alio

1902 3247 2018 3299 luco
2045 3262 2058 3300 :
2083 3243 2184 3312 Spe
2218 3243 2346 3297 salvi
2377 3245 2502 3310 facti
2528 3261 2739 3310 sumus;
2764 3261 2874 3312 spes
2900 3255 3068 3297 autent
3108 3259 3223 3315 qum
3255 3243 3476 3304 ridetur,

1903 3353 2004 3389 non
2051 3345 2124 3390 est
2168 3351 2302 3403 spes.
2359 3333 2511 3398 Quod
2566 3335 2701 3388 enim
2755 3334 2888 3387 ridet
2928 3333 3064 3403 quis,
3092 3333 3216 3403 quid
3265 3332 3482 3401 sperat?

1904 3425 2084 3495 (Rom.
2112 3425 2254 3490 vnt.)
2284 3423 2374 3478 Sic
2422 3425 2580 3478 modo
2611 3425 2878 3478 credendo
2906 3433 2961 3478 et
3007 3423 3290 3494 sperando,
3318 3431 3479 3490 atque

1903 3531 1998 3588 per
2066 3517 2382 3587 patientiam
2448 3516 2812 3587 exspectando
2840 3516 2979 3585 quod
3032 3532 3136 3570 non
3194 3510 3478 3574 videmus,

1903 3607 2006 3663 [ide
2055 3616 2105 3664 el
2136 3622 2230 3678 spe
2259 3623 2288 3660 a
2323 3607 2560 3676 peccatis
2605 3606 2816 3661 liberati
2861 3606 3103 3661 videmus
3136 3607 3260 3676 quia
3301 3603 3480 3675 justus

1903 3715 1966 3753 ex
2020 3699 2122 3754 [ide
2149 3699 2301 3753 vivit.
2335 3697 2390 3752 In
2429 3697 2608 3751 futuro
2648 3697 2856 3768 plenam
2901 3697 3288 3752 beatitudinem
3335 3695 3386 3750 in
3419 3711 3478 3749 re

1905 3789 2201 3844 videbimus
2238 3798 2288 3845 et
2324 3788 2731 3858 possidebimus,
2775 3803 2878 3858 qua
2907 3803 3002 3857 per
3044 3788 3362 3841 charitatem
3388 3799 3476 3842 so-

1905 3878 2008 3932 lam
2037 3879 2151 3934 sine
2193 3879 2409 3934 fastidio
2449 3877 2788 3945 satiabimur,
2817 3893 2938 3934 cum
2972 3877 3277 3949 apparuerit
3305 3875 3477 3946 gloria

1905 3969 2040 4038 ejus.

1977 4058 2112 4113 XIX.
2140 4059 2334 4114 Verum
2367 4068 2539 4114 vestra
2566 4057 2864 4123 insolentia,
2895 4055 3042 4109 nihili
3069 4055 3300 4124 pendens
3326 4053 3499 4118 talia._

1907 4147 2228 4216 specialibus
2246 4147 2444 4202 Christi
2466 4146 2655 4202 ovibus
2678 4146 2925 4200 claudere
2948 4153 3002 4198 et
3027 4143 3346 4199 interdicere
3373 4161 3485 4199 non

1911 4241 2082 4300 timet.
2113 4239 2164 4293 in
2193 4237 2388 4307 quibus
2433 4236 2806 4307 temporaliter
2839 4237 2902 4290 ad
2947 4235 3154 4290 laudem
3190 4235 3278 4290 Dei
3327 4251 3482 4291 recn-

1905 4330 2126 4395 bahant,
2157 4328 2317 4384 ovilia
2343 4343 2358 4381 :
2381 4343 2517 4398 quas
2543 4327 2656 4396 ipse
2690 4342 2792 4381 non
2819 4336 2997 4382 cessat
3030 4327 3259 4381 invitare
3303 4334 3356 4381 et
3395 4343 3480 4380 ιιι-

1909 4419 2190 4474 traducere
2218 4419 2284 4473 ad
2321 4419 2662 4488 sempiterna:
2685 4419 2807 4472 vitm
2836 4433 3033 4489 pascua
3061 4435 3074 4483 ;
3113 4433 3245 4486 quas
3275 4425 3481 4472 tantum

227 4499 450 4558 domina
477 4504 737 4574 gentium.
765 4503 956 4569 Roma.
994 4505 1128 4561 Nam
1170 4523 1292 4564 cum
1330 4508 1548 4578 quidam
1579 4512 1805 4581 pseudo-
1835 4541 1880 4602 π)
1907 4527 1974 4566 ex
1998 4510 2247 4566 omnibus
2283 4510 2385 4565 sibi
2412 4510 2801 4579 compatientes
2829 4510 2882 4564 in
2913 4510 3090 4565 crucis
3117 4508 3300 4564 ultima
3325 4513 3484 4579 pinna
3514 4533 3518 4536 -

229 4592 459 4662 apostoli
505 4595 817 4652 turbassent
839 4597 1002 4652 corda
1029 4597 1282 4664 fratrum,
1310 4599 1553 4658 dicentes
1591 4618 1684 4658 eos
1711 4605 1802 4660 dc-

229 4679 359 4736 bere
381 4681 699 4741 circumcidi
737 4684 1032 4746 secundum
1059 4687 1230 4758 legem
1263 4688 1476 4759 Moysis,
1504 4690 1805 4762 Paulusque

227 4778 288 4824 et
352 4771 628 4829 Barnabas
676 4772 1120 4845 Hierosolymam
1185 4778 1374 4840 iissent
1402 4819 1418 4844 ,
1482 4795 1643 4849 super
1707 4783 1807 4836 hac

229 4863 520 4928 quaestione
548 4862 882 4932 consulturi,
911 4863 1056 4920 solus
1085 4865 1305 4933 Petrus,
1335 4881 1429 4920 sua
1461 4870 1804 4933 auctoritate,

230 4952 660 5010 circumcisionis
714 4969 854 5010 onus
902 4963 1064 5025 atque
1107 4956 1308 5011 Veteris
1362 4957 1491 5027 legis
1538 4960 1724 5030 jugum
1775 4976 1805 5014 a

230 5046 530 5111 cervicibus
576 5034 963 5117 discipulorum
1003 5048 1256 5115 removit,
1284 5056 1338 5102 et
1375 5050 1602 5118 gratiam
1632 5051 1807 5106 Evan-

232 5144 352 5213 gelii
405 5149 470 5200 ad
500 5147 720 5218 plenam.
767 5147 997 5203 salutem
1029 5149 1360 5205 credentium
1413 5150 1654 5208 sultieere
1685 5167 1811 5207 cen-

1117 5238 1142 5254 ι,

409 5236 588 5264 ..ξι-Λιιλ
634 5256 647 5264 ι
687 5241 873 5264 ’.ειη-Δ
910 5238 1062 5264 ann-Il..-
1112 5238 1376 5264 δια-...ιιΑ-ι-
1432 5258 1546 5264 an-..
1567 5261 1578 5264 -

1901 4601 2014 4668 jam
2073 4601 2278 4671 positus
2327 4601 2652 4660 attendens.
2704 4615 2801 4669 pro
2842 4600 3044 4654 eisdem
3098 4599 3332 4652 animam
3390 4613 3484 4668 po-

1909 4691 2106 4755 uendo,
2129 4705 2250 4744 cum
2280 4691 2576 4760 gratiarum
2615 4689 2826 4743 actione
2857 4697 2911 4742 et
2954 4687 3192 4758 piissima
3224 4699 3382 4754 prece
3428 4685 3491 4738 in

1910 4781 2022 4850 ipsa
2063 4779 2355 4835 emissione
2383 4780 2469 4834 sui
2509 4780 2650 4835 beati
2684 4780 2905 4849 spiritus
2953 4777 3176 4832 Domino
3208 4789 3484 4830 commen-

1909 4871 2074 4937 davit,
2105 4870 2330 4925 dicens:
2362 4869 2580 4926 Gratias
2633 4871 2730 4926 tibi
2778 4884 2900 4940 ago,
2927 4868 3117 4925 Pastor
3168 4868 3324 4930 boue,
3358 4868 3483 4935 quia

1909 4979 2054 5029 oves,
2086 4979 2222 5032 quas
2258 4963 2528 5019 tradidisti
2559 4963 2688 5017 mihi
2721 4963 3124 5032 compatiuntur
3164 4958 3312 5012 mihi.
3345 4956 3489 5014 Peto

1909 5067 2036 5122 ergo
2069 5061 2126 5106 ut
2160 5050 2482 5119 participem
2523 5066 2730 5106 mecum
2771 5050 2838 5106 de
2865 5051 3039 5122 gratia
3083 5059 3168 5102 tua
3202 5047 3254 5101 in
3285 5049 3507 5120 sempi-

1912 5153 2143 5201 tertium.
2190 5142 2326 5212 Ergo
2355 5144 2660 5210 praevalebit
2698 5141 2803 5198 illis
2830 5153 3018 5214 portas
3067 5140 3192 5194 vitae
3231 5140 3492 5198 obseram

1912 5235 1990 5264 ι-ιιΙ
2017 5235 2312 5264 ..ι-βοιιιιηιοα
2347 5246 2554 5264 Λευ-ην...

2559 5250 2590 5264 ις
2631 5233 2904 5264 ΛΙνινίΛιιηε·
2967 5249 3060 5264 run
3095 5231 3488 5264 cnn‘|:on\nln--‘
