4020 5392
549 382 658 511 ἧκες

1558 425 1562 430 ’
1624 417 1683 474 s.
1718 385 1964 474 LEO‘NIS
2003 418 2079 473 ιχ
2112 416 2314 475 Pars:
2345 392 2727 477 OPUSC‘ULA‘.

3710 396 3816 470 is:

630 526 745 582 XX.
779 525 1115 599 Quapropter
1152 543 1181 582 a
1214 537 1358 584 tanta
1391 539 1619 584 amentia
1656 530 1766 600 jam
1807 514 2124 599 resipiscue.
2160 537 2199 589 Α
2232 530 2355 584 Cor.
2391 530 2453 595 ι.)
2499 531 2566 585 Et
2610 521 2706 585 ubi
2749 532 2953 586 notavit
2998 546 3091 587 eos
3120 544 3184 586 ex
3234 500 3542 603 arrogantia
3574 532 3723 589 falsa
3759 539 3821 601 et

551 628 608 695 et
648 617 872 671 Latinos
910 633 1036 671 vere
1078 618 1395 683 catholicos,
1431 629 1592 690 atque
1632 620 1850 673 Inaximi
1878 619 2020 673 Petri
2051 619 2130 673 l'a—

553 694 663 763 .‘mn
700 711 874 767 riores
900 694 1190 778 discipulos
1219 705 1679 782 institutionisque
1701 713 2131 782 ejusdevotiores

551 796 851 855 sectatores
875 840 890 866 ,
936 811 1146 877 cessate
1181 803 1563 858 suhsannaudo
1612 806 1875 874 azymitas
1913 819 2126 870 vocare,

534 896 646 951 aut
672 891 936 946 ecclesias
964 890 1069 947 illis
1091 891 1374 963 denegare,
1405 909 1497 948 seu
1533 903 1822 959 tormenta,
1853 895 1992 949 sicut
2021 911 2130 951 cm-

548 981 725 1051 pistis,
757 981 977 1048 inferre,
1025 984 1068 1038 si
1115 983 1276 1038 vultis
1308 1000 1452 1039 nunc
1496 995 1552 1039 et
1602 999 1817 1055 semper
1856 1001 2041 1053 pacem
2076 990 2130 1039 et

548 1060 852 1145 portionem
897 1088 1019 1127 cum
1072 1074 1231 1128 Petro
1276 1075 1497 1129 habere.
1528 1070 1696 1143 Cujus
1741 1075 2042 1139 doctrinam
2075 1083 2130 1129 et

452 1235 456 1239 μ
551 1162 900 1243 traditionem
932 1152 1253 1233 inEpistola
1288 1165 1354 1218 ad
1385 1164 1681 1231 Romanos,
1710 1164 2045 1234 sapientibus
2075 1174 2130 1219 et

435 1277 453 1302 .~
550 1246 930 1323 insipientibus
955 1252 1167 1310 debitor
1196 1254 1282 1309 ille
1312 1249 1547 1326 gentium
1573 1255 1790 1321 Doctor,
1823 1256 1888 1309 ad
1911 1255 2128 1310 tertium

546 1330 746 1400 etelum
785 1354 842 1400 et
869 1345 920 1399 in
955 1346 1262 1415 paradisum
1295 1357 1503 1418 raptus,
1526 1348 1604 1402 sic
1634 1362 1730 1417 per
1755 1346 1935 1400 omnia
1977 1361 2095 1401 com
2115 1374 2129 1387 -

548 1433 789 1499 mendat,
839 1437 1023 1492 dicens
1053 1455 1066 1491 :
1099 1434 1340 1491 Primum
1383 1439 1589 1509 quidem
1636 1437 1836 1507 gratias
1875 1454 1974 1508 ago
2018 1436 2127 1490 Deo

547 1539 666 1582 meo
694 1544 784 1585 ner
816 1526 999 1583 Jesum
1044 1526 1309 1583 Christum
1359 1544 1454 1600 pro
1494 1529 1733 1583 omnibus
1774 1526 1913 1582 robis
1942 1568 1956 1592 ,
2002 1528 2128 1597 quia

548 1602 681 1688 ﬁdes
706 1629 873 1674 vestra
913 1620 1259 1673 annuntiatur
1282 1602 1339 1673 in
1360 1618 1600 1673 universo
1627 1616 1822 1672 ntundo
1853 1616 2025 1685 (liam.
2066 1617 2126 1688 ι).

554 1694 631 1764 Ex
666 1707 819 1778 cujus
870 1709 1089 1779 capituli
1143 1709 1429 1765 occasione
1486 1710 1677 1765 beatus
1724 1721 1779 1764 et
1833 1707 2130 1764 catholicus

546 1797 743 1854 doctor
763 1798 1118 1868 Augustinus,
1142 1799 1193 1853 in
1222 1798 1516 1867 Latineque
1562 1799 1741 1871 lingua
1766 1799 2125 1867 ctarissimus,

2235 618 2518 679 niuudanaa
2548 625 2823 693 Sapientiae
2869 624 3143 693 subjunxit
3174 640 3190 677 :
3230 621 3352 677 Jam
3385 627 3617 679 saturati
3661 622 3817 693 estis,

2228 717 2339 789 jam
2380 719 2562 773 divites
2589 718 2714 787 facti
2732 719 2877 783 estis,
2916 718 3028 772 sine
3057 718 3201 772 nobis
3243 718 3506 788 regnatis;
3529 728 3577 772 et
3605 720 3807 772 utinam

2232 810 2536 877 regnaretis,
2578 820 2633 862 ut
2681 818 2728 862 et
2770 826 2863 863 nos
2898 809 3156 863 vobiscum
3202 809 3576 878 regnaremus!
3602 807 3652 877 (1
3683 806 3805 863 Cor.

2233 900 2330 960 tv.)
2358 898 2421 952 Et
2445 899 2699 954 inﬂationi
2726 915 2913 954 eorum
2939 901 3172 954 minatus
3197 900 3426 969 virgam,
3448 899 3526 952 ait
3550 896 3811 952 :Omninc

2232 989 2449 1041 acuitur
2474 988 2610 1042 inter
2631 1005 2717 1041 vos
2738 988 3041 1058 fornicatio,
3073 998 3121 1042 et
3148 989 3271 1042 talis
3301 988 3609 1058 fornicatio,
3641 987 3811 1058 qualis

2232 1091 2324 1129 nec
2364 1076 2499 1130 inter
2539 1088 2732 1146 gentes,
2775 1078 2849 1131 ita
2888 1086 2943 1131 ut
3000 1093 3213 1131 uxorem
3250 1078 3419 1146 patris
3454 1078 3648 1130 habeat
3692 1078 3811 1146 qui-

2231 1167 2373 1222 dam.
2414 1165 2479 1222 Et
2510 1186 2596 1223 ros
2631 1171 2809 1240 inﬂati
2855 1171 2977 1224 estis
3003 1211 3016 1232 ,
3061 1180 3108 1226 et
3145 1187 3246 1223 non
3274 1171 3442 1239 magis
3472 1169 3681 1226 luctum
3717 1171 3812 1225 ha-

2232 1258 2442 1322 buistis,
2484 1269 2537 1312 ut
2565 1254 2784 1313 tollatur
2801 1261 2866 1313 de
2884 1260 3053 1315 medio
3088 1270 3314 1314 vestrum
3343 1261 3435 1332 qui
3456 1262 3559 1314 hoe
3583 1276 3714 1329 opus
3737 1258 3813 1328 {eo

2231 1348 2300 1400 cit
2336 1346 2387 1417 (1
2415 1346 2539 1401 Cor.
2568 1348 2643 1416 ν).
2674 1347 2882 1414 Quibus
2908 1348 3159 1417 expletis,
3182 1348 3462 1403 admonuit
3508 1363 3611 1403 eos
3630 1338 3812 1402 secum

2230 1438 2453 1509 epulari.
2490 1455 2594 1493 non
2625 1440 2677 1493 in
2702 1440 2967 1494 fermento
2988 1440 3186 1503 veteri,
3209 1439 3349 1508 (μιοὐ
3382 1449 3549 1493 totam
3576 1451 3812 1492 massam

2231 1533 2570 1602 corrumpit,
2617 1535 2711 1589 sed
2764 1535 2815 1588 in
2864 1535 3071 1605 azymis
3115 1534 3449 1589 sinceritatis
3477 1543 3531 1589 et
3569 1530 3815 1589 veritatis

2231 1620 2442 1693 (κῆρι).

2305 1711 2466 1766 XXII.
2493 1712 2661 1780 igitur
2686 1714 2806 1768 istis
2833 1723 2889 1768 et
2917 1713 3226 1784 huiusmodi
3255 1712 3575 1782 apostolicis
3600 1722 3815 1767 sancto-

2229 1817 2458 1872 rumque
2505 1802 2722 1856 Patrum
2776 1803 2938 1859 dictis
2988 1818 3108 1858 cum
3156 1804 3440 1858 evidenter
3483 1803 3818 1872 approbatur

550 1900 714 1959 atque
753 1899 939 1945 noster
975 1889 1412 1961 Chrysostomus,
1448 1892 1523 1945 ait
1552 1907 1567 1945 :
1602 1868 1761 1947 Fides
1809 1891 1934 1955 ista,
1965 1906 2126 1959 quam
2161 1868 2203 1926 Β
2232 1868 2549 1947 Latinorum
2582 1893 2791 1947 sincera
2822 1893 3152 1955 ohedientia,
3191 1902 3241 1947 et
3280 1868 3644 1962 plurimorum
3672 1891 3815 1947 Grae-

548 1977 781 2043 Rozuani
829 1980 1047 2046 habent,
1099 1981 1210 2051 ipsa
1253 1983 1549 2051 eademque
1595 1991 1697 2047 est,
1732 1990 1788 2036 et
1837 1997 1942 2036 non
1983 1980 2129 2047 alia,

551 2087 674 2141 qua:
725 2073 779 2127 in
829 2074 1083 2129 universo
1122 2075 1320 2130 mundo
1357 2076 1711 2135 annuntiatur
1761 2084 1818 2129 et
1856 2074 2126 2140 creditur;

549 2176 675 2233 qua:
721 2177 829 2222 non
866 2163 1038 2217 solum
1069 2163 1124 2226 in
1175 2172 1339 2227 terra,
1373 2165 1470 2220 sed
1511 2174 1565 2221 et
1596 2154 1661 2220 in
1683 2165 1835 2221 caelis
1865 2164 2128 2235 przedica-

550 2262 675 2319 tur;
705 2255 829 2326 quia
856 2253 1014 2312 Jesus
1037 2256 1339 2328 paeiiieavit
1367 2273 1464 2331 per
1491 2258 1808 2330 sanguinem
1836 2273 1992 2313 suum
2023 2272 2130 2313 non

546 2346 725 2406 solum
758 2350 1037 2405 terrestria
1064 2358 1119 2408 et
1146 2349 1377 2416 inferna,
1398 2352 1493 2407 sed
1533 2362 1588 2407 et
1610 2351 1852 2411 coelestia
1887 2350 2026 2422 (Col.
2062 2350 2126 2422 ι).

549 2436 621 2493 Et
641 2438 743 2494 hoc
776 2447 860 2495 est
888 2439 942 2494 in
984 2441 1236 2497 universo
1264 2443 1464 2497 mundo
1503 2442 1662 2498 fidem
1704 2442 2008 2514 praedicari,
2038 2458 2134 2512 per

546 2523 715 2597 quam
751 2531 931 2587 omnis
967 2532 1199 2588 mundus
1237 2533 1310 2588 sit
1332 2533 1580 2591 subditus
1610 2536 1736 2590 Deo.
1770 2535 1876 2591 Sed
1908 2534 2130 2589 Paulum

552 2621 738 2676 audite
766 2621 1184 2692 subsequentem
1219 2641 1233 2678 :
1264 2623 1514 2679 Desidere
1563 2626 1735 2679 videre
1765 2642 1853 2679 vos
1880 2666 1895 2689 ,
1933 2634 1988 2678 ut
2027 2623 2130 2678 ali-

548 2712 677 2782 quid
704 2712 975 2780 impertiar
998 2713 1140 2769 vobis
1158 2714 1346 2782 gratia:
1374 2714 1667 2785 spiritualis
1699 2715 1769 2769 ad
1813 2714 2135 2782 conﬁrman-

551 2802 649 2859 dos
690 2818 780 2859 vos
817 2801 1015 2874 (Rom.
1042 2803 1106 2873 ι).
1154 2801 1257 2869 Qui
1297 2819 1364 2858 ne
1421 2815 1703 2874 putaretur
1743 2805 1877 2860 velle
1926 2805 2129 2875 aliquid

548 2890 873 2951 institutioni
905 2890 1048 2948 Petri
1092 2891 1292 2949 addere
1320 2892 1404 2948 vel
1444 2894 1684 2957 demere,
1712 2894 1962 2962 exposuit
2003 2893 2131 2961 quid

549 2981 743 3041 dixerit
774 2981 847 3043 ad
883 2980 1271 3051 conﬁrmandos
1302 2996 1432 3037 eos:
1460 2983 1514 3036 id
1543 2995 1639 3044 est,
1683 2983 1840 3037 simul
1868 2982 2132 3037 consolari

540 3076 607 3151 in
636 3074 776 3128 vobis
819 3089 912 3143 per
949 3090 1084 3139 eam,
1132 3090 1250 3145 quae
1279 3076 1497 3129 invicem
1544 3085 1658 3140 est,
1700 3076 1861 3145 [idem
1910 3085 2131 3129 uestram

550 3176 707 3237 atque
735 3182 905 3221 meam
934 3165 1142 3237 (lbid.).
1182 3165 1253 3222 Et
1280 3166 1332 3221 in
1359 3166 1467 3222 line
1490 3167 1741 3239 Epistolas
1774 3182 2002 3223 monens
2038 3181 2131 3222 eos

557 3254 827 3317 devitare‘
850 3254 1017 3316 falsos
1044 3253 1265 3321 fratres,
1310 3265 1366 3310 et
1396 3265 1592 3326 prazter
1630 3256 1933 3312 doctrinam
1967 3271 2129 3326 quam

551 3345 656 3413 ipsi
694 3357 1034 3415 acceperant,
1067 3354 1258 3401 euntes
1280 3385 1295 3411 ,
1343 3347 1457 3401 ait:
1491 3346 1629 3417 Rogo
1660 3363 1776 3413 vos,
1823 3347 2047 3416 fratres,
2074 3355 2132 3400 ut

555 3435 832 3491 observetis
878 3451 966 3490 eos
990 3436 1080 3506 qui
1104 3436 1451 3491 dissensiones
1481 3447 1529 3491 et
1570 3437 1911 3506 o/fendicula,
1939 3446 2133 3508 prteter

542 3516 847 3601 doctrinam
881 3541 1039 3597 quam
1063 3543 1148 3582 vos
1190 3528 1471 3594 didicistis,
1513 3529 1748 3599 faciunt;
1778 3539 1826 3584 et
1872 3529 2131 3585 declinata

544 3617 621 3689 ab
642 3615 770 3675 illis.
790 3615 1170 3689 Hujuscemodi
1190 3619 1326 3671 enim
1348 3617 1554 3674 Christo
1579 3620 1804 3675 Domino
1826 3631 2003 3677 nostro
2027 3639 2132 3678 non

545 3708 809 3782 serviunt,
848 3708 938 3767 sed
962 3725 1057 3770 suo
1086 3708 1284 3774 ventri;
1330 3720 1377 3764 et
1413 3727 1506 3781 per
1556 3710 1733 3766 dulces
1783 3728 2045 3769 sermones
2082 3722 2129 3771 et

551 3801 936 3857 benedictiones
982 3803 1235 3865 seducunt
1296 3804 1454 3865 corda
1508 3804 1883 3861 innocentium.
1951 3802 2131 3859 Vestra

548 3896 689 3952 enim
719 3879 1013 3949 obedientia
1040 3895 1096 3949 in
1139 3897 1280 3950 omni
1315 3894 1430 3951 loco
1476 3896 1743 3967 divulgata
1769 3905 1866 3963 est.
1912 3894 2130 3953 Gaudeo

547 3986 713 4056 igitur
739 3986 794 4040 in
830 3985 973 4040 vobis
1008 3984 1189 4054 (liam.
1214 3988 1350 4056 1m).

621 4073 762 4141 XXI.
792 4075 931 4131 Ecce
974 4074 1027 4129 in
1067 4075 1233 4132 totius
1257 4076 1510 4146 Epistolas
1545 4090 1687 4135 serie
1714 4091 1820 4137 non
1860 4077 2131 4133 invenitur

550 4177 782 4231 magnus
801 4160 999 4218 Paulus
1031 4163 1189 4220 (idem
1223 4163 1541 4220 Latinorum
1572 4167 1897 4232 correxisse,
1926 4182 2024 4222 nec
2045 4167 2129 4222 vi—

551 4252 626 4313 tia
651 4254 1020 4331 redarguisse;
1054 4257 1152 4313 sed
1176 4258 1582 4328 congratulatus
1606 4260 1728 4321 ﬁdei
1756 4270 1807 4314 et
1835 4274 2128 4316 conversa-

552 4344 688 4415 tioni
713 4359 924 4407 eorum.
955 4346 1024 4399 de
1073 4348 1478 4412 perseVerantia
1527 4351 1925 4409 commonuisse
1959 4390 1972 4405 .
2004 4365 2131 4409 cum

551 4448 660 4489 non
698 4443 918 4504 propter
947 4434 1228 4500 reprobam
1277 4437 1585 4502 actionem,
1629 4437 1724 4496 sed
1752 4445 1808 4493 et
1852 4438 1921 4493 ob
1961 4439 2130 4508 ipsius

2231 1999 2418 2039 eorum
2463 1984 2801 2054 improbetur
2830 1992 3082 2053 corrupta
3117 1983 3437 2047 insolentia,
3480 1992 3614 2037 sunt
3641 1983 3814 2037 adhuc

2233 2076 2384 2148 plura
2416 2076 2499 2137 his
2535 2073 2700 2145 super
2727 2077 2828 2130 hoc
2874 2075 3012 2144 parti
3047 2082 3248 2129 nostrae
3287 2073 3551 2137 faventia,
3600 2088 3748 2143 qum,
3768 2074 3814 2128 si

2233 2169 2425 2223 liceret
2454 2165 2518 2221 ad
2565 2167 2796 2221 taedium
2824 2168 3111 2233 deducere,
3144 2182 3248 2221 non
3276 2166 3449 2222 solum
3485 2167 3816 2222 excederent

2236 2260 2450 2313 modum
2497 2259 2776 2328 epistolae,
2830 2273 3018 2313 verum
3082 2260 3243 2313 etiam
3297 2267 3521 2327 possent
3579 2259 3816 2313 armaria

2232 2363 2480 2403 onerare.
2520 2347 2861 2417 Quapropter
2881 2348 2966 2403 his
2986 2347 3226 2411 omissis,
3263 2347 3594 2402 cbaritative
3626 2361 3815 2402 moneo

2234 2454 2376 2502 mus,
2406 2452 2473 2493 ne
2501 2438 2755 2493 absentes
2800 2438 2921 2494 sitis
2952 2437 3388 2507 vobismetipsis;
3433 2438 3530 2492 sed
3562 2453 3664 2494 vos
3695 2451 3816 2494 ante

2234 2543 2330 2584 vos
2367 2528 2736 2592 constituatis,
2767 2527 2885 2581 vias
2932 2527 3392 2595 prmdeeessorum
3424 2534 3736 2582 vestrorum
3763 2535 3815 2582 et

2234 2626 2445 2671 vestras
2478 2616 2705 2671 sollicite
2732 2616 3110 2678 consideratis,
3135 2630 3234 2671 nec
3266 2631 3365 2670 nos
3395 2616 3615 2684 privato
3634 2630 3815 2671 amore

2233 2708 2481 2779 palpctis,
2508 2717 2562 2764 et
2604 2709 2657 2762 in
2689 2709 2917 2762 fratrum
2944 2706 3118 2762 oculis
3148 2706 3411 2761 festucam
3437 2706 3813 2776 explorantes.

2235 2802 2288 2855 in
2323 2801 2516 2856 vestris
2548 2802 2754 2857 traham
2795 2815 2902 2855 non
2941 2800 3194 2855 videatis.
3244 2799 3638 2855 Rccordamiui
3682 2800 3817 2856 illius

2236 2891 2482 2946 nefandae
2527 2892 2741 2963 synodi,
2787 2907 2951 2959 quam
2978 2891 3267 2946 voluerunt
3293 2892 3482 2947 vocari
3526 2893 3813 2962 septimam

2235 2984 2401 3038 vestri
2447 2984 2842 3050 haeresiarcha',
2887 3000 3118 3054 quorum
3164 2984 3605 3053 conspiratione,
3655 2984 3819 3053 ipsius

2235 3073 2447 3129 Domini
2473 3072 2642 3129 nostri
2665 3072 2790 3129 Jesu
2832 3074 3033 3129 Christi
3058 3081 3112 3128 et
3143 3084 3456 3129 sanctorum
3505 3073 3818 3129 reverendae

2157 3199 2203 3262 Β
2236 3166 2522 3236 imagines,
2559 3173 2652 3219 aut
2698 3164 2932 3219 ﬂammis
2969 3165 3208 3228 traditze,
3235 3173 3331 3219 aut
3364 3163 3526 3232 aquis
3555 3172 3688 3217 sunt
3722 3164 3818 3218 im-

2234 3271 2454 3319 mcrsm.
2479 3256 2702 3326 pictura:
2728 3270 2858 3311 vero
2878 3271 2942 3311 ex
2972 3254 3269 3325 parietibus
3295 3253 3651 3309 basilicarum
3672 3251 3816 3307 delos

2235 3359 2300 3404 ta:
2325 3348 2493 3420 (216).
2518 3345 2725 3413 Quibus
2744 3347 2994 3416 quamvis
3025 3359 3237 3414 semper
3266 3344 3530 3400 restiterit
3547 3343 3817 3398 Romauoa

2233 3454 2350 3492 rum
2373 3436 2685 3507 pontiﬁcum
2715 3436 3030 3500 auctoritas,
3062 3449 3172 3503 prae
3202 3434 3413 3489 cunctis
3462 3442 3651 3489 tamen
3699 3446 3817 3486 saa-

2232 3526 2461 3583 ctissimi
2490 3540 2643 3596 papa:
2678 3523 2886 3580 Nicolai
2935 3524 3111 3583 ubivis,
3141 3523 3403 3582 laudanda
3454 3521 3707 3583 libertas,
3730 3520 3818 3589 qui

2231 3631 2327 3687 per
2351 3616 2552 3683 legatos
2567 3630 2693 3670 suos
2739 3622 2848 3671 tam
2873 3629 2971 3689 pro
2986 3613 3156 3669 sacris
3177 3612 3526 3684 imaginibus,
3544 3625 3713 3685 quam
3725 3625 3817 3680 pro

2233 3707 2573 3777 depositione
2595 3705 2743 3761 beati
2778 3705 3040 3762 antistitis
3066 3704 3291 3775 lgnalii,
3331 3714 3387 3758 et
3432 3702 3820 3757 substitutione

2232 3798 2408 3853 letii
2446 3797 2721 3868 neophyti,
2753 3795 3041 3852 ecclesiam
3071 3796 3206 3867 agite
3232 3793 3451 3864 Sophia:
3472 3793 3700 3857 clausit,
3729 3792 3818 3846 do~

2231 3907 2332 3945 nec
2362 3889 2503 3944 sedis
2529 3887 2838 3958 apostolica:
2863 3887 3237 3957 acquiesceret
3265 3884 3528 3939 decretis.

2302 3981 2489 4045 XXlll.
2519 3980 2674 4035 Absit
2704 3989 2882 4034 autem
2913 3988 2979 4034 ut
3001 3977 3228 4032 velimus
3269 3975 3494 4031 credere
3543 3976 3694 4044 quod
3722 3990 3818 4043 pu-

2231 4076 2368 4139 blica
2408 4074 2546 4130 fama
2597 4088 2703 4128 non
2760 4071 2973 4127 dubitat
3022 4082 3286 4133 asserere,
3317 4065 3815 4135 Constantinopoli-

2233 4178 2372 4223 tanae
2392 4166 2646 4225 Ecclesia:
2668 4164 2961 4234 contigisse
2981 4172 3035 4216 ut
3060 4161 3358 4223 eunuchos,
3374 4169 3568 4213 contra
3589 4159 3821 4229 primum

2231 4257 2402 4313 sancti
2420 4254 2618 4311 Nicmni
2636 4254 2852 4309 concilii
2872 4252 3187 4324 capitulum,
3206 4252 3407 4323 passim
3427 4250 3816 4319 promovendo.

2231 4340 2487 4411 fernipam
2517 4347 2571 4402 in
2601 4347 2728 4402 sede
2750 4345 3064 4416 pontilicum
3091 4358 3312 4397 suorum
3336 4342 3692 4396 suhlimassct
3722 4337 3822 4392 ali-

2231 4439 2468 4508 quando.
2504 4437 2619 4496 Hoc
2639 4446 2747 4491 tam
2780 4432 3142 4495 abotniuahile
3170 4432 3347 4507 scelus
3388 4430 3824 4498 detestabiletu

551 4524 676 4581 ﬁdei
726 4525 1047 4583 citissimum
1103 4525 1442 4598 naufragium
1479 4527 1534 4581 in
1581 4526 1799 4582 Graecos
1840 4526 2008 4583 fuerit
2043 4529 2131 4584 iit-.-
2161 4538 2209 4597 ι)
2237 4529 2464 4590 l'aeinus,
2495 4527 2596 4584 etsi
2621 4526 2918 4582 enormitas
2968 4524 3138 4594 ipsius
3185 4522 3266 4576 vel
3307 4521 3503 4575 horror
3556 4518 3828 4573 fraterna-

550 4624 740 4671 vectus
767 4615 1035 4671 acerrime
1058 4614 1126 4671 ab
1157 4615 1311 4672 initio
1351 4630 1519 4691 usque
1547 4615 1600 4670 in
1640 4618 1800 4670 tinem
1835 4616 2022 4686 prima:
2062 4616 2132 4673 ad

549 4710 865 4770 Corinthios
905 4709 1181 4781 Epistolas.
1233 4710 1382 4777 Quod
1427 4718 1576 4765 certe
1626 4709 1793 4780 liquet
1842 4711 1894 4765 in
1942 4712 2131 4782 paucis

546 4802 755 4866 verbis,
778 4802 869 4859 ubi
904 4804 1017 4865 ait:
1051 4801 1250 4858 Fidelis
1281 4801 1443 4866 Deus,
1481 4818 1574 4871 per
1611 4818 1763 4872 quem
1804 4803 1971 4858 τοιαιὶ
2008 4805 2130 4859 estis

544 4897 608 4952 .in
656 4896 958 4955 societatem
1009 4892 1136 4968 Filii
1179 4894 1294 4964 ejus
1351 4894 1481 4948 Jesu
1534 4891 1730 4948 Christi
1771 4892 1984 4947 Domini
2036 4912 2132 4948 no-

535 4988 666 5050 ,stri.
722 4984 949 5043 Obsecro
993 4995 1168 5044 autem
1217 5002 1347 5051 res,
1384 4985 1600 5057 fratres,
1645 5001 1739 5055 per
1782 5001 1968 5039 nomen
2017 4983 2129 5038 Do-

542 5081 681 5135 ,mini
720 5082 883 5135 nostri
927 5079 1057 5136 Iesu
1090 5078 1319 5144 Christi,
1358 5092 1413 5134 ut
1448 5079 1676 5149 idipsum
1706 5080 1894 5135 dicatis
1931 5093 2129 5141 omnes,

549 5179 604 5226 et
651 5186 754 5222 non
787 5172 889 5223 sint
931 5170 987 5232 in
1021 5171 1163 5241 vobis
1197 5171 1513 5232 schismata;
1544 5169 1658 5225 sitis
1699 5180 1872 5229 autem
1904 5165 2152 5249 perfecti.

548 5257 612 5317 in
655 5260 836 5313 eodem
873 5276 1065 5324 sensu,
1110 5269 1158 5314 et
1209 5262 1264 5315 in
1316 5262 1499 5315 cadent
1553 5261 1795 5316 scientia.
1853 5257 2133 5328 Signiﬁcav

1953 5351 2002 5392 rh
2051 5349 2133 5392 In"

551 5356 666 5392 tum
712 5358 787 5392 est
833 5350 971 5392 Arnim
1012 5351 1139 5392 mihi
1188 5353 1253 5392 dp
1305 5353 1446 5392 “nbis
1521 5352 1707 5392 fratrs:
1754 5351 1856 5392 moi

2234 4636 2341 4690 que
2373 4618 2744 4675 benevolentia
2774 4631 2876 4670 non
2905 4612 3166 4684 permittit
3191 4628 3293 4667 nos
3343 4611 3591 4671 credere,
3643 4607 3825 4664 consi-

2235 4712 2421 4766 derata
2471 4720 2651 4765 tamen
2677 4708 2882 4763 incuria
2910 4715 3092 4762 vestra
3118 4719 3243 4775 erga
3274 4711 3590 4759 sanctorum
3633 4715 3826 4756 censu-

2238 4819 2352 4859 ram
2383 4816 2673 4867 canonum,
2702 4800 2827 4871 quia
2857 4797 3131 4852 eunuchos
3157 4804 3213 4851 et
3232 4793 3412 4862 aliqua
3451 4801 3609 4861 parte
3630 4805 3826 4859 eorpo~

2236 4895 2312 4950 ris
2357 4891 2689 4952 imminutus,
2744 4904 2851 4944 non
2893 4887 3069 4944 solum
3118 4885 3184 4940 ad
3226 4884 3581 4942 clericatum,
3630 4880 3727 4935 sed
3759 4877 3826 4931 ad

2240 4981 2608 5055 poutilieatum
2636 4979 2799 5033 etiam
2832 4975 3196 5031 indiﬂ'erenter
3225 4987 3288 5028 ac
3316 4969 3638 5027 solemniter
3655 4967 3827 5021 adhuc

2239 5073 2587 5146 promovetis,
2618 5070 2730 5127 fieri
2758 5070 2994 5140 potuisse
3023 5080 3332 5139 pensamus.
3364 5062 3475 5118 Sed
3497 5060 3628 5131 quid
3651 5057 3827 5129 plura?

2240 5167 2343 5222 Tot
2368 5177 2424 5222 et
2446 5165 2608 5237 tantis
2638 5160 2998 5219 schismaticis
3050 5167 3104 5227 et
3147 5155 3439 5220 lneretieis,
3500 5150 3823 5208 catholicam

2240 5270 2403 5328 atque
2432 5255 2778 5326 apostolicam
2811 5250 3104 5309 Ecclesiam
3146 5256 3334 5318 aperte
3381 5242 3826 5315 impugnantibns

2239 5359 2288 5392 ρι
2331 5347 2636 5392 discindere
2691 5343 3081 5392 laborantibus.
3132 5340 3398 5392 hactenus
3438 5335 3823 5392 retltuidastis.
