4020 5392
341 253 436 313 7σί

1308 254 1663 311 EPISTOLAS
1701 257 1786 311 ΕΤ
1820 258 2134 314 οεοιιετΑ
2167 260 2416 317 PONTIF
2422 244 2586 316 ΙΟΙΛξ⁸

3464 260 3569 320 res

343 373 444 424 lii-a
482 368 658 430 sedes,
690 381 806 434 (per
833 380 926 432 per
957 365 1297 434 Evangelium
1329 371 1507 437 genuit
1536 370 1776 422 Latinam
1807 371 1904 422 Ec-
1934 381 1976 434 Α
2006 372 2297 428 Jeremiam
2347 385 2536 428 contra
2591 373 2846 442 quosdam
2896 374 3248 442 conqueritur
3272 415 3288 439 ,
3351 381 3532 432 dicens
3565 396 3578 431 :

340 460 560 514 clesiam
588 458 640 510 in
669 453 977 518 Occidente,
1005 467 1174 510 mater
1203 473 1306 510 non
1352 469 1434 512 est
1463 459 1908 528 Cotistantinopo-

339 550 523 603 litanze
575 545 830 601 Ecclesia:
878 545 930 599 in
977 545 1213 611 Oriente,
1271 563 1430 615 quam
1474 565 1568 617 per
1615 549 1904 618 gloriosum

337 641 507 693 tilium
535 654 690 693 suum
723 638 1154 702 Constantinum,
1207 648 1260 693 et
1291 639 1497 692 nobiles
1532 640 1907 708 sapientesque

337 729 637 795 Romanos,
671 746 773 784 non
806 738 1009 782 tantum
1040 730 1301 792 moribus,
1331 730 1425 783 sed
1471 738 1526 783 et
1579 731 1747 783 muris
1795 738 1909 783 stu-

335 817 450 873 duit
484 819 771 889 reparare?
799 818 950 885 Quod
977 819 1021 872 si
1049 819 1442 883 contradicitis,
1471 819 1536 871 ad
1558 819 1687 887 quid
1724 829 1908 873 vestro

335 909 650 976 imperatori
678 907 882 962 Latiare
911 909 1115 973 laudes,
1164 918 1219 962 et
1245 910 1296 962 in
1324 909 1561 963 Ecclesia
1589 909 1790 963 Graecis
1821 924 1906 962 re-

335 998 578 1052 citantur
609 996 811 1053 Latinae
851 997 1140 1053 lectiones?
1195 998 1391 1068 Utique
1433 1001 1502 1052 ob
1551 999 1907 1052 reverentiam

335 1089 480 1143 Illius
502 1090 713 1152 matris,
740 1104 856 1157 quae
877 1087 985 1157 jam
1013 1091 1223 1143 cunctis
1251 1104 1580 1158 paganorum
1621 1089 1909 1142 crudelita-

335 1177 480 1233 tibus
545 1188 603 1234 et
664 1181 996 1234 diversorum
1067 1189 1456 1236 tormentorum
1523 1180 1911 1249 quaestionibus

331 1276 527 1324 vexata
561 1277 615 1322 et
642 1269 972 1339 impugnata,
1007 1284 1090 1334 ac,
1144 1270 1289 1324 velut
1320 1284 1533 1334 aurum,
1577 1269 1757 1322 nimiis
1789 1283 1910 1336 per-

333 1367 648 1412 secutorum
679 1356 908 1412 flammis
939 1358 1178 1421 decocta,
1212 1357 1522 1411 deliciosam
1547 1357 1732 1419 tiliam,
1760 1357 1910 1411 vide-

331 1450 460 1503 licet
491 1449 791 1505 Ecclesium
821 1449 1467 1518 Constantinopolitanam
1493 1449 1680 1502 edidit.

404 1539 598 1595 XXIV.
636 1541 702 1594 Et
730 1548 880 1594 certe
900 1541 1012 1610 jam
1050 1541 1256 1594 decima
1280 1555 1308 1593 a
1341 1538 1550 1594 Nerone
1578 1539 1631 1593 in
1653 1538 1912 1592 Clu-istia-

332 1644 436 1685 nos
459 1629 766 1697 persecutio
784 1629 997 1696 penitus
1012 1627 1314 1691 refrixerat,
1327 1629 1436 1698 jam
1451 1643 1610 1682 omne
1633 1629 1912 1682 mundanae

2008 463 2094 516 Me
2131 466 2513 530 dereliquerunt
2537 465 2728 533 [autem
2753 480 2902 533 aqua:
2942 466 3098 527 viva’,
3125 477 3171 519 et
3210 466 3451 534 foderunt
3485 469 3584 521 sibi

2007 555 2277 618 cisternas,
2306 557 2558 610 cisternas
2588 554 2868 619 dissipatas
2886 593 2900 615 ,
2927 571 3043 621 quis:
3073 557 3335 609 continere
3363 572 3460 609 non
3494 573 3589 610 va-

2007 646 2108 698 lent
2135 663 2298 714 aquas
2326 645 2458 699 ller.
2484 645 2566 712 tt).
2595 644 2659 696 Et
2695 654 2815 711 post
2859 643 3037 712 aliqua
3067 663 3079 698 :
3114 643 3270 698 Nunc
3315 645 3441 714 quid
3489 642 3586 700 tibi

2007 734 2158 785 eisin
2194 733 2274 786 via
2305 732 2544 800 .lfgypti,
2597 742 2649 783 nt
2698 732 2840 784 bibas
2895 747 3083 798 aquam
3137 732 3437 785 turbidam?
3479 729 3588 785 Aut

2007 825 2130 892 quid
2160 825 2253 876 tibi
2281 825 2334 876 in
2361 825 2453 877 viis
2481 823 2837 890 Assyriorum,
2869 833 2921 874 ut
2949 822 3092 874 bibas
3115 839 3302 891 aquam
3324 819 3589 890 ﬂuminis?

2008 913 2196 981 (Ibid)
2217 914 2360 979 Quas
2389 913 2574 982 utique
2603 928 2668 965 ne
2696 911 2942 965 sitiamus
2965 911 3103 963 idem
3133 920 3293 973 velut,
3353 912 3535 965 dicens
3566 925 3583 965 :

2012 1001 2236 1056 Prohibe
2274 1012 2454 1072 guttur
2502 1013 2703 1056 tuuma
2733 1003 2820 1055 siti
2869 1000 3078 1072 (lbid.).
3119 999 3258 1055 llinc
3307 999 3584 1066 Salomon,

2009 1109 2142 1160 quas
2169 1107 2335 1161 aquas
2365 1101 2640 1160 appetere,
2668 1107 2909 1161 quasque
2936 1091 3226 1144 debeamus
3273 1090 3462 1153 vitare,
3495 1091 3588 1144 de-

2012 1191 2336 1245 monstrans,
2366 1182 2444 1235 ait
2468 1199 2482 1235 :
2506 1180 2634 1234 Bibe
2655 1197 2844 1251 aquam
2860 1182 2923 1234 de
2942 1183 3165 1234 cisterna
3180 1191 3295 1244 tua,
3318 1189 3365 1233 et
3385 1181 3584 1249 ﬂuenta

2009 1273 2149 1340 putei
2175 1272 2272 1324 tui.
2302 1271 2614 1323 Deriventar
2661 1271 2828 1338 fontes
2880 1270 2955 1322 tui
2995 1274 3160 1338 (oras,
3207 1277 3255 1320 et
3304 1269 3358 1320 in
3401 1265 3587 1336 plateis

2011 1377 2173 1422 aquas
2193 1371 2310 1412 tuas
2336 1359 2526 1412 divide.
2562 1357 2766 1411 Habeto
2807 1374 2895 1410 eas
2935 1359 3100 1424 solus,
3151 1373 3240 1410 nec
3293 1357 3395 1409 sint
3429 1355 3588 1408 alieni

2009 1451 2285 1519 participes
2311 1449 2408 1501 tui.
2451 1445 2528 1502 Sit
2562 1464 2688 1502 vena
2715 1457 2804 1499 tua
2835 1446 3098 1500 benedicta
3128 1443 3308 1514 (Prov.
3337 1445 3412 1515 v).
3443 1445 3510 1498 Et
3532 1444 3584 1498 in

2013 1541 2489 1610 sabsequentilms,
2529 1539 2838 1593 luercticam
2891 1539 3203 1601 vanitatem,
3259 1537 3359 1590 sub
3406 1537 3586 1604 specie

2014 1630 2189 1684 stulta:
2213 1629 2475 1693 mulieris,
2506 1629 2699 1682 visibili
2735 1627 3127 1697 quodammodo
3155 1626 3326 1679 forma
3378 1626 3592 1680 coloraq

335 1720 563 1774 insaniae
585 1719 888 1774 incendium
918 1720 1148 1790 sepitum
1180 1728 1319 1783 erat,
1375 1719 1487 1789 jam
1518 1719 1688 1773 Roma
1728 1718 1906 1772 adulta
1940 1701 1982 1757 Β
2013 1729 2118 1771 tam
2156 1726 2318 1786 atque
2342 1717 2608 1787 depictam
2639 1716 2952 1780 introducit,
2988 1716 3198 1768 dicens:
3218 1713 3409 1766 Mulier
3423 1712 3583 1765 stulta

332 1820 392 1866 et
417 1810 675 1882 longaeva,
703 1811 755 1864 in
779 1811 961 1865 divino
988 1811 1134 1865 cultu
1169 1811 1359 1866 victrix
1379 1819 1435 1866 et
1473 1820 1750 1874 coronata,
1804 1811 1907 1864 alta

335 1917 470 1972 pace
497 1901 1016 1971 trimnpbabat,jam
1041 1902 1451 1956 innumerabilis
1499 1903 1779 1971 utriusque
1825 1916 1910 1954 se-

339 2006 438 2045 xus
460 2002 518 2044 et
544 1990 772 2045 diversa:
792 1992 966 2045 aetatis
1015 2001 1313 2061 martyrum
1360 1993 1653 2056 exercitus,
1710 1993 1910 2046 nostris

337 2080 544 2148 azymis
599 2081 916 2149 saginatus,
971 2081 1249 2137 universos
1308 2083 1623 2137 idololatriae
1678 2083 1913 2152 fregerat

337 2170 592 2237 impetus,
623 2169 736 2236 jam
768 2172 1047 2237 mundum,
1093 2182 1148 2227 et
1179 2175 1350 2242 ipsum
1397 2174 1578 2227 mundi
1615 2175 1908 2244 principem

338 2258 439 2310 sub
467 2257 691 2326 pedibus
738 2259 988 2326 habebat,
1032 2258 1144 2326 jam
1173 2277 1278 2315 non
1333 2260 1504 2314 soluat
1563 2262 1660 2330 ipsi
1709 2271 1910 2316 nostra:

341 2347 691 2402 institutionis
750 2348 1047 2413 antistites,
1103 2350 1200 2404 sed
1225 2358 1280 2405 et
1329 2350 1563 2404 ministri
1591 2365 1776 2404 eorum
1805 2391 1819 2415 ,
1855 2351 1907 2404 in

339 2438 536 2507 quibus
573 2439 896 2493 Laurentius
925 2455 989 2492 ac
1021 2441 1353 2504 Vincentius,
1383 2441 1530 2494 omni
1571 2441 1770 2494 mundo
1798 2449 1912 2494 stu-

341 2529 924 2596 pente,deficientilms
984 2529 1114 2598 ipsis
1163 2529 1453 2584 tormentis
1506 2538 1560 2583 et
1617 2530 1912 2584 tortoribus

341 2615 688 2673 insultabant.
727 2618 881 2671 Modo
905 2618 1134 2673 delicata
1165 2618 1271 2672 lilia
1295 2619 1348 2673 in
1396 2617 1638 2672 conclavi
1670 2617 1912 2674 residens

342 2722 553 2771 secura,
581 2708 810 2771 deliciis,
841 2707 1077 2768 lascivia.
1103 2716 1156 2761 et
1182 2707 1339 2778 longo
1367 2709 1480 2762 otlo
1503 2693 1782 2769 dissoluta,
1811 2721 1911 2760 mc

339 2801 408 2853 ad
439 2814 684 2867 ennpum
719 2800 822 2853 rite
850 2799 1253 2868 agonizantium
1290 2799 1578 2869 aliquando
1605 2812 1909 2868 progressa,

340 2888 426 2957 pia
467 2897 638 2941 matre
658 2897 936 2958 satagente
963 2898 1019 2943 et
1043 2888 1354 2944 deeertante
1375 2905 1472 2958 pro
1501 2903 1588 2954 ea,
1633 2904 1736 2942 non
1789 2903 1912 2942 eru-

340 2976 515 3030 bescit
561 2985 653 3030 aut
705 2985 922 3030 veretur
971 2978 1260 3045 primatum
1307 2993 1591 3047 arrogarc,
1653 2985 1912 3032 materna:

339 3065 601 3120 senectuti
625 3065 736 3134 jam
766 3067 1003 3120 emerita:
1025 3067 1303 3134 derogare,
1337 3081 1437 3121 nec
1463 3063 1691 3120 edictum
1717 3081 1913 3134 corpus

339 3155 457 3222 ejus
494 3155 769 3210 laboribus
802 3164 857 3209 et
877 3157 1086 3222 diebus,
1117 3171 1444 3225 rugososque
1465 3164 1520 3209 et
1551 3156 1729 3208 minus
1777 3155 1912 3208 vali-

338 3245 438 3298 dos
466 3246 932 3314 artus,’quondam
965 3255 1171 3300 torosos
1193 3254 1250 3300 et
1272 3245 1337 3299 ad
1367 3246 1547 3315 prazlia
1565 3246 1740 3299 divina
1759 3261 1916 3300 exer-

342 3342 448 3393 tos.
476 3334 662 3388 saltem
695 3335 873 3406 aliquo
898 3336 1248 3390 humanitatis
1270 3345 1515 3404 respectu
1547 3335 1912 3399 considerare,

341 3424 540 3479 nullam
574 3425 930 3479 reverentiam
961 3425 1271 3480 reverendis
1293 3426 1442 3480 canis
1473 3425 1640 3494 ipsius
1694 3425 1916 3488 habere,

339 3512 435 3568 sed
465 3512 631 3582 ipsam
655 3513 876 3584 puellari
896 3514 1113 3570 levitate
1135 3525 1253 3584 post
1281 3515 1702 3569 innumerabiles
1725 3514 1913 3568 trium-

339 3604 476 3674 pbos
521 3605 587 3657 ad
620 3605 855 3658 recidiva
899 3604 1038 3658 bella
1071 3605 1354 3659 adversum
1382 3614 1552 3660 semet
1598 3620 1915 3674 provocare,

341 3704 396 3749 et
422 3711 541 3749 eam
563 3696 734 3751 solido
765 3696 1120 3766 perfectorum
1149 3697 1272 3752 cibo
1295 3699 1588 3766 privatam,
1615 3698 1682 3752 ad
1719 3714 1914 3752 carna-

339 3783 472 3840 lium
502 3785 584 3840 lac
612 3788 912 3851 retrahere,
947 3788 1088 3858 quod
1112 3796 1300 3842 contra
1350 3804 1504 3842 usmn
1561 3798 1792 3850 natura,
1851 3801 1914 3841 ex

339 3876 473 3945 ipsis
502 3876 802 3945 pubertatis
825 3892 933 3930 sure
956 3878 1200 3931 mammis
1222 3877 1274 3932 in
1301 3876 1553 3946 Egypto,
1598 3879 1731 3931 sicut
1758 3894 1916 3944 supra

338 3965 543 4019 dictum
570 3974 671 4030 est,
733 3966 890 4020 toties
941 3965 1256 4034 confractis,
1295 3977 1526 4022 conatur
1581 3969 1919 4038 impudenter

336 4056 420 4109 ori
451 4056 565 4124 ejus
597 4055 883 4111 instillare.

413 4142 573 4200 XXV.
608 4145 672 4198 Et
698 4146 902 4199 unitam
926 4147 1114 4201 saltem
1141 4163 1325 4202 verum
1362 4147 1472 4202 lac!
1498 4148 1623 4211 Sed,
1655 4149 1787 4217 prob
1819 4148 1916 4202 dc-

338 4231 460 4287 lorl
494 4240 596 4287 non
623 4243 707 4288 est
735 4234 847 4299 lac,
872 4250 980 4304 quo
1010 4245 1194 4291 tenera
1242 4238 1478 4292 ﬁdelium
1510 4237 1768 4306 paulatim
1819 4255 1916 4292 nu-

1939 3026 1982 3086 C

2010 1819 2056 1862 et
2077 1809 2329 1873 clamosa,
2360 1808 2610 1878 plenaque
2631 1807 2904 1869 illecebris,
2931 1816 2976 1860 et
2997 1806 3126 1859 nihil
3148 1807 3357 1858 omnino
3393 1805 3583 1869 sciens,

2009 1906 2147 1955 sedet
2176 1903 2230 1956 in
2255 1903 2456 1971 [oribus
2488 1903 2670 1954 domus
2704 1918 2812 1954 suta
2859 1917 3015 1969 super
3058 1900 3239 1952 sellam
3293 1899 3347 1953 in
3384 1899 3585 1953 excelso

2011 1992 2154 2044 urbis
2185 1991 2320 2055 loco,
2346 2003 2399 2045 ut
2428 2001 2630 2045 vocaret
2653 2002 2979 2046 transeuntes
3005 2008 3096 2060 per
3124 1991 3256 2044 riam
3278 1999 3325 2043 et
3371 2006 3590 2060 pergen-

2011 2094 2084 2136 tes
2114 2085 2298 2137 itinere
2324 2100 2454 2138 suo:
2486 2084 2587 2149 Qui
2615 2093 2688 2137 est
2718 2083 2990 2151 parvulus,
3037 2081 3255 2134 declinet
3282 2081 3350 2133 ad
3377 2097 3478 2134 me.
3519 2079 3587 2134 Et

2010 2175 2216 2228 vecordi
2241 2173 2414 2228 locuta
2445 2185 2560 2228 est:
2596 2175 2757 2242 Aquw
2801 2171 3007 2240 furtiva:
3057 2169 3314 2223 dulciores
3355 2179 3498 2231 sunt,
3537 2177 3586 2222 et

2009 2264 2158 2327 panis
2180 2261 2510 2316 absconditus
2531 2263 2759 2316 suavior.
2785 2260 2850 2313 Et
2883 2259 3137 2328 ignoravit
3185 2257 3322 2328 quod
3356 2259 3587 2327 gigantes

2012 2351 2081 2402 ibi
2103 2351 2224 2412 sint,
2245 2353 2359 2404 etin
2381 2351 2658 2420 profundis
2683 2349 2879 2418 inferni
2896 2352 3120 2403 conviva:
3145 2349 3258 2417 ejus
3285 2347 3467 2418 (Prov.
3486 2347 3584 2416 Ix).

2084 2438 2270 2492 XXVI.
2313 2439 2554 2506 Quorum
2588 2454 2654 2493 ne
2679 2439 2751 2491 sit
2790 2437 3058 2506 particeps
3110 2436 3164 2489 in
3204 2435 3392 2488 tartari
3430 2433 3579 2486 llam-

2013 2530 2133 2593 mis,
2169 2545 2303 2598 quas
2333 2530 2572 2584 vicissim
2611 2530 2727 2583 sine
2773 2529 2878 2582 line
2932 2536 3118 2596 pascat
3162 2525 3406 2580 medullis
3449 2526 3587 2586 suis,

2006 2621 2118 2690 jam
2148 2637 2290 2675 nunc
2315 2621 2420 2675 lilia
2460 2621 2771 2675 recordetur
2816 2619 3047 2690 gemitus
3073 2617 3171 2686 pia:
3201 2615 3497 2687 genitricis,
3534 2623 3592 2670 et

2013 2720 2141 2780 quot
2167 2711 2247 2764 vel
2277 2724 2474 2778 quanta
2505 2710 2743 2780 pericula
2777 2719 2998 2777 propter
3038 2723 3180 2770 eam,
3233 2722 3325 2760 seu
3371 2714 3591 2773 propter

2012 2817 2227 2857 sorores
2265 2802 2450 2870 ipsius,
2476 2801 2525 2853 in
2555 2809 2707 2854 utero
2730 2815 2828 2853 suo
2861 2797 3121 2851 hactenus
3152 2797 3314 2859 vidit;
3346 2805 3398 2848 et
3419 2795 3588 2863 gratia

2013 2890 2104 2944 Dei
2136 2890 2308 2942 discat
2349 2889 2469 2942 talis
2498 2888 2634 2953 licri,
2672 2887 2861 2942 saltem
2887 2885 3184 2946 adinonila,
3233 2884 3407 2954 qualis
3451 2883 3590 2937 bene

2014 2979 2159 3035 dese
2183 2980 2429 3032 meritam
2461 2986 2710 3042 matrem,
2747 2977 2910 3030 etiam
2939 2977 3091 3029 senio
3146 2990 3209 3028 ac
3251 2973 3467 3027 assiduo
3509 2972 3592 3024 in-

2017 3085 2236 3124 curvam
2271 3069 2450 3123 laborc
2478 3077 2532 3124 et
2559 3067 2860 3130 tremulam,
2887 3068 3012 3120 data
3044 3080 3203 3118 manu
3220 3073 3377 3132 atque
3393 3076 3591 3131 suppo-

2016 3161 2120 3215 sito
2160 3161 2384 3214 humero
2413 3159 2628 3212 studeat
2656 3157 2938 3211 sublevare
2965 3163 3019 3209 ct
3045 3163 3367 3216 sustentare,
3393 3166 3496 3204 non
3521 3148 3588 3202 ad

2019 3251 2227 3304 ruinam
2257 3248 2551 3317 impellere,
2579 3247 2900 3316 deprimere,
2953 3244 3291 3314 perturbare,
3337 3242 3419 3297 vel
3452 3239 3588 3295 allii-

2017 3356 2162 3408 gere.
2186 3339 2280 3392 Pio
2306 3336 2497 3392 all'eetu
2529 3345 2583 3390 et
2611 3335 2793 3389 humili
2827 3337 2991 3389 corde
3030 3332 3235 3404 jngiter
3292 3333 3590 3403 perpendat

2018 3428 2143 3498 quid
2171 3427 2309 3481 idem
2342 3426 2596 3480 Salomon
2631 3424 2773 3478 dicat
2807 3441 2820 3476 :
2847 3421 3050 3478 Stultus
3073 3424 3224 3476 ltotno
3249 3422 3458 3489 despicit
3481 3437 3593 3472 ma-

2019 3533 2146 3575 trem
2183 3538 2330 3575 suam
2355 3519 2537 3590 (Prov.
2572 3521 2696 3589 xv);
2743 3527 2793 3572 et
2823 3519 2949 3572 item
2978 3535 2991 3570 :
3030 3516 3110 3571 Ne
3160 3515 3440 3585 despicias,
3472 3529 3589 3567 cum

2018 3614 2242 3666 senuerit
2287 3623 2561 3666 matertua
2611 3611 2792 3680 (Prov.
2837 3610 3010 3679 χχιιι).
3043 3609 3289 3677 Alioquin
3333 3608 3400 3670 si,
3449 3606 3591 3674 quod

2021 3705 2192 3758 absit!
2227 3706 2469 3770 pertinax
2510 3718 2629 3756 esse
2655 3701 2906 3760 voluerit.
2943 3709 2995 3753 et
3027 3699 3126 3768 piae
3160 3697 3314 3751 n'iatri
3346 3696 3590 3765 superci-

2023 3797 2150 3848 lium
2172 3797 2371 3868 cjuspet
2400 3795 2760 3864 arrogantiam
2793 3793 2964 3845 adlmc
3000 3787 3375 3851 dissimulanti,
3427 3795 3591 3856 atque

2020 3888 2085 3940 ad
2115 3886 2536 3941 satisfactionem
2567 3886 2832 3953 patienter
2859 3880 3209 3949 exspectanti,
3263 3892 3484 3948 parcere
3535 3883 3593 3932 et

2021 3993 2211 4046 parcre
2234 3975 2638 4044 contempserit,
2693 3975 2999 4042 experietur
3050 3973 3102 4025 in
3152 3970 3361 4025 anicula
3418 3977 3593 4024 matre

2019 4067 2219 4121 virides
2257 4081 2427 4120 annos
2459 4073 2675 4118 exertos
2717 4064 2782 4115 ad
2835 4070 3179 4131 paternarum
3240 4058 3589 4113 traditionum

2021 4158 2385 4212 defensionem
2444 4156 2694 4216 lacertos,
2745 4151 3153 4208 adolescentulte
3200 4157 3591 4221 competentes:

2021 4241 2380 4311 alacritatem,
2428 4245 2725 4323 jltvcttcnlzn
2774 4243 3132 4298 constantiam
3184 4240 3488 4303 eﬂicacem;
3519 4247 3592 4302 et,

339 4323 536 4376 triatur
569 4322 816 4390 infantia,
840 4333 899 4378 ut
925 4327 991 4378 ad
1009 4326 1237 4379 solidam
1268 4341 1450 4380 escam
1492 4328 1780 4395 pertingat,
1822 4327 1912 4380 sed

2014 4345 2165 4410 juxta
2206 4322 2573 4403 Salomonem,
2601 4348 2893 4391 contumax
2939 4335 3198 4404 comedet
3241 4332 3449 4387 fructus
3497 4331 3597 4388 vim

329 4415 480 4484 quod
531 4413 788 4470 Salomon
842 4417 1138 4470 cavendum
1191 4415 1496 4476 demmtiat.
1549 4418 1776 4470 dicens:
1809 4415 1914 4469 Fili

329 4507 432 4571 nti,
459 4506 507 4559 si
530 4516 579 4560 te
607 4507 1315 4576 lactaverintpeccatores,ne
1339 4507 1715 4577 acquiescaseis
1732 4505 1913 4577 (Prov.

333 4594 400 4668 l).
441 4596 542 4650 Et:
583 4596 736 4652 Varei
761 4600 852 4667 qui
880 4597 1036 4652 lactat
1077 4599 1302 4653 anticum
1330 4615 1503 4662 suum,
1541 4609 1586 4651 et
1616 4599 1756 4650 ducit
1800 4615 1915 4650 eun

335 4689 420 4741 ria
442 4704 542 4741 non
572 4689 711 4742 bona
740 4686 922 4759 (Prov.
951 4690 1085 4762 svr).
1118 4689 1228 4744 Nec
1254 4699 1338 4744 est
1386 4705 1551 4759 aqua,
1587 4691 1652 4744 de
1673 4704 1778 4756 qua
1825 4690 1914 4757 qui

333 4779 557 4846 biberit,
589 4797 695 4835 non
717 4781 870 4835 sitiat
898 4782 1058 4846 ultra,
1111 4782 1238 4851 quia
1283 4782 1374 4836 fiet
1407 4783 1458 4836 in
1493 4797 1558 4836 eo
1609 4781 1726 4834 fons
1765 4795 1916 4848 aqua:

331 4867 582 4924 salientis
620 4870 674 4923 in
709 4869 875 4922 vitam
928 4882 1211 4933 aeternam,
1259 4879 1315 4924 et
1363 4869 1582 4924 flumina
1621 4872 1687 4923 de
1731 4879 1917 4924 ventre

329 4955 453 5028 ejus
479 4957 646 5013 lluent
671 4974 827 5028 aqua:
859 4960 991 5013 vivaa
1017 4959 1202 5030 (Joan.
1247 4959 1368 5027 vn),
1391 4960 1484 5015 sed
1530 4960 1710 5028 potius
1759 4975 1912 5030 aqua:

330 5045 546 5102 furtiva:
572 5049 635 5103 de
667 5049 866 5118 puteis,
899 5065 1031 5119 quos
1063 5050 1358 5113 Palaestini,
1389 5051 1561 5105 lutum
1587 5066 1693 5106 non
1721 5066 1916 5120 aquam

329 5149 599 5202 amantes,
641 5139 984 5208 repleverunt
1007 5153 1149 5197 terra
1178 5141 1329 5209 (Gen.
1356 5143 1535 5210 xxvi);
1585 5144 1665 5198 vel
1721 5146 1787 5198 de
1837 5144 1917 5198 ci-

327 5230 538 5283 szernis
560 5230 840 5300 dissipatis
865 5230 996 5299 (λον.
1030 5236 1116 5298 n),
1149 5247 1240 5286 seu
1265 5231 1574 5288 ﬂuminibus
1615 5232 1830 5303 Aigypti
1863 5243 1918 5288 et

327 5317 644 5389 Babylonis,
692 5321 892 5390 quibus
927 5324 1256 5379 distenditur
1301 5333 1511 5392 venter,
1559 5333 1613 5377 et
1665 5336 1919 5392 gravatus

2017 4455 2149 4504 sum,
2179 4440 2396 4508 suisque
2426 4438 2664 4492 consiliis
2696 4437 3030 4491 saturabitur
3085 4433 3266 4506 (Prov.
3297 4433 3337 4504 ι)
3364 4451 3378 4487 :
3420 4433 3543 4502 quia
3580 4472 3595 4497 ,

2018 4533 2154 4586 sicut
2183 4533 2319 4584 idem
2359 4540 2586 4583 testatur
2612 4548 2623 4580 :
2653 4527 2952 4581 BeneJictio
2983 4528 3146 4595 patris
3185 4526 3361 4592 ﬁrmat
3415 4525 3596 4576 domos

2016 4624 2278 4692 filiorum;
2302 4620 2596 4673 nmlcdictio
2612 4630 2783 4672 autem
2807 4623 2988 4671 matris
3007 4617 3238 4670 eradicat
3256 4613 3599 4682 fundamenta

2019 4711 2207 4780 (Eccli.
2232 4715 2343 4781 tu);
2384 4721 2438 4764 et
2470 4712 2662 4765 iterum
2691 4724 2706 4762 :
2737 4708 2905 4773 Quam
2936 4707 3087 4760 mala:
3113 4706 3270 4774 [arma
3296 4703 3483 4773 estqui
3513 4702 3600 4770 {n-

2016 4805 2088 4872 git
2122 4813 2352 4872 patrem;
2375 4812 2421 4855 et
2448 4812 2521 4856 est
2552 4800 2858 4854 maledictus
2882 4816 2912 4850 a
2938 4799 3046 4852 Deo
3075 4797 3161 4866 qui
3187 4805 3458 4863 exasperat
3487 4811 3603 4848 ma-

2019 4902 2146 4945 trem
2189 4889 2401 4958 (Ibid.).
2431 4889 2496 4945 Et
2527 4908 2537 4943 :
2571 4887 2867 4958 Quiaﬁligit
2889 4899 3111 4956 patrna,
3134 4895 3177 4936 et
3205 4883 3336 4952 fugit
3362 4891 3605 4946 matrem,

2020 4981 2396 5054 ignominiosus
2423 4992 2497 5036 est
2525 4991 2570 5035 et
2600 4979 2784 5046 infelix
2811 4975 2992 5045 (Prov.
3028 4975 3160 5042 six).
3219 4973 3389 5040 Quam
3421 4972 3610 5043 utique

2020 5075 2292 5130 oll'endere
2317 5083 2475 5128 cavet
2503 5071 2750 5143 Quisquis
2779 5069 2992 5139 placere
3041 5065 3177 5136 patri
3210 5067 3412 5132 studet,
3462 5065 3614 5122 Velut

2019 5166 2182 5221 etiam
2210 5161 2430 5232 quidam
2452 5161 2775 5232 sapientium
2799 5161 2982 5214 seculi
3013 5158 3088 5211 ait
3121 5172 3133 5206 :

2141 5297 2218 5347 Ne
2242 5303 2447 5345 matrem
2466 5293 2705 5356 offendas,
2729 5293 2846 5342 dum
2871 5299 2945 5346 vis
2968 5297 3124 5343 bonus
3145 5300 3264 5339 esse
3291 5291 3506 5352 parenti.
