4020 5392
518 355 639 409 non

517 470 678 538 ,quod
731 469 964 537 objicere
1027 475 1108 531 vel
1166 476 1483 534 calumniari
1549 484 1877 550 praesumitis

529 568 746 613 constat
773 575 866 615 vos
889 566 1241 632 cotnprobare
1293 583 1398 620 non
1434 584 1610 637 posse.
1645 570 1750 626 Sed
1779 583 1917 626 esto.
1969 573 2102 627 Ecce

533 649 589 700 in
634 650 761 702 cmlo
790 650 961 716 judex
999 665 1194 719 noster,
1231 666 1277 710 et
1305 660 1544 712 conscius
1587 671 1762 714 noster
1801 663 1854 714 in
1885 665 2100 716 excelsis

533 737 656 809 (Job
692 742 824 809 XVI):

603 802 840 883 XXXVI.
872 830 1134 888 Caeterum
1176 835 1242 888 de
1273 836 1490 894 hou'tine
1517 839 1735 902 sentite,
1766 855 1798 893 ο
1829 841 2094 905 homines,

528 924 671 990 quod
730 923 922 991 vultis;
971 943 1134 981 unum
1199 938 1376 984 t:unen
1429 932 1757 986 conscientia
1810 936 2098 1002 respondet

529 1013 704 1076 nobis,
754 1016 878 1084 quia
929 1019 1167 1072 onmium
1211 1020 1572 1077 Ecclesiarum
1625 1023 1719 1078 Dei
1773 1027 2000 1081 salutem
2042 1036 2098 1080 et

528 1103 910 1159 esaltationem
938 1122 1279 1179 summopere
1331 1112 1721 1168 desideramus.
1756 1111 1860 1168 Sed
1894 1125 1951 1168 ut
1977 1116 2097 1183 qni-

527 1204 739 1260 cunque
774 1195 1131 1264 quodlibetex
1159 1200 1408 1270 superbia
1445 1203 1689 1272 arripiat,
1748 1214 1801 1258 et
1830 1205 1928 1259 sibi
1962 1221 2092 1260 con-

526 1288 608 1334 tra
655 1293 896 1340 nostram
949 1289 1296 1356 apostolicam
1345 1291 1529 1346 sedem
1578 1303 1740 1362 atque
1789 1294 1935 1364 leges
1978 1295 2095 1363 ejus

511 1384 767 1446 usurpet,
797 1377 904 1435 hoc
925 1395 1023 1435 nos
1046 1382 1276 1438 tolerare
1301 1399 1404 1438 non
1432 1400 1742 1454 possumus.
1790 1388 1915 1455 quia
1943 1389 2090 1456 quis-

523 1466 645 1534 quis
689 1466 942 1525 Romana:
970 1470 1224 1526 Ecclesia:
1250 1474 1625 1528 auctoritatem
1677 1475 1758 1530 vel
1815 1477 2093 1548 privilegia

501 1565 786 1614 -evacuare
805 1575 901 1616 seu
927 1561 1242 1618 imminuere
1265 1565 1474 1631 nititur,
1497 1582 1600 1620 non
1626 1568 1710 1622 hic
1731 1569 1888 1635 unius
1909 1569 2093 1625 Eccle-

522 1647 638 1712 siae,
661 1651 754 1704 sed
781 1650 942 1705 totius
961 1651 1381 1709 Christianitatis
1403 1656 1806 1711 subversionem
1833 1667 1888 1713 et
1915 1659 2086 1712 inter-

519 1735 653 1791 itum
671 1737 1027 1795 machinatur.
1046 1741 1207 1812 Cujus
1221 1743 1361 1798 enim
1380 1745 1751 1815 compassione
1776 1745 1856 1800 vel
1879 1756 2094 1801 susten-

521 1827 726 1884 tatione
748 1829 973 1886 ulterius
1001 1832 1341 1902 respirabunt
1368 1814 1547 1889 lilizea
1578 1837 1772 1906 quovis
1792 1851 2086 1907 oppressae,
2121 1814 2162 1873 Β
2190 1814 2436 1893 ittortletis
2460 1879 2475 1903 ,

520 1921 676 1976 unica
704 1921 788 1975 illa
816 1922 1074 1979 sull‘oeata
1123 1935 1295 1981 matre
1321 1927 1344 1981 τ
1370 1925 1533 1994 Cujus
1561 1926 1822 1998 refugium
1853 1927 2089 1998 appella-

503 2012 801 2071 .btmttAd
852 2033 1014 2087 quam
1065 2017 1374 2088 confugium
1425 2018 1733 2075 habebunt?
1776 2019 1891 2090 Ipsa
1944 2019 2087 2074 enim

517 2107 894 2177 Athanasium,
926 2111 1040 2180 ipsa
1079 2126 1266 2167 omnes
1315 2112 1613 2166 catholicos
1648 2111 1907 2180 suscepit,
1934 2111 2085 2179 fovit,

501 2195 778 2266 defendit,
807 2210 860 2253 et
885 2201 1100 2256 sedibus
1123 2201 1355 2271 propriis
1377 2202 1557 2271 pulsos
1591 2203 1850 2258 restituit.

589 2288 845 2345 XXXVII.
878 2291 1001 2347 Ideo
1044 2293 1308 2363 cupiendo
1337 2309 1526 2349 omnes
1552 2295 1603 2348 itt
1633 2295 1930 2350 visceribus
1961 2294 2086 2350 Jcsu

516 2377 718 2434 Christi
763 2382 1070 2446 nobiscum,
1103 2397 1200 2438 vos
1225 2384 1579 2438 admonemus
1617 2401 1684 2438 ne
1737 2385 1930 2440 falsum
1987 2402 2086 2442 no-

512 2485 637 2524 men
662 2473 921 2539 scientiae,
932 2473 1156 2542 justitize
1180 2475 1264 2530 vel
1287 2475 1470 2545 gloriae
1495 2478 1803 2547 qtuerendo,
1834 2494 1971 2532 unus
1994 2479 2088 2533 ad-

509 2578 700 2619 versus
718 2564 943 2621 alterum
971 2566 1203 2632 infletur,
1236 2585 1302 2625 ne
1331 2569 1468 2624 ciuis
1497 2580 1552 2624 et
1596 2579 1734 2624 terra
1790 2569 2088 2638 periculose

511 2655 888 2725 superbiat,ne
911 2657 1284 2714 abominabilis
1303 2670 1356 2715 et
1370 2661 1530 2716 miser
1545 2661 1724 2724 homo,
1744 2659 1933 2715 bibens
1957 2676 2086 2730 qua-

496 2743 558 2797 .si
583 2759 752 2812 aquas
779 2745 1116 2816 iniquitatem
1157 2749 1276 2817 (Job
1316 2752 1438 2820 xv),
1481 2750 1755 2820 sequendo
1783 2751 2082 2818 exteriora,

510 2832 563 2886 in
588 2833 692 2887 vita
716 2850 810 2888 sua
836 2836 1081 2905 projiciat
1108 2839 1294 2893 intima
1318 2855 1436 2895 sua.
1470 2840 1650 2895 Simus
1672 2857 1835 2894 unum
1865 2856 2083 2910 corpus,

505 2935 562 2979 et
587 2940 723 2980 unus
773 2926 1184 2996 spiritus,sicut
1228 2933 1402 2986 vocati
1462 2948 1648 2987 suums
1713 2931 1766 2986 in
1826 2948 1929 2986 una
1992 2947 2087 3002 spe

507 3017 806 3073 vocationis
830 3029 1028 3075 nostrae
1053 3021 1270 3090 (Ephes.
1297 3020 1394 3092 tv).
1425 3022 1540 3092 Ipsa
1584 3023 1828 3092 corporis
1872 3039 2088 3094 compo-

507 3106 634 3161 sitio
664 3116 717 3162 et
743 3110 1107 3166 membrorum
1155 3129 1254 3171 nos
1297 3115 1484 3168 doceat
1540 3114 1772 3183 qualiter
1806 3125 1859 3170 et
1895 3116 2078 3184 quanti
2109 3147 2152 3207 Ο

509 3197 753 3254 habenda
780 3201 851 3255 sit
881 3201 1139 3256 Ecclesiae
1177 3204 1376 3258 unitas.
1411 3204 1526 3274 Ipsa
1551 3205 1751 3259 etenim
1777 3220 1974 3274 corpus
1999 3215 2082 3260 est

490 3286 731 3353 Christi,
759 3297 820 3344 ut
843 3289 1128 3358 Apostolus
1153 3293 1283 3347 dicit
1311 3311 1324 3346 :
1370 3291 1467 3347 Vos
1488 3294 1610 3348 estis
1637 3311 1823 3364 corpus
1854 3291 2078 3359 Christi,

508 3384 556 3430 et
576 3376 805 3454 membra
831 3379 895 3432 de
923 3380 1149 3436 membro
1187 3380 1238 3452 (I
1270 3381 1393 3435 Cor.
1433 3382 1555 3454 xu).
1586 3381 1653 3436 Et
1700 3382 1833 3437 sicut
1873 3385 1927 3440 io
1976 3401 2079 3438 uno

489 3451 724 3532 [corpore
745 3465 908 3521 ntulta
937 3469 1165 3523 membra
1211 3469 1486 3536 habentur,
1517 3471 1692 3525 omnia
1721 3483 1896 3527 autem
1919 3490 2080 3527 mem-

510 3553 602 3607 bra
627 3571 729 3635 non
753 3557 988 3611 eumdem
1009 3569 1181 3612 actum
1199 3561 1404 3624 habent,
1436 3563 1508 3615 ita
1539 3561 1686 3616 multi
1710 3579 1869 3618 unum
1895 3581 2078 3635 corpus

508 3631 690 3699 sumus
718 3647 771 3700 in
793 3645 1022 3712 Christo,
1044 3649 1238 3718 singuli
1262 3661 1434 3705 autem
1457 3652 1588 3706 alter
1612 3651 1830 3708 alterius
1853 3631 2079 3711 membra

509 3733 688 3804 (Rom.
736 3746 856 3804 stt).
890 3736 955 3790 Et
979 3739 1022 3791 si
1058 3739 1182 3792 dicit
1210 3740 1442 3805 auditus,
1468 3741 1542 3795 vel
1569 3757 1784 3807 manus,
1815 3742 1934 3798 Non
1963 3763 2077 3799 sum

507 3813 721 3891 oculus,
780 3845 884 3882 non
936 3845 1052 3890 sum
1101 3829 1165 3883 de
1208 3847 1420 3902 corpore
1449 3848 1468 3887 :
1503 3832 1619 3886 ideo
1650 3849 1752 3886 non
1775 3843 1848 3888 est
1879 3834 1943 3888 de
1968 3852 2077 3888 cor-

508 3934 634 3986 pore
663 3919 690 3974 1'
725 3916 782 3974 Si
820 3929 984 3974 totum
1013 3938 1198 3991 corpus
1225 3923 1434 3986 oculus,
1469 3923 1556 3976 ubi
1595 3924 1844 3978 auditus?
1874 3923 1924 3997 (Ι
1953 3923 2075 3980 Cor.

510 4008 633 4079 xu),
683 4020 739 4066 et
779 4010 966 4082 reliqui
999 4027 1209 4068 sensus.
1244 4011 1398 4068 Nunc
1423 4023 1601 4068 autem
1625 4014 1887 4084 disposuit
1913 4014 2074 4083 Deus,

483 4101 647 4174 isicut
676 4102 864 4168 voluit,
899 4105 1144 4175 corporis
1173 4107 1443 4170 membra;
1500 4107 1710 4177 singula
1760 4106 1935 4163 ofIicio
1978 4125 2076 4165 suo

505 4200 654 4262 apta.
708 4191 1004 4248 Membrum
1053 4212 1176 4251 vero
1231 4213 1331 4252 suo
1371 4196 1546 4253 oIIicio
1598 4214 1702 4253 non
1738 4209 2074 4264 contentum,

505 4284 847 4356 sedcupiens
887 4288 1173 4356 praeripere
1223 4288 1478 4352 alienum,
1529 4291 1812 4344 conturbat
1835 4292 2076 4361 corporis

483 4377 750 4434 .ordinetn
783 4385 980 4444 totum;
1005 4379 1150 4432 velut
1171 4379 1213 4434 si
1235 4381 1381 4434 visus
1403 4396 1589 4446 voces,
1609 4383 1822 4435 amlitns
1845 4383 2072 4448 colores,

1533 417 1536 422 .
1593 369 1651 425 S.
1693 371 1937 428 LEONIS
1974 373 2042 426 IX
2086 371 2287 428 ΡΑΡᾹΞ
2325 364 2723 434 οΡυδουιΑζ

3669 379 3768 434 768

1935 499 1952 538 :
1994 485 2100 537 into
2133 493 2175 546 Α
2205 495 2258 538 et
2286 487 2458 542 olIicia
2511 503 2606 541 sua
2649 503 2755 542 non
2791 489 2891 542 sibi
2941 497 3166 552 tantum,
3208 491 3301 544 sed
3351 489 3526 560 magis
3573 473 3770 545 mutua:

2205 575 2445 639 utilitati,
2471 578 2746 631 exhibent.
2810 577 2959 633 Unde
3005 588 3222 633 secutus
3261 579 3399 633 idem
3455 579 3769 657 Apostolus,

2203 667 2317 719 ait:
2377 665 2435 721 Si
2474 668 2802 736 gloriﬁcatur
2858 685 3018 722 unum
3069 669 3386 734 membrum,
3441 672 3769 740 congaudent

2201 760 2373 812 omnia
2397 760 2622 812 membra
2663 758 2713 826 (l
2778 758 2900 812 Cor.
2945 758 3086 828 xm).
3134 759 3200 814 Et
3250 771 3462 830 quanta:
3511 760 3774 830 insipien-

2202 847 2288 900 tite
2328 855 2411 900 est
2457 846 2597 900 nolle
2651 861 2750 900 nos
2781 847 2976 901 imitari
3025 848 3166 916 quod
3188 863 3390 914 sumus,
3422 859 3479 903 et
3507 849 3655 918 quod
3701 850 3770 904 ad

2201 935 2567 990 transitoriam
2630 935 2794 990 vitam
2872 937 3207 1008 aliquandiu!
3254 939 3594 1012 retinendam
3680 954 3774 995 ae-

2198 1022 2456 1091 cepimus,
2486 1037 2593 1079 non
2620 1023 2988 1091 considerare,
3012 1032 3071 1080 ut
3115 1027 3172 1080 in
3219 1036 3539 1098 perpetuum
3587 1027 3774 1084 subsi-

2197 1125 2420 1169 stamus.

2265 1205 2545 1261 XXXVIII.
2605 1207 2740 1273 Quia
2791 1222 2920 1262 vero
2949 1215 3075 1260 ante
3105 1207 3285 1260 omnia
3308 1208 3563 1275 pestilens
3597 1217 3773 1262 mater

2195 1296 2465 1364 superbia,
2493 1296 2714 1367 ejusque
2748 1297 3134 1352 crudelissima:
3186 1300 3325 1364 tiliae,
3353 1301 3532 1354 invida
3563 1301 3776 1355 scilicet

2195 1402 2258 1439 ac
2309 1387 2481 1440 inanis
2528 1387 2697 1456 gloria
2767 1389 2966 1457 passim
3037 1389 3300 1443 obstinata
3371 1391 3528 1445 ’rabie
3571 1407 3774 1461 corpus

2194 1477 2392 1532 Christi
2416 1477 2708 1553 moliuntur
2729 1479 3033 1534 eviscerare
3057 1489 3111 1534 et
3146 1470 3468 1546 dilacerare,
3517 1500 3622 1537 non
3662 1485 3770 1554 egi-

2193 1569 2398 1621 ciumur
2439 1570 2610 1624 inanis
2647 1569 2828 1639 gloria:
2877 1571 3071 1640 cupidi,
3136 1574 3351 1626 invicem
3404 1585 3772 1642 provocantes,

2193 1659 2406 1712 invicem
2446 1659 2729 1714 invidentes
2770 1657 2912 1730 (Gal.
2951 1662 3025 1729 v),
3061 1676 3160 1725 ne,
3190 1663 3332 1732 quod
3361 1671 3575 1717 avertat
3604 1661 3772 1727 Deus,

2193 1748 2468 1818 contingat
2499 1749 2653 1804 nobis
2684 1751 2885 1805 dictum
2929 1752 3165 1820 Apostoli
3202 1771 3214 1807 :
3269 1751 3421 1818 Quod
3459 1754 3507 1807 si
3550 1754 3771 1808 invicem

2574 1840 2737 1894 videte
2822 1858 2885 1894 ne
2947 1847 3012 1894 ab
3093 1844 3308 1897 invicem
3383 1843 3773 1896 consumamini

2191 1926 2402 1998 (lbid.).
2443 1927 2510 1982 Et
2536 1929 2666 1982 illttd
2708 1927 2939 1985 Jacobi:
3005 1929 3158 1996 Quod
3207 1933 3251 1986 si
3307 1932 3473 1986 selum
3524 1949 3771 1986 amarum

2187 2018 2428 2084 habetis,
2493 2029 2541 2073 et
2613 2020 2960 2074 contentiones
3047 2031 3166 2075 sunt
3235 2023 3289 2076 in
3339 2023 3481 2076 vobis
3515 2061 3532 2087 ,
3611 2022 3772 2074 nolite

2187 2106 2424 2176 gloriari,
2454 2118 2499 2160 et
2531 2109 2802 2162 mendaces
2845 2127 2955 2163 esse
2993 2111 3239 2165 adversus
3286 2114 3579 2165 ceritatem.
3628 2111 3770 2169 .Non

2187 2205 2261 2250 est
2310 2197 2410 2249 ista
2445 2198 2700 2266 sapientia
2728 2199 3002 2253 desursum
3041 2201 3374 2266 descendens,
3402 2207 3492 2255 sed
3535 2213 3769 2264 terreno,

2188 2286 2451 2354 animalis,
2479 2287 2757 2341 diabolica.
2810 2288 2939 2353 Qute
3013 2299 3186 2344 autem
3217 2291 3491 2345 desursum
3541 2302 3618 2345 est
3678 2310 3766 2342 sa-

2183 2381 2399 2450 pientia,
2449 2383 2619 2450 printo
2672 2381 2878 2450 quidem
2912 2382 3103 2451 pudica
3135 2392 3231 2449 est,
3287 2382 3476 2436 deinde
3513 2383 3768 2453 paciﬁca,

2187 2462 2442 2534 modesta,
2475 2469 2773 2534 suadibilis,
2800 2487 2984 2525 amans
3024 2471 3234 2535 bonum,
3263 2471 3374 2524 sine
3417 2468 3770 2524 "simulatione

2187 2558 2328 2630 (Jac.
2366 2558 2811 2630 nt).IIasitaque
2849 2561 2983 2616 duas
3008 2571 3061 2614 et
3107 2559 3262 2615 valde
3310 2560 3411 2616 sibi
3459 2561 3770 2615 contrarias

2187 2649 2479 2720 sapientias
2505 2648 2649 2718 vigili
2701 2660 2880 2705 mente
2927 2649 3238 2714 discernite,
3267 2660 3320 2704 ct
3343 2649 3386 2704 si
3419 2649 3617 2705 Petrus
3649 2650 3768 2703 sin-

2187 2726 2442 2808 gulariter
2497 2737 2669 2810 ﬁgura
2717 2740 2909 2794 summi
2965 2740 3158 2811 capitis
3189 2740 3383 2806 nostri,
3415 2741 3768 2808 vicariusque

2187 2831 2323 2900 ejus,
2355 2846 2418 2885 ac
2445 2832 2526 2886 sui
2575 2846 2916 2886 successores
2956 2832 3069 2903 jam
3104 2832 3156 2886 in
3186 2833 3346 2886 terris
3374 2832 3611 2886 retinent
3638 2846 3766 2900 Spe-

2187 2920 2377 2976 cialem
2408 2921 2721 2993 dignitatem
2771 2924 2971 2978 terreni
3014 2923 3358 2993 ccelcstisque
3390 2924 3563 2993 regni,
3597 2922 3768 2978 nolite

2188 3014 2430 3069 invidere
2479 3014 2562 3070 vel
2604 3015 2891 3070 detrahere
2961 3014 3219 3070 Romana:
3273 3014 3527 3069 Ecclesia:
3570 3015 3717 3085 apici
3745 3055 3759 3077 ,

2187 3120 2344 3174 quem
2375 3119 2469 3175 per
2499 3105 2818 3160 charitatem
2860 3114 3028 3159 totum
3071 3104 3261 3160 valetis
3303 3105 3555 3175 adipisci,
3601 3115 3658 3160 et
3709 3107 3762 3160 in

2184 3194 2336 3248 nobis
2368 3210 2592 3265 regnare
2617 3204 2672 3249 ct
2693 3196 2812 3264 ipsi.
2839 3194 2933 3251 Sin
2963 3196 3116 3259 alias,
3142 3195 3371 3250 audietis
3395 3197 3539 3265 quod
3571 3212 3761 3266 supra:

2180 3283 2303 3338 Jam
2334 3284 2558 3338 saturati
2587 3285 2732 3350 estis,
2748 3285 2865 3356 jam
2895 3287 3075 3339 divites
3109 3287 3234 3356 facti
3259 3286 3380 3339 estis
3417 3299 3434 3337 :
3461 3285 3578 3339 sine
3607 3284 3763 3340 nobis

2182 3372 2442 3442 regnetis;
2476 3383 2627 3442 atque
2655 3373 2850 3426 utinam
2884 3374 3164 3444 regnaretis
3216 3384 3270 3426 ut
3296 3382 3341 3428 εἰ
3372 3360 3466 3427 nos
3490 3374 3757 3428 vobiscum

2181 3477 2511 3531 regnaremns
2567 3461 2618 3533 (1
2655 3460 2777 3515 Cor.
2812 3461 2908 3532 tv).

2250 3565 2491 3630 XXXIX.
2520 3574 2661 3630 Ecce
2696 3590 2796 3630 nos
2820 3583 3050 3629 vestram
3102 3574 3326 3645 gloriam
3378 3575 3629 3629 ducimus
3657 3590 3754 3628 no-

2179 3672 2346 3718 stram
2372 3683 2384 3720 :
2416 3681 2512 3719 cur
2541 3680 2637 3720 vos
2663 3665 2943 3719 annullare
2973 3664 3202 3717 nitimini
3236 3664 3389 3718 nobis
3412 3663 3673 3718 divinitus
3701 3675 3754 3716 et

2179 3754 2492 3810 humanitus
2543 3755 2903 3810 concessam?
2940 3753 3128 3809 Nonne
3183 3753 3346 3809 decus
3399 3752 3484 3806 vel
3519 3751 3754 3808 dedecus

2178 3845 2257 3897 sui
2284 3845 2476 3913 capitis
2505 3859 2694 3899 manus
2723 3861 2816 3899 seu
2858 3860 2952 3913 pes
2976 3861 3126 3897 suum
3158 3858 3262 3896 non
3298 3842 3441 3896 ducit
3469 3841 3493 3895 τ
3523 3841 3634 3895 Nec
3662 3842 3754 3896 do-

2179 3933 2270 3996 let,
2301 3934 2393 3987 sed
2421 3934 2598 4001 potius
2645 3934 2845 4003 gaudet
2874 3949 2979 3987 uno
3025 3948 3206 3993 sensu,
3241 3931 3292 3985 id
3318 3940 3422 3996 est,
3460 3930 3578 3984 solo
3607 3939 3751 3984 tacto

2178 4023 2431 4077 donatum
2460 4038 2674 4092 corpus,
2719 4023 3116 4092 superpositum
3159 4021 3259 4076 sibi
3311 4029 3473 4089 caput
3498 4019 3751 4074 omnibus

2178 4111 2378 4181 pollere
2406 4113 2672 4176 sensibus,
2702 4113 2826 4182 quia
2874 4126 2966 4166 eos
3023 4110 3257 4165 militare
3307 4107 3452 4171 facit,
3479 4116 3535 4159 et
3560 4107 3752 4175 invigi-

2180 4201 2289 4255 lare
2313 4201 2552 4271 corporis
2597 4201 2821 4268 subjecti
2871 4200 3193 4255 utilitatibus
3224 4214 3239 4264 ;
3270 4206 3324 4251 et
3358 4207 3520 4265 caput
3548 4197 3616 4250 de
3637 4212 3750 4249 om-

2177 4294 2331 4348 nibus
2348 4291 2598 4361 judicans
2617 4293 2863 4347 sensibus
2885 4291 3030 4345 nullo
3051 4305 3210 4345 sensu
3230 4286 3529 4358 jualicatttr,
3559 4296 3742 4356 utpote

2176 4381 2341 4436 solius
2361 4381 2441 4436 sui
2459 4380 2661 4447 judicio
2684 4381 3191 4436 sullieientissimum
3219 4397 3231 4433 :
3262 4388 3425 4446 utque
3447 4375 3742 4446 Apostolus

504 4478 692 4540 gustus
739 4469 964 4535 odores,
1021 4470 1250 4526 olfactns
1275 4487 1493 4542 asperas
1542 4489 1626 4527 res
1651 4483 1742 4527 aut
1777 4478 1950 4537 lenes,
2001 4485 2070 4529 ta-
2105 4479 2150 4536 ι)
2178 4473 2344 4527 dicit:
2369 4471 2674 4539 Spiritualis
2706 4473 2912 4543 judicat
2940 4472 3138 4535 omnia,
3159 4471 3267 4542 ipse
3291 4480 3463 4524 autem
3490 4485 3524 4520 a
3547 4467 3746 4521 nemine

503 4569 624 4616 ctus
673 4567 907 4616 tentaret
954 4560 1265 4617 discernere
1321 4545 1576 4632 sapores,
1627 4579 1807 4618 nonne
1874 4565 2072 4620 frustra

481 4666 692 4706 omnes
733 4654 1090 4720 paterentur?
1133 4653 1224 4710 Sic
1248 4654 1581 4726 singulorum
1609 4665 1926 4711 ornamenta
1980 4673 2072 4711 seu

503 4744 817 4812 Indumenta
843 4760 948 4800 non
995 4754 1123 4801 sunt
1147 4747 1395 4802 omnibus
1421 4747 1677 4803 membris
1704 4749 2071 4813 accommoda,

503 4855 606 4896 nec
633 4855 909 4912 congrua;
962 4842 1056 4896 sed
1099 4843 1530 4913 unumquodque
1580 4845 1809 4916 requirit
1855 4863 1973 4910 sua,
2021 4855 2077 4902 et

503 4928 690 4998 abjicit
719 4932 919 4988 aliena.
958 4930 1386 5003 Nempercfutat
1413 4949 1506 5005 pes
1553 4950 1836 5002 coronam,
1865 4938 2073 5008 galeam

503 5028 562 5074 et
598 5021 818 5088 pileum.
842 5032 1113 5094 caputque
1162 5025 1405 5079 sandalia
1441 5025 1521 5079 vel
1568 5028 1792 5095 pednles
1819 5029 1884 5083 ad
1915 5044 2074 5083 suum

479 5122 614 5164 -nou
640 5111 872 5182 applicat
904 5128 1082 5168 nsum.
1113 5113 1203 5170 Sic
1226 5131 1479 5170 manuum
1512 5117 1742 5184 dignitas
1762 5127 1815 5170 et
1842 5118 2075 5170 maxima

475 5195 729 5262 .utililas,
755 5201 1002 5270 quamvis
1051 5213 1338 5273 componat
1369 5205 1628 5271 insignem
1658 5206 1866 5274 imperii
1921 5220 2078 5259 coro-

483 5300 654 5356 luam,
685 5303 787 5342 non
818 5298 997 5345 tamen
1043 5292 1180 5346 hanc
1207 5293 1309 5346 sibi
1338 5293 1552 5362 adoptat
1580 5301 1633 5346 et
1680 5293 1927 5359 imponit,
1983 5293 2077 5345 scd

2167 4563 2440 4634 judicatur
2489 4561 2538 4622 (1
2567 4560 2688 4617 Cor.
2724 4563 2786 4634 t).
2837 4561 2958 4618 Iltec
3006 4571 3061 4616 et
3104 4577 3265 4632 supra
3313 4559 3457 4612 dicta
3503 4557 3573 4612 de
3623 4571 3743 4611 cor-

2177 4653 2326 4722 poris
2385 4652 2553 4706 nostri
2619 4653 2900 4707 harmonia
2944 4651 2989 4707 si
3032 4667 3137 4705 non
3187 4649 3400 4704 sentitis
3453 4648 3505 4700 in
3572 4644 3741 4704 vobis.

2176 4745 2230 4798 in
2257 4758 2484 4814 corpore
2512 4758 2616 4796 non
2653 4743 2806 4807 estis,
2856 4755 2958 4796 nec
3008 4741 3059 4794 in
3104 4754 3328 4809 corpore
3357 4736 3580 4799 vivitis;
3608 4741 3662 4787 et
3701 4732 3741 4786 si

2177 4834 2230 4889 in
2262 4847 2485 4904 corpore
2540 4831 2764 4896 Christi,
2813 4831 2956 4902 quod
2998 4838 3080 4884 est
3130 4827 3390 4887 Ecclesia,
3436 4835 3544 4879 non
3588 4822 3740 4884 estis,

2179 4941 2277 4979 nec
2302 4925 2368 4979 de
2403 4939 2470 4978 eo
2495 4925 2700 4992 vivitis,
2723 4923 2839 4992 jam
2888 4921 3066 4978 videte
3107 4920 3197 4974 ubi
3224 4930 3276 4975 et
3307 4919 3432 4989 quid
3476 4917 3614 4972 sitis.
3639 4915 3745 4972 Ab-

2178 5016 2330 5071 scissi
2360 5016 2512 5080 estis,
2561 5015 2892 5086 putrescitis,
2916 5023 2970 5068 et
2996 5012 3140 5068 velut
3163 5010 3367 5081 palmes
3393 5007 3655 5077 prteeisus
3679 5005 3742 5060 de

2178 5107 2288 5160 vite
2313 5104 2459 5160 foras
2486 5105 2633 5159 missi
2665 5103 2822 5168 estis,
2853 5110 2910 5156 et
2930 5101 3196 5163 arescitis,
3227 5108 3282 5152 ut
3308 5099 3361 5152 in
3394 5099 3574 5167 ignem
3623 5094 3746 5148 mit-

2181 5195 2389 5258 tamini,
2419 5203 2476 5248 et
2508 5192 2744 5249 ardeatis
2767 5207 2780 5222 ·
2816 5191 2962 5262 quod
2991 5189 3170 5245 divina
3225 5188 3399 5258 pietas
3443 5185 3602 5255 longe
3649 5183 3730 5236 fa-

2179 5286 2288 5340 ciat
2313 5301 2341 5339 a
2365 5285 2518 5340 vobis

2251 5375 2324 5392 τ’,
2398 5373 2502 5392 Π..

3094 5384 3244 5392 -_..--
3279 5370 3500 5392 .ts----..:
3533 5364 3744 5392 ..-λλ-..ει
