4020 5392
574 182 672 240 771

1659 176 1717 232 S.
1756 176 2004 236 LEONlS
2045 178 2116 238 IX

2255 179 2354 236 PE
2386 158 2783 238 OPUSCULA.
2933 187 2945 202 ’
3720 191 3797 244 ιιι

574 309 808 352 mamma
846 302 1039 359 mater,
1073 291 1315 346 Ronaua
1346 289 1555 345 scilicet
1585 303 1745 360 atque
1775 293 1945 362 prima
1975 293 2151 356 sodes,
2185 299 2231 356 Α
2265 295 2519 349 ιιιειιιίιιιιε
2546 310 2644 364 pro
2671 295 2824 350 nobis
2851 305 2905 349 et
2933 309 3029 363 H0
3060 303 3244 351 nostra
3270 287 3442 352 saiutc
3460 315 3664 367 passum
3691 318 3793 360 ven

573 399 684 444 tam
732 387 941 440 dilecta:
987 387 1090 440 sibi
1135 385 1288 447 lilize,
1338 383 1446 436 imo
1488 383 1756 438 eonsocia:
1797 399 2063 452 nusquam
2105 393 2160 438 et

571 491 848 547 nunquam
900 476 1092 530 deerit.
1139 473 1292 540 Quod
1341 482 1512 526 totum
1562 473 1682 527 ideo
1721 474 1984 542 dicimus,
2033 473 2158 542 quia

573 568 837 640 quosdam
873 566 1059 621 conari
1103 567 1347 619 minuere
1381 565 1660 633 antiquam
1697 564 2014 634 dignitatem
2051 564 2160 616 An-

567 660 836 714 tiocheam
873 657 1132 712 Ecclesia:
1161 655 1487 709 audivimus.

571 771 576 776 ·
643 751 814 806 Porro
839 751 992 819 quod
1032 765 1060 802 a
1097 749 1254 804 nobis
1299 761 1491 804 causas
1522 747 1800 802 divisionis
1839 745 2159 801 universalis

571 842 827 898 Ecclesiae
869 841 1248 910 compaticn‘do
1298 839 1560 908 requiris,
1603 837 1839 892 fatemur
1879 847 1984 892 tua:
2030 835 2156 891 reli-

569 935 738 1004 giosa!
769 932 1118 992 sollicitudini
1151 946 1264 985 nos
1293 931 1470 986 adhuc
1510 947 1540 984 a
1589 929 1820 984 Domino
1863 929 2158 983 miserante

573 1026 888 1082 ﬁrmissime
915 1024 1156 1079 retinere
1195 1023 1470 1078 vinculum
1507 1033 1709 1078 sancta:
1753 1022 2019 1077 unitatis:
2058 1036 2158 1076 nec

569 1117 820 1185 videmus
846 1133 943 1172 nos
973 1117 1170 1170 alicubi
1199 1117 1492 1171 incurrisse
1523 1117 1782 1170 damnum
1818 1115 2154 1177 schismatis,

563 1225 708 1281 quos
741 1210 1022 1277 integritas
1045 1209 1354 1262 concordia:
1387 1217 1442 1263 et
1471 1207 1748 1277 plenitudo
1773 1205 2157 1261 ecclesiastica:

570 1302 868 1372 disciplinae
893 1301 1260 1355 indesinenter
1285 1301 1439 1369 regit.
1471 1299 1774 1369 Unicuique
1803 1308 2044 1354 nostrum
2070 1299 2166 1354 de-_

569 1397 727 1453 betur
772 1397 945 1450 honor
984 1405 1038 1449 et
1072 1411 1166 1449 sua
1201 1394 1322 1465 jura
1371 1403 1781 1449 conservantur.
1828 1391 2154 1457 Terminus,

565 1500 704 1558 quos
723 1483 910 1556 'patres
947 1485 1112 1539 nostri
1160 1485 1414 1554 fixerunt,
1452 1483 1580 1538 nulli
1623 1494 1944 1552 arroganter
1971 1493 2150 1537 trans-

567 1580 718 1650 gredi
777 1577 1110 1634 ceuccditur.
1145 1576 1312 1647 Magis
1356 1586 1532 1630 vestra
1567 1574 1876 1628 fraternitas
1915 1575 2153 1630 circum-

563 1669 760 1739 spici-at
777 1684 858 1722 ne
883 1683 988 1736 qua
1020 1667 1174 1721 radix
1196 1665 1572 1720 amaritudinis
1597 1675 1760 1736 atque
1781 1665 2151 1729 dissensionis,
2175 1639 2231 1698 ’Β

557 1761 712 1829 quod
735 1759 904 1814 absit!
939 1759 992 1812 in
1021 1757 1217 1811 vestris
1246 1756 1490 1826 partibus
1519 1765 1845 1820 succrescat,
1875 1769 1968 1824 per
1993 1769 2152 1824 quam

557 1838 917 1920 inquinentur
942 1847 1112 1908 inulti,
1131 1855 1192 1902 et
1216 1861 1376 1916 quam
1409 1859 1632 1910 necesse
1657 1846 1728 1900 sit
1748 1845 1990 1900 dtst-ricta
2020 1844 2156 1898 falce

565 1944 1173 1997 sanctorum-canonum
1199 1956 1227 1993 a
1247 1939 1525 1999 catholica:
1548 1939 1802 1994 Ecclesiae
1814 1954 1944 2008 agro
1957 1939 2156 1993 exstir-

564 2033 704 2102 pari.
735 2031 847 2086 Mea
867 2045 1008 2084 vero
1033 2029 1307 2084 humilitas
1336 2029 1388 2082 in
1412 2029 1644 2083 culmine
1665 2028 1944 2107 apostolici
1973 2029 2152 2082 throni

567 2124 690 2178 ideo
723 2123 958 2179 cxaitata
998 2129 1059 2174 ιιι
1093 2120 1434 2190 approbanda
1475 2119 1768 2188 approbet,
1801 2118 2152 2187 improbanda

563 2230 780 2287 quoque
811 2214 1098 2285 itnprobet,
1135 2222 1236 2269 tute
1269 2216 1626 2269 sanctissima:
1655 2214 2006 2269 fraternitatis
2043 2217 2156 2284 epi-

564 2305 838 2375 scopalem
865 2305 1258 2374 promotioucm
1292 2304 1464 2358 libens
1496 2306 1778 2374 approbat,
1807 2305 2074 2359 Collaudat
2102 2315 2156 2359 et

563 2399 880 2462 coalirmat;
911 2405 966 2450 et
993 2409 1334 2452 communem
1357 2396 1646 2450 Dominum
1679 2397 1940 2451 instanter
1962 2407 2171 2468 exorat.

566 2497 626 2543 ut
671 2489 814 2559 quod
853 2489 1090 2548 luunano
1122 2500 1217 2540 ore
1249 2484 1362 2554 jam
1407 2486 1603 2541 diceris
1647 2494 1773 2542 ante
1815 2485 1932 2555 ejus
1969 2487 2156 2543 oculos

563 2582 788 2636 existas.
840 2580 1064 2634 Noveris
1096 2587 1292 2633 1.1mm
1331 2592 1427 2633 nos
1466 2578 1635 2648 ipsam
1676 2588 1820 2633 tuam
1862 2579 2157 2650 promotio-

564 2689 689 2732 netn
727 2673 907 2728 taliter
948 2673 1270 2742 approbare,
1302 2670 1483 2726 si-uon
1516 2671 1650 2725 hanc
1687 2671 2035 2741 neophytos.‘
2061 2681 2156 2725 aut

565 2765 816 2827 curialis,
851 2777 948 2818 seu
979 2762 1254 2832 digamus,
1289 2760 1369 2816 vel
1404 2760 1606 2829 pretio,
1649 2769 1743 2814 aut
1785 2759 2155 2828 alioquolibet

565 2858 728 2912 modo
757 2855 932 2911 sacris
958 2852 1256 2906 cauouihus
1294 2850 1600 2916 contrario,
1637 2850 1778 2920 quod
1807 2849 1976 2904 absit!
2007 2848 2152 2903 obti-

2263 387 2440 439 carnis
2470 388 2720 456 passione
2743 397 2796 441 et
2828 387 3117 455 sepubum;
3153 405 3216 444 ac
3245 393 3608 447 resurrexi‘xse
3627 411 3654 447 a
3679 412 3798 451 utor-

2263 471 2491 532 tuis’die
2533 479 2720 543 tertia,
2755 493 2880 532 vera
2918 481 3096 534 carnis
3143 481 3534 536 resurrectione
3569 501 3581 536 τ
3618 497 3801 557 propter

2261 584 2422 638 quam
2449 571 2898 635 confirmandam,
2926 588 3046 626 eum
3073 573 3346 643 discipulis
3369 573 3517 629 nulla
3546 576 3799 647 indigentia

2261 661 2388 725 cibi,
2419 661 2511 715 sed
2550 661 2660 715 sola
2695 661 2970 716 voluntate
2997 673 3048 716 et
3084 667 3354 732 potestate
3385 665 3700 734 comedisse,
3731 665 3801 725 die

2260 752 2672 819 quadragesimo
2707 763 2828 822 post
2856 756 3304 810 resurrectionem
3347 746 3485 811 cum?
3507 755 3684 820 carne.
3715 779 3799 831 qua

2259 842 2514 903 surrexit,
2547 852 2601 896 et
2625 843 2802 896 anima
2835 843 3144 898 ascendisse
3165 846 3218 898 iu
3245 843 3476 909 eretum,"
3492 855 3546 901 et
3565 853 3741 904 sedete
3757 854 3800 906 in

2260 932 2481 988 dextera
2523 933 2734 999 Patris;
2781 935 2902 989 inde
2951 929 3292 992 ἂιδίιηοίἲίο
3329 932 3540 992 misisse
3579 935 3800 1009 Spiritum

2259 1033 2526 1088 sanetum,
2562 1037 2617 1079 et
2636 1027 2788 1090 inde,
2822 1028 2961 1080 sicut
2992 1028 3254 1090 ascendit,
3280 1031 3570 1083 Venturum
3596 1030 3804 1098 judicare

2259 1116 2410 1169 vivos
2437 1125 2492 1169 et
2523 1113 2765 1172 mortuos
2791 1127 2844 1170 et
2871 1111 3205 1173 redditurum
3231 1121 3520 1190 unicuique
3549 1127 3800 1179 secnn'luut

2257 1220 2418 1274 opera
2455 1223 2572 1262 sua.
2615 1207 2788 1262 Credo
2828 1210 2992 1263 etiam
3038 1209 3296 1279 Spiritum
3339 1221 3584 1266 sanctum
3621 1213 3802 1284 plenum

2257 1305 2311 1350 et
2342 1296 2639 1366 perfectum
2675 1305 2968 1369 verumque
3000 1300 3186 1365 Deum,
3221 1293 3256 1353 a2
3282 1299 3446 1356 Patre
3473 1313 3526 1357 et
3547 1305 3678 1359 Filia
3702 1321 3802 1374 pro-

2259 1391 2570 1452 cedentem,
2603 1390 2933 1460 Cumqualent
2976 1400 3030 1445 et
3059 1392 3470 1448 coesseutialem
3502 1404 3555 1448 et
3597 1398 3800 1462 οοστιτιιὶ-

2256 1489 2529 1550 potentem
2551 1521 2565 1546 ,
2592 1491 3010 1537 et“’cozeternum
3045 1498 3144 1554 per
3175 1485 3548 1557 omnia'Patr'i
3577 1475 3625 1541 et
3655 1486 3799 1553 Filio,

2257 1585 2354 1642 1⁷01·
2387 1573 2681 1642 prophetas
2710 1573 2972 1628 locutum.
3013 1587 3016 1590 ’
3127 1587 3148 1602 -·
3212 1572 3214 1574 ’
3250 1589 3254 1592 -
3465 1575 3468 1580 ·
3557 1579 3594 1600 .~
3677 1581 3695 1590 μ

2330 1663 2478 1718 Hanc
2507 1673 2748 1719 sanctam
2785 1675 2838 1719 et
2878 1663 3206 1720 individuam
3237 1663 3560 1721 Trinitatem
3589 1681 3688 1719 non
3711 1677 3798 1720 tres

2257 1754 2414 1821 deos,
2446 1757 2546 1811 sed
2582 1757 2632 1811 in
2665 1758 2837 1813 tribus
2866 1758 3136 1828 personis,
3171 1761 3314 1814 etin
3361 1769 3468 1814 una
3508 1755 3797 1814 natura'sire

2245 1849 2688 1904 essentia'umuu
2728 1851 2892 1905 Deum
2917 1843 3363 1920 omnipatcntem,
3392 1849 3798 1917 :etcrnum,invi-

2257 1942 2468 1996 sibilent
2496 1951 2550 1996 et
2580 1942 3068 1997 incommutabilem
3103 1944 3172 1997 ita
3206 1945 3368 1999 credo
3393 1953 3445 1999 et
3473 1933 3732 2007 Confiteor,
3751 1937 3796 1995 ut

2257 2031 2470 2086 l’atrem
2525 2033 2822 2100 ingenitum
2852 2074 2865 2099 ,
2913 2033 3104 2088 Filium
3154 2035 3527 2102 unigenitum,
3557 2024 3794 2103 Spiritum

2256 2131 2502 2178 sanctum
2536 2139 2634 2178 nec
2665 2126 2901 2190 genitum
2937 2141 3035 2180 nec
3067 2126 3382 2194 ingenitum,
3418 2127 3508 2182 secl
3541 2142 3568 2179 a
3595 2125 3732 2179 Patre
3753 2137 3795 2180 rt

2256 2211 2393 2268 Filio
2431 2214 2809 2283 procedentem
2853 2215 3116 2270 veraciter
3153 2211 3468 2285 pratdicem.
3505 2215 3664 2271 Credo
3695 2231 3797 2271 san-

2255 2314 2396 2357 ctam
2437 2303 2760 2358 catholicam
2795 2313 2849 2357 et
2893 2304 3242 2374 apostolicam
3283 2305 3450 2360 unam
3501 2319 3614 2361 esse
3645 2321 3794 2360 verant

2257 2394 2585 2459 Ecclesium,
2622 2395 2673 2448 in
2714 2411 2815 2465 qua
2861 2410 3000 2450 unus
3045 2396 3203 2451 datur
3243 2397 3540 2468 baptismus
3564 2397 3658 2456 .‘et
3694 2407 3793 2450 vera

2255 2487 2494 2540 omnium
2539 2487 2786 2542 remissio
2824 2499 3188 2557 peccatorum.
3229 2490 3408 2545 Credo
3453 2491 3608 2544 etiam
3637 2489 3792 2543 vernn

2257 2578 2709 2633 resurrectionem
2737 2579 2974 2648 ejusdem
3003 2569 3206 2649 carnis,
3231 2597 3393 2652 quam
3425 2598 3559 2638 nunc
3587 2591 3733 2653 gesto,
3753 2591 3795 2657 ct

2254 2668 2420 2722 vitam
2454 2677 2732 2724 mteruam.
2765 2672 2939 2727 Credo
2973 2658 3136 2727 etiam
3169 2669 3300 2729 Novi
3331 2684 3382 2729 et
3419 2675 3616 2730 Veteris
3641 2668 3796 2728 Tem-

2257 2761 2451 2823 menti,
2493 2760 2625 2830 legis
2661 2769 2715 2814 et
2753 2765 3135 2833 prophetarum
3173 2764 3622 2836 etaposttilomm
3660 2777 3792 2819 ιιιιιιιιι

2254 2865 2376 2906 esse
2417 2863 2692 2907 auctorem
2737 2853 2902 2908 Deum
2948 2866 3001 2910 et
3042 2856 3328 2911 Domimnn
3371 2857 3791 2927 omnipotentem:

565 2949 753 3004 nuisti.
807 2945 951 3000 Sane
1001 2942 1158 2998 Iidem
1211 2952 1357 2996 tuam
1383 2982 1399 3008 ,
1454 2957 1618 3012 quam
1676 2941 1896 3012 proprio
1947 2939 2152 3009 scripto
2178 2981 2223 3043 Ο
2256 2942 2421 2996 Deum
2467 2945 2879 3013 pmdestinasse
2916 2946 3249 3003 soiummodo
3287 2949 3428 3002 bona
3453 2992 3466 3013 ,
3505 2948 3793 3019 prtescirisSc

563 3055 792 3098 smmum
817 3049 872 3094 et
896 3037 1224 3109 apostolicae
1253 3037 1366 3092 sedi
1395 3037 1720 3107 exposuisti,
1749 3052 1940 3092 sanam
1978 3044 2032 3091 et
2061 3051 2153 3089 ca-

567 3131 820 3188 thoiicam
850 3129 1392 3199 atque'ortbodoxam
1432 3143 1530 3199 per
1555 3129 1734 3183 omnia
1765 3136 2146 3198 protestantur,

564 3230 622 3275 et
659 3221 953 3274 sicut'vere
982 3219 1196 3273 unicam
1236 3229 1289 3274 et
1324 3219 1616 3274 salutarem
1657 3218 2052 3289 amplectiuutr,
2095 3231 2150 3276 et

567 3323 673 3365 tute
691 3309 979 3363 dilectioni-
994 3311 1341 3366 vehementer
1363 3310 1796 3380 congratulantes
1821 3311 1872 3363 iu
1900 3310 2146 3374 Domino,

565 3401 816 3455 eamdem
841 3411 1086 3455 nostram
1121 3414 1241 3456 esse
1278 3403 1471 3455 devoto
1497 3403 1660 3456 corde
1698 3412 1754 3456 et
1782 3414 2028 3472 prompto
2054 3417 2150 3458 ore

565 3491 902 3564 pmiltemur.
950 3489 1205 3545 Firmiter
1244 3491 1389 3546 enim
1430 3493 1592 3546 credo
1632 3501 1874 3546 sanctam
1915 3491 2150 3546 Trinita-

547 3593 700 3650 tem,
727 3583 964 3649 Patrem,
991 3583 1040 3638 et
1074 3583 1292 3648 Filium,
1319 3593 1376 3640 et
1403 3583 1662 3656 Spiritum
1689 3595 1958 3651 sanctum,
1983 3599 2146 3640 unum

567 3674 737 3732 Deum
783 3675 1210 3746 ouuipoteutem
1255 3687 1418 3740 esse,
1463 3685 1736 3745 totamque
1787 3676 1839 3730 iu
1887 3674 2150 3731 Trinitate

563 3768 820 3823 deitatem
845 3767 1252 3822 cocssentialem
1276 3777 1329 3820 et
1352 3766 1894 3831 consubstantialem,
1925 3776 2150 3822 coaeter-

565 3873 689 3913 nam
721 3870 776 3913 et
820 3859 1311 3928 coontnipotentem
1335 3858 1650 3928 ,-uniusque
1689 3858 2007 3924 voluntatis,
2056 3873 2149 3929 po-

566 3952 778 4005 testatis
811 3961 866 4004 et
893 3950 1228 4018 majestatis;
1259 3950 1569 4005 Creatorem
1599 3951 1839 4004 omnium
1871 3961 2150 4006 creatura-

568 4054 711 4101 rum,
739 4054 804 4092 ex
834 4055 940 4107 quo
963 4040 1164 4101 onmia,
1197 4054 1292 4106 per
1315 4055 1473 4108 quem
1506 4040 1710 4105 omnia,
1739 4041 1789 4093 in
1813 4055 1920 4111 quo
1945 4040 2146 4104 omnia,

567 4146 689 4200 qua:
717 4137 840 4184 sunt
873 4129 925 4182 in
957 4129 1094 4183 casio
1121 4139 1175 4182 et
1205 4129 1259 4182 in
1291 4139 1457 4195 terra,
1492 4130 1722 4186 visibilia
1751 4139 1806 4184 et
1837 4129 2146 4185 invisibilia.

567 4219 742 4274 Credo
785 4219 948 4271 etiam
993 4217 1230 4288 singulas
1269 4233 1511 4288 quasque
1559 4220 1611 4273 in
1655 4231 1840 4274 sancta
1885 4220 2151 4274 Trinitate

2253 3045 2434 3088 aui-em
2486 3034 2623 3088 bona
2681 3036 2945 3107 malaque.
2996 3037 3234 3094 Gratiam
3289 3040 3792 3110 Deipucveuire‘et

2252 3126 2504 3194 subsequi
2547 3127 3014 3183 hominem’ctedo
3045 3139 3097 3184 et
3125 3131 3413 3199 proiiteor,
3454 3131 3524 3184 ita
3563 3135 3792 3183 tameuat

2252 3215 2480 3269 liberum
2510 3216 2796 3270 arbitrium
2836 3217 3084 3272 rationali
3117 3228 3378 3274 creatura:
3415 3233 3521 3275 non
3551 3213 3788 3286 denegem.

2251 3305 2498 3359 Animam
2538 3321 2644 3358 non
2669 3318 2788 3360 esse
2823 3319 3032 3375 partem
3067 3309 3215 3373 Dci,-
3237 3309 3330 3364 sed
3367 3324 3435 3363 ex
3475 3298 3788 3364 nihilum:-

2249 3405 2399 3461 tam;
2451 3404 2507 3449 et
2548 3395 2757 3466 aItSqtte
2806 3398 3127 3465 baptismate
3163 3397 3424 3469 'originali
3470 3408 3678 3470 peccato
3714 3395 3790 3450 σὺν

2251 3487 2465 3541 noxiam
2496 3488 2658 3542 credo
2687 3496 2741 3543 et
2769 3489 3016 3558 prmdlco.
3158 3505 3162 3509 ·
3738 3485 3755 3501 -'

2241 3589 2246 3594 ·
2323 3575 2491 3631 Porro
2527 3578 2926 3632 anathematim
2954 3595 3168 3634 omnem
3207 3579 3456 3636 liceresim
3485 3567 3788 3635 extollentem

2251 3681 2307 3720 se
2335 3665 2604 3721 adversus
2626 3679 2869 3722 sanctam
2900 3667 3194 3724 Ecclesium
3231 3672 3571 3734 catholicam,
3603 3668 3790 3740 pariter-

2251 3775 2356 3830 que
2393 3775 2516 3815 eum
2556 3762 2863 3831 quicunque
2901 3763 3110 3832 aliquas
3145 3764 3473 3834 scripturas,
3515 3772 3692 3833 prmter
3714 3767 3788 3812 eas

2250 3864 2387 3919 quas
2409 3851 2676 3904 catholica
2705 3851 2938 3906 Ecclesia
2967 3853 3172 3922 recipit,
3205 3853 3254 3908 iu
3286 3856 3599 3909 auctoritate
3625 3850 3787 3906 baber-

2253 3939 2350 3994 das
2385 3953 2506 3994 esse
2548 3942 2866 4008 crediderit,
2911 3944 2992 3997 vel
3034 3953 3318 3999 veneratus
3365 3945 3546 3999 fuerit.
3585 3943 3787 4010 Quatuor

2251 4033 2478 4087 concilia
2517 4033 2828 4089 omnimode
2857 4035 3087 4105 recipio,
3127 4045 3179 4090 et
3217 4037 3361 4092 velut
3397 4048 3616 4107 quatuor
3647 4035 3786 4088 Evan-

2253 4123 2388 4193 gelia
2411 4139 2642 4178 veneror
2666 4123 3015 4196 (CREGOBIUS,
3033 4144 3112 4197 ep.
3133 4127 3227 4188 ει.
3251 4127 3289 4181 l.
3321 4128 3394 4198 t);
3425 4128 3546 4197 quia
3573 4139 3660 4194 per
3679 4129 3785 4190 quit-

2255 4226 2376 4271 tuor
2405 4228 2583 4286 partes
2614 4219 2829 4282 mutuli,
2859 4219 3181 4272 universalis
3213 4218 3449 4273 Ecclesia
3481 4219 3530 4272 iu
3560 4205 3659 4277 his,
3690 4221 3784 4265 tau-

564 4323 847 4381 personas,
878 4324 1042 4361 unum
1073 4310 1236 4362 Deum
1268 4325 1481 4374 verum,
1513 4311 1725 4379 plenum
1753 4319 1807 4366 et
1831 4313 2148 4381 perfectum.
2184 4323 2229 4380 ι)
2259 4323 2423 4376 (tuam
2453 4309 2503 4360 itt
2527 4309 2734 4378 quadro
2766 4308 2962 4378 lapide,
2993 4310 3213 4363 luridata
3239 4311 3507 4365 consistit.
3538 4307 3780 4361 Primum:

565 4399 742 4456 Ctedo
771 4413 987 4467 quoque
1015 4398 1186 4467 ipsum
1215 4398 1308 4453 Dei
1336 4399 1511 4455 Patris
1539 4400 1761 4463 Filium,
1798 4402 2026 4456 Verbum
2061 4403 2151 4458 Dei

566 4489 896 4544 atcrnaliter
943 4499 1126 4541 natum
1173 4497 1297 4542 ante
1339 4491 1517 4544 omnia
1564 4502 1805 4561 tempora
1841 4492 1906 4546 de
1949 4492 2149 4559 Patre,

565 4578 1116 4642 consubstantialem,
1157 4579 1686 4648 coomnipoteutem,
1724 4589 1778 4635 et
1825 4583 2151 4651 corequalem

566 4669 715 4725 Patri
755 4685 852 4739 per
889 4686 921 4723 ο
947 4705 955 4720 .
982 4671 1068 4722 uia
1106 4670 1157 4723 in
1201 4670 1507 4735 divinitate,
1553 4671 1923 4742 temporaliter
1967 4683 2154 4726 natum

567 4765 632 4818 de
682 4762 884 4833 Spiritu
935 4773 1124 4818 sancto
1169 4773 1222 4818 et
1266 4763 1431 4818 Maria
1478 4779 1694 4834 semper
1733 4764 1978 4836 Virgine,
2029 4783 2151 4822 cum

570 4853 748 4904 anima
785 4853 1063 4918 rationali;
1107 4854 1241 4908 duas
1276 4855 1563 4910 habentem
1607 4857 1952 4924 nativitates,
1991 4874 2151 4912 unam

567 4955 634 4994 ex
665 4939 825 4995 Patre
857 4951 1146 5006 teternam,
1183 4943 1411 4998 alteram
1455 4960 1522 4998 ex
1568 4957 1740 5001 matre
1773 4949 2148 5017 temporalem;

571 5027 709 5082 duas
737 5028 1037 5085 voluntates
1065 5042 1119 5085 et
1141 5033 1486 5101 operatioues
1521 5035 1832 5102 habentem;
1869 5037 2034 5092 Deum
2058 5053 2146 5090 ve-

573 5132 727 5183 rum,
753 5130 806 5173 et
843 5122 1113 5178 hominem
1149 5141 1367 5190 verum;
1403 5128 1675 5195 propriutn
1709 5130 1761 5182 in
1801 5139 2027 5197 utraque
2053 5145 2152 5182 na-

565 5218 695 5293 tura
743 5222 905 5281 atque
953 5216 1287 5284 perlectum;
1343 5236 1445 5274 non
1505 5222 1941 5275 couuuistionem
1992 5230 2154 5290 atque

575 5301 893 5357 divisionem
931 5317 1194 5373 passum,‘
1224 5326 1328 5364 non
1369 5314 1674 5382 adoptivum
1717 5329 1892 5383 neque
1922 5314 2152 5383 phantao

2255 4397 2530 4452 Nicwntmt
2586 4408 2950 4453 trecentorum
3003 4410 3056 4453 et
3085 4402 3386 4455 cctotiecint
3435 4400 3660 4461 Patrum,
3701 4391 3781 4445 sub

2255 4487 2412 4540 beato
2443 4486 2708 4542 Silvestro
2732 4503 2867 4558 papa
2917 4488 3162 4543 Rotttano
3185 4501 3240 4544 ct
3266 4488 3614 4544 Constantino
3635 4487 3780 4551 Augu-

2255 4587 2338 4631 sto
2393 4593 2610 4648 magno,
2655 4580 2739 4632 cui
2805 4579 3138 4648 praefuerunt
3193 4580 3382 4636 Victor
3442 4589 3494 4634 ct
3519 4574 3781 4633 Vincentius

2257 4669 2487 4722 llomaui
2537 4669 2876 4739 presbyteri;
2903 4674 3199 4726 secundum
3223 4689 3237 4726 :
3276 4665 3776 4736 Constantinopolita-

2255 4776 2382 4813 num
2437 4761 2671 4828 primum
2714 4769 2932 4814 centum
2987 4763 3379 4833 quinquaginta
3433 4761 3656 4819 Patrum,
3687 4752 3778 4806 sub

2255 4851 2486 4907 Damaso
2510 4867 2646 4922 papa
2681 4864 2735 4907 et
2761 4852 3062 4910 Theodosio
3101 4856 3304 4926 majore
3330 4873 3344 4921 ;
3374 4857 3578 4912 tertium
3603 4871 3614 4906 :
3635 4847 3776 4918 Eph!"

2255 4945 2432 4998 sinum
2497 4946 2731 5015 primum
2780 4947 3138 5002 ducentorum
3195 4948 3440 5013 Patrum,
3496 4948 3588 5002 sub
3632 4939 3775 4997 Cutic-

2256 5037 2401 5092 stiuo
2425 5053 2561 5108 papa
2587 5045 2642 5091 et
2662 5036 2880 5106 juniore
2927 5039 3232 5095 'l‘luodosio
3257 5057 3272 5106 ;
3324 5049 3566 5110 quartum
3594 5049 3608 5086 :
3641 5027 3774 5086 Cluti-

2255 5129 2564 5183 eedonense
2616 5139 2997 5183 sexcentorum
3048 5141 3103 5184 et
3158 5131 3378 5201 triginta
3431 5129 3653 5189 Patrum,
3694 5118 3773 5174 sub

2255 5219 2415 5274 beato
2444 5219 2624 5275 Leone
2650 5235 2786 5289 papa
2808 5229 2864 5274 et
2885 5220 3160 5276 Marciano
3180 5221 3442 5291 Angusto.
3681 5219 3686 5228 '

2325 5310 2448 5365 Pari
2479 5310 2863 5380 modorecipio
2885 5323 2939 5366 et
2967 5329 3195 5368 veneror
3216 5315 3421 5382 reliqua
3447 5310 3542 5364 tria
3565 5300 3773 5362 concilia.
