4020 5392
277 341 379 418 ῖτδ

1258 327 1613 387 EPRSTOLE
1657 328 1744 384 ΕΤ
1787 327 2102 383 DECRETA
2149 317 2551 386 PONTIFICIA.

3447 331 3552 386 7η

277 419 602 520 thonepapa
617 457 670 503 et
685 444 1043 504 Constantino
1066 452 1261 515 nepote
1284 443 1552 508 lleraclii;
1585 442 1857 504 ultimum.
1894 453 1935 504 Α
1967 441 2010 496 si
2044 455 2150 494 non
2185 441 2488 511 transgredi
2539 440 2875 498 laltoraveris
2913 442 3174 499 terminos
3203 419 3341 514 quas
3369 438 3552 513 patres

276 543 581 612 mugitum
608 536 908 600 Mezentio),
943 538 1046 594 sub
1074 535 1314 590 Adriano
1339 550 1475 605 papa
1519 543 1573 588 et
1600 533 1864 588 Constan—

277 637 397 689 titut
419 613 773 689 tirones-lilio.
805 644 906 698 pro
943 626 1257 682 reverendis
1289 623 1503 680 Domini
1540 621 1666 677 .lesu
1707 621 1865 677 Chri-

270 716 1169 788 stietsnuetorum.imaginibus.
1211 713 1484 784 Quidquid
1529 728 1690 784 supra
1719 713 1863 767 dicta

274 819 494 880 septeni
537 818 728 870 sancta
746 805 1160 868 etuuiversa-lia
1201 803 1431 860 concilia
1487 811 1784 860 senserunt
1809 811 1865 856 et

271 899 767 961 collaudaverunt,
796 895 979 960 sentio
1015 904 1071 950 et
1111 893 1399 970 eollaudo;
1431 904 1486 949 et
1513 909 1866 963 quoscunque

269 988 908 1050 attawentatiza-veruut,
929 1008 953 1045 ·.
980 985 1430 1046 εηεώθηιειιὶιορ
1487 985 1640 1041 lianc
1705 986 1864 1040 fidem

271 1081 750 1142 astricta-Romans
773 1089 828 1136 et
853 1079 1154 1149 apostolica
1191 1081 1352 1136 sedes
1392 1079 1558 1133 corde
1591 1077 1767 1132 erodit
1799 1076 1864 1129 ad

268 1169 568 1236 justitiam,
608 1179 665 1225 et
706 1185 802 1238 ore
848 1169 1141 1234 confitetur
1171 1170 1242 1223 ad
1287 1167 1520 1224 salutem
1566 1166 1746 1240 (Rom.
1785 1174 1862 1234 κ).

779 1259 984 1327 vivere,
1013 1259 1242 1327 Domino
1273 1260 1538 1324 donante,
1567 1258 1772 1322 studet,
1809 1265 1863 1313 et

273 1353 885 1426 polejusdcfeusioue,
915 1353 962 1408 si
991 1353 1321 1420 Oportuerit,
1351 1355 1485 1408 meri
1535 1360 1725 1422 parata
1757 1358 1886 1428 εει..

271 1450 541 1514 Quam.“
566 1445 628 1511 iu
652 1453 724 1511 te,
747 1443 1282 1512 .fratercbarissime,
1327 1442 1627 1514 perfectam
1654 1458 1868 1512 ,cogno-

267 1537 590 1602 ῳὶωυριςει
604 1537 908 1600 secundum
933 1551 1060 1590 eam.
1078 1545 1129 1589 te
1160 1533 1649 1592 viverenobiscutn
1679 1534 1864 1588 admo-

263 1642 504 1702 nemus,
531 1626 782 1697 profecto
819 1627 1062 1686 scientes
1114 1626 1254 1696 quia.
1279 1626 1416 1680 ﬁdes
1443 1623 1563 1679 sine
1610 1624 1866 1694 operibus

271 1728 496 1784 intortus
528 1717 796 1789 ρει-(λαστ
823 1718 904 1787 ιι).
948 1716 1264 1787 Salutantes
1311 1731 1435 1780 cum
1489 1715 1636 1787 omni
1671 1714 1865 1782 fratcr-

1971 532 2140 586 nostri
2173 533 2513 599 posuerunt?
2559 533 2620 586 Et
2670 534 2794 602 quia
2847 533 3171 590 Christianae
3200 534 3552 606 perfectionis

1969 633 2054 677 est
2086 624 2374 692 paeiticum
2417 639 2536 678 esse
2573 624 2773 691 etiam,
2811 641 2935 680 cum
2978 626 3212 681 inimicis
3245 627 3416 697 pacis,
3458 643 3553 696 spe

1968 714 2366 780 eoi-rectionis,
2447 729 2550 769 non
2615 728 2882 770 consensu
2951 715 3340 785 malignitatis;
3402 727 3554 776 tanto

1969 802 2255 857 Sollicitius
2278 803 2539 858 debemus
2592 818 2782 859 omnes
2825 803 3140 858 occasiones
3171 805 3552 862 scandalon

1969 889 2038 945 de
2066 892 2248 955 modo
2309 892 2515 956 tollere,
2572 902 2775 961 quanto
2817 893 3060 948 tenacius
3104 905 3352 963 optamus
3400 893 3553 964 pacis

1969 983 2175 1038 amicos
2205 984 2460 1038 retinere.
2494 971 2736 1038 Plurima
2767 994 2948 1038 autem
2978 1000 3042 1039 ex
3079 982 3166 1038 tua
3212 979 3552 1044 fraternitate

1970 1074 2328 1130 intolerabilia
2357 1091 2541 1130 rumor
2573 1076 2686 1145 jam
2733 1077 2822 1130 ditt
2852 1077 3074 1146 pertulit
3119 1079 3185 1134 ad
3235 1094 3395 1135 aures
3454 1094 3554 1135 tto-

1969 1174 2135 1227 stras,
2173 1180 2293 1233 quce
2327 1180 2443 1227 nos,
2481 1167 2677 1234 partim
2725 1166 2850 1234 quia
2913 1166 3246 1222 incrcdbilia
3289 1168 3551 1223 videbano‘

1972 1265 2058 1310 tur
2089 1296 2104 1320 ,
2159 1255 2357 1325 partim
2409 1257 2536 1325 quia
2593 1256 2738 1310 nulla
2787 1255 3018 1312 facultas
3072 1258 3375 1326 inquirendi
3428 1259 3552 1314 talia

1965 1349 2370 1406 concedebatur
2410 1389 2424 1414 ,
2489 1349 2793 1404 indiscussa
2870 1339 3149 1420 hucusque
3215 1351 3550 1420 reliquimus.

1970 1438 2213 1509 Denique
2261 1439 2462 1494 diceris
2507 1442 2839 1511 ncopltytus,
2891 1451 2946 1498 et
2993 1457 3100 1498 non
3128 1443 3389 1513 gradatim
3427 1460 3554 1513 pro-

1967 1530 2181 1584 siluisse
2220 1530 2286 1584 ad
2329 1530 2638 1600 episcopale
2690 1529 2963 1601 fastigium
3007 1546 3021 1585 :
3058 1537 3207 1602 quod
3251 1533 3556 1598 nulla'enu's

1967 1638 2089 1678 esse
2124 1623 2439 1688 faciendum
2486 1633 2541 1679 et
2568 1625 2856 1695 Apostolus
2885 1627 3074 1682 edocet
3113 1627 3161 1699 (I
3194 1627 3329 1684 Tim.
3364 1633 3466 1700 nt),
3503 1641 3558 1686 et

1969 1717 2306 1772 venerabiles
2329 1731 2568 1772 canones
2614 1718 2967 1774 interdicunt.
3020 1715 3157 1774 llinc
3196 1737 3331 1776 nova
3383 1707 3554 1778 ambi-

269 1813 448 1879 uitale
499 1826 600 1867 seu
651 1810 879 1881 collegio
917 1819 1136 1880 sanctis
1181 1808 1522 1888 Bottiatueet
1551 1806 1864 1879 apostolica:
1897 1799 1938 1858 Β
1971 1810 2116 1865 tione
2152 1810 2576 1866 Alexandrinum
2626 1818 2682 1865 et
2728 1811 3129 1868 Antiochenum
3174 1813 3554 1889 patriarchas,

264 1905 425 1970 sedis
460 1915 609 1962 tuam
644 1902 1046 1974 fraternitatem
1069 1913 1338 1968 sanctam,
1363 1909 1730 1970 cunctumque
1753 1899 1867 1954 col-

272 1994 562 2066 legiumin
591 1995 822 2062 Domino
864 1994 958 2048 tibi
1000 1993 1316 2062 subjectum
1341 2011 1354 2060 ;
1382 2005 1440 2048 et
1464 2003 1522 2047 ut
1549 2008 1648 2062 pro
1679 2001 1864 2047 nostra

271 2087 493 2156 gemina
557 2086 733 2140 salute
807 2086 1236 2155 omnipotentem
1312 2085 1602 2140 Dominum
1663 2081 1868 2155 iugiter

270 2173 785 2246 c'soresvprecamur
821 2177 1135 2249 plurimum,
1177 2178 1472 2233 reverenda
1500 2188 1556 2236 et
1584 2178 1864 2234 desidera-

268 2271 400 2326 bilis
449 2270 641 2326 frater.
675 2307 678 2310 -
1241 2258 1245 2262 I

1018 2365 1126 2420 Cll.

269 2456 340 2511 .8.
355 2455 542 2512 Leonis
564 2458 784 2525 epistola
803 2458 1202 2530 adilficltaelem
1226 2457 1864 2530 Constantinopolitanum

345 2530 726 2598 patt‘iorcham.
750 2560 820 2568 —
847 2529 1162 2583 (iratulatur
1194 2531 1242 2582 ei
1282 2529 1422 2599 quod
1469 2528 1684 2584 (ἔνατος
1712 2529 1864 2599 Lati-

349 2600 431 2651 nis
455 2599 738 2653 conciliare
762 2600 1014 2652 studeret.
1036 2600 1219 2669 Arguit
1250 2598 1388 2662 eum,
1410 2609 1518 2652 tum
1540 2602 1680 2669 quod
1702 2598 1868 2669 patri-

349 2670 538 2722 arehas
563 2670 978 2723 Alexandrinum
1005 2679 1053 2722 et
1083 2671 1461 2724 Antiochenam
1487 2687 1598 2723 sum
1614 2670 1867 2739 potestati

265 2774 272 2782 ι
353 2739 954 2807 subjitereconaretur,
978 2752 1092 2794 tum
1113 2743 1254 2810 quod
1294 2742 1607 2810 unirersalis
1637 2744 1866 2810 patriar.

346 2813 459 2863 tha:
487 2826 669 2881 nomen
690 2811 792 2863 sibi
811 2809 1182 2881 usurparunt
1216 2809 1516 2875 Romanum
1547 2809 1863 2874 Ecrlesiant,

347 2897 465 2949 ante
498 2879 549 2950 in
585 2883 786 2950 azymis
821 2879 1059 2934 sanctum
1096 2881 1427 2935 eucharistia:
1457 2897 1666 2934 sacrum
1702 2883 1867 2948 con/i-

273 2965 276 2967 '
347 2953 478 3017 (ξω,
506 2949 806 3004 damnaret.
850 2949 1048 3004 Probat
1071 2949 1338 3005 Christum
1379 2952 1435 3005 in
1463 2967 1651 3022 azynto
1678 2969 1863 3004 consc-

323 3051 328 3066 :
343 3037 547 3076 παίει.
1161 3043 1163 3045 ’
1735 3043 1737 3046 ‘

406 3126 410 3127 ν
741 3151 764 3159 ..
871 3112 1054 3179 (Anno
1091 3113 1278 3183 teat.)

797 3223 990 3298 [Mansi
1018 3223 1162 3289 xnx,
1188 3223 1293 3279 665
1320 3222 1339 3298 ]

344 3357 460 3419 Leo
480 3358 798 3430 episc0pus,
815 3371 1001 3430 servus
1017 3371 1297 3412 servorum
1318 3355 1432 3423 Dei,
1455 3355 1716 3412 MICIIAEU
1730 3356 1870 3412 Con—

275 3429 759 3500 stantinopolitano
786 3429 1216 3498 archiepiscopo.
1638 3457 1648 3467 -

352 3521 571 3590 Scripta
604 3518 708 3574 tua:
740 3519 1072 3574 honoranda:
1118 3518 1482 3574 fraternitatis
1532 3520 1748 3574 tandem
1799 3519 1866 3573 ad

281 3619 383 3669 nos
432 3615 824 3690 pervenerunt,
867 3614 919 3667 in
979 3613 1180 3683 quibus
1231 3612 1298 3667 ad
1329 3614 1566 3668 maxime
1613 3615 1870 3668 necessa-

283 3703 438 3759 rium
480 3705 846 3774 omnibusque
875 3701 1080 3761 Christi
1140 3705 1392 3760 fidelibus
1427 3706 1867 3776 amplectendum

267 3779 485 3850 bonum
530 3797 838 3852 concordia:
889 3806 944 3851 et
983 3797 1210 3852 unitatis
1277 3799 1562 3854 exhortari
1638 3801 1865 3862 studes;

272 3899 558 3958 quatenus
589 3900 710 3960 post
736 3889 961 3943 nimium
985 3955 988 3958 λ
1011 3889 1200 3962 longas
1224 3900 1274 3946 et
1299 3892 1637 3962 perniciosas
1667 3892 1871 3946 discor-

285 3980 422 4042 dias,
451 3979 560 4032 lilia
584 3995 646 4032 ex
674 3981 906 4049 propria:
933 3981 1121 4036 matris
1151 3983 1591 4037 reconciliatione
1614 3982 1866 4036 exsultet.

281 4069 360 4123 Ad
391 4071 536 4141 quod
590 4065 776 4139 ditique
809 4079 858 4124 te
898 4081 1286 4141 provocantem
1338 4081 1392 4125 et
1441 4080 1868 4141 prmmonenlent

286 4159 437 4216 tanto
469 4166 777 4232 promptius
830 4163 1138 4216 auscultare
1165 4162 1434 4230 cupimus,
1482 4171 1687 4230 quanto
1742 4163 1872 4233 vigi-

283 4251 490 4323 lantius
533 4252 1028 4306 animadvertimus
1059 4243 1201 4306 hanc
1230 4250 1398 4305 solam
1447 4267 1566 4306 esse
1590 4253 1868 4324 prnpriam

281 4353 338 4398 et
383 4331 681 4413 specialem
720 4342 980 4398 virtutem
1043 4345 1256 4412 piorum
1305 4353 1468 4412 atque
1528 4355 1867 4407 sanctorum,

283 4448 406 4489 cum
446 4444 660 4490 αξιοι-ξε
709 4434 938 4490 virtutes
983 4434 1139 4488 bonis
1192 4443 1243 4486 et
1299 4433 1455 4488 malis
1493 4450 1614 4489 esse
1664 4434 1872 4504 possint

282 4542 630 4592 communes,
695 4527 926 4582 Domino
992 4526 1070 4582 sic
1117 4535 1613 4595 praemonstrante;
1663 4525 1727 4579 In
1772 4527 1870 4578 hoc

277 4632 590 4697 cognoscent
621 4637 800 4675 omnes
830 4619 953 4690 quia
985 4618 1082 4672 mei
1113 4619 1235 4672 estis
1265 4618 1532 4686 discipuli,
1575 4619 1618 4671 si
1644 4617 1871 4671 dilectio-

280 4733 400 4774 nem
412 4714 698 4769 habueri:is
717 4712 784 4766 ad
806 4713 1020 4765 inricetn
1035 4709 1216 4782 (Joan.
1239 4711 1377 4778 xm).
1398 4711 1461 4764 Et
1477 4711 1724 4781 deiloqno
1740 4710 1874 4765 Pan-

255 4860 258 4862 .
285 4807 336 4862 lo
362 4813 703 4877 protestantc
729 4821 740 4856 :
771 4799 962 4856 Pacem
985 4800 1263 4862 sequimini
1286 4817 1400 4852 cum
1424 4801 1661 4854 omnibus
1675 4811 1718 4854 et
1749 4819 1874 4855 san-

265 4881 612 4963 .rtimoniam,
630 4913 853 4966 smequa
869 4912 1016 4948 nemo
1031 4893 1215 4948 ridebit
1233 4893 1394 4946 Deum
1415 4895 1433 4964 (
1444 4893 1602 4947 Hebr.
1619 4894 1737 4964 xu).
1765 4893 1875 4948 Un-

253 4987 353 5068 tie
411 4989 708 5061 plurimum
770 4998 872 5040 tum
925 4986 1251 5043 fraternitaii
1323 4987 1767 5056 congratulamur
1821 4988 1872 5041 itt

249 5065 520 5158 _bumino
542 5123 574 5150 ,_
609 5081 869 5153 quoniam
921 5096 1190 5137 summum
1246 5080 1574 5138 desiderium
1629 5095 1872 5140 nostrum

285 5169 379 5238 tua
436 5175 703 5229 industria
759 5173 1121 5243 anticipasti;
1182 5177 1327 5244 quod
1389 5177 1574 5248 utique
1598 5179 1642 5233 si
1693 5177 1876 5246 aliquo

287 5267 494 5304 frinnr-o
523 5268 809 5304 ριισιι-ἷιηιῖε
864 5267 1202 5304 “invitas-aria
1232 5270 1456 5304 κιναιηηῖ
1540 5280 1722 5304 ηηοιι-ιι
1783 5272 1849 5304 .ln

1967 1901 2207 1970 antiquis
2258 1916 2371 1955 sum
2421 1899 2700 1970 dignizatis
2747 1897 3047 1973 privilegiis
3087 1903 3300 1974 privare
3337 1913 3558 1962 conten-

1969 1989 2128 2056 dens,
2159 1999 2346 2045 contra
2375 2005 2537 2045 omne
2567 1978 2652 2044 fas
2687 2000 2740 2046 et
2776 1990 2866 2060 jus
2897 2001 2986 2046 tuo
3008 1991 3245 2049 dominio
3265 1992 3557 2063 subjugare

1967 2081 2205 2138 conaris.
2230 2081 2383 2149 Quod
2412 2091 2616 2152 quanto
2669 2091 2761 2136 tuo
2811 2082 3051 2152 periculo
3076 2091 3274 2147 tentes,
3302 2083 3556 2146 omnibus

1969 2189 2115 2229 sana:
2141 2175 2340 2230 mentis
2393 2185 2585 2246 patet:
2629 2159 3066 2246 quandoquidem
3106 2191 3241 2229 vana
3285 2175 3456 2246 gloria
3502 2181 3560 2230 et

1969 2283 2160 2339 pompa
2189 2266 2436 2322 saacttlari
2497 2267 2697 2331 elatus,
2744 2267 3030 2322 consilium
3078 2267 3377 2321 divinitatis
3416 2265 3560 2322 anti-

1967 2375 2134 2430 quum
2163 2376 2325 2430 super
2346 2360 2715 2416 stabilimenta
2738 2358 3113 2414 columnarum
3163 2374 3273 2412 suzr
3300 2346 3558 2423 Ecclesia

1969 2450 2098 2526 [llic
2131 2454 2272 2507 deest
2305 2462 2532 2515 mutare,
2562 2463 2654 2507 aut
2703 2452 2904 2522 aliquid
2933 2450 3219 2524 ejusmodi]
3250 2439 3555 2531 contendis,

1968 2547 2123 2616 quasi
2171 2561 2236 2601 ex
2299 2545 2584 2601 fallacibus
2644 2545 2846 2602 divitiis
2885 2545 3258 2618 pratjuzlicium
3312 2529 3558 2623 facturus

1970 2636 2069 2700 illi,
2100 2636 2192 2706 qui
2223 2651 2344 2690 cum
2386 2650 2512 2690 vere
2535 2647 2589 2688 et
2613 2635 2960 2706 singulariter
2985 2637 3332 2701 divesesset,
3350 2650 3558 2710 panper

1952 2743 2068 2797 pro
2106 2729 2262 2783 nobis
2283 2727 2460 2783 factus
2483 2726 2533 2797 (1
2545 2727 2567 2780 Ι
2592 2725 2718 2787 Cor.
2746 2727 3112 2798 vut),'delcgit
3131 2742 3244 2794 sua:
3271 2725 3555 2802 temporali

1969 2820 2237 2874 nativitati
2266 2820 2590 2892 oppidulum
2621 2831 2674 2874 et
2701 2820 2971 2890 spelunca:
3017 2820 3374 2890 diversorium
3402 2818 3555 2891 (Luc.

1969 2912 2075 2979 it),
2106 2925 2211 2964 non
2239 2908 2517 2980 quodlibet
2566 2924 2752 2980 regunt
2792 2909 3078 2979 palatium.
3108 2905 3556 2980 Cujuslexempla

1967 3001 2216 3070 quisquis
2261 3003 2475 3065 horret,
2508 3000 2576 3054 ad
2619 3010 2826 3058 sortem
2857 2999 3000 3056 illius
3033 3000 3284 3070 pertinet,
3315 2999 3403 3070 qui
3433 3011 3558 3054 tunc

1973 3109 2068 3163 per
2122 3107 2210 3157 se,
2277 3107 2422 3148 nunc
2495 3101 2674 3148 autem
2736 3107 2833 3162 per
2863 3107 2997 3146 suos.
3049 3091 3315 3148 satellites
3375 3091 3557 3164 dicere

1973 3186 2170 3239 audet:
2198 3184 2492 3242 Ascendam
2526 3200 2683 3254 super
2717 3183 3050 3238 altitudinem
3088 3183 3302 3239 nubium
3324 3223 3340 3249 ,
3366 3183 3557 3250 s'milis

1946 3292 2066 3332 ero.
2089 3275 2360 3329 Altisaimo
2394 3274 2526 3345 (Isa.
2562 3275 2696 3346 stv).
2727 3274 2834 3330 Sed
2884 3292 2986 3333 non
3017 3275 3354 3344 cogitationes
3396 3290 3556 3351 υιιαν,

1972 3368 2311 3438 cogitationes
2333 3377 2551 3433 vestrm;
2579 3383 2743 3438 neque
2770 3368 2866 3431 rite
2890 3384 3042 3430 mete.
3073 3368 3169 3426 trite
3191 3378 3410 3430 vestrm,
3430 3368 3558 3440 dicit

1971 3455 2230 3512 Dominus
2250 3456 2399 3529 :tlsu.
2427 3468 2515 3529 LV)
2550 3475 2563 3512 :
2591 3458 2684 3528 qui
2720 3457 2980 3528 dispergit
3003 3455 3264 3528 superbos
3297 3458 3350 3513 in
3374 3455 3560 3516 furore

1972 3564 2074 3604 suo
2090 3535 2113 3614 ,I
2137 3561 2193 3603 et
2222 3550 2522 3620 respiciens
2554 3565 2768 3614 omnem
2807 3559 3154 3622 arrogantem
3195 3549 3479 3616 ltumiliat,
3506 3561 3561 3606 et

1971 3641 2216 3710 exsurgit
2248 3650 2306 3696 ut
2335 3658 2438 3696 non
2469 3641 2758 3709 praevaleat
2778 3642 2939 3711 homo
2958 3681 2974 3706 ,
3004 3642 3055 3695 in
3084 3631 3239 3710 cujus
3264 3652 3557 3713 conspectu

1973 3748 2080 3796 nou
2103 3746 2187 3798 est
2217 3733 2376 3788 Deus.
2403 3732 2481 3788 Ne
2512 3734 2658 3788 enim
2692 3735 2945 3804 superbia,
2972 3743 3195 3805 propter
3221 3734 3556 3788 altitudinem

1972 3807 2126 3878 Suam
2141 3837 2201 3877 se
2227 3821 2568 3891 conjunetam
2591 3833 2809 3893 putaret
2825 3825 2953 3888 Deo,
2967 3824 3094 3879 dicit
3110 3822 3390 3880 Psalmista
3407 3838 3422 3877 :
3438 3824 3522 3876 Alt
3537 3842 3558 3876 't

1972 3933 2004 3969 tt
2045 3915 2197 3986 longe
2235 3917 2497 3986 cognoscit
2527 3915 2763 3970 excelsus
2796 3915 3049 3988 Dominus
3087 3912 3258 3985 (Psal.
3287 3921 3557 3983 cxnvtl).

1935 4063 1938 4066 l
1977 4007 2145 4064 Unde
2169 4023 2266 4077 per
2295 4010 2646 4077 semetipsum
2678 4016 2906 4062 testatur
2931 4025 2944 4062 :
2974 4005 3126 4072 Quod
3165 4007 3329 4059 altum
3358 4017 3446 4061 est.
3465 4008 3562 4060 ho-

1973 4104 2232 4166 minibus,
2283 4101 2633 4156 abominabile
2675 4111 2749 4155 est
2795 4101 2937 4171 apud
2995 4101 3160 4155 Deum
3210 4100 3364 4170 (Luc.
3418 4100 3556 4170 xvi).

1973 4191 2161 4260 Qualis
2190 4206 2319 4246 vero
2339 4231 2354 4256 ,
2385 4200 2439 4246 et
2471 4207 2632 4261 quam
2657 4191 2994 4246 detestabilis
3013 4201 3176 4262 atque
3198 4192 3560 4248 lamentabilis

1972 4291 2058 4338 est
2086 4282 2174 4337 illa
2209 4283 2471 4353 sacrilega
2505 4284 2820 4353 usurpatio,
2849 4298 2954 4355 qua
2989 4293 3043 4338 te
3075 4284 3438 4340 universalent
3466 4301 3558 4357 pa-

1975 4375 2269 4432 triarcham
2303 4377 2480 4447 jactas
2524 4377 2720 4445 ubique
2764 4385 2819 4431 et
2855 4377 3060 4447 scripto
3099 4387 3154 4433 et
3191 4380 3392 4444 verbo,
3438 4393 3559 4435 cum

1905 4491 1950 4549 υ
1976 4467 2155 4521 omnis
2185 4465 2278 4520 Dei
2307 4467 2513 4521 amicus
2538 4466 2847 4536 hujusmodi
2874 4469 3137 4525 hactenus
3163 4470 3439 4526 horruerit
3467 4470 3563 4526 lto-

1977 4555 2156 4616 uorari
2183 4555 2475 4610 vocabulo?
2499 4556 2563 4611 Et
2585 4558 2705 4628 quis
2726 4567 2852 4628 post
2868 4559 3139 4614 Christum
3155 4560 3561 4615 convenientius

1975 4653 2156 4715 posset
2189 4644 2436 4714 insigniri
2465 4646 2565 4700 hoc
2598 4647 2890 4715 vocabulo,
2915 4663 3079 4719 quam
3121 4647 3205 4701 cui
3239 4648 3437 4702 dicitur
3475 4648 3560 4700 di-

1975 4738 2096 4792 vina
2129 4753 2258 4792 voce
2285 4757 2298 4792 :
2332 4737 2407 4791 Tu
2439 4755 2492 4792 es
2522 4736 2713 4792 Petrus
2739 4750 2786 4794 et
2816 4757 2972 4810 super
2999 4739 3137 4798 hanc
3164 4749 3362 4807 petram
3395 4737 3564 4806 ediﬁ-

1976 4833 2102 4886 eabo
2129 4831 2416 4895 Ecclesium
2441 4848 2606 4886 meam
2633 4833 2848 4899 (Matth.
2882 4836 3020 4904 xvi),
3045 4843 3150 4886 etc.
3176 4830 3559 4886 Verumtamen

1975 4922 2101 4991 quia
2135 4921 2220 4974 ille
2248 4938 2353 4974 non
2381 4921 2660 4976 invenitur
2687 4922 3011 4978 universalis
3044 4921 3324 4990 apostolus
3354 4923 3562 4982 dictus,

1975 5011 2225 5080 quamvis
2251 5012 2501 5082 princeps
2523 5012 2887 5082 apostolorum
2910 5013 2980 5068 sit
3001 5011 3330 5071 constitutus
3350 5053 3367 5078 ,
3391 5011 3568 5068 nullus

1977 5117 2354 5159 successorum
2401 5101 2517 5169 ejus
2561 5113 2669 5156 tam
2716 5103 3026 5174 prodigioso
3055 5102 3394 5175 praenomine
3439 5119 3569 5158 cott-

1978 5195 2150 5252 sensit
2176 5193 2437 5264 appellari
2463 5196 2708 5264 penitus,
2746 5195 2870 5248 licet
2912 5209 3112 5268 magno
3155 5191 3324 5249 Leoni
3361 5195 3574 5268 prinde-
