4020 5392
537 193 604 247 7ΐί
1579 197 1636 253 S.
1681 195 1926 254 LEONIS
1965 195 2031 252 ιζ(

2176 189 2276 252 PE
2315 190 2694 254 ONISCULA.

3648 188 3748 264 ‘176

499 315 706 372 vester,
748 302 899 373 cujus
930 319 1143 360 vesana:
1182 304 1580 362 adinvcntionis
1610 309 1787 365 adhuc
1833 310 2075 364 lnerelcs
2107 315 2149 369 Α
2181 324 2290 363 sua:
2335 310 2659 378 egressionis
2689 323 2754 362 ex
2784 307 3045 379 Egypto;
3087 309 3225 363 istud
3269 323 3394 365 vero
3435 310 3747 371 Christianis

497 397 861 466 permanetis.
895 395 1021 464 qui,
1071 397 1368 450 secundun
1420 398 1799 464 Psalmistam,
1848 414 1940 468 per
1983 414 2078 452 vos

496 489 671 562 adhuc
701 497 857 542 vocat
887 489 1104 542 nomina
1137 504 1233 542 sua
1265 489 1316 542 in
1352 489 1512 544 terris
1543 492 1657 545 suis
1681 531 1695 555 ,
1723 507 1844 546 cum
1879 491 2080 544 interiit

498 597 606 636 non
637 581 867 648 sumpsit
901 579 1082 634 omnia
1102 621 1117 646 ,
1151 596 1322 651 neque
1349 582 1630 637 descendit
1656 599 1777 657 cuin
1811 599 1876 637 co
1907 583 2076 652 gloria

497 671 564 722 ad
602 669 903 735 infernum;
929 671 1053 740 quia
1085 686 1207 725 cum
1238 671 1289 725 in
1326 673 1530 726 honore
1565 682 1742 735 esset,
1781 689 1884 727 non
1918 674 2076 726 intel-

496 757 628 814 lexit
649 756 820 828 (Psnl.
857 764 1030 828 XLIII).
1059 759 1174 829 lpse
1197 776 1224 814 a
1259 761 1584 816 beatissimis
1609 761 1950 830 pontificibus
1979 761 2069 816 Pco

493 845 638 918 lagio
662 857 716 900 et
741 845 1002 918 Gregorio
1030 847 1318 916 (PELAGIUS
1338 849 1396 909 ll.
1424 849 1642 919 epistola
1667 866 1680 903 ι
1701 866 1714 913 ;
1739 849 2094 915 Gnsoomrs,

495 935 590 991 lib.
618 952 700 999 vt,
726 938 876 1008 epist.
908 953 992 1001 tv,
1035 947 1089 992 et
1120 937 1212 992 lib.
1247 945 1351 1001 'vu,
1383 941 1532 1007 epist.
1576 942 1706 1006 xxx)
1746 941 2074 994 successori—

494 1031 704 1097 husqne
731 1043 918 1082 eorum
946 1044 1044 1097 pro
1079 1029 1177 1083 hac
1215 1030 1502 1084 insolentia
1551 1034 2073 1098 anathematizatus,

496 1120 548 1176 iu
601 1135 697 1174 sua
735 1119 1030 1189 pertinacia
1079 1120 1450 1176 irrevocabilis
1493 1123 1680 1191 periit,
1720 1121 1941 1192 jamque
1982 1141 2076 1193 per

495 1214 849 1284 quadraginta
879 1220 932 1265 et
955 1211 1376 1282 quadringentos
1400 1227 1569 1266 annos
1590 1229 1700 1267 sua:
1722 1216 2075 1268 contumacia:

495 1319 756 1372 sequaces
807 1302 1147 1372 praecipitare
1199 1316 1303 1355 non
1365 1304 1618 1357 cessavit.
1681 1303 1888 1370 Quibus
1945 1305 2074 1373 quid

495 1394 696 1462 profuit
723 1394 1004 1463 superbia,
1034 1393 1344 1446 divitiarum
1364 1392 1626 1461 jactautia
1655 1394 1785 1462 quid
1816 1393 2075 1447 contulit?

498 1487 836 1541 Transierunt
858 1487 1032 1540 omnia
1055 1484 1188 1540 velut
1219 1485 1400 1538 umbra
1424 1485 1575 1554 (Sap.
1600 1485 1672 1552 v).
1694 1484 1834 1550 Quid
1854 1485 2074 1555 denique

494 1580 701 1646 prodest
731 1577 931 1630 [contini
954 1617 967 1638 ,
1003 1578 1049 1629 si
1091 1585 1257 1628 totum
1292 1575 1542 1648 mundum
1584 1573 1850 1638 lucretur,
1881 1575 2072 1627 animo:

2182 398 2234 450 in
2269 399 2583 452 memoriam
2625 397 2916 452 Dominicae
2956 399 3250 466 passionis,
3296 395 3412 470 qua'
3439 403 3506 454 ad
3549 402 3747 458 Patrem

2183 487 2430 540 transivit
2452 503 2514 540 ex
2548 489 2650 542 hoc
2683 488 2898 541 mundo.
2933 485 3037 542 Sed
3067 489 3191 556 quia
3240 497 3341 542 tam
3378 491 3446 542 de
3485 490 3568 544 h's
3595 508 3743 560 quam

2179 577 2246 629 de
2281 576 2433 642 aliis,
2481 577 2676 646 quibus
2729 592 2826 630 nos
2869 576 3249 641 calumniaris,
3294 577 3459 630 latius
3502 594 3530 629 a
3564 581 3747 633 nostris

2181 664 2386 717 nuntiis
2417 680 2514 734 per
2545 665 2648 718 alia
2692 666 2890 734 scripta
2939 676 3150 730 nostra,
3197 681 3314 734 qua:
3347 666 3637 732 deferunt,
3677 669 3747 722 iu-

2179 756 2434 808 sti-ueris:
2468 755 2555 809 hic
2582 755 2815 809 breviter
2838 755 3078 824 attigisse
3099 755 3167 810 sit
3193 756 3341 810 satis.
3372 757 3560 811 Discat
3584 768 3747 814 autem

2181 845 2493 900 fraternitas
2525 855 2644 908 tua,
2671 847 2860 902 Saltem
2892 848 3192 911 admonita,
3225 859 3382 902 caute
3407 858 3457 902 et
3491 842 3766 905 humiliter

2180 935 2354 1006 loqui,
2390 953 2456 990 ne
2479 936 2764 1006 aliquando
2796 937 3053 992 Dominus
3078 939 3226 991 dicat
3252 946 3307 991 et
3332 938 3464 991 tibi:
3496 937 3579 991 Ex
3601 938 3748 994 abun-

2179 1023 2364 1077 dantia
2397 1025 2570 1079 cordis
2612 1042 2667 1078 os
2707 1024 2940 1094 loquitur
2971 1025 3184 1097 (Matth.
3227 1027 3347 1083 xui.
3381 1027 3658 1098 Scripsisti
3685 1030 3746 1082 si-

2177 1119 2392 1189 quidem
2419 1120 2603 1184 nobis,
2634 1121 2886 1188 quoniam
2914 1121 2958 1174 si
2992 1137 3094 1174 una
3125 1121 3364 1175 Ecclesia
3393 1122 3632 1174 Romana
3663 1136 3748 1190 per

2179 1225 2277 1263 nos
2321 1211 2545 1264 haberet
2584 1226 2778 1263 nomen
2830 1219 3010 1276 tuum,
3045 1226 3235 1265 omnes
3263 1211 3524 1265 Ecclesia:
3567 1212 3616 1264 in
3647 1217 3761 1264 toto”

2175 1300 2307 1352 Orbe
2329 1308 2596 1351 terrarum
2625 1298 2884 1351 haberent
2911 1315 3005 1367 per
3030 1310 3080 1353 te
3103 1315 3298 1353 nomen
3322 1310 3592 1354 nostrum.
3622 1297 3746 1366 Quid

2177 1390 2280 1442 hoc
2329 1393 2552 1444 monstri
2586 1402 2700 1455 est,
2751 1393 2919 1447 frater
2959 1393 3324 1449 charissime?
3364 1395 3610 1449 Romana
3653 1395 3743 1450 Ec-

2177 1479 2369 1544 clesia,
2427 1493 2586 1551 caput
2637 1494 2690 1537 et
2735 1495 2909 1540 mater
2958 1486 3357 1551 Ecclesiarum,
3419 1487 3654 1541 membra
3698 1497 3746 1541 et

2183 1569 2320 1624 filias
2350 1587 2454 1625 non
2488 1573 2681 1628 habet?
2724 1575 2786 1628 Et
2827 1578 3096 1646 quomodo
3136 1587 3309 1646 potest
3341 1579 3452 1631 dici
3478 1589 3634 1647 caput
3664 1589 3746 1632 aut

493 1645 612 1721 rero
663 1682 772 1719 sum
818 1665 1180 1718 detrimentum
1220 1645 1510 1732 .‘putiatur?
1550 1662 1765 1733 (.llattlt.
1824 1663 1958 1732 xvi.)
2013 1663 2077 1715 Et
2109 1645 2152 1703 Β
2182 1663 2390 1716 mater?
2436 1662 2716 1719 Credimus
2760 1645 2902 1720 enim
2951 1645 3168 1737 propter
3209 1668 3350 1737 quod
3395 1679 3452 1722 et
3499 1645 3744 1738 loquimur

495 1761 764 1830 quomodo
809 1759 1018 1812 animas
1059 1775 1155 1829 pro
1192 1757 1447 1811 fratribus
1479 1756 1686 1810 habetis
1715 1770 1948 1826 ponere,
1985 1757 2072 1824 qui

495 1853 658 1908 inane
689 1867 882 1906 nomen
930 1858 983 1904 et
1030 1849 1336 1903 universam
1379 1847 1674 1902 licclesiam
1701 1846 2076 1901 scandalizans

495 1941 857 2012 dedignatuini
883 1941 1181 2010 deponere?
1211 1939 1482 2010 Resipisco
1505 1953 1634 2008 ergo
1651 1977 1664 2003 ,
1700 1952 1951 2008 rogamus
1971 1978 1984 2000 ,
2009 1937 2076 1989 ab

495 2031 600 2094 hac
621 2031 827 2085 insania
846 2071 860 2094 ,
887 2046 952 2086 uc
975 2031 1116 2083 illius
1138 2045 1362 2085 consors
1382 2039 1434 2082 tu
1462 2044 1674 2099 quoque
1693 2069 1706 2093 ,
1737 2027 1876 2097 quod
1902 2029 2070 2082 absit!

495 2121 628 2193 ﬁas,
655 2121 722 2175 de
749 2137 854 2191 quo
879 2121 1076 2175 dicitur
1101 2137 1112 2173 :
1151 2120 1316 2174 Omne
1343 2120 1562 2174 sublime
1590 2120 1756 2184 ridet,
1783 2129 1831 2172 et
1860 2121 1966 2188 ipse
1998 2128 2074 2172 est

496 2229 590 2268 rex
633 2228 787 2280 super
833 2213 1096 2266 universos
1140 2210 1276 2280 ﬁlios
1317 2212 1572 2280 superbia!
1616 2209 1737 2281 (Job
1775 2209 1906 2282 xu).
1942 2209 2074 2265 Illud

495 2315 678 2359 autem
719 2304 842 2372 quis
874 2319 978 2356 non
1028 2311 1234 2371 stupeat
1259 2343 1272 2369 ,
1312 2302 1454 2371 quod
1487 2311 1606 2371 post
1643 2309 1721 2355 tot
1755 2313 1972 2356 sanctos
2019 2311 2076 2355 et

494 2393 827 2448 orthodoxos
848 2391 1068 2456 Patres,
1113 2407 1209 2462 per
1252 2391 1396 2445 mille
1439 2400 1494 2446 et
1531 2391 1716 2461 viginti
1763 2408 1792 2444 a
1823 2391 2076 2461 passione

496 2484 792 2540 Salvator-is
823 2499 1022 2545 annos,
1079 2498 1248 2539 novus
1293 2483 1652 2537 calumniator
1681 2481 1934 2538 Ecclesiae
1972 2481 2074 2536 La-

498 2578 733 2633 tinorum
777 2575 1077 2639 emersisti,
1130 2574 1595 2628 auathcmatizaus
1640 2589 1830 2628 omnes
1880 2583 1934 2627 et
1977 2589 2074 2642 pu-

493 2667 692 2725 blicam
725 2667 1152 2736 persecutionem
1197 2664 1471 2727 excitans,
1510 2663 1816 2732 quicunque
1853 2662 2072 2731 partici-

496 2760 758 2829 pareutnr
800 2766 1263 2812 sacramentorum
1307 2770 1372 2809 ex
1422 2753 1670 2824 azymis?
1710 2753 1884 2820 Quam
1935 2768 2074 2822 pra:-

496 2851 857 2921 sumptiouem
877 2859 1022 2903 tuam
1044 2858 1098 2902 et
1123 2847 1264 2901 fama
1289 2845 1442 2901 nobis
1464 2845 1675 2908 obtulit.
1700 2854 1752 2899 et
1770 2844 2071 2898 litterarum

496 2941 598 2996 sub
631 2940 845 2994 nomine
870 2950 960 2992 tuo
993 2939 1060 2991 ad
1084 2937 1283 3007 Apulos
1323 2937 1569 2990 datarum
1605 2943 1782 2988 textus
1813 2931 2064 2987 manifes-

498 3032 631 3085 tavit
658 3048 670 3083 :
697 3044 814 3098 qua:
838 3028 1097 3083 violenter
1124 3038 1368 3081 astruere
1393 3035 1659 3080 conantur
1684 3025 2068 3078 fermentatum

495 3117 689 3192 panem
723 3122 912 3186 fuisse,
959 3135 1064 3189 quo
1107 3119 1365 3172 Dominus
1397 3116 1654 3186 apostolis
1685 3115 1797 3169 suis
1828 3115 2072 3185 corporis

495 3213 578 3268 Sui
606 3213 922 3283 mysterium
948 3211 1000 3264 in
1033 3224 1185 3263 eceua
1211 3207 1629 3263 commendavit.
1675 3205 1825 3272 Quod
1851 3207 2072 3259 omnino

494 3302 690 3358 falsum
720 3318 838 3357 esse
863 3317 929 3357 ex
963 3311 1192 3368 utroque
1228 3309 1553 3355 testamento
1578 3297 1832 3353 facillime
1877 3298 2076 3367 dcpre-'

496 3393 788 3448 henditur:
824 3391 947 3462 quia
975 3391 1064 3460 qui
1099 3408 1203 3444 non
1246 3397 1468 3444 venerat
1498 3388 1708 3443 solvere
1738 3389 1908 3458 legem
1930 3427 1945 3452 ,
1979 3387 2072 3442 sed

497 3483 824 3555 adimplere,
848 3483 1000 3551 juxta
1033 3483 1200 3551 ipsius
1226 3481 1359 3552 legis
1389 3491 1743 3550 prmceptum,
1777 3494 1842 3534 cx
1868 3478 2074 3551 azymis

495 3590 553 3636 et
597 3580 723 3634 vino
764 3589 918 3632 vetus
964 3577 1166 3649 pascha
1216 3573 1564 3644 adimplevit,
1619 3582 1672 3628 et
1716 3571 1963 3642 pratinus
2007 3587 2071 3624 cx

496 3671 706 3744 azymis
735 3678 788 3724 et
823 3672 948 3723 vino
985 3683 1209 3729 novum,
1243 3667 1384 3721 sicut
1421 3675 1604 3735 aperte
1649 3664 1824 3718 Lucas
1853 3671 2070 3727 narrat,

494 3763 777 3834 discipulis
822 3761 1062 3816 tradidit.
1122 3759 1305 3830 Neque
1351 3759 1495 3812 enim
1539 3759 1665 3812 totis
1709 3767 1835 3811 octo
1883 3756 2073 3809 diebus

493 3854 603 3909 illis
662 3855 1043 3910 fermentatum
1100 3851 1394 3921 apparebat
1457 3851 1509 3905 in
1566 3850 1820 3904 omnibus
1881 3849 2074 3903 finibus

495 3945 692 4007 Israel.
722 3957 771 4000 et
805 3944 944 4016 apud
989 3959 1366 4014 quemcunque
1415 3943 1823 4006 inveniebatur,
1865 3943 2075 4012 peribat

495 4039 678 4093 anima
711 4038 826 4105 ejus
853 4041 919 4092 de
957 4038 1149 4108 pOpulo
1197 4053 1294 4091 suo
1340 4037 1536 4091 (Exod.
1574 4037 1696 4106 λιι).
1733 4037 1885 4104 Quod
1928 4037 1970 4090 si
2021 4037 2072 4090 in

494 4127 662 4185 Ctena
695 4129 901 4182 Domini
934 4129 1059 4183 Jesu
1097 4130 1473 4198 apparuisset,
1505 4139 1601 4182 aut
1641 4129 1755 4198 ipse
1787 4145 1880 4183 seu
1913 4128 2075 4182 disci-

496 4212 611 4290 puli
641 4217 758 4286 ejus
785 4235 998 4287 quoquo
1031 4219 1190 4271 modo
1220 4227 1560 4289 gustassent,
1588 4220 1730 4283 justc
1763 4219 1903 4273 sicut
1941 4213 2074 4286 prai-

2179 1766 2341 1824 atque
2365 1765 2677 1810 constanter
2695 1758 3011 1826 proﬁtemur
3035 1772 3048 1813 :
3077 1760 3316 1814 Rolnana
3345 1762 3593 1816 Ecclesia
3627 1763 3743 1815 adeo

2181 1858 2389 1900 nonest
2420 1847 2558 1912 sola,
2595 1848 2676 1903 vel
2707 1850 2843 1904 sicut
2871 1860 2920 1904 tu
2947 1859 3134 1921 putas,
3163 1869 3297 1916 una,
3332 1863 3393 1906 ut
3422 1855 3475 1906 in
3502 1863 3612 1908 toto
3629 1855 3742 1908 ortae

2181 1947 2445 1992 terrarum
2474 1955 2804 2011 quaacnnque
2848 1943 2993 1996 natio
3017 1943 3266 1998 dissentit
3300 1947 3539 2016 superbe
3569 1945 3632 1998 ab
3659 1961 3738 2009 ea,

2179 2043 2283 2082 non
2313 2029 2383 2085 sit
2414 2030 2524 2100 jam
2575 2031 2798 2086 dicenda
2833 2033 2916 2086 vel
2964 2034 3207 2089 habenda
3261 2036 3508 2090 Ecclesia
3548 2037 3736 2106 aliqua.

2178 2113 2270 2174 Sed
2298 2123 2520 2176 omnino
2548 2121 2722 2188 nulla;
2758 2125 2886 2194 quin
2919 2125 3100 2196 potius
3129 2127 3552 2182 conciliabulum
3585 2129 3735 2185 lucre-

2134 2211 2442 2278 -ticorum,
2496 2222 2588 2266 aut
2636 2215 3074 2270 conventiculum
3130 2218 3636 2280 schismaticorum,
3692 2229 3739 2272 ct

2176 2323 2446 2378 synagoga
2497 2307 2733 2363 Satante.
2786 2307 2998 2364 Videris
3034 2311 3214 2365 dicere
3260 2311 3391 2366 illud
3418 2313 3596 2376 sancti
3627 2312 3736 2366 Elia:

2180 2406 2307 2451 tunc
2355 2399 2730 2465 prmsumenlis
2784 2400 2850 2453 de
2898 2415 2994 2455 se:
3047 2399 3276 2456 Reliclus
3319 2421 3440 2457 sum
3481 2421 3571 2474 ego
3612 2404 3748 2457 solus'

2177 2487 2295 2556 (Ill
2327 2487 2453 2557 Reg.
2488 2493 2622 2558 xIx).
2657 2490 2763 2547 Sed
2791 2493 2913 2546 audi
2939 2491 3068 2563 quid
3095 2494 3182 2549 ille
3203 2496 3413 2550 audivit
3436 2513 3466 2551 a
3493 2498 3731 2551 Domino.

2180 2578 2385 2650 Reliqui
2429 2581 2556 2633 milii
2606 2591 2798 2649 septem
2822 2584 2990 2637 millia
3017 2586 3246 2638 rirorum
3271 2585 3393 2657 (111
3423 2585 3550 2657 ηενρ.
3578 2589 3732 2656 xvtu).

2175 2671 2402 2738 Quiesce
2424 2713 2437 2735 ,
2479 2673 2696 2742 quiesce
2716 2673 2825 2744 jam
2845 2715 2860 2740 ,
2889 2677 3214 2731 venerabilis
3237 2677 3438 2743 frater,
3470 2679 3536 2733 ab
3564 2679 3640 2733 his
3660 2695 3734 2731 su-

2176 2761 2609 2830 perstitionilms,
2660 2779 2728 2817 ne
2774 2762 2900 2818 illud
2942 2764 3250 2822 Salomonis
3296 2767 3352 2822 in
3402 2777 3454 2822 te
3502 2766 3731 2821 dicatur:

2177 2852 2314 2906 Sunt
2339 2853 2426 2920 qui
2441 2869 2495 2906 se
2508 2853 2691 2907 divites
2708 2853 3581 2926 aﬂ‘ectnntmihilhabentes(Prov.
3608 2859 3729 2908 xtnl.

2177 2943 2521 2998 Simillimum
2547 2959 2737 3012 nempe
2761 2945 2862 3000 hoc
2883 2955 2964 2999 est
2987 2945 3264 3000 diabolica:
3285 2947 3630 3016 arrogantiae,
3652 2944 3731 3014 qui

2175 3051 2339 3106 regna
2379 3036 2561 3090 mundi
2593 3053 2620 3088 a
2658 3035 2935 3092 conditore.
2964 3040 3200 3092 omnium
3245 3038 3388 3094 facta
3428 3049 3613 3109 putans
3649 3055 3730 3091 sua

2174 3140 2316 3189 csse,
2350 3124 2484 3180 dixit
2511 3125 2584 3179 illi
2613 3144 2624 3178 :
2653 3125 2782 3182 Ilwc
2805 3128 2979 3182 omnia
3006 3129 3098 3180 tibi
3119 3129 3254 3182 dabo
3278 3129 3499 3200 (.llatth.
3522 3130 3610 3197 tv).
3641 3129 3728 3198 lgi-

2177 3227 2265 3271 tur
2304 3218 2429 3272 hinc
2459 3218 2571 3288 jatn
2613 3218 2679 3272 ad
2722 3233 2816 3272 cor
2847 3219 3096 3274 redeatur
3177 3232 3231 3273 ct
3281 3229 3393 3274 tam
3449 3218 3727 3292 perniciosa

2175 3313 2426 3370 scandala
2477 3313 2543 3365 de
2597 3311 2772 3364 meoio
2829 3300 3114 3386 tollantur.
3174 3320 3230 3368 ct
3281 3323 3410 3368 tunc
3461 3326 3738 3386 secundum:

2176 3401 2558 3462 Psalmistam:
2604 3402 2871 3474 Loquetur
2923 3404 3184 3459 Dominus
3227 3423 3410 3475 pacem
3456 3407 3509 3460 in
3553 3405 3723 3475 plebem

2174 3513 2348 3560 smmi,
2397 3505 2442 3550 et
2493 3513 2647 3562 super
2685 3507 2894 3550 sanctos
2921 3514 3077 3562 suos,
3116 3507 3162 3550 et
3198 3498 3252 3550 in
3288 3515 3376 3552 cos
3413 3498 3503 3568 qui
3541 3509 3725 3549 conrero

2175 3597 2360 3640 tuntur
2387 3588 2456 3640 ad
2494 3603 2582 3640 cor
2611 3585 2786 3657 (Psnl.
2834 3587 3041 3654 δίκην).
3071 3586 3203 3640 Nam
3239 3603 3334 3642 nos
3359 3603 3485 3643 cum
3516 3584 3727 3656 pertinao

2175 3679 2326 3734 cibus
2347 3689 2400 3732 et
2429 3680 2479 3732 in
2507 3695 2693 3734 errore
2721 3695 2817 3734 suo
2842 3680 3286 3748 permanentihus
3310 3695 3498 3748 pacem
3517 3677 3726 3742 aliquam

2176 3769 2377 3824 habere
2407 3786 2512 3823 non
2540 3784 2854 3839 possumus.
2885 3784 2950 3824 ue
2978 3770 3232 3839 operibus
3258 3770 3475 3840 maligni
3503 3780 3722 3824 commn-

2176 3859 2446 3924 nicemus;
2479 3860 2601 3928 quia
2642 3874 2738 3914 nec
2767 3861 3048 3913 Dominum
3079 3858 3352 3914 Christum
3392 3859 3580 3914 alicubi
3614 3854 3719 3909 talia

2178 3947 2366 4004 fecisse
2391 3951 2722 4004 invenimus:
2750 3965 2869 4004 cum
2892 3952 3055 4004 etiam
3081 3952 3132 4006 in
3162 3951 3442 4006 nativitate
3471 3950 3624 4020 ipsius
3642 3961 3726 4025 att-5

2176 4039 2276 4109 geli
2311 4055 2498 4110 pacem
2528 4042 2983 4095 annuutiavcruut
3013 4042 3350 4096 solummodo
3377 4043 3528 4096 home
3557 4037 3723 4092 volun-

2179 4131 2306 4185 tatis
2335 4132 2666 4186 hontinihns.
2702 4134 2805 4200 Qui
2840 4134 3002 4188 etiam
3039 4135 3253 4188 cculum
3296 4134 3720 4204 scandalitantcm

2176 4221 2469 4274 eruendum
2487 4260 2502 4282 .
2528 4237 2741 4275 manum
2769 4223 2848 4277 vel
2874 4223 3059 4293 pedem
3084 4224 3511 4279 scandalizantes
3536 4222 3721 4286 aLscine

496 4305 832 4360 varicatores
865 4306 995 4374 legis
1024 4306 1283 4373 perirent,
1316 4320 1412 4359 nec
1437 4307 1548 4374 ipse
1581 4307 1837 4360 Dominus
1867 4307 2069 4361 diceret
2104 4321 2152 4383 υ
2177 4304 2382 4360 dendos
2414 4306 2668 4360 insinuat.

498 4397 615 4466 suis
629 4397 930 4450 insidiatori
941 4397 1038 4449 bus
1056 4414 1067 4448 :
1087 4397 1215 4461 Quis
1233 4411 1296 4449 ex
1312 4397 1450 4448 vobis
1462 4406 1640 4465 urguet
1657 4411 1736 4448 me
1752 4397 1814 4448 de
1826 4395 2072 4464 peccato?

499 4484 683 4559 (Joau.
715 4487 854 4556 vttt.)
885 4485 992 4539 Nec
1023 4497 1164 4540 esset
1201 4501 1335 4556 Opus
1366 4484 1529 4540 falsos
1559 4495 1719 4540 tcstcs
1747 4488 1813 4539 ad
1840 4489 2070 4557 perden-

499 4577 625 4632 dum
656 4595 776 4631 eum
799 4592 1073 4648 qnzererc,
1108 4592 1231 4630 cum
1265 4579 1366 4631 hoc
1411 4577 1524 4631 solo
1567 4579 1882 4647 pertlcretur
1905 4578 2068 4646 justo.

487 4662 606 4723 ’Sed
638 4669 726 4738 qui
753 4676 1032 4738 peceatum
1066 4685 1169 4721 non
1205 4666 1360 4728 fecit,
1399 4684 1496 4721 nec
1533 4669 1782 4723 inventus
1809 4679 1889 4722 est
1919 4670 2072 4723 dolus

499 4761 554 4816 in
586 4777 680 4815 ore
701 4759 818 4828 ejus
864 4757 948 4830 (11
986 4758 1129 4812 l’etr.
1176 4755 1266 4828 ιι),
1309 4759 1451 4828 quod
1494 4773 1749 4828 passurus
1796 4759 2070 4828 discipulis

490 4850 801 4909 mandavit.
835 4849 1114 4902 evidenter
1148 4863 1243 4917 per
1281 4847 1626 4918 Apostolunt,
1664 4849 1714 4901 in
1751 4865 1856 4917 quo
1887 4849 2071 4918 loque-

497 4939 661 4970 Iun-u-

727 4953 1154 4974 nnntninonnrnnu
1242 4937 1410 4976 ἶιιιηιῖί
1459 4955 1472 4966 ·
1519 4937 1803 4978 ,σ’νιηΙοηηη·
1881 4955 1982 4978 nnn
2018 4939 2070 4980 ἕη

2242 4394 2468 4448 Cessent
2491 4411 2618 4466 ergo
2645 4396 2878 4452 harrescs
2901 4406 2955 4452 ct
2979 4398 3269 4453 schismata
3293 4441 3305 4465 ,
3329 4409 3382 4452 et
3406 4391 3716 4468 diligentibus

2177 4483 2350 4552 legent
2382 4485 2474 4540 Dei
2499 4485 2609 4552 jam
2645 4504 2748 4540 non
2781 4490 2886 4541 erit
2911 4488 3226 4543 scandalqu
3251 4531 3266 4553 ,
3298 4491 3390 4544 sed
3419 4505 3515 4558 pax
3549 4483 3711 4539 multa.

2174 4578 2493 4648 Quicunque
2523 4579 2784 4649 gloriatur
2815 4580 3126 4634 Christiano
3153 4581 3400 4646 nomine,
3428 4586 3591 4633 cesset
3621 4573 3709 4626 R0-

2177 4683 2392 4720 ntanam
2439 4678 2680 4721 sanctam
2727 4678 2783 4722 et
2823 4670 3174 4738 apostolicam
3205 4670 3492 4725 Ecclesiam
3523 4661 3716 4721 maledic

2174 4773 2298 4812 cere
2322 4769 2375 4813 et
2411 4757 2704 4823 lacessere;
2755 4761 2880 4828 quia
2917 4761 3118 4814 frustra
3165 4759 3591 4829 patremfamilias
3627 4753 3710 4807 ho-

2175 4858 2362 4912 norat,
2395 4851 2642 4918 quisquis
2687 4848 2802 4917 ejus
2845 4867 3070 4904 uxorem
3099 4853 3415 4906 cxhonorat.
3452 4849 3512 4904 Et
3538 4839 3709 4901 frustra

2176 4939 2603 4980 ntulricfnmilinc
2647 4949 2801 4980 nunnl
2853 4951 2903 4980 nt
2938 4940 3125 4980 retr-inut
3160 4943 3457 4980 nsnanilinnl
3522 4935 3603 4980 nni
3629 4931 3709 4980 ΙΙΙῘο
