4020 5392
240 276 348 351 ‘i'lt

1205 275 1562 352 sintsient.
1605 274 1692 350 ετ
1735 274 2131 352 amicam
2171 276 2577 351 nomnen.

3408 294 3520 355 τη

244 418 314 462 cs
347 404 528 460 divina
557 402 751 475 pictatc
777 403 919 472 quod
948 402 1019 458 ab
1045 403 1129 459 his
1152 405 1406 461 innoxius
1429 410 1522 459 aut
1551 412 1831 460 correctus
1860 413 1901 472 Λ
1936 405 2126 460 tendit.
2164 406 2317 473 Quod
2364 382 2673 476 quicunque
2720 406 3046 469 citltonOrat.
3108 408 3308 464 frustra
3356 427 3415 466 so
3462 413 3517 468 itt

250 496 550 553 invenieris
565 536 580 561 ,
604 505 697 550 aut
715 505 862 550 certe
880 496 1188 551 admonitus
1208 498 1320 553 cito
1340 498 1654 568 corrigeris.
1681 496 1834 563 Quod

250 592 383 644 dum
409 587 577 642 fuerit
601 585 851 642 elfeetnm
871 627 886 652 ,
924 603 1027 659 pax
1053 598 1237 644 nostra
1263 591 1375 661 jam
1398 590 1463 644 ad
1494 606 1591 644 nos
1620 606 1725 644 non
1754 606 1837 643 re-

251 687 535 741 vertetur,
569 677 665 733 sed
690 692 855 747 super
888 688 939 732 te
971 679 1271 749 requiescet
1298 721 1313 745 ,
1356 695 1455 735 ceu
1497 695 1660 749 super
1689 679 1837 749 pacis

254 768 426 825 tilium
455 787 471 825 :
502 779 559 825 et
596 769 844 841 regnabit
881 770 1022 824 inter
1053 786 1152 827 nos
1186 787 1444 842 germana
1476 773 1745 834 cltaritas,
1774 773 1839 825 de

253 864 422 918 corde
469 876 608 933 puro
660 870 716 916 et
760 862 1096 917 conscientia
1145 864 1316 925 bona.
1350 872 1408 918 et
1441 863 1545 917 title
1577 878 1683 917 uott
1713 864 1838 917 ﬁcta

252 952 307 1024 (I
350 951 491 1007 Tim.
521 954 594 1025 t);
638 967 738 1008 nec
780 968 1004 1009 necesse
1049 954 1275 1009 habebis
1308 955 1464 1010 nobis
1504 954 1837 1025 supplicare,

254 1044 351 1098 sed
371 1042 588 1114 jubere.
620 1043 798 1113 Super
824 1044 969 1109 bzce,
1007 1054 1150 1100 stcut
1179 1044 1390 1114 empisti
1409 1085 1423 1109 ,
1452 1044 1753 1108 collahora,
1785 1051 1843 1098 ut

254 1136 367 1189 duo
394 1136 628 1190 maxima
661 1149 823 1206 regna
850 1144 1249 1191 conuertantur
1276 1150 1408 1204 pace
1437 1144 1645 1205 optata.
1671 1136 1842 1189 Uran-

256 1235 369 1280 teut
386 1243 485 1296 pro
506 1227 662 1282 nobis
683 1234 831 1281 tuam
851 1224 1217 1282 honorabilem
1234 1223 1631 1279 fraternitatem
1656 1234 1843 1278 sancta

256 1316 504 1375 Trinitas
540 1319 594 1374 in
626 1327 944 1388 perpetuum
988 1325 1292 1373 conservet.
1335 1317 1470 1370 Data
1524 1330 1709 1370 mense
1754 1312 1853 1370 la:

258 1412 458 1466 nuario
487 1410 601 1485 (an.
638 1409 798 1481 ιυεηι)
818 1449 834 1475 ,
866 1408 1160 1464 indictione
1181 1423 1277 1462 νη.

977 1499 1105 1554 CIII.

258 1587 321 1643 S.
350 1589 539 1645 Leonis
560 1588 781 1660 epistola
804 1588 874 1642 ad
894 1585 1757 1660 Constantinumdictitatum/tum.
1780 1613 1851 1624 —-

330 1661 543 1714 laudat
585 1655 705 1714 eum
742 1660 895 1730 quod,
908 1675 1090 1729 pacem
1118 1660 1265 1730 inter:
1294 1656 1516 1712 Latinos
1551 1669 1601 1730 et
1636 1655 1849 1730 Gnaeos

332 1729 621 1784 conciliare
651 1725 817 1784 curet.
855 1725 1114 1783 Hortatur
1136 1738 1192 1782 ut
1223 1726 1521 1783 Romanam
1554 1725 1847 1780 Ecclesium

331 1801 600 1869 defendat.
628 1798 704 1853 De
727 1801 1033 1869 arrogantia
1063 1796 1340 1853 Michaelis
1363 1794 1848 1869 Constantinopoli-

326 1866 445 1925 toni
468 1871 834 1941 conqueritur,
854 1866 1161 1940 legatosque
1189 1866 1539 1922 commendat.
1592 1886 1595 1889 ·

865 1960 1043 2031 (Anno
1073 1958 1257 2028 1054.)

762 2049 981 2124 [διατιθῇ
1023 2048 1140 2103 XIX
1158 2090 1173 2113 ,
1201 2049 1325 2104 667.

331 2134 446 2199 Leo
470 2143 794 2214 episcopus,
831 2156 1021 2196 servus
1058 2154 1338 2195 servorum
1372 2139 1498 2206 Dei,
1531 2136 1767 2211 glorioso
1797 2142 1853 2192 et

263 2234 519 2304 religioso
552 2233 867 2303 imperatori
905 2246 1058 2286 nova:
1093 2231 1279 2286 Romae
1317 2230 1696 2286 CONSTANTINO
1741 2226 1854 2283 Μο-

261 2338 546 2391 mssito,
577 2323 777 2378 dilecto
805 2321 947 2385 lilio,
979 2322 1233 2375 salutem.

334 2418 585 2486 Quantas
606 2417 812 2488 gratias
829 2406 1034 2470 referre
1050 2415 1254 2486 jugiier
1273 2414 1570 2470 debeamus
1599 2413 1853 2469 creatrici

260 2517 321 2564 et
345 2506 715 2580 gubernatrici
749 2506 991 2561 omnium
1012 2501 1230 2560 sancta:
1259 2514 1315 2559 et
1344 2504 1636 2559 individua:
1666 2501 1854 2557 Trini-

268 2600 402 2665 lati,
454 2613 620 2669 super
665 2597 1017 2652 inenarrabili
1058 2596 1201 2652 dono
1242 2596 1392 2667 ejus,
1447 2610 1555 2665 quo
1599 2604 1857 2665 operatur

264 2694 453 2751 omnia
489 2693 543 2747 in
577 2691 831 2747 omnibus
865 2689 915 2762 (l
944 2689 1068 2745 Cor.
1099 2690 1230 2762 xu),
1258 2689 1425 2743 etiam
1453 2703 1522 2743 ex
1566 2696 1658 2742 tua
1688 2685 1855 2743 devs-

270 2787 420 2841 tione
447 2796 504 2839 et
536 2782 789 2854 religiosa
834 2781 1133 2847 industria,
1170 2781 1564 2854 gloriosissime
1592 2778 1666 2834 illi
1691 2787 1858 2850 atque

268 2878 621 2934 serenissime
670 2877 994 2947 imperator,
1038 2874 1373 2945 perpendere
1417 2887 1736 2944 possumus:
1764 2870 1856 2942 qui

270 2979 325 3027 te
354 2970 517 3025 talem
550 2968 754 3024 nostris
780 2966 1026 3022 exhibuit
1052 2974 1106 3021 et
1126 2966 1363 3038 gratuita
1392 2965 1597 3035 pietate
1623 2963 1861 3035 providit

270 3062 494 3125 diebus,
525 3057 680 3129 cujus
718 3059 821 3115 lida
859 3072 963 3129 ope
1004 3064 1204 3114 statum
1242 3066 1444 3112 sancta:
1481 3065 1537 3112 et
1574 3054 1857 3111 catholica:

270 3146 530 3208 Ecclesia
569 3151 833 3218 relevari,
880 3159 937 3206 et
983 3149 1183 3205 terreni
1215 3148 1425 3218 imperii
1473 3146 1859 3217 rempublicam

272 3242 553 3299 meliorari
586 3242 947 3318 confidamus.
973 3240 1053 3295 ’l‘u
1081 3240 1227 3295 enim
1259 3248 1382 3311 post
1416 3238 1645 3293 nimium
1674 3238 1862 3309 longas

274 3343 332 3388 et
360 3333 697 3403 perniciosas
722 3332 1055 3397 discordias,
1080 3333 1286 3403 primus
1308 3331 1461 3402 pacis
1479 3328 1863 3392 etconcordite

276 3424 545 3490 monitor,
586 3424 819 3492 portitor
846 3430 901 3478 et
928 3431 1217 3493 exoptatus
1247 3429 1475 3478 exactor
1506 3420 1777 3484 eftlceris,
1807 3425 1864 3473 et

274 3529 403 3570 cum
431 3514 552 3586 ipso
574 3528 702 3569 vase
731 3512 1016 3569 electionis
1045 3513 1348 3568 humillimo
1377 3511 1543 3568 Paulo
1573 3511 1753 3567 dicere
1787 3509 1866 3562 vi-

282 3606 465 3660 deris:
495 3601 603 3657 Pro
630 3603 840 3658 Christo
868 3603 1128 3675 legatione
1154 3602 1425 3673 fungentes
1446 3640 1461 3667 ,
1482 3612 1733 3673 tauquam
1758 3597 1866 3651 Deo

278 3698 592 3751 exhortante
604 3712 695 3765 per
710 3711 825 3760 nos,
841 3697 1174 3750 obsecramus
1190 3736 1205 3760 ,
1231 3693 1641 3749 reconciliamiui
1658 3702 1867 3763 propter

282 3802 400 3840 eam
421 3784 509 3857 (ll
544 3785 669 3839 Cor.
695 3788 749 3857 v)
788 3786 878 3856 qui
900 3796 975 3840 est
1007 3801 1111 3851 pax
1139 3794 1347 3851 nostra,
1380 3785 1467 3855 qui
1494 3783 1621 3853 facit
1650 3791 1870 3852 utraque

284 3892 449 3929 unum
476 3873 693 3945 (Ephes.
722 3878 809 3947 tt).
843 3876 1051 3931 Etenim
1091 3877 1236 3931 velut
1267 3876 1514 3946 religiosa
1550 3884 1605 3929 et
1639 3873 1871 3945 egregia:

284 3966 487 4022 indolis
525 3967 732 4038 proles,
774 3971 1011 4038 gemitus
1041 3969 1231 4025 matris
1276 3977 1379 4024 tua:
1426 3985 1530 4023 non
1579 3966 1870 4022 oblivisce-

276 4057 365 4113 ris
400 4071 419 4113 :
452 4073 555 4113 nec
593 4060 1082 4123 contemnendam,
1124 4061 1249 4130 quia
1294 4058 1506 4125 senuit,
1552 4057 1645 4114 sed
1695 4055 1873 4126 [tutius

285 4149 644 4206 reverendam
678 4150 991 4215 arbitraris,
1021 4159 1183 4220 atque
1213 4151 1387 4221 plenis
1417 4150 1685 4205 charitate
1707 4148 1875 4203 visce-

286 4242 468 4308 ribus,
497 4242 567 4297 ad
596 4257 719 4297 eam
751 4242 931 4297 redire
960 4243 1273 4307 meditaris,
1308 4251 1368 4295 ut
1390 4241 1481 4295 uni
1506 4240 1616 4296 Deo
1645 4248 1699 4296 et
1726 4242 1874 4297 Patri

285 4331 531 4385 omnium
561 4336 711 4385 tanto
739 4330 840 4386 tias
877 4331 1097 4387 charior
1142 4340 1199 4385 et
1243 4329 1624 4401 propinquior,
1674 4339 1877 4400 quanto

1936 495 2105 565 ipsius
2135 495 2393 550 membris
2429 505 2728 563 computat.
2760 496 2891 551 Illud
2918 508 3098 552 autent
3127 500 3256 569 quid
3287 502 3395 567 sit,
3426 511 3518 557 tua

1934 587 2231 659 intperiaiis
2276 588 2494 643 claritas
2531 590 2752 644 omnino
2807 591 2993 645 novit:
3047 590 3173 647 illud
3224 594 3513 658 nimirum,

1937 676 2080 748 quod
2109 677 2309 732 Christi
2340 693 2441 733 vox
2468 677 2705 747 praetulit
2733 687 2788 733 et
2811 681 3164 749 prmeminere
3200 683 3368 737 voluit
3397 685 3524 739 uni-

1937 767 2146 827 versis.
2180 776 2235 821 et
2257 768 2594 839 subsequens
2621 767 2876 825 Ecclesia:
2902 771 3106 840 pietas,
3154 783 3209 828 et
3252 776 3521 847 generalis

1940 866 2252 913 sanctorum
2281 857 2503 912 Patrum
2531 871 2829 914 consensus
2861 858 3066 931 jugiter
3088 862 3349 919 hactenus
3374 866 3523 922 cele-

1941 949 2139 1003 bravit.
2173 947 2339 1020 Cujus
2371 949 2734 1005 venerabilem
2773 950 2965 1006 faciem
3010 961 3064 1007 ιιι
3104 969 3320 1025 quoque
3353 958 3523 1013 hono-

1943 1039 2160 1096 t'ilicare
2187 1040 2459 1111 disponis.
2493 1056 2598 1095 non
2629 1042 2876 1114 ingratus
2918 1042 2989 1097 illi
3014 1059 3133 1113 qua:
3176 1055 3328 1101 tuttttt
3357 1048 3527 1104 verti-

1944 1145 2061 1185 cem
2109 1130 2416 1186 diademate
2467 1132 2668 1187 terreni
2710 1133 3044 1204 principatus
3095 1135 3351 1191 decenter
3391 1137 3523 1193 iusi-

1945 1222 2146 1293 gnitit,
2192 1234 2247 1276 et
2288 1224 2622 1278 tremendum
2653 1237 2706 1278 et
2745 1216 3035 1281 amandum
3077 1228 3286 1298 pupulis
3314 1227 3525 1294 effecit.

1946 1322 2023 1377 et,
2051 1312 2181 1366 utin
2214 1313 2602 1382 sempiternum
2636 1328 2859 1383 regnes,
2898 1316 3193 1371 chrismate
3221 1318 3528 1389 adoptionis

1949 1404 2181 1459 iuunxit.
2213 1403 2415 1474 Nempe
2446 1404 2561 1474 ipsa
2608 1406 2829 1475 antiqua
2860 1414 2915 1459 et
2944 1405 3057 1474 jam
3100 1412 3326 1463 enerita
3359 1409 3532 1464 [tanta

1950 1500 2098 1556 illum
2128 1499 2361 1570 primunt
2387 1498 2777 1553 nobilissimum
2809 1509 2864 1554 et
2892 1501 3358 1569 religiosissimum
3382 1501 3529 1557 Con—

1950 1593 2285 1657 stantinum,
2334 1591 2489 1660 cujus
2536 1591 2848 1663 genealogia
2898 1592 3150 1663 gloriaris
3189 1602 3244 1648 et
3291 1594 3534 1664 potentia

1953 1681 2319 1751 ntagnilicaris
2338 1722 2351 1746 ,
2378 1681 2641 1750 cujusque
2680 1681 2747 1735 de
2775 1684 2991 1738 nomine
3016 1683 3214 1739 dictam
3241 1684 3433 1740 urbem
3456 1682 3535 1738 fa-

1954 1792 2158 1832 mosam
2197 1775 2339 1848 regis
2365 1773 2735 1845 tcmporaliter
2758 1775 2959 1841 edidit,
2999 1776 3247 1845 nutrivit,
3285 1776 3535 1848 provexit

1952 1876 2008 1922 et
2028 1882 2191 1937 super
2220 1880 2412 1920 omnes
2451 1864 2708 1920 mortales
2737 1866 3042 1930 constituit,
3072 1881 3172 1921 nec
3200 1880 3230 1919 a
3255 1865 3535 1921 beneficiis

1951 1959 2185 2014 cessavit
2216 1957 2388 2014 donec
2427 1957 2677 2011 eumdem
2721 1957 2927 2033 aeterni
2959 1956 3108 2027 regni
3146 1957 3316 2029 gloria
3348 1973 3535 2014 cunm-

1955 2049 2103 2104 Iavit.
2140 2047 2292 2104 Unde
2328 2047 2643 2103 multimoda
2674 2047 2970 2119 gratiarum
3002 2047 3216 2102 actione
3256 2057 3401 2103 tuam
3434 2062 3534 2103 ex-

1954 2140 2295 2206 cellentiam,
2329 2139 2718 2212 gloriosissime
2750 2138 2858 2205 liii,
2915 2139 3331 2210 ntagniticando,
3381 2126 3535 2195 tanto

1956 2232 2146 2302 majori
2176 2248 2337 2303 super
2368 2241 2458 2287 tua
2481 2232 2766 2287 devotione
2791 2240 2848 2285 et
2879 2229 3243 2302 rec0gnitiotte
3266 2228 3538 2301 replemur

1955 2323 2152 2396 gaudio
2169 2360 2185 2389 ,
2207 2334 2410 2393 quanto
2436 2321 2708 2392 copiosior
2735 2321 3040 2376 animarum
3069 2337 3326 2378 numerus
3353 2338 3419 2377 ex
3446 2329 3539 2377 tuo

1957 2417 2219 2489 regimine
2246 2417 2444 2488 pendet
2475 2425 2675 2487 tuoque
2712 2414 2960 2470 innititur
3003 2404 3269 2485 exeniplo.
3319 2413 3385 2470 Et
3417 2414 3538 2470 ideo

1958 2525 2064 2565 non
2117 2523 2396 2564 cessamus
2441 2521 2600 2579 orare
2655 2519 2999 2560 communem
3060 2505 3383 2570 Dominum,
3442 2520 3540 2577 per

1957 2615 2118 2671 quem
2162 2615 2315 2670 reges
2372 2608 2601 2669 regnant
2635 2606 2692 2653 et
2736 2600 3009 2669 principes
3045 2597 3192 2668 iusta
3241 2598 3541 2652 decernunt

1960 2690 2143 2765 (Prov.
2170 2692 2311 2759 vnt).
2329 2699 2389 2743 ttt
2411 2689 2462 2743 in
2488 2703 2586 2743 suo
2608 2688 2943 2759 beneplacito
2965 2688 3016 2743 te
3036 2694 3320 2743 conservet
3342 2686 3539 2757 longa:-

1960 2802 2083 2842 vum
2102 2828 2116 2850 ,
2148 2795 2202 2840 et
2229 2785 2497 2861 compleat
2527 2784 2581 2840 in
2619 2786 2775 2840 bonis
2804 2785 3129 2840 desiderium
3172 2794 3342 2840 tuum.
3372 2783 3541 2839 Porro

1960 2890 2061 2947 ego
2090 2876 2203 2946 ipse
2231 2874 2624 2945 qualiscunque
2647 2875 2958 2945 apostolica:
2985 2874 3217 2930 vicarius
3239 2873 3415 2939 sedis,
3444 2868 3541 2943 pro

1962 2968 2176 3022 modulo
2201 2965 2522 3021 humilitatis
2550 2981 2681 3021 mea!
2711 2974 2766 3020 et
2794 2965 3168 3036 possibilitatis
3190 2965 3438 3034 supplere
3464 2954 3541 3017 la-

1962 3062 2161 3117 borans
2189 3061 2362 3115 vicem
2393 3059 2523 3114 tttilti
2550 3060 2855 3114 commissa:
2881 3057 3326 3136 dispensationis,
3349 3070 3542 3112 Secun-

1964 3157 2091 3211 dum
2121 3146 2445 3224 tieiloquunt
2469 3152 2691 3207 l’aulunt
2718 3172 2730 3206 :
2765 3151 2857 3206 Va:
2881 3152 3009 3205 mihi
3035 3162 3143 3215 est,
3175 3151 3220 3205 si
3250 3166 3353 3205 non
3380 3164 3538 3203 ettan-

1961 3245 2291 3317 gelizavcro:
2337 3245 2617 3299 necessitas
2664 3244 2802 3298 enim
2852 3243 2979 3297 mihi
3016 3241 3265 3296 incumbit
3311 3239 3543 3295 maciam

1967 3333 2017 3404 (ι
2051 3332 2177 3389 Cor.
2210 3333 2322 3403 ιι),
2371 3333 2616 3403 posituro
2656 3333 2921 3387 rationem
2957 3339 3162 3386 azterno
3196 3339 3252 3385 et
3294 3330 3544 3385 districto

1960 3423 2148 3493 jndici,
2185 3435 2405 3496 propter
2437 3424 2597 3479 unius
2621 3423 2859 3494 regimen
2890 3421 3166 3486 Ecclesiae,
3196 3438 3261 3476 ex
3287 3420 3406 3493 [hoc
3446 3432 3546 3485 est,

1968 3514 2057 3587 de]
2085 3516 2326 3570 omnium
2359 3515 2716 3572 ecclesiarum
2747 3513 2960 3568 merito.
2999 3499 3091 3567 Illa
3122 3527 3250 3583 ergo
3284 3510 3547 3566 sollicitu-

1968 3608 2131 3672 dine,
2196 3623 2301 3678 qna
2361 3607 2614 3662 omnibus
2671 3605 2932 3661 Ecciesiis
2999 3606 3171 3662 debeo
3224 3604 3548 3676 invigilare.

1970 3700 2158 3753 videns
2185 3698 2640 3769 indisciplinatam
2673 3706 2727 3751 et
2746 3696 2979 3751 alienam
3003 3706 3219 3768 gentem
3248 3693 3550 3749 incredibili

1969 3800 2025 3845 et
2072 3790 2310 3845 inaudita
2360 3790 2541 3855 rabie,
2591 3799 2646 3843 et
2692 3789 2973 3859 plusquam
3025 3802 3232 3859 pagana
3271 3787 3548 3856 impietate

1972 3884 2232 3937 adversus
2255 3882 2524 3936 Ecclesias
2545 3882 2636 3935 Dei
2662 3880 2941 3950 insurgere
2967 3878 3186 3949 passim,
3209 3877 3551 3935 Christianus

1976 3973 2283 4037 trucidare,
2330 3980 2387 4025 et
2429 3969 2718 4026 nonnullos
2758 3969 2910 4023 novis
2938 3967 3399 4039 horribilihusque
3443 3979 3551 4037 tor-

1974 4064 2171 4123 mentis
2198 4076 2371 4131 usque
2410 4062 2479 4116 ad
2515 4060 2872 4117 defectionem
2923 4060 3115 4114 animae
3145 4058 3416 4129 afﬂigere,
3454 4072 3554 4112 nee

1978 4151 2203 4218 infanti,
2234 4165 2299 4204 au
2327 4149 2475 4214 seni,
2520 4164 2613 4204 seu
2646 4147 2891 4202 femineae
2920 4145 3199 4218 fragilitati
3245 4147 3426 4217 aliquo
3455 4147 3554 4203 hu-

1978 4242 2254 4298 manitatis
2301 4250 2552 4311 respectu
2592 4254 2846 4308 parcere,
2895 4254 2995 4295 nec
3026 4241 3166 4294 inter
3207 4248 3456 4295 sanctum
3499 4244 3556 4293 et

1978 4332 2263 4404 profanum
2314 4332 2550 4401 aliquam
2596 4332 2908 4385 distantiam
2964 4329 3191 4393 habere,
3242 4338 3558 4385 sanctorum

288 4418 466 4475 eidem
514 4418 801 4489 principali
852 4420 1010 4475 matri
1052 4421 1338 4491 benignior
1380 4428 1544 4490 atque
1595 4420 1870 4475 humilior.
1906 4423 2231 4489 Dbasilicas
2273 4422 2541 4493 spoliare,
2597 4422 2907 4487 incendere,
2937 4431 2991 4476 et
3044 4421 3110 4476 ad
3165 4420 3336 4476 solum
3385 4433 3558 4490 usque

290 4506 478 4579 Neque
505 4508 650 4564 enim
681 4516 829 4564 tuam
859 4509 1199 4581 prudentiam
1236 4509 1396 4573 latet,
1423 4510 1565 4579 quod
1594 4510 1647 4564 in
1689 4510 1875 4567 Eccle-

291 4598 512 4653 siastico
561 4598 801 4653 habent:
844 4598 1146 4654 Benedictio
1181 4601 1351 4668 patris
1387 4600 1566 4669 ﬁrmat
1595 4601 1776 4657 domos
1813 4604 1879 4672 [3-

292 4687 522 4754 Iiorutn;
547 4688 852 4744 maledictio
874 4700 1047 4744 autem
1071 4691 1255 4745 matris
1274 4690 1508 4744 eradicet
1532 4692 1879 4761 fundamenta

294 4778 522 4853 (Eccles.
553 4781 659 4852 nt).
690 4781 754 4836 Et
781 4780 908 4835 illud
934 4799 949 4835 :
991 4780 1073 4835 Ne
1094 4781 1331 4835 dimittas
1352 4780 1515 4852 legent
1538 4783 1719 4837 matris
1749 4794 1878 4848 tum,

296 4875 542 4947 ligneam
584 4876 639 4931 in
681 4876 838 4931 corde
866 4886 961 4930 tuo
977 4875 1180 4947 jugiter
1204 4873 1390 4948 (Prov.
1430 4875 1490 4947 t).
1524 4876 1656 4943 Qua:
1692 4878 1881 4947 utique

292 4966 586 5036 proverbia
618 4966 792 5038 ntagis
816 4974 1012 5022 curant
1051 4966 1205 5022 nobis
1235 4967 1623 5021 commendare
1651 4975 1879 5022 matrem

298 5072 420 5126 qua:
446 5058 513 5113 ad
539 5068 799 5113 aeternam
831 5057 997 5112 vitam
1023 5073 1118 5113 nos
1146 5064 1367 5130 generat
1394 5065 1451 5113 et
1476 5057 1686 5122 erudit,
1715 5072 1879 5129 quam

299 5149 444 5206 illaut
472 5166 595 5222 qua:
634 5155 702 5207 ad
745 5160 975 5207 mortem
1009 5154 1179 5222 parit,
1211 5160 1270 5206 et
1308 5153 1603 5208 carnaliter
1631 5151 1803 5223 diligit
1828 5159 1884 5217 ct

302 5242 538 5297 instruit.
564 5241 660 5298 Cui
689 5242 793 5298 nisi
820 5241 907 5297 illa
936 5242 1294 5302 successerit,
1322 5249 1381 5293 ttt
1404 5250 1686 5320 regeneret
1713 5251 1768 5296 et
1804 5255 1884 5296 re-

301 5329 509 5392 foveat.
539 5332 637 5388 ista
668 5330 861 5392 procul
885 5329 1044 5387 dubio
1076 5330 1331 5390 secunda:
1372 5334 1533 5389 morti
1573 5332 1712 5387 filios
1757 5346 1884 5388 suos

1981 4516 2224 4581 diruere;
2274 4515 2577 4585 saepissime
2632 4517 3045 4584 perversitatem
3095 4512 3214 4584 ejus
3270 4513 3557 4581 redargui.

1980 4607 2296 4670 obsecravi.
2369 4606 2690 4677 prmdicavi,
2773 4616 3073 4675 opportune
3144 4605 3560 4674 importuneque

1982 4694 2187 4761 institi,
2221 4704 2485 4750 terrorem
2508 4695 2703 4751 divina:
2726 4703 2781 4750 et
2805 4696 3051 4750 humana:
3080 4692 3329 4748 vindicta:
3358 4690 3562 4747 denun-

1984 4788 2132 4843 tiavi.
2176 4785 2285 4842 Sed
2323 4786 2450 4856 quia
2482 4785 2714 4857 Sapiens
2745 4787 2861 4839 ait:
2904 4785 3073 4840 Nemo
3104 4791 3269 4853 potest
3301 4782 3562 4849 corrigere

1981 4895 2132 4949 queat
2192 4877 2334 4933 Deus
2394 4878 2714 4948 despexerit,
2773 4885 2821 4930 et
2882 4877 3075 4931 stultus
3133 4890 3238 4926 non
3281 4873 3566 4942 corrigitur

1985 4967 2213 5040 (Eccles.
2239 4965 2335 5035 vn)
2361 4983 2373 5020 :
2397 4967 2534 5022 adeo
2557 4969 2822 5021 ohdurata
2845 4972 2900 5019 el
2919 4965 3191 5021 obsﬁnata
3213 4959 3330 5028 ejus
3356 4958 3567 5018 malitia

1985 5058 2317 5131 permansit,
2370 5066 2430 5111 ut
2457 5058 2525 5113 de
2564 5058 2652 5114 die
2680 5058 2732 5112 in
2783 5055 2930 5112 diem
2973 5055 3197 5111 adderet
3238 5050 3421 5123 pejora
3448 5066 3571 5122 pes-

1984 5151 2162 5206 simis.
2196 5147 2348 5204 Unde
2380 5162 2485 5202 nou
2516 5157 2722 5202 tantum
2765 5145 3209 5208 exteriorahona
3247 5155 3347 5212 pro
3375 5142 3572 5198 libera-

1987 5241 2131 5297 tione
2155 5238 2337 5294 ovium
2363 5236 2564 5293 Christi
2607 5238 2834 5309 cupiens
2862 5234 3207 5307 impendere,
3248 5230 3345 5286 sed
3380 5245 3571 5301 super~

1986 5325 2223 5392 impendi
2267 5326 2383 5392 ipse
2438 5336 2759 5392 peroplans,
2797 5323 2973 5379 visum
3011 5330 3096 5389 est
3128 5317 3262 5375 mihi
3304 5320 3376 5387 ad
3423 5315 3573 5374 testi-
3662 5310 3671 5359 ἐ
