4020 5392
566 344 666 403 τις»

1854 339 1908 393 S.
1950 336 2198 394 “30le
2242 337 2307 392 lx
2345 337 2543 396 ΡᾹΡΛΕ
2597 361 2605 365 ·
2662 360 2665 363 ί

3697 343 3790 400 τινα

567 464 766 517 nisti-os
806 456 897 512 Dei
949 468 1108 517 esse,
1135 450 1373 507 vindices
1404 451 1459 505 in
1507 451 1645 505 iram
1694 450 1840 505 etnni
1881 450 2123 520 aperanti
2158 451 2203 510 Α
2236 460 2314 502 rer
2364 447 2557 518 adjuva
2605 462 2959 518 recuperare,
3000 448 3230 515 retinete
3285 457 3337 505 et
3382 449 3682 508 defctnlere.
3722 454 3788 509 lla

565 553 793 615 malum;
815 557 869 603 et
890 546 1011 618 quia
1036 543 1302 616 principes
1326 558 1428 597 non
1446 551 1570 607 sunt
1594 541 1769 596 timori
1793 539 1913 605 Ιιοιιί
1934 539 2130 609 operis,

564 645 658 699 sed
706 640 833 695 mai'.
862 636 1033 711 (Rom.
1067 635 1187 703 xm)
1213 651 1234 690 :
1262 641 1314 687 et
1346 647 1500 703 reges
1529 640 1691 702 atque
1728 630 1893 685 duces
1939 629 2133 683 missos

564 755 593 788 ει
626 735 732 788 Deo
757 731 823 786 ad
850 712 1142 785 vindictam
1172 722 1599 778 ma'et‘actorum.
2120 788 2123 789 ν

634 822 893 880 Suil'ultus
920 832 1048 889 ergo
1074 814 1329 871 comitatu
1348 854 1363 879 ,
1387 810 1596 881 qualem
1623 807 1880 879 temporis
1898 806 2131 861 brevitas

563 911 932 970 etimntinens
972 906 1265 962 necessitas
1310 901 1585 972 permisit,
1634 898 1849 968 gloriosi
1889 897 2041 951 ducis
2077 906 2133 949 ct

564 1006 808 1080 magistri
837 1001 1066 1075 Argyroi
1097 996 1394 1057 ﬁdelissimi
1438 993 1514 1050 tui
1561 992 1891 1080 colloquium
1918 1001 1967 1044 et
1999 1005 2131 1045 con-

563 1079 740 1152 silium
810 1089 1165 1163 expetendum
1237 1085 1453 1167 censui,
1516 1099 1621 1138 non
1685 1091 1743 1136 ut
1813 1079 2127 1148 cujusquam

563 1188 1055 1245 Nortmannorum,
1124 1193 1217 1233 seu
1284 1175 1585 1245 aliquorum
1658 1171 1934 1227 hominum
1988 1170 2128 1223 intc-

566 1282 725 1334 ritum
780 1282 1054 1345 optarem,
1126 1277 1220 1323 aut
1277 1275 1502 1321 mortem
1563 1272 1879 1325 tractarem,
1927 1259 2020 1314 sed
2070 1267 2129 1312 nt

562 1371 754 1424 saltem
798 1350 1032 1421 humano
1074 1360 1279 1416 terrore
1329 1357 1740 1427 rcsipisCerent,
1792 1352 1883 1421 qui
1945 1349 2126 1406 divina

559 1456 759 1532 judicia
821 1455 1040 1510 minime
1093 1449 1404 1506 formidant.
1464 1447 1670 1501 interea
1727 1443 1885 1498 nobis
1938 1455 2126 1498 eorum

560 1547 911 1621 pertinaciam
975 1541 1196 1599 salutari
1265 1536 1633 1592 admonitione
1696 1533 1946 1603 frangere
2012 1540 2129 1585 teu-

563 1618 826 1699 tantibus,
877 1643 930 1689 et
977 1633 1079 1688 illis
1118 1647 1184 1687 ex
1227 1628 1454 1683 adverso
1484 1638 1697 1681 onmem
1738 1622 2126 1702 subjectionem

559 1735 680 1787 licte
710 1726 1109 1801 pollicentibus,
1141 1721 1418 1791 repentino
1447 1718 1645 1788 impetu
1682 1715 1992 1801 comitatum
2035 1730 2127 1767 no-

2235 539 2377 592 enim
2402 538 2539 608 apud
2564 537 2727 593 Deum
2746 536 3086 607 singulariter
3110 554 3371 610 pugnans,
3397 543 3792 613 cognominat»-

2235 630 2309 682 ris
2346 626 2495 697 quod
2546 628 2858 696 jamdudum
2906 628 3045 685 inter
3094 629 3339 684 homines
3387 633 3790 701 cognominaris.

2232 717 2345 771 lloe
2373 731 2500 772 sane
2530 716 2945 793 gloriosissimus
2990 717 3132 774 tilius
3178 728 3361 775 uoster
3400 720 3793 793 Henricuspera-

2236 808 2393 862 licere
2421 807 2638 862 molitur
2669 808 2720 861 in
2763 809 2876 863 suis
2904 809 3162 879 partibus.
3195 808 3325 875 Qua:
3366 811 3549 866 omnia
3580 812 3725 869 nobis
3746 824 3794 871 et

2232 898 2385 953 vobis
2428 898 2741 968 provenient
2775 892 2982 965 felicius
3018 909 3073 953 et
3101 900 3467 971 multiplicius,
3513 902 3602 965 ubi
3640 919 3789 974 quan—

2233 988 2428 1057 to:~ius,
2460 989 2553 1043 Dei
2588 988 2759 1059 gratia
2799 989 3175 1061 praeveniente,
3219 999 3274 1047 et
3312 991 3638 1048 beatissimis
3684 1006 3795 1062 apo-

2231 1077 2489 1135 stolorum
2513 1078 2840 1149 principibus
2856 1078 3356 1153 intervenientibus,
3370 1089 3424 1136 et
3442 1097 3530 1137 nte
3544 1082 3793 1153 qualicun-

2212 1183 2335 1239 ,ηιιο
2357 1169 2556 1224 vicario
2571 1184 2754 1226 eorum
2780 1171 3049 1227 mediante
3060 1180 3114 1226 et
3134 1171 3430 1239 obtinente,
3449 1164 3795 1241 ﬁrmissimum

2228 1261 2377 1330 pacis
2406 1270 2457 1317 et
2485 1260 2733 1317 amicitia:
2756 1261 2894 1319 inter
2921 1277 3015 1319 vos
3036 1263 3225 1319 ambos
3245 1275 3600 1335 componetur
3617 1264 3791 1320 finitus.

2298 1340 2563 1407 Praeterea
2609 1352 2880 1409 contrater
2907 1364 3092 1409 noster
3117 1354 3555 1426 arehkjiiscopus
3593 1355 3794 1414 Michad

2228 1441 2627 1498 exhortatorias
2680 1443 2747 1496 ad
2804 1444 3143 1501 concordiam
3202 1452 3257 1497 et
3304 1446 3568 1501 unitatem
3622 1435 3795 1501 direxit

2229 1531 2383 1587 nobis
2416 1531 2623 1587 litteras
2651 1549 2664 1585 :
2694 1547 2850 1602 quem
2879 1533 2946 1587 ad
2974 1544 3089 1597 tam,
3109 1534 3342 1604 optabile
3363 1544 3419 1589 et
3456 1536 3791 1591 necessarium

2227 1621 2424 1676 bonum
2470 1631 2886 1693 prmmoncntcm
2914 1631 3060 1687 tanto
3087 1639 3309 1681 necesse
3333 1635 3417 1680 est
3448 1641 3549 1681 nos
3575 1626 3794 1684 devotius

2226 1723 2280 1768 et
2308 1714 2541 1771 alacrius
2568 1715 2862 1784 suscipere,
2888 1717 3487 1787 quanto-perspicacius
3512 1719 3792 1774 outtsidera-

558 1790 727 1878 strnm
750 1801 1153 1892 aggrediuntur;
1182 1790 1274 1869 sed
1302 1812 1476 1866 adhuc
1503 1810 1568 1864 de
1595 1796 1816 1863 victuria
1836 1822 1929 1862 sua
1957 1805 2135 1875 potius
2167 1790 2205 1845 Β
2238 1822 2355 1861 mus
2401 1821 2504 1862 non
2555 1821 2710 1875 posse
2751 1808 3050 1877 computari
3106 1808 3247 1863 inter
3289 1808 3580 1880 disc’pztlos
3620 1809 3793 1865 Christi

556 1912 843 1967 tristantur
864 1923 1022 1981 quam
1051 1906 1314 1961 lmteutur.
1340 1902 1489 1975 Sicut
1519 1896 1661 1954 enim
1686 1907 1773 1952 tua
1798 1897 1971 1968 pictas
1997 1897 2131 1950 scri—

556 2008 686 2061 lere
717 2002 925 2060 curavit
953 2000 1017 2054 ad
1051 2008 1299 2071 nostram
1326 1991 1765 2054 consolationem,
1794 2003 1891 2058 pro
1914 1987 2015 2041 ista
2038 2002 2132 2041 sua

556 2090 971 2167 pra'sumptioue
1022 2085 1276 2155 majorem
1322 2083 1374 2135 in
1403 2079 1647 2151 proximo
1680 2084 1989 2146 exspectant
2030 2073 2134 2131 sibi
2179 2156 2182 2163 ν

557 2165 999 2256 superventuram
1042 2173 1483 2243 indignationem,
1510 2178 1631 2239 post
1677 2165 2007 2256 illam-quam
2041 2177 2136 2216 ex-

557 2253 693 2344 perti
735 2270 878 2333 s'unt,
910 2281 1021 2322 sure
1050 2274 1279 2320 caterva:
1319 2258 1747 2315 diminutionem.
1788 2253 1895 2310 Nos
1925 2268 2135 2324 quoque

556 2364 795 2418 divinum
834 2355 1155 2427 adjutorium
1187 2350 1341 2406 nobis
1369 2345 1576 2411 adfore,
1616 2355 1671 2401 et
1703 2346 1992 2399 humanum
2030 2358 2133 2395 non

555 2454 742 2511 defore
764 2450 1065 2511 credentes,
1094 2444 1160 2498 ab
1189 2444 1290 2497 hac
1310 2449 1493 2496 nostra
1526 2436 1821 2493 intentione
1847 2428 2136 2489 liberandaI

554 2537 978 2597 tlhristianitatis
999 2548 1105 2591 non
1137 2530 1469 2594 deficiemus,
1493 2542 1593 2583 nec
1622 2524 1868 2580 dabimus
1895 2522 2133 2592 requiem

555 2629 886 2700 temporibus
915 2624 1132 2688 nostris,
1160 2622 1263 2678 nisi
1306 2635 1425 2676 cum
1452 2618 1638 2690 requie
1660 2623 1861 2671 sancta:
1885 2614 2137 2670 Ecclesiae

553 2717 925 2792 periclitantis.
967 2713 1045 2769 Ad
1079 2726 1237 2784 quam
1278 2706 1657 2781 acquirendam
1706 2714 1759 2760 et
1796 2700 2134 2760 obtinendam

554 2812 817 2868 habemus
858 2808 1150 2863 maximum
1202 2820 1267 2859 ex
1313 2801 1490 2855 divina
1539 2798 1737 2869 pietate
1788 2794 2037 2850 solatium
2085 2800 2138 2846 et

549 2900 881 2972 prccsidium,
929 2893 1303 2951 charissimum
1354 2898 1515 2958 atque
1556 2884 1913 2941 clarissimum
1971 2882 2135 2937 tilium

548 2998 797 3050 'nostrum
819 2990 1196 3060 imperatorem
1219 2982 1530 3045 llcuricum,
1553 2975 1705 3047 cujus
1726 2973 1792 3030 de
1816 2975 1902 3030 die
1923 2975 1974 3029 iu
1998 2974 2136 3028 diem

550 3092 926 3157 exspectamus
949 3078 1271 3152 promissum
1308 3083 1363 3129 et
1390 3071 1689 3142 proximum
1717 3067 2025 3127 adventum,
2050 3073 2130 3118 ut-

550 3156 675 3247 pote
718 3189 840 3228 eum
879 3170 1159 3243 procinctu
1186 3158 1607 3235 et‘cxpeditione
1650 3156 1912 3230 imperiali
1941 3169 2135 3227 prope-

552 3268 724 3322 rantis
742 3265 808 3319 ad
829 3269 1071 3317 nostrum
1101 3255 1419 3312 subsidium.
1448 3251 1526 3305 Ad
1548 3249 1692 3321 quod
1720 3248 1885 3304 etiam
1907 3259 2136 3316 superna

552 3355 725 3420 gratia
756 3361 901 3407 tuam
923 3349 1265 3405 serenitatem
1292 3343 1573 3405 animavit,
1597 3350 1656 3395 ut
1682 3341 1808 3395 hinc
1840 3340 1962 3395 inde
1987 3337 2138 3397 vobis

553 3445 786 3508 duobus,
818 3441 963 3498 velut
988 3440 1206 3496 totidem
1238 3434 1497 3500 brachiis,
1527 3433 1798 3488 inimicam
1826 3438 2037 3503 gentem
2070 3431 2137 3487 ab

551 3534 806 3593 Ecclesia:
825 3532 1025 3589 Christi
1047 3527 1467 3601 prepellentibus
1484 3530 1537 3579 et
1557 3522 1740 3593 procul
1762 3520 2134 3590 etfugantibus,

551 3626 762 3682 afﬂicta:
800 3639 941 3678 nunc
981 3617 1403 3677 Christianitatis
1441 3614 1703 3669 relevetur
1739 3612 1902 3667 decus
1944 3618 1998 3666 et
2028 3611 2130 3665 rei-

553 3715 780 3787 publiea:
801 3712 1126 3768 reformetur
1153 3716 1343 3763 status.
1376 3707 1439 3760 Et
1458 3704 1584 3774 quia
1610 3701 1915 3759 abundante
1941 3701 2137 3771 iniqui-

550 3812 662 3861 tate
687 3814 740 3859 et
768 3801 1151 3872 reirigcsecnte
1170 3795 1458 3857 charitate,
1478 3801 1664 3849 sancta
1690 3790 1928 3846 Romana
1946 3788 2137 3845 Eccle-

553 3897 634 3951 sia
691 3903 741 3949 et
799 3890 1092 3961 apostolica
1140 3888 1296 3942 sedes
1343 3886 1569 3940 nimium
1623 3883 1711 3938 diu
1764 3882 1983 3936 obsessa
2036 3879 2139 3933 fuit

551 3982 906 4041 mercenariis
947 3991 1002 4035 et
1042 3994 1147 4033 non
1195 3975 1521 4047 pastoribus,
1550 3990 1594 4028 ‘a
1641 3973 1835 4043 quibus
1869 3986 1986 4036 sua,
2029 3985 2133 4026 non

551 4091 673 4148 qua:
694 4083 814 4131 sunt
840 4072 966 4129 Jesu
982 4069 1206 4136 Christi,
1219 4067 1606 4139 quatrentibus,
1628 4065 1905 4120 devastata
1919 4062 2136 4132 iacebat

554 4164 937 4222 miserabiliter
989 4163 1292 4217 hactenus:
1340 4157 1581 4212 divinum
1632 4153 1916 4210 consilium
1969 4152 2136 4208 voluit

553 4270 731 4312 meam
752 4252 1106 4310 humilitatem
1130 4249 1404 4318 suscipere
1424 4255 1587 4301 tanta:
1613 4244 1882 4300 cathedrae
1903 4242 2130 4312 pondus.

553 4345 672 4413 Quo
702 4345 827 4399 licet
855 4342 1143 4414 plurimum
1191 4339 1293 4394 mei
1326 4335 1619 4392 imbecilles
1656 4340 2058 4405 praegraventur
2081 4342 2134 4385 et

2233 1897 2487 1965 afiquem,
2530 1896 2619 1966 qui
2668 1894 2920 1952 fraterrae
2956 1896 3074 1967 paci
3108 1896 3429 1971 dedignatur
3455 1898 3790 1970 acquiescere,

2236 1986 2460 2040 Domino
2488 1986 2599 2041 suis
2627 1983 2870 2042 dicente:
2903 1985 2970 2041 In
3006 1987 3102 2045 hoc
3139 1999 3449 2059 cognoscent
3476 2005 3663 2054 omnes,
3690 1991 3792 2060 quia

2234 2079 2333 2132 mei
2371 2078 2490 2132 estis
2535 2078 2801 2147 discipuli,
2833 2078 2880 2133 ci
2907 2078 3232 2143 dilectionem
3262 2080 3554 2151 habueritis
3587 2082 3653 2135 ad
3682 2082 3795 2134 iuri-

2235 2184 2343 2222 cem
2392 2167 2574 2238 (Joan.
2601 2167 2755 2238 xm);
2802 2176 2857 2225 et
2901 2185 3095 2242 magno
3137 2169 3301 2226 Paulo
3347 2172 3427 2227 sic
3457 2181 3790 2243 protestante:

2241 2257 2427 2310 Pacem
2479 2257 2752 2326 sequimini
2796 2274 2912 2312 cum
2970 2258 3240 2326 omnibus,
3295 2269 3342 2315 et
3397 2261 3791 2326 sanctimoniam.

2234 2349 2345 2401 sine
2371 2364 2474 2417 qua
2514 2363 2660 2402 nemo
2683 2347 2869 2403 videbit
2916 2347 3080 2403 Deum
3110 2347 3295 2418 (Hebr.
3330 2350 3455 2420 xu).
3486 2350 3589 2407 Sed
3616 2350 3793 2406 noverit

2237 2445 2324 2491 tua
2372 2436 2606 2502 claritas,
2648 2453 2809 2507 super
2846 2437 3350 2508 praisumpttonibus
3403 2439 3526 2509 ejus
3564 2439 3714 2494 multa
3747 2450 3792 2492 et

2238 2528 2584 2584 intolerabilia
2608 2526 2920 2596 jamdudum
2958 2529 3263 2605 pervenisse
3308 2527 3374 2582 ad
3402 2545 3564 2584 aures
3589 2539 3792 2585 nostras.

2236 2618 2467 2687 qualiter
2488 2618 2650 2672 etiam
2678 2627 2869 2689 aperta
2896 2617 3269 2689 persecutione
3293 2616 3343 2672 in
3369 2617 3614 2674 Latinam
3636 2616 3790 2671 Eccle-

2237 2710 2371 2762 siam
2394 2707 2772 2775 exardescens,
2800 2710 3257 2764 anathematizare
3291 2726 3395 2766 non
3424 2709 3601 2764 timuit
3630 2722 3791 2764 omnes

2236 2803 2326 2875 qui
2344 2811 2679 2858 sacramenta
2701 2812 2988 2859 attrectant
3006 2819 3070 2859 ex
3091 2804 3295 2875 azymis
3318 2822 3331 2858 :
3360 2813 3412 2860 et
3430 2806 3572 2875 quod
3593 2804 3792 2860 Alexaa.

2238 2895 2448 2949 driuum
2475 2902 2530 2951 et
2555 2885 2945 2950 Antiochenam
2965 2895 3298 2966 patriarchas
3323 2896 3545 2966 antiqua
3567 2895 3790 2966 dignitate

2238 3001 2333 3041 sua
2360 2986 2577 3056 privare
2606 2985 2958 3047 contendens,
2980 2997 3167 3043 contra
3194 2986 3274 3042 t‘as
3297 2997 3351 3042 et
3365 2985 3459 3057 jus
3479 2986 3576 3043 sibi
3596 2986 3791 3043 subdere

2242 3092 2375 3132 nova
2410 3078 2704 3133 ambitione
2750 3079 2992 3149 appetit:
3037 3082 3091 3134 ct
3117 3078 3372 3150 pleraque
3416 3095 3539 3149 qua:
3568 3088 3791 3147 usurpare

2240 3169 2455 3233 dicitur,
2488 3168 2629 3224 sicut
2655 3184 2685 3223 a
2714 3169 2914 3223 nostris
2945 3168 3145 3224 nuntiis
3187 3169 3476 3239 diligenter
3503 3179 3791 3238 cognouere

2239 3260 2458 3330 poteris.
2501 3259 2556 3313 ln
2597 3259 2788 3328 quibus
2837 3258 2905 3323 si,
2950 3259 3092 3328 quod
3138 3260 3300 3326 absit,
3350 3259 3595 3330 pertinax
3637 3256 3789 3314 fuerit.

2238 3365 2419 3419 pacem
2480 3360 2718 3404 nostram
2770 3348 3072 3404 nullatenus
3127 3350 3360 3418 retinere
3409 3351 3640 3420 poterit;
3687 3348 3788 3417 Quia

2238 3437 2424 3509 procul
2452 3437 2633 3502 dubio,
2663 3438 2730 3491 ad
2766 3455 2858 3494 nos
2898 3447 3199 3505 revrrletur,
3228 3437 3366 3493 sicut
3396 3437 3643 3493 Dominus
3665 3434 3788 3499 dicit,

2237 3530 2282 3581 si
2325 3529 2411 3582 ille
2452 3527 2672 3584 noluerit
2701 3546 2809 3583 esse
2856 3528 2998 3599 ﬁlius
3044 3530 3188 3600 pacis
3242 3528 3392 3600 (Luc.
3446 3528 3522 3598 ιι).
3572 3525 3705 3584 Unde
3744 3538 3789 3580 et

2237 3624 2558 3694 Apostolus:
2592 3621 2653 3678 Si
2685 3624 2821 3692 ﬁeri,
2856 3622 3046 3693 inquit,
3077 3631 3243 3694 potest
3295 3621 3433 3692 quod
3461 3638 3527 3675 ea:
3552 3619 3677 3674 robis
3708 3625 3787 3673 est.

2237 3729 2352 3765 cum
2395 3711 2631 3765 omnibus
2675 3711 2969 3765 hominibus
3002 3728 3182 3780 pacem
3215 3712 3458 3765 [tabentes
3495 3708 3659 3780 (Rom.
3686 3702 3784 3772 xu).

2238 3799 2509 3871 Siquidem
2548 3801 2599 3854 in
2633 3815 2767 3857 vano
2801 3799 3241 3871 patremfamilias
3277 3801 3530 3868 honorat,
3563 3799 3645 3870 qui
3671 3810 3785 3852 uxo-

2238 3908 2348 3947 rem
2386 3893 2502 3963 ejus
2550 3891 2862 3948 cxhouorat.
2893 3892 2960 3946 Et
2988 3892 3182 3948 frustra
3213 3890 3631 3948 matrisl‘amilias
3653 3888 3787 3956 capiti

2236 3993 2290 4038 et
2318 3983 2504 4037 faciem
2552 3984 2879 4053 magniﬁcat,
2922 3984 3012 4052 qui
3042 3982 3123 4036 vel
3169 3982 3420 4037 minimos
3450 3981 3666 4038 ﬁliorum
3692 3976 3786 4046 ejus

2238 4075 2582 4144 impugnans,
2639 4072 2785 4127 velut
2840 4068 3049 4144 digitos
3094 4072 3288 4142 pedum
3350 4072 3464 4144 ejus
3525 4067 3781 4127 concaleat.

2235 4163 2429 4216 Contra
2473 4176 2631 4230 quem
2656 4162 2914 4232 sapientia
2947 4160 3038 4215 Dei
3081 4163 3133 4215 in
3169 4161 3548 4218 Eeelesiastico
3570 4160 3643 4215 sic
3664 4157 3781 4215 iutu-

2237 4261 2325 4305 nat
2354 4269 2366 4304 :
2399 4250 2568 4316 Quam
2612 4253 2764 4306 maliv
2794 4252 2950 4321 (uina:
2999 4252 3190 4323 estqui
3232 4253 3364 4323 fugit
3409 4262 3624 4322 patrem,
3664 4252 3782 4300 etest

2234 4342 2540 4397 maledicta:
2583 4361 2614 4396 a
2657 4342 2764 4396 Deo
2807 4346 2897 4413 qui
2941 4352 3218 4414 erasperal
3257 4352 3474 4397 ntatrem
3503 4337 3776 4408 (Ecdimj.

551 4434 922 4504 άθβνίτηηηίυτ
949 4431 1183 4496 humeri»
1222 4442 1327 4483 ηοη
1356 4440 1549 4496 Parum
1575 4424 1706 4478 mihi
1731 4424 2134 4478 ευδοεῑεθηοίτε
2165 4443 2209 4501 ι)
2236 4432 2567 4488 Contidimus
2610 4442 2788 4488 tamen
2830 4436 2972 4504 quod
3019 4424 3376 4504 praeveniente
3404 4432 3568 4503 gratia
3604 4427 3684 4484 Dei
3717 4424 3781 4477 itt-

553 4519 1149 4593 spei,quandoquidem
1194 4531 1261 4571 ex
1303 4526 1534 4584 utroque
1570 4514 1737 4568 latere
1783 4511 1916 4567 tales
1962 4521 2141 4570 astant

552 4612 648 4668 lilii
679 4610 937 4680 religione
962 4617 1019 4663 et
1056 4607 1298 4678 potentia
1323 4603 1741 4676 praeclarissimi.
1780 4602 2136 4673 Quapropter,

554 4700 898 4757 devotissime
922 4697 998 4755 ﬁli
1022 4707 1076 4753 et
1099 4696 1444 4752 serenissima
1472 4695 1785 4764 imperator,
1807 4694 2137 4750 eollaborare

555 4793 710 4852 nobis
756 4790 979 4861 dignare
1027 4787 1092 4842 ad
1141 4786 1523 4842 relevationem
1563 4794 1666 4839 tua:
1706 4785 1895 4839 matris
1941 4794 2139 4840 sanetae

552 4882 828 4946 Ecclesiae,
872 4889 930 4936 et
976 4876 1263 4948 privilegia.
1303 4875 1577 4947 dignitatis
1614 4884 1776 4944 atque
1826 4875 2139 4930 reverentia:

548 4975 670 5042 eius
696 4987 799 5027 nec
826 4985 930 5025 non
959 4968 1282 5039 patrimonia
1314 4965 1677 5037 recuperanda
1701 4966 1753 5019 iu
1792 4976 1895 5023 tuae
1921 4964 2137 5019 ditionis

553 5060 818 5102 nar-tilum.
842 5058 981 5102 αἰοιιι
1004 5056 1290 5102 nmnii'esm
1315 5067 1641 5102 cognoscere
1667 5054 1865 5102 notari:
1891 5069 1951 5096 ιη
1983 5071 2136 5102 vena.

2240 4523 2484 4577 Vcnietur
2529 4523 2778 4579 innoxius
2824 4524 2892 4578 ab
2944 4525 3048 4588 his,
3105 4533 3198 4578 aut
3249 4532 3540 4587 correctus,
3583 4527 3665 4575 aut
3692 4516 3777 4571 cit"

2240 4612 2515 4681 resipiscet
2537 4613 2870 4677 admenitus;
2903 4623 2958 4668 et
2985 4610 3244 4668 elﬁcictur
3271 4611 3377 4668 u'on
3408 4611 3578 4683 qualis
3599 4605 3772 4663 dicitur.

2239 4703 2331 4755 sed
2368 4701 2542 4772 qualis
2575 4717 2601 4753 a
2635 4702 2790 4757 nobis
2820 4702 2904 4772 pie
2942 4702 3277 4757 desideratur
3305 4711 3359 4758 et
3399 4686 3647 4773 speratur.
3668 4693 3774 4749 Hinc

2232 4788 2343 4857 jam
2387 4800 2489 4842 tua:
2532 4788 2713 4859 glorize‘
2756 4799 3046 4859 prrcscntes
3093 4790 3230 4845 tilios
3273 4792 3485 4846 nostrOs
3518 4793 3773 4849 sanctaque

2241 4877 2494 4932 Romana:
2521 4886 2575 4933 et
2605 4880 2909 4949 apostolica:
2938 4881 3078 4936 sedis
3107 4880 3321 4936 nuntios
3347 4896 3442 4952 per
3471 4878 3633 4936 omnia
3657 4885 3772 4928 com-

2239 4970 2427 5023 menda
2436 4984 2573 5035 mus,
2602 4979 2868 5040 quatenus
2884 4979 2942 5025 ut
2961 4972 3109 5026 decet
3131 4958 3426 5026 liberaliter
3438 4969 3770 5040 suscipiantur.

2242 5069 2553 5102 rrvnrnnlnr
2582 5061 2884 5102 lmhnnmnr
2929 5064 3161 5102 ἲιιηιῖαηρ
3179 5072 3227 5102 Μ
3257 5064 3480 5102 Ιιηηραιρ
3500 5062 3766 5102 tractentur.
