4020 5392
782 297 882 345 ,ηειέςσδ

152 350 261 409 ’ἔδῐ

1112 318 1474 399 tristem;
1512 339 1599 397 ετ
1635 337 2031 397 σιηοκΑτΑ
2067 322 2472 397 ΡοΝτιιτιειΑ.

3329 330 3439 394 ⁸183

154 460 353 517 ttoaiini
386 459 559 519 nostri
603 456 733 517 lebu
759 456 984 523 Christi,
1020 454 1184 511 Pater
1226 453 1742 519 misericordiarum,
1772 458 1819 517 Α
1918 453 2071 523 Apud
2094 468 2195 509 nos
2223 468 2323 510 nec
2352 454 2420 509 ad
2439 446 2861 509 subdiaconatus
2881 453 3110 524 gradum
3140 450 3430 524 quisquam

153 566 200 610 ct
226 554 363 608 Deus
395 552 564 609 totius
587 550 970 609 consolationis
994 548 1047 621 (ι
1075 547 1195 604 Cor.
1221 547 1287 619 ι),
1316 548 1570 619 dignetur
1593 555 1743 603 tuam

154 643 522 701 excellentiam
536 642 861 699 benedicere
883 640 1030 697 omni
1072 640 1452 696 benedictione
1473 638 1742 708 spirituali

157 734 461 804 raphanique
488 733 636 788 omni
668 732 866 802 gaudio
886 741 949 787 et
987 747 1138 801 pace.
1173 739 1232 786 ut
1261 731 1315 786 in
1342 730 1596 800 praesenti
1641 744 1745 785 sre-

156 828 271 893 culo
303 841 401 896 per
444 826 605 896 longa
653 830 897 896 tempora
952 825 1186 882 feliciter
1226 826 1555 891 domineris,
1596 833 1648 880 et
1692 824 1745 879 in

158 919 325 979 futuro
350 918 479 974 sine
511 919 763 973 tinecum
792 917 939 988 Rege
987 926 1173 988 regem
1202 927 1260 973 et
1299 917 1530 972 Domino
1575 916 1750 972 domi-

159 1010 393 1065 nantium
419 1023 593 1080 regno
616 1010 873 1066 emlorum
900 1010 1057 1065 beate
1077 1009 1395 1080 perfruaris,
1419 1009 1752 1065 honorabilis

158 1106 208 1152 et
227 1097 601 1154 desiderabilis
629 1100 789 1155 nobis
828 1100 881 1153 in
908 1098 1146 1164 Christo,
1177 1098 1250 1153 illi
1278 1105 1336 1154 et
1364 1097 1601 1170 gloriose
1638 1097 1751 1153 Au-

160 1196 322 1260 suate.
352 1189 551 1245 Amen;
600 1218 605 1223 ’

892 1258 1027 1315 CW.

163 1351 215 1407 8.
254 1351 354 1409 Lee
384 1354 697 1409 monasterii
742 1351 801 1409 S.
835 1350 1127 1408 Saluatoris
1168 1363 1216 1407 et
1254 1352 1316 1410 Sa
1351 1351 1541 1408 Harii?
1583 1351 1753 1408 Nien-

223 1422 485 1495 burgensis
520 1423 870 1495 possessiones
896 1433 943 1476 et
971 1421 1262 1495 privilegia,
1295 1438 1507 1495 roaante
1528 1423 1754 1495 Albuino

221 1488 415 1552 abbate.
456 1509 477 1562 ᾳ
513 1488 608 1561 pro
635 1492 734 1562 Dei
768 1496 943 1546 amore
971 1488 1033 1545 ἐι
1069 1488 1315 1562 petitione
1352 1492 1525 1562 ﬁdelis
1551 1493 1635 1547 sui
1664 1488 1758 1546 Ri-

222 1561 628 1634 cheﬁi‘_abbatis
674 1560 1017 1634 (Casinensis)
1044 1560 1199 1634 atque
1237 1560 1608 1617 interventione
1649 1562 1759 1634 Eg-

220 1632 344 1686 berti
369 1629 661 1686 Fuldensis
684 1629 891 1686 abbatis
933 1653 951 1681 ο
981 1629 1280 1702 conﬁrmat.

654 1756 659 1763 -
756 1723 935 1792 (Anno
971 1721 1156 1794 1054.)

162 1808 370 1883 ninam,
397 1811 727 1883 Grundliche
762 1812 1121 1883 Farstellung,
1155 1813 1334 1883 p.717,
1371 1821 1508 1883 teste
1534 1811 1672 1870 Jaﬂ'e
1705 1812 1761 1868 in
1791 1818 1833 1878 Β

230 1880 449 1951 llegestis
473 1881 635 1955 Pont.
662 1883 846 1955 liqut,
888 1900 943 1955 p.
970 1880 1095 1939 379'.
1122 1880 1194 1927 -ἐ-
1222 1882 1390 1954 lnoip.
1425 1901 1439 1937 :
1474 1882 1537 1940 Si
1561 1899 1763 1954 semper

226 1940 337 2005 sunt
365 1940 753 2027 contedenda.]

906 2064 1017 2123 CV.

169 2173 657 2238 StluAlbuoino,
682 2176 862 2233 abbati
910 2174 971 2232 S.
1019 2174 1212 2233 Merita
1256 2175 1669 2244 Nienburgensis
1714 2185 1763 2231 et

229 2244 336 2315 ejus
361 2247 757 2302 successoribus
788 2265 806 2298 ι
837 2263 931 2317 pro
956 2247 1204 2311 petitione
1233 2244 1481 2309 Richerii,
1511 2244 1765 2301 Casinen-

232 2315 296 2367 sis
345 2315 548 2369 Montis
594 2316 817 2369 abbatis.
847 2336 865 2368 ι
913 2316 1017 2369 (Cf.
1061 2314 1256 2369 Leonis
1304 2314 1500 2369 Chron.
1536 2326 1762 2369 monast.

232 2316 296 2367 sis
345 2316 548 2369 Montis
594 2316 817 2381 abbatis,
840 2316 865 2368 ’r
895 2316 1017 2439 (Scr.
1061 2316 1256 2371 Leonis
1304 2316 1500 2369 Chron.
1536 2326 1762 2370 monast.

230 2383 402 2439 Casia.
455 2401 516 2456 ρ.
562 2385 690 2450 686)
740 2402 893 2440 conce
932 2387 972 2439 it
1010 2395 1065 2440 ut
1110 2385 1555 2456 in_procurandis
1598 2386 1767 2456 sacris

222 2464 439 2508 utantur
456 2453 776 2527 'dalmaticis
793 2465 841 2510 et
862 2456 1119 2511 sandalis.
1142 2453 1277 2527 (Pro
1300 2468 1390 2510 an.
1423 2456 1560 2527 i048
1586 2454 1766 2526 legen-

226 2527 348 2603 dum
367 2542 483 2580 esse
514 2541 604 2580 an.
634 2526 771 2582 l05i
794 2527 981 2582 docent
1005 2543 1091 2582 an.
1117 2526 1265 2597 pont.
1293 2542 1342 2579 t't
1364 2535 1410 2580 et
1434 2526 1620 2581 indict.
1644 2528 1766 2598 vn.)

174 2626 519 2700 chcltmann,
569 2637 801 2693 Historia
828 2637 920 2691 des
963 2635 1369 2692 Farstentltams
1388 2635 1606 2703 Annali,
1631 2644 1769 2691 teste

233 2706 379 2775 Jaiie,
412 2706 629 2779 Regest.
684 2707 842 2779 Pent.
888 2706 1038 2765 Rata.
1089 2724 1141 2779 p.
1202 2706 1327 2763 379.
1353 2736 1421 2751 -ς-
1452 2706 1664 2777 lucip.:
1709 2706 1767 2761 Si

235 2788 457 2847 pastores
486 2776 712 2850 ovium]

855 2846 947 2905 CV
976 2848 1074 2904 bis.

177 2935 231 2992 S.
269 2934 368 2993 Leo
400 2937 491 2992 IX
542 2940 609 2994 de
654 2940 963 2995 doricarum
995 2936 1307 2995 castimonia
1353 2940 1533 2995 scribit
1581 2944 1768 2995 contra

302 3009 585 3078 epistolam
617 3009 820 3066 Nicetes
845 3011 1052 3064 abbatis
1086 3011 1398 3065 monasterii
1425 3010 1625 3066 Studii.

787 3100 1137 3171 Fragmenta.

547 3189 768 3264 [διειδεῖ.
801 3190 1004 3245 Concil.
1033 3188 1153 3246 XIX
1173 3231 1189 3256 ,
1223 3190 1375 3263 696.]

240 3279 544 3339 Clementis
620 3280 717 3336 lib.
786 3295 836 3346 ι,
906 3280 1053 3337 Petri
1131 3281 1363 3351 apostoli
1420 3279 1763 3336 itinerarium

186 3380 237 3425 et
259 3371 506 3429 Canones
534 3370 907 3442 apostolorum
938 3380 1226 3427 numerant
1249 3371 1441 3427 Patres
1476 3371 1617 3426 inter
1642 3386 1770 3440 apo-

186 3461 397 3533 crypha,
424 3461 676 3533 exceptis
700 3475 823 3520 ean.
859 3460 965 3526 50,
999 3474 1140 3531 quos
1183 3461 1424 3517 decrevit
1452 3460 1769 3517 orthodoxis

187 3551 405 3626 adiungi.

1846 544 2170 609 admittitur,
2223 545 2329 600 nisi
2368 553 2689 615 perpetuam
2729 544 3156 610 continentiam,
3185 544 3353 599 etiam
3400 559 3437 600 a

1846 635 2066 705 propria
2095 635 2359 706 conjuge,
2398 634 2746 706 profiteatur;
2779 650 2880 691 nec
2909 644 3026 707 post
3060 637 3294 708 gradum
3324 634 3443 692 eni-

1847 738 2010 795 quam
2037 724 2234 781 ducere
2257 736 2482 781 uxorem
2507 725 2792 781 e'onceditu
2802 741 2844 780 r.

2187 837 2291 894 Leo
2325 837 2406 894 IX
2442 840 2497 894 in
2529 837 2749 910 epistola
2775 856 2880 911 qua
2906 849 3090 911 supra.

1923 942 2179 1008 Seriatim
2229 959 2285 1008 et
2331 960 2522 1024 aperte
2568 952 2915 1022 prosequitur
2954 952 3098 1023 quod
3143 951 3201 1007 S.
3251 940 3317 1007 lt.
3367 934 3436 1010 Ε.

1849 1041 2015 1097 etiam
2068 1042 2121 1096 in
2169 1036 2430 1113 gradibus
2458 1041 2781 1097 clericorum
2825 1043 2971 1115 agit;
3012 1042 3242 1098 clericos
3270 1042 3439 1110 enim,

1851 1132 2139 1199 ostiarius,
2171 1132 2432 1199 lectores,
2483 1133 2815 1198 exorcistas,
2864 1133 3148 1206 acolythus
3191 1132 3236 1190 si
3282 1143 3441 1190 extra

1855 1229 2114 1285 vomitum
2140 1228 2207 1302 [ι’.
2235 1227 2479 1304 solitum]
2509 1240 2563 1285 et
2585 1230 2832 1286 habitum
2865 1230 3117 1288 monachi
3149 1230 3434 1287 invenian-

1859 1331 1965 1387 tur,
1989 1332 2044 1379 et
2070 1323 2463 1379 continentiam
2487 1322 2733 1394 profiteri
2759 1321 2971 1388 nolunt,
2995 1324 3218 1380 uxorem
3243 1324 3449 1382 ducere

1855 1414 2119 1487 virginem
2169 1430 2293 1471 cum
2341 1411 2721 1473 benedictione
2766 1405 3088 1473 sacerdotali
3142 1400 3447 1488 permittit;

1857 1522 1965 1562 non
2013 1498 2194 1561 autem
2231 1505 2446 1561 viduam
2498 1506 2869 1577 repudiatam;
2917 1509 3010 1578 qui
3069 1510 3293 1586 propter
3342 1509 3450 1589 hoc

1859 1597 2120 1667 deinceps
2150 1611 2253 1653 nec
2288 1596 2357 1652 ad
2390 1596 2840 1675 subdiaconatum
2875 1598 3179 1668 promoveri
3212 1599 3447 1670 poterit,

1860 1702 1962 1743 nec
1994 1684 2165 1743 laicus
2194 1703 2300 1742 non
2330 1682 2599 1757 virginem
2627 1686 2854 1743 sortitus
2879 1703 3104 1744 uxorem
3125 1729 3141 1754 ,
3173 1690 3451 1760 aut-biga-

1864 1791 1983 1831 mus
2012 1775 2079 1831 ad
2102 1764 2439 1831 clericatum.
2470 1775 2626 1843 Quod
2657 1778 2701 1831 si
2740 1777 2864 1848 quis
2894 1791 2959 1831 ex
3008 1776 3249 1848 praefatis
3298 1762 3452 1835 ordia

1864 1854 2024 1922 nibus
2053 1866 2326 1923 desiderat
2370 1867 2436 1923 ad
2484 1868 2943 1924 subdiaconatum
2980 1869 3308 1936 ascendere,
3340 1885 3449 1931 non

1864 1970 2044 2030 potest
2070 1960 2189 2016 sine
2219 1975 2488 2017 consensu
2535 1961 2724 2018 uxoris
2751 1978 2892 2028 sum,
2922 1972 2983 2018 ut
3007 1963 3075 2019 de
3103 1963 3310 2020 carnali
3354 1964 3453 2022 flat

1865 2048 2121 2121 deinceps
2149 2049 2459 2122 coniugium
2487 2051 2771 2124 spirituale
2791 2092 2806 2117 ,
2838 2064 3065 2124 cogente
3089 2068 3185 2110 eos
3211 2056 3451 2112 nemine.

1865 2142 2339 2221 Necpermittitur
2374 2152 2558 2214 postea
2599 2158 2737 2199 uxor
2766 2142 2974 2213 injungi
3017 2144 3206 2200 eodem
3253 2132 3454 2203 marito

1865 2248 1965 2291 suo
1990 2234 2308 2301 carnaliter,
2339 2249 2441 2291 nec
2467 2235 2722 2306 cuiquam
2772 2235 2975 2292 nubere
3023 2238 3356 2307 permittitur
3397 2238 3455 2294 in

1867 2320 2008 2391 vita,
2036 2334 2131 2379 aut
2154 2334 2278 2397 post
2311 2334 2540 2382 mortem
2574 2324 2739 2380 illius.

2460 2439 2611 2494 Idem
2638 2439 2850 2495 ibidem.

1938 2545 2174 2604 Omnino
2187 2549 2510 2605 conﬁtemur
2524 2564 2631 2604 non
2650 2549 2814 2604 licere
2827 2550 3100 2621 episcopo,
3114 2551 3453 2622 presbytero,

1872 2639 2131 2704 diacono,
2174 2639 2508 2695 subdiacono
2554 2642 2852 2712 propriam.
2876 2655 3102 2696 uxorem
3130 2655 3296 2696 causa
3325 2641 3457 2697 reli-

1869 2730 2045 2798 glonis
2088 2728 2326 2798 abjicere
2352 2745 2382 2784 a
2414 2740 2545 2785 cura
2576 2744 2710 2796 sua,
2753 2730 2963 2786 scilicet
2990 2740 3047 2785 ut
3076 2731 3126 2786 e‘i
3153 2731 3354 2787 vietum
3400 2742 3455 2788 et

1856 2821 2127 2875 vestitum
2157 2821 2442 2892 largiatur,
2460 2822 2555 2877 sed
2580 2837 2687 2877 non
2709 2832 2767 2876 ut
2789 2837 2912 2877 cum
2944 2822 3034 2879 illa
3059 2838 3125 2879 ex
3159 2838 3311 2880 more
3335 2839 3457 2880 ear-

1870 2911 2067 2966 noliter
2085 2912 2288 2983 jaceat.
2335 2911 2429 2967 Sic
2473 2910 2574 2967 SS.
2606 2912 2876 2983 apostolos
2903 2913 3133 2985 legimus
3160 2914 3365 2985 egisse,
3393 2915 3473 2983 B.‘

1776 3034 1779 3037 -
1870 3001 2040 3057 Paulo
2068 3001 2314 3072 apostolo
2340 3002 2555 3058 dicente
2582 3018 2597 3056 :
2629 2999 2887 3073 Nunquid
2925 3020 3029 3059 non
3061 3004 3313 3059 habemus
3359 3021 3459 3076 p0-

1870 3104 2106 3149 tcstatem
2128 3104 2361 3148 sororem
2384 3091 2653 3148 mulierem
2675 3094 3104 3150 circumducendi
3126 3096 3262 3149 sicut
3288 3094 3358 3149 F.
3386 3095 3458 3152 D.

1792 3162 1838 3224 (ἶ
1869 3197 1917 3242 et
1947 3186 2193 3257 Cephas?
2220 3185 2384 3251 Vide,
2438 3186 2732 3256 insipiens,
2762 3187 2905 3256 quod
2952 3202 3059 3243 non
3090 3186 3230 3243 dixit
3259 3205 3274 3242 :
3310 3187 3460 3246 Nun-

1864 3279 1995 3349 quid
2039 3291 2146 3333 non
2192 3278 2457 3334 habemus
2503 3287 2830 3349 potestatem
2886 3292 3128 3335 sororem
3175 3279 3461 3335 mulierem

1869 3368 2214 3440 ampletandi
2236 3408 2252 3433 ,
2284 3368 2379 3423 sed
2406 3369 2853 3432 circumducendi,
2888 3367 3097 3425 scilicet
3121 3377 3181 3423 ut
3210 3369 3463 3426 mercede

1868 3458 2273 3529 praedicationis
2301 3464 2707 3513 sustentaretur
2733 3458 2802 3512 ab
2829 3458 2940 3524 eis,
2968 3472 3068 3514 nec
3091 3465 3274 3514 tamen
3306 3458 3462 3515 dein-

1850 3540 1997 3621 ‘ceps
2026 3548 2167 3605 foret
2193 3548 2336 3605 inter
2363 3562 2458 3604 eos
2484 3547 2715 3604 ulterius
2741 3548 2960 3604 carnale
2988 3549 3322 3621 coniugium.

1584 3744 2063 3837 SPURIA.’

905 3923 1036 3997 Ct‘t.
1092 3988 1101 3999 .

193 4034 335 4111 bella
373 4055 441 4113 S.
481 4052 675 4111 Leonis
699 4052 783 4108 IX
806 4056 860 4109 in
889 4072 993 4123 qua
1032 4053 1267 4109 declarat
1297 4071 1352 4110 se
1391 4037 1662 4109 dedicasse
1682 4071 1766 4107 ec-

256 4126 460 4180 clesiam
484 4125 675 4180 Sancti
706 4124 983 4195 Arna/phi,
1005 4134 1053 4177 et
1080 4123 1244 4178 multa
1273 4126 1545 4194 priuilegia
1580 4134 1765 4179 contu-

246 4198 372 4251 lisse
391 4197 575 4251 abbati
593 4204 642 4250 et
661 4194 916 4265 fratribus
935 4194 1170 4265 ejusdem
1192 4194 1516 4249 monasterii.

785 4305 963 4383 (Auno
997 4300 1175 4375 1049.)

229 4413 382 4490 [σου.
409 4402 609 4491 Christ.
645 4400 790 4479 iiut,
822 4414 950 4478 39l,
976 4429 1044 4471 ex
1082 4415 1306 4470 archiva
1335 4412 1395 4472 s.
1421 4414 1733 4488 Arnulphi.)

204 4578 209 4583 ι
258 4502 366 4561 Leo
388 4506 710 4577 episcopus,
742 4518 933 4583 servus
964 4519 1246 4560 servorum
1281 4503 1412 4569 Dei,
1443 4503 1688 4577 ecclesiae
1718 4504 1772 4558 in

201 4594 443 4652 honorem
476 4598 617 4652 beati
645 4583 873 4663 Joannis
898 4592 1241 4667 evangelista:
1266 4605 1549 4666 sanctique
1571 4592 1773 4648 Arnul-

201 4684 285 4752 pbi
313 4672 639 4741 confessoris
675 4682 877 4763 Christi
908 4700 936 4739 a
972 4685 1127 4741 nobis
1156 4685 1467 4753 specialiter
1494 4680 1791 4751 dedicatae,’

203 4780 252 4827 ‘et
284 4790 377 4846 per
408 4792 528 4831 eam
567 4774 869 4855 venerabili
905 4775 1138 4832 thmo
1175 4776 1358 4831 abbati
1391 4777 1614 4846 suisque
1646 4791 1774 4831 suc-‘-

205 4868 498 4924 cessoribus
540 4865 827 4922 menachis
860 4868 1027 4923 etiam
1069 4868 1201 4923 inibi
1247 4868 1356 4924 Deo
1387 4860 1777 4925 famulantibus

207 4954 423 5012 salutem
452 4971 505 5012 et
534 4956 890 5028 apostolicam
926 4942 1382 5016 benedictionem.
1478 5012 1481 5015 .

268 5044 518 5114 Quamvis
545 5048 793 5104 omnium
821 5033 1183 5105 Ecclesiarum
1218 5049 1310 5103 Dei
1340 5065 1528 5106 curam
1562 5066 1779 5122 semper

209 5149 386 5203 gerere
421 5137 500 5194 de!
522 5153 748 5201 eamus,
786 5137 891 5193 illis
945 5148 1123 5197 tamen
1171 5138 1405 5211 quibus,
1437 5142 1617 5197 divina
1647 5157 1776 5197 coo-

208 5238 421 5292 perante
473 5228 819 5307 clementia,
849 5241 1051 5307 sancte
1105 5228 1504 5303 benedictionis
1557 5245 1779 5287 manum

210 5317 222 5329 ο
382 5318 394 5330 ο
823 5316 835 5328 ο
905 5320 915 5332 ο
1260 5318 1272 5329 ι
1315 5318 1327 5330 ο
1453 5323 1463 5334 ο
1537 5322 1550 5334 ο
1730 5320 1742 5332 ο

210 5332 513 5342 .m..--s---.---
580 5332 916 5342 --“A‘-..-A_-
964 5337 1079 5342 -ccd-
1134 5328 1179 5342 ,Δ
1223 5318 1440 5342 --.a-.'..-,i
1481 5339 1547 5342 ,ἦέ
1604 5320 1776 5342 -ι--,³-Α

210 5328 513 5342 ἱηεαιροιὶαανι-..
580 5328 916 5342 ---“Αοιι.ιΑ-ί
964 5337 1079 5342 -γκ“-
1134 5328 1179 5342 ,Δ
1223 5328 1327 5342 --ἑο-ἱ

1873 3940 1945 4017 ibi
1962 3958 2143 4018 divina
2166 3942 2379 4017 favente
2398 3959 2572 4031 gratia
2587 3948 2653 4015 ad
2668 3944 3063 4016 correctionem
3083 3944 3458 4026 perdusimus,

1874 4054 2266 4129 monasterium
2316 4053 2491 4108 sancti
2530 4052 2794 4123 Arnulphi
2855 4051 3183 4106 confessoris
3233 4048 3460 4114 Christi.

1874 4147 2069 4217 quinto
2110 4148 2232 4201 ldus
2278 4145 2531 4201 Octobris
2572 4144 2793 4201 Christo
2818 4143 3283 4204 consecravimus.
3324 4141 3466 4200 Huic

1876 4240 2046 4311 igitur
2076 4238 2324 4308 dignitati
2355 4237 2516 4292 aliam
2546 4236 2864 4309 dignitatem
2892 4235 3175 4305 cupientes
3199 4235 3460 4307 adjicere,
3493 4262 3497 4267 θ

1802 4357 1852 4416 ι)
1878 4329 2217 4402 privilegium
2241 4326 2582 4383 auctoritatis
2605 4335 2802 4382 nostra?
2823 4324 3060 4397 prtefata:
3086 4339 3191 4381 non
3203 4340 3464 4398 negamus

1875 4424 2142 4481 ecclesize.
2192 4420 2454 4477 Volumus
2513 4420 2696 4489 itaque
2757 4429 2816 4474 et
2864 4433 3022 4475 sacra
3080 4418 3272 4488 prima:
3319 4418 3466 4475 sedis

1875 4513 2206 4569 auctoritate
2260 4511 2537 4567 sancimus
2600 4518 2660 4563 ut
2703 4510 2891 4565 eadem
2954 4508 3186 4565 ecclesia
3236 4517 3293 4565 et
3348 4509 3466 4579 ipsa

1877 4611 2228 4660 sacrosancta
2262 4602 2474 4657 Domini
2504 4615 2692 4655 mensa
2724 4600 2777 4655 in
2814 4600 3019 4656 honore
3051 4601 3223 4672 ipsius
3249 4615 3280 4656 a
3305 4601 3465 4656 nobis

1877 4691 2126 4747 dedicata
2162 4690 2268 4745 tale
2302 4689 2644 4761 privilegium
2691 4689 3073 4745 inviolabiliter
3102 4690 3377 4755 obtineat,
3405 4698 3467 4745 ut

1878 4791 2076 4852 praeter
2122 4780 2406 4850 episcopos
2449 4789 2506 4834 et
2551 4778 2802 4841 abbates,
2850 4791 2915 4833 ac
2967 4784 3174 4847 septem
3219 4775 3466 4845 ejusdem

1878 4874 2112 4931 ctenobii
2138 4872 2452 4928 sacerdotes
2479 4880 2536 4927 et
2558 4880 2669 4925 tres
2683 4869 2975 4926 canonicos
3002 4871 3070 4927 de
3100 4870 3262 4925 domo
3276 4869 3467 4927 Sancti

1881 4962 2180 5035 Stephani,
2211 4961 2585 5033 primicerium
2661 4962 2927 5017 decanum
2958 4970 3015 5016 et
3050 4961 3467 5034 corcpiscOpnni

1880 5055 2149 5124 primum,
2183 5055 2250 5108 ad
2296 5054 2470 5123 ipsum
2503 5051 2803 5123 principale
2829 5049 3003 5108 altare
3028 5052 3204 5108 nullus
3226 5066 3477 5125 unquam

1883 5148 2080 5204 missas
2128 5145 2764 5213 celebrareprzesutnat,
2806 5142 2913 5198 nisi
2971 5154 3026 5199 et
3070 5145 3174 5200 alia
3220 5144 3481 5219 religiosa

1882 5252 2115 5307 persona
2154 5251 2274 5306 quia:
2321 5232 2689 5305 postulatione
2717 5240 2774 5289 et
2806 5247 3077 5291 consensu
3130 5234 3348 5292 abbatis
3388 5247 3488 5298 aut
