4020 5392
647 341 751 408 735
1927 352 1983 408 s.
2026 350 2270 409 LEONIS
2308 353 2370 409 1x
2415 353 2614 411 rarae
2663 341 2666 345 ’
3760 367 3844 422 784

646 465 844 520 cidium
876 461 957 518 vel
987 461 1087 517 tale
1115 461 1244 532 quid
1279 461 1372 527 ibi,
1405 461 1545 532 quod
1575 459 1736 522 absit,
1776 463 2013 532 peccatis
2040 464 2215 518 conti-
2242 470 2285 526 Λ
2316 480 2467 534 mque
2494 465 2828 520 Adal‘eerone
2859 473 3068 532 vocato,
3099 471 3197 535 pro
3219 469 3469 538 prtedicta
3502 472 3646 527 curia
3669 473 3838 532 Rame-

645 557 786 629 gerit
831 555 1197 626 exigentibus,
1253 569 1282 608 a
1337 555 1589 608 [totumue
1630 554 1773 608 sedis
1830 555 2083 623 praesule,
2131 556 2215 608 vel
2318 556 2511 610 liaeum
2562 565 2886 626 nuncupata,
2928 556 3127 611 Sancto
3167 559 3387 613 Arnulfo
3424 562 3476 614 in
3507 566 3841 622 concambium

643 649 840 720 quibus
861 647 980 718 ipse
1009 644 1305 716 iujunxerit
1334 645 1429 699 dis'
1451 645 1724 699 uticndum
1753 659 1817 698 ac
1845 644 2212 699 determinan-
2316 648 2499 702 datam
2531 662 2650 702 esse
2692 648 2952 711 narravit,
2985 657 3038 702 et
3069 649 3239 703 curtis
3277 651 3518 704 testando
3545 659 3841 711 monstravit.

644 743 772 796 dum
814 752 937 794 esse
971 751 1275 793 censemus.
1321 734 1426 791 Sed
1461 746 1515 790 et
1557 735 1752 790 annale
1799 735 1869 788 ibi
1917 745 2213 791 mercatum
2317 737 2680 807 llancquippe
2703 738 2998 805 abbatiam,
3025 754 3147 793 cum
3176 740 3624 812 domibus,agris,
3647 745 3842 801 silvisac

643 829 936 901 quotannis
973 829 1025 884 in
1057 828 1426 883 anniversaria
1457 826 1812 881 dedicationis
1856 827 2026 895 ipsius
2065 826 2215 880 festi-
2313 830 2506 894 vineis,
2535 839 2589 886 et
2617 846 2734 884 cum
2767 832 3016 886 omnibus
3047 831 3371 901 appenditiis
3393 834 3525 895 suis,
3557 850 3618 887 ex
3643 837 3841 889 auctori-

641 924 830 987 vitate,
862 937 959 993 per
985 935 1264 976 assensum
1303 918 1638 974 dilectissimi
1675 917 1767 971 lilii
1806 917 1976 971 nostri
2030 919 2211 972 domui
2315 929 2423 974 tate
2447 919 2586 975 beati
2617 922 2756 977 Petri
2785 930 2837 977 et
2870 931 3048 976 nostra
3079 922 3194 990 ejus
3223 922 3422 992 indigni
3451 924 3658 988 vicarii,
3688 937 3839 995 rogata

643 1016 860 1071 lleurici
917 1014 1058 1070 tertii
1111 1012 1276 1084 regis,
1334 1009 1553 1065 secundi
1582 1024 1712 1064 vero
1758 1008 2124 1078 imperatoris,
2158 1008 2210 1061 in
2312 1013 2554 1082 praedicti
2604 1014 2961 1068 Adalberonis
3014 1015 3249 1086 episcopi
3297 1030 3361 1071 ac
3408 1015 3616 1070 Warini
3670 1016 3843 1073 abbatis

643 1108 829 1162 eodem
852 1105 968 1161 loco
987 1105 1170 1159 haberi
1194 1097 1563 1165 decrevimus;
1589 1110 1642 1156 et
1662 1101 1923 1155 uteadem
1944 1099 2211 1154 dedicatio
2311 1104 2560 1159 ctenobio
2589 1104 2644 1158 S.
2689 1105 2895 1159 Amulli
2931 1121 2992 1159 ea
3029 1107 3236 1160 ratione
3271 1106 3577 1170 firmamus,
3612 1119 3838 1177 quatenus

644 1200 714 1254 ibi
750 1213 963 1268 semper
988 1196 1178 1253 festive
1202 1196 1507 1251 celebretur
1523 1194 1590 1248 ab
1613 1193 1862 1248 omnibus
1884 1209 1989 1248 non
2016 1192 2209 1248 minori
2309 1193 2563 1263 prrefatus
2620 1195 2786 1251 abbas
2835 1207 2927 1250 aut
2971 1196 3166 1251 fratres
3199 1212 3498 1268 eorumque
3542 1213 3845 1257 successores

642 1289 962 1344 auctoritate
981 1288 1253 1357 jubemus.
1284 1287 1675 1342 Constituimus
1701 1287 1863 1340 etiam
1893 1295 1947 1340 et
1980 1294 2205 1354 paterna
2309 1286 2408 1341 sub
2440 1287 2674 1356 ipsorum
2709 1303 2835 1342 cura
2885 1288 3268 1358 perpetualiter
3315 1303 3434 1342 eam
3482 1298 3689 1344 teneant
3712 1302 3839 1360 atque

639 1379 947 1442 dilectione,
973 1377 1196 1432 Warine
1225 1377 1413 1441 abbas,
1445 1376 1536 1431 tibi
1567 1376 1774 1445 tuisque
1805 1374 2208 1429 successoribus
2309 1376 2645 1445 possideant,
2679 1376 2959 1446 nullusque
2982 1378 3052 1432 ibi
3081 1377 3303 1432 ulterius
3327 1379 3644 1447 pastoralem
3668 1380 3840 1450 virgam

641 1472 693 1525 in
754 1479 1068 1542 perpetuum
1123 1468 1469 1524 concedimus
1519 1477 1579 1522 ut
1637 1467 1690 1521 in
1748 1482 1902 1522 sacra
1967 1467 2204 1537 ejusdem
2308 1481 2523 1537 quoquo
2551 1468 2708 1522 modo
2737 1469 3006 1538 suscipere
3030 1467 3144 1522 sive
3177 1477 3395 1536 portare
3425 1473 3835 1538 prmsumatzsed

638 1559 993 1617 dedicationis
1021 1560 1106 1615 die
1127 1559 1356 1629 aliisque
1385 1557 1670 1629 [)I‘LBClPIIlS
1703 1556 2118 1621 festivitatibus,
2153 1555 2205 1608 in
2308 1559 2474 1614 abbas
2517 1558 2698 1613 Sancti
2743 1558 2946 1611 Arnulli
2996 1573 3090 1628 per
3133 1573 3260 1612 suos
3308 1558 3557 1628 aliosque
3604 1559 3843 1630 religiosos

636 1653 923 1708 missarum
950 1650 1328 1706 ‘eelebratione
1373 1649 1631 1705 sandaliis
1667 1659 1722 1702 et
1762 1646 2052 1702 dalmatica
2082 1655 2204 1700 uta-
2312 1644 2511 1700 fratres
2537 1646 2794 1715 quidquid
2826 1645 2895 1699 ibi
2930 1646 3288 1700 ordinandum
3317 1647 3410 1710 sit,
3442 1661 3650 1717 semper
3667 1649 3838 1702 ordinet

636 1743 789 1809 mini,
827 1742 1224 1799 fraternitatem
1259 1751 1497 1797 vestram
1533 1749 1939 1796 commonentes
1977 1747 2036 1793 ut
2079 1753 2201 1792 cum
2236 1800 2275 1809 _
2308 1746 2468 1805 atque
2497 1735 2777 1805 disponat:
2807 1735 2935 1790 illud
2959 1735 3213 1791 videlicet
3239 1752 3455 1807 semper
3484 1737 3710 1801 studens,
3737 1737 3834 1791 illud

635 1843 924 1906 augmento
971 1833 1278 1903 huiusmodi
1331 1833 1586 1897 bonaris,
1636 1840 1899 1903 augeatur
1944 1831 1996 1884 in
2051 1830 2203 1883 vobis
2236 1800 2279 1860 Β
2311 1826 2596 1881 attendens
2621 1826 2844 1881 utsicut
2875 1825 2988 1895 ipse
3016 1825 3207 1895 suique
3233 1825 3430 1882 fratres
3458 1827 3511 1881 in
3547 1825 3655 1882 suis
3689 1827 3836 1880 usibus

636 1942 789 1983 amor
810 1927 1091 1983 Altissimi.
1115 1925 1196 1980 Ad
1219 1926 1492 1981 cumulum
1514 1940 1729 1995 quoque
1755 1923 1839 1978 vel
1860 1934 2205 1995 augmentum
2309 1917 2644 1987 aliquantum
2700 1917 2822 1972 inde
2866 1917 3096 1971 relevari
3143 1917 3487 1986 desiderant,
3526 1917 3598 1974 ita
3632 1919 3833 1972 eumdem

633 2021 943 2077 monasticae
979 2020 1251 2091 religionis
1285 2019 1567 2089 adjicimus
1596 2029 1653 2073 ut
1683 2019 1948 2084 ecclesiae,
1979 2018 2118 2073 villa:
2153 2027 2208 2074 et
2309 2011 2482 2066 locum
2513 2011 2727 2067 assiduo
2756 2011 2834 2066 sui
2871 2010 3130 2064 famulatu
3167 2025 3381 2080 semper
3406 2012 3649 2067 venerari
3677 2020 3723 2067 et
3749 2010 3834 2065 free

634 2112 1007 2182 possessiones
1060 2127 1196 2180 quas
1249 2109 1581 2164 serenissimi
1634 2109 1893 2164 Romanae
1952 2108 2207 2164 Ecclesia:
2307 2110 2566 2171 qucnlare
2599 2115 2705 2154 non
2748 2100 3029 2155 desistant.
3075 2097 3226 2155 Hanc
3261 2102 3427 2170 igitur
3453 2101 3711 2156 abbatiam
3737 2118 3830 2156 cum

637 2201 729 2254 lilii
763 2193 915 2269 reges
950 2207 1005 2254 et
1043 2201 1430 2269 imperatores,
1455 2198 1679 2253 Carolus
1719 2199 1925 2253 scilicet
1962 2197 2203 2269 Magnus,
2305 2191 2555 2248 omnibus
2579 2191 2645 2246 ad
2671 2206 2787 2245 eam
2810 2190 2956 2259 juste
2984 2198 3040 2245 et
3078 2190 3322 2262 legaliter
3358 2192 3739 2261 pertinentibus
3772 2192 3834 2245 in-

633 2288 937 2344 Ludovicus
957 2288 1104 2352 Pius,
1135 2287 1415 2352 Arnull‘us,
1449 2287 1851 2351 llendeboldus,
1887 2287 2042 2352 Otto,
2068 2287 2207 2342 (1οη-
2306 2301 2468 2356 super
2499 2287 2658 2340 etiam
2697 2284 2848 2339 villas
2870 2326 2884 2348 ,
2930 2283 3197 2340 ecclesias
3231 2299 3293 2340 ac
3335 2285 3702 2355 possessiones
3728 2299 3835 2352 quas

636 2380 797 2434 radus
827 2380 1002 2435 eidem
1039 2380 1156 2434 loco
1192 2380 1276 2449 pia
1309 2379 1592 2433 devotione
1622 2379 1989 2443 contulerunt,
2023 2388 2112 2432 aut
2139 2379 2205 2433 ab
2306 2384 2460 2430 antea
2501 2375 3028 2444 prmnomi-navimus,
3077 2388 3218 2442 saepe
3263 2373 3409 2428 dicto
3459 2375 3623 2429 sancti
3666 2372 3831 2428 Arnulli

639 2469 759 2524 aliis
801 2468 1247 2524 Cliristilidelibus
1291 2469 1483 2523 tradita
1527 2469 1788 2539 privilegii
1835 2469 1917 2523 sui
1973 2469 2206 2522 auctori-
2305 2465 2556 2520 etennbio
2597 2478 2662 2518 ac
2699 2464 2960 2518 fratribus
3007 2463 3085 2518 ibi
3110 2463 3219 2517 Deo
3265 2462 3650 2518 famulantibus
3690 2463 3837 2515 taliter

637 2573 747 2617 tate
794 2561 1183 2626 ﬁrmaverunt,
1221 2562 1406 2618 usibus
1443 2561 1655 2617 abbatis
1695 2577 1758 2617 ac
1801 2561 2028 2616 fratrum
2073 2561 2201 2616 inibi
2305 2557 2616 2625 delegamus
2649 2570 2712 2610 ac
2741 2556 3147 2620 confirmamus,
3176 2563 3236 2608 ut
3258 2553 3437 2611 nullus
3469 2556 3738 2626 imperator
3759 2564 3832 2607 aut

635 2652 858 2708 Domino
888 2651 1264 2709 famulantium
1291 2653 1670 2724 perpetualiter
1698 2654 2030 2720 deserviant,
2058 2663 2112 2710 et
2135 2654 2205 2708 ad
2305 2663 2421 2714 rcx,
2455 2648 2630 2702 mullus
2651 2646 3089 2715 archiepiscopus
3113 2645 3194 2700 vel
3213 2646 3523 2714 episcopus,
3547 2646 3710 2700 nullus
3727 2643 3832 2706 diu.

635 2740 975 2810 praebendam
1041 2741 1255 2796 illorum
1317 2742 1522 2812 absque
1573 2741 1720 2795 omni
1775 2742 2203 2796 contradictione
2305 2740 2481 2794 nullus
2507 2753 2690 2794 eomes
2720 2737 2802 2794 vel
2828 2739 3146 2803 vicecomes,
3182 2737 3280 2792 sed
3308 2754 3407 2793 nec
3433 2739 3610 2807 aliqua
3639 2750 3827 2808 persona

631 2834 842 2905 integra
863 2848 1075 2903 semper
1106 2841 1160 2888 et
1189 2833 1500 2889 inconvulsa
1528 2843 1893 2902 permaneant.
1938 2833 2051 2888 Hoc
2075 2842 2158 2888 est
2184 2847 2199 2885 :
2303 2845 2492 2900 m'gna
2517 2829 2598 2882 vel
2625 2844 2810 2898 parva,
2837 2829 2888 2882 in
2908 2828 3108 2882 eisdem
3137 2832 3298 2885 rebus
3313 2828 3550 2898 aliquam
3572 2825 3830 2895 eisinjusu‘

631 2923 920 2987 Mareolas,
943 2923 1051 2977 Arx
1070 2963 1084 2988 ,
1107 2921 1406 2977 Jussiacum
1443 2938 1563 2977 cum
1610 2922 1839 2978 ecclesia
1867 2932 1922 2976 et
1967 2922 2195 2976 decima-
2305 2922 2432 2975 tiam
2461 2921 2575 2975 sive
2603 2920 2909 2974 violentiam
2935 2918 3134 2976 inferre
3167 2923 3383 2986 audeat,
3418 2921 3502 2976 vel
3531 2921 3741 2990 aliquem
3759 2919 3830 2971 ad-

631 3012 807 3078 tioue;
835 3010 1135 3068 Floriacum
1156 3012 1317 3067 etiam
1341 3022 1394 3067 et
1416 3012 1811 3076 Flaviuiacum,
1836 3012 2201 3083 Nugarezlum,
2304 3019 2576 3076 vocatum,
2620 3010 2725 3064 nisi
2764 3009 2933 3064 abbas
2959 3018 3052 3065 aut
3086 3009 3284 3065 fratres
3313 3026 3411 3079 pro
3440 3011 3691 3080 qualitate
3725 3018 3828 3063 tem-

629 3112 682 3157 et
715 3103 1024 3174 Vigiacum;
1066 3103 1279 3172 triginta
1316 3104 1476 3159 etiam
1519 3103 1688 3158 mansi
1727 3119 1848 3157 cum
1886 3103 2110 3158 ecclesia
2149 3112 2203 3157 et
2229 3137 2272 3201 Ο
2305 3119 2493 3173 porum
2524 3101 2606 3155 vel
2648 3100 2963 3156 diversitate
3004 3101 3247 3156 locorum
3294 3101 3492 3156 alicubi
3519 3098 3830 3172 petierint-eis

628 3191 989 3247 decimatione
1033 3190 1086 3244 in
1135 3191 1253 3246 villa
1285 3192 1398 3246 sive
1427 3191 1574 3246 curia
1601 3206 1718 3261 qua:
1745 3199 1968 3244 vocatur
1998 3190 2201 3244 Rutne-
2235 3190 2272 3201 “’
2304 3208 2504 3262 ponere
2549 3202 2839 3261 praesumat
2870 3207 2885 3245 :
2921 3191 3015 3247 sed
3043 3192 3184 3247 sicut
3228 3206 3384 3263 reges
3413 3202 3472 3246 et
3502 3193 3824 3262 imperatores

632 3283 858 3347 liacum;
883 3290 1140 3352 praeterea
1161 3299 1291 3338 vero
1306 3282 1600 3337 Maurivilla
1628 3292 1678 3338 et
1702 3284 1851 3337 vicus
1893 3283 2198 3344 Deivillare,
2301 3283 2538 3352 episcopi
2569 3282 2733 3336 etiam
2772 3281 2972 3352 aliique
3007 3280 3191 3337 fideles
3220 3283 3408 3338 eadem
3445 3283 3585 3337 bona
3618 3280 3727 3336 illuc
3756 3279 3824 3347 pia

635 3382 689 3424 et
744 3371 1028 3438 Tiliaeum,
1071 3370 1410 3427 Camiuetum
1457 3387 1583 3426 vero
1631 3381 1683 3425 et
1731 3371 2014 3426 Buxeriam
2060 3373 2200 3441 quod
2303 3372 2586 3428 devotione
2637 3372 3003 3439 contulerunt,
3044 3375 3118 3428 ita
3169 3374 3398 3430 diversis
3444 3389 3628 3429 eorum
3674 3369 3827 3426 usibus

637 3460 975 3532 lliltlegardis
1027 3464 1208 3530 regina
1251 3478 1372 3517 cum
1428 3463 1658 3518 ecclesia
1711 3471 1768 3518 et
1808 3463 2203 3528 decimatione,
2302 3464 2449 3518 salva
2489 3478 2704 3533 semper
2738 3473 2793 3519 et
2836 3464 3147 3520 inconvulsa
3191 3474 3564 3536 permaneant.
3610 3459 3825 3530 Quisquis

634 3553 786 3608 silvis
809 3562 864 3608 et
889 3553 1090 3617 vineis,
1124 3553 1278 3622 aquis
1316 3569 1686 3623 aquarumque
1709 3554 2054 3618 decursibus,
2088 3569 2201 3608 mo-
2301 3565 2478 3610 autem
2506 3557 2604 3610 sibi
2629 3555 2696 3609 ad
2723 3571 2958 3625 praesens
2994 3557 3188 3611 timens
3220 3565 3276 3612 et
3313 3558 3366 3612 in
3398 3556 3630 3612 futurum
3653 3568 3823 3626 pucea.

630 3643 864 3698 lendinis
900 3644 1061 3697 etiam
1104 3642 1210 3710 jam
1249 3643 1442 3705 factis,
1491 3643 1572 3698 vel
1622 3644 1673 3698 in
1719 3659 2038 3714 quocunque
2081 3644 2199 3699 loco
2301 3662 2430 3701 vens
2472 3648 2612 3702 hanc
2658 3662 2867 3702 sacram
2915 3657 3111 3702 nostrae
3154 3648 3583 3704 confirmationis
3617 3645 3820 3716 paginam

624 3731 776 3800 juxta
817 3730 1017 3786 Saliam
1057 3730 1306 3794 ﬂuvium,
1337 3731 1473 3784 infra
1506 3731 1738 3786 bannum
1767 3730 2005 3798 ejusdem
2037 3732 2200 3786 curiae
2300 3752 2521 3791 servare
2579 3746 2841 3801 conatur,
2889 3752 2987 3807 per
3047 3737 3276 3807 gratiam
3335 3736 3702 3808 omnipotentis
3747 3730 3821 3785 Dei

545 3888 555 3894 ξ
628 3821 729 3876 sibi
762 3820 1019 3891 placuerit
1059 3835 1154 3892 per
1187 3820 1395 3875 villicus
1437 3821 1665 3876 fratrum
1709 3835 1922 3892 semper
1955 3830 2201 3892 transpo-
2301 3835 2480 3880 nostra
2529 3840 2743 3894 semper
2785 3825 3079 3895 apostolica
3132 3825 3513 3880 benedictione
3561 3822 3820 3880 muniatur;

629 3911 818 3966 nendis
866 3919 922 3966 et
946 3910 1236 3976 faciendis,
1293 3912 1358 3965 ad
1403 3911 1685 3982 praefatum
1733 3913 1929 3981 saepius
1970 3912 2199 3968 contulit
2299 3917 2389 3986 qui
2446 3931 2576 3971 vero
2605 3917 2658 3970 in
2699 3915 2878 3984 aliquo
2907 3930 3027 3969 eam
3062 3914 3268 3970 violare
3309 3916 3396 3969 vel
3441 3921 3690 3969 temerare
3713 3921 3820 3978 prat-

626 3992 838 4064 locum,
884 3999 1242 4054 Pomeriolum
1295 4000 1456 4055 etiam
1501 4015 1620 4056 cum
1668 4015 1775 4071 quo
1829 4011 1884 4057 et
1928 4019 2022 4074 per
2056 4005 2196 4072 quod
2299 4005 3151 4075 sumpseritdiviuiauatltematis
3172 4005 3383 4060 vinculo
3405 4017 3699 4076 percussus,
3719 3998 3822 4052 bel-

626 4093 996 4148 ecclesiastico
1045 4110 1194 4148 more
1244 4095 1415 4163 ipsum
1462 4109 1604 4164 stupe
1651 4095 1854 4150 dictum
1895 4095 2198 4150 dotavimus
2301 4107 2410 4152 tum
2448 4097 2668 4152 Petrum
2716 4098 3078 4167 apostolorum
3127 4097 3424 4168 principem
3463 4111 3586 4152 eum
3614 4090 3820 4149 omnibus

629 4183 1033 4237 monasterium.
1073 4184 1176 4239 Sed
1204 4192 1254 4239 et
1293 4182 1477 4238 Laium
1507 4194 1744 4239 castrum
1778 4185 1919 4255 quod
1949 4185 2194 4255 quaedam
2298 4188 2500 4242 sanctis
2535 4188 2864 4242 contrarium
2902 4187 3006 4242 sibi
3043 4187 3277 4251 sentiat,
3314 4195 3376 4241 ut
3405 4196 3581 4242 tamen
3621 4184 3668 4238 id
3702 4179 3816 4251 quod

629 4274 739 4329 Eva
764 4273 1066 4338 comitissa,
1099 4290 1220 4329 cum
1246 4274 1376 4328 silva
1403 4291 1520 4344 qua!
1551 4286 1774 4329 vocatur
1803 4275 1947 4342 ficis,
1987 4284 2041 4332 et
2075 4291 2196 4331 eum
2299 4275 2486 4331 fecerit
2537 4277 2754 4331 irritum
2795 4277 2864 4332 sit
2903 4285 2958 4331 et
2996 4286 3172 4330 ratum
3213 4291 3319 4333 non
3358 4283 3662 4346 permaneat
3695 4290 3706 4326 :
3741 4267 3816 4323 sed

627 4361 776 4416 omni
813 4362 1044 4416 utilitate
1071 4362 1150 4416 vel
1188 4362 1386 4417 suffusa
1415 4363 1652 4427 ejusdem
1683 4365 1860 4430 silvre,
1892 4380 2013 4420 eum
2037 4376 2197 4434 ponte
2299 4365 2465 4419 abbas
2497 4364 2666 4435 ipsius
2699 4365 2799 4420 loci
2827 4380 2890 4419 ac
2919 4363 3118 4419 fratres
3147 4380 3176 4418 a
3208 4365 3570 4420 serenissimis
3607 4362 3816 4416 Romana:

627 4452 792 4506 etiam
825 4462 882 4507 et
917 4453 1209 4521 piscatione
1235 4454 1377 4507 circa
1412 4453 1553 4507 Murt
1588 4453 1829 4519 fluvium,
1857 4457 1924 4509 ad
1953 4457 2193 4524 praebeu-
2221 4467 2270 4525 Ι)
2298 4453 2548 4508 Ecclesia:
2578 4454 2700 4509 filiis
2728 4455 2941 4523 regibus
2969 4455 3175 4509 scilicet
3209 4469 3273 4508 ae
3300 4452 3698 4524 imperatoribus
3718 4445 3816 4500 inde

630 4542 756 4598 dam
803 4544 1142 4616 delegaverat
1185 4544 1430 4598 fratrum.
1463 4545 1651 4600 Bivera
1673 4547 1834 4600 etiam
1859 4547 2194 4604 Assidelinde
2291 4542 2551 4611 judicium
2575 4552 2630 4597 et
2649 4543 2912 4610 justitiam
2932 4551 3193 4612 qurerant.
3217 4541 3278 4597 Si
3295 4553 3474 4597 autem
3497 4544 3548 4596 in
3574 4542 3662 4595 hoc
3676 4536 3816 4590 minus

628 4633 905 4690 comitissa
933 4633 1108 4689 eidem
1147 4633 1264 4689 loco
1291 4635 1573 4700 traditum,
1606 4637 1698 4691 sed
1725 4636 1956 4691 Conradi
1994 4637 2194 4708 glorio-
2294 4633 2656 4700 profecerim.
2694 4634 2744 4686 id
2793 4634 3014 4688 honoris
3061 4642 3116 4688 ct
3162 4633 3265 4687 hoc
3313 4632 3579 4702 singulare
3622 4644 3652 4683 δ
3685 4624 3812 4680 nobis

631 4723 831 4780 tissimi
881 4721 1220 4793 imperatoris
1269 4725 1586 4778 auctoritate
1637 4724 1904 4780 firmatum
1941 4742 1957 4789 ;
2001 4726 2094 4781 sed
2140 4735 2195 4780 et
2295 4721 2630 4792 privilegium
2677 4738 2889 4792 semper
2933 4723 3245 4787 obtineant,
3293 4732 3354 4776 ut
3393 4724 3530 4777 sicut
3570 4721 3619 4774 in
3659 4717 3810 4772 eodem

641 4813 805 4869 Navis
847 4813 1063 4882 quidem
1123 4813 1320 4867 vicum.
1347 4813 1497 4881 juxta
1547 4813 1816 4868 Mosellam
1864 4814 2114 4878 fluvium,
2163 4831 2192 4869 τι
2296 4812 2624 4866 monasterio
2655 4827 2752 4881 pro
2792 4809 2990 4868 nostrze
3031 4813 3462 4867 consecrationis
3491 4813 3716 4867 laetantur
3742 4806 3811 4854 Ιςεο

627 4903 928 4974 Dagoberto
985 4919 1110 4973 rege
1175 4904 1428 4958 traditum
1495 4911 1551 4959 et
1608 4903 2011 4958 corroboratum
2037 4944 2052 4968 ,
2108 4905 2192 4958 vel
2295 4901 2510 4965 neficio,
2538 4902 2657 4956 sica
2681 4903 2920 4956 Romana
2946 4903 3071 4958 sede
3094 4913 3280 4959 contra
3301 4919 3490 4958 omnes
3509 4899 3812 4956 adversirates

627 4994 886 5063 quidquid
921 4996 972 5048 in
1007 4994 1349 5050 inferioribus
1382 4995 1624 5065 partibus
1659 4996 1714 5050 in
1736 4995 2045 5051 Coloniensi
2085 4997 2194 5066 epi-
2294 4994 2602 5063 apostolicae
2631 4994 2959 5050 defensionis
2997 5005 3255 5067 perpetuo
3297 5011 3508 5068 semper
3550 4989 3810 5048 muniantur

606 5095 849 5153 seopatu
902 5085 968 5138 ad
1027 5086 1338 5154 praedictum
1402 5086 1634 5155 pertinet
1694 5086 2028 5151 cmuobium;
2078 5087 2192 5140 haec
2293 5083 2512 5140 auxilio.

630 5181 812 5227 autem
835 5173 1009 5226 omnia
1039 5175 1336 5242 praebenda:
1359 5174 1600 5229 ecclesia:
1629 5174 1855 5231 fratrum
1884 5178 1986 5232 hac
2011 5186 2192 5232 nostra
2367 5175 2496 5228 Data
2555 5175 2744 5244 quinto
2794 5171 2916 5231 ldus
2965 5176 3214 5233 Octobris
3261 5189 3360 5248 per
3409 5190 3589 5232 manus
3641 5164 3806 5224 Udouis

632 5261 923 5329 apostolica
964 5266 1320 5333 prmeritione
1366 5265 1674 5336 delegamus
1716 5277 1772 5321 et
1811 5269 2193 5325 confirmamus
2293 5274 2491 5320 sancta:
2511 5265 2819 5332 apostolica:
2848 5267 2992 5322 sedis
3018 5267 3326 5322 cancellarii
3356 5278 3409 5322 et
3431 5256 3802 5321 bibliotliccarii;
