4020 5392
658 353 722 411 73
730 355 768 409 7.

1912 374 1970 432 S.
2010 364 2254 433 LEONiS
2288 377 2357 432 ιτ(
2394 377 2593 436 ΡΑΡᾹεΙ

3793 389 3876 445 788

657 483 708 525 et
735 474 871 568 bona
905 483 958 528 et
986 477 1310 536 inunitiones
1338 497 1456 551 qua:
1489 483 1852 542 Romanorum
1883 488 2236 558 imperatores
2266 494 2311 550 A
2342 491 2594 547 Ecclesiae
2635 475 3015 548 communione
3059 501 3372 564 segregatus
3409 503 3688 563 perpetua:
3721 499 3871 568 sulija-

659 575 711 619 et
736 565 1069 623 Francorum
1097 581 1259 640 atque
1289 573 1611 646 Burgundia:
1637 593 1814 646 reges,
1849 578 2099 634 Ecclesiae
2133 590 2238 634 tuae

658 656 942 723 dederunt,
981 665 1302 719 auctoritate
1351 665 1443 720 Dei
1475 677 1532 722 et
1571 670 1744 724 sancti
1776 670 1919 725 Petri
1947 680 2002 725 et
2032 679 2237 736 nostra,

663 745 818 802 firma
845 763 966 804 esse
994 753 1358 822 praecipimus.
1412 741 1780 827 Similiterque
1823 751 2116 814 Galliarum
2147 776 2241 828 per

660 851 735 892 vn
775 839 1081 908 pro=incias
1108 843 1373 915 episc0pis
1401 848 1772 917 praecipimus,
1819 857 1876 903 ut
1920 850 2061 906 sicut
2103 865 2237 918 prte-

661 928 1038 988 decessoribus
1083 936 1188 990 tuis
1231 939 1552 994 auctoritate
1597 950 1798 996 sancta:
1842 942 2095 996 Romana:
2140 943 2242 996 Ee-

663 1017 872 1086 clesias,
918 1022 1018 1092 ipsi
1051 1036 1143 1080 aut
1198 1029 1624 1097 praedecessores
1681 1046 1868 1086 eorum
1923 1041 2240 1104 paruerunt,

662 1111 920 1170 obediant
943 1132 1158 1187 quoque
1180 1130 1234 1174 et
1261 1122 1377 1177 tibi.
1403 1122 1665 1192 Quoniam
1693 1134 1905 1196 oportet
1925 1126 2077 1195 jussu
2102 1127 2242 1200 beati

667 1201 812 1258 Petri
878 1219 974 1274 per
1033 1208 1378 1286 Clementem
1422 1221 1478 1266 nt
1531 1230 1635 1268 una
1690 1230 1916 1285 qumque
1974 1231 2106 1286 gens
2159 1233 2244 1269 re-

667 1307 981 1361 cognoscat,
1031 1311 1126 1366 per
1173 1314 1298 1355 suos
1343 1291 1647 1374 episcopus,
1691 1306 1811 1376 quis
1861 1307 2002 1361 inter
2050 1321 2143 1360 eos
2177 1307 2250 1360 sit

668 1397 899 1455 primus.

744 1473 880 1532 Data
910 1493 1009 1548 per
1050 1494 1240 1536 manus
1269 1481 1435 1550 Petri,
1476 1486 1615 1540 sacri
1657 1485 2037 1544 Laterancnsls
2064 1487 2250 1561 palatii

673 1567 982 1626 cancellarii
1021 1586 1053 1626 v
1083 1572 1203 1628 ldus
1229 1573 1376 1631 Maii.
2206 1574 2208 1576 ’

1395 1665 1531 1722 CIX.

676 1771 970 1847 S.__Leonis
1017 1773 1099 1828 IX
1144 1776 1376 1846 diploma
1404 1795 1504 1847 quo
1533 1777 1732 1832 Joanni
1769 1779 1886 1832 abb.
1926 1777 1982 1832 S.
2029 1778 2254 1830 Justinre

707 1841 914 1901 .Patnv.
939 1861 1090 1898 usum
1113 1831 1492 1916 pontiﬁce/ium
1523 1831 1952 1902 ornamentorum
1971 1848 2219 1916 indulget.
2286 1831 2332 1886 Β

1211 1938 1399 2006 (Anno
1445 1937 1726 2008 tete-54)

678 2025 862 2098 [Apud
895 2029 958 2083 R.
988 2028 1048 2084 P.
1074 2029 1236 2084 Bern.
1267 2030 1506 2096 Pezium,
1542 2030 1694 2085 Thes.
1734 2030 1929 2084 Attecd.
1978 2029 2063 2094 VI,
2103 2027 2257 2100 24L]

749 2117 859 2174 Leo
886 2119 1192 2190 episcopus.
1235 2137 1517 2177 servorum
1549 2121 1642 2175 Dei
1685 2136 1897 2184 servus,
1935 2119 2120 2174 JOANNI
2170 2135 2260 2172 ve-

680 2209 912 2267 nerabili
941 2211 1122 2265 abbati
1172 2212 1484 2267 monasterii
1525 2211 1738 2266 Sancta:
1784 2209 2031 2276 Justinre,
2075 2225 2262 2286 perpe-

678 2309 827 2362 tuam
857 2301 912 2356 in
939 2300 1170 2358 Domino
1198 2302 1450 2357 salutem.

721 2389 831 2446 .Ex
875 2391 1276 2462 principalitate
1310 2393 1456 2447 sedis
1486 2391 1826 2463 apostolicae,
1871 2391 1956 2447 cui
1986 2391 2095 2444 Deo
2129 2404 2266 2459 prmo

680 2478 922 2536 sidemus
943 2490 1186 2547 auctore,
1221 2482 1500 2552 religimus
1529 2481 1730 2536 Christi
1761 2481 2092 2543 sacerdotes,
2127 2495 2266 2548 quos

683 2571 832 2626 «mini
861 2586 1072 2628 morum
1115 2573 1400 2628 honrstate
1434 2589 1544 2642 prae
1581 2574 1795 2628 caeteris
1821 2573 2026 2628 clarere
2054 2571 2269 2640 conspi—

686 2664 882 2726 cimus,
922 2663 1066 2720 sicut
1111 2680 1204 2721 eos
1242 2666 1476 2736 quadam
1521 2665 1776 2720 familiari
1823 2665 2110 2720 dilectione
2160 2679 2270 2734 pra}

685 2755 902 2814 caneris
963 2757 1361 2828 amplectimur,
1428 2758 1502 2812 ita
1567 2773 1782 2828 quoque
1848 2772 1946 2811 nos
2009 2755 2271 2810 concedet

686 2843 1119 2905 sacerdotalibus
1171 2846 1496 2917 quihusdam
1553 2847 1856 2916 insignibus
1904 2860 2017 2914 pra:
2064 2843 2274 2900 caeteris

688 2935 980 2998 decorare.
1035 2936 1290 3007 ipsosque
1342 2951 1464 2991 cum
1523 2937 1684 2992 rebus
1731 2935 2082 2991 ecclesiarum
2141 2948 2275 3003 quas

691 3033 890 3091 regunt
950 3032 1152 3078 nostra:
1204 3024 1517 3093 apostolicae.
1577 3025 1920 3080 auctoritatis
1989 3022 2152 3075 tutela
2214 3036 2276 3074 ac

691 3114 1007 3170 defensione
1056 3113 1326 3170 stabiliter
1379 3117 1611 3180 munire,
1657 3125 1925 3186 quatenus
1980 3114 2159 3168 caeteri
2211 3113 2276 3166 ad

693 3206 1047 3276 religionem,
1111 3206 1456 3263 sanctitatem
1516 3217 1571 3264 et
1630 3207 1995 3262 omnimodam
2069 3219 2279 3258 morum

695 3299 1062 3364 honestatem,
1095 3312 1194 3352 nec
1235 3313 1340 3352 non
1387 3297 1452 3350 ad
1484 3307 1684 3351 sanetae
1724 3297 1980 3351 Romamn
2029 3293 2282 3348 Ecclesite

701 3397 759 3441 et
804 3403 1030 3443 summa:
1077 3390 1223 3443 sedis
1261 3389 1530 3459 pontiﬁcis
1574 3388 1809 3442 debitam
1859 3386 2281 3456 subjectionem,

703 3478 1090 3544 reverentiam,
1129 3479 1471 3534 devotionem
1507 3490 1559 3531 ct
1588 3476 2019 3532 ardentissimum
2051 3473 2286 3528 dilectio-

702 3587 830 3634 nem
858 3570 1159 3627 ferventius
1186 3571 1497 3628 incilentur.

778 3660 956 3728 Unde,
981 3661 1150 3719 frater
1178 3663 1500 3718 charissime
1523 3671 1578 3716 et
1603 3660 1770 3716 abbas
1795 3658 2099 3714 venerande
2127 3655 2290 3710 Joan-

709 3769 830 3821 nes,
878 3755 1005 3824 quia
1067 3763 1118 3809 te
1164 3754 1457 3823 religione,
1513 3751 1834 3815 sanctitate,
1887 3748 2188 3805 humilitate
2235 3755 2291 3801 et

710 3845 1020 3905 unmimoda
1045 3847 1316 3918 probitate
1345 3843 1574 3915 pollere,
1623 3849 1680 3897 et
1708 3843 1761 3897 in
1806 3847 2005 3896 sanctte
2037 3837 2293 3892 Romanae

710 3938 969 3995 Ecclesia)
1001 3938 1278 4007 nostrique
1314 3933 1659 3990 devotissima
1687 3931 2020 4002 subjectione
2057 3939 2112 3984 et
2139 3929 2294 3983 obse-

711 4033 840 4101 quio
885 4033 1097 4088 fervere
1145 4031 1438 4094 intuemur,
1490 4025 1746 4082 sandaliis
1790 4033 1844 4078 et
1891 4021 2177 4077 dahnatica
2227 4018 2294 4072 ad

714 4123 1006 4183 missarum
1031 4121 1450 4176 celebrationem
1481 4130 1531 4174 te
1557 4109 1912 4185 concedimus
1933 4115 2029 4176 uti,
2063 4128 2162 4168 nec
2190 4127 2296 4166 non

721 4224 830 4266 tam
876 4213 943 4267 ad
990 4211 1209 4273 missam
1238 4225 1398 4279 quam
1442 4209 1507 4262 ad
1533 4209 1802 4262 solemnes
1846 4205 2218 4284 processioues
2249 4211 2300 4256 te

721 4307 881 4360 mitra
926 4315 984 4360 ct
1024 4302 1312 4374 cyrothecis
1355 4300 1580 4365 ornari,
1635 4307 1902 4368 quatenus
1952 4295 2202 4366 precibus
2246 4302 2302 4348 et

720 4395 933 4452 meritis
963 4393 1107 4448 illius
1132 4394 1304 4447 beata:
1345 4389 1568 4458 virginis
1596 4397 1651 4442 et
1681 4385 1961 4456 martyris,
1995 4383 2150 4451 cujus
2177 4397 2301 4436 cor-

2306 3165 2351 3227 C

2339 593 2458 636 ceat
2486 581 2866 639 maledictioni.
2899 582 3002 652 Qui
3047 594 3226 637 autem
3263 585 3583 638 observator
3618 586 3874 648 exstiterit,

2339 675 2612 744 repleatur
2635 676 2962 731 abundantia
2994 676 3300 745 apostolica:
3324 676 3740 731 benedictionis.

2412 767 2606 821 Datum
2656 752 3007 838 Pataviiper
3053 782 3270 836 manum
3309 767 3574 822 Bernardi
3613 769 3723 822 vice
3763 767 3879 822 Petri

2341 858 2672 920 cancellarii,
2747 848 3240 914 anno‘Dominica:
3297 859 3690 914 incarnationis
3749 860 3877 923 i053.

2345 950 2532 1004 iudict.
2560 966 2629 1015 vt,
2653 966 2795 1009 anno
2817 959 2998 1005 autem
3025 951 3370 1020 pontificatus
3391 951 3600 1008 domini
3623 949 3802 1006 Leonis
3822 950 3880 1007 1X

2344 1058 2496 1112 papa:
2565 1057 2615 1108 ν,
2672 1050 2868 1111 quarto
2912 1040 3046 1096 Non.
3106 1041 3355 1112 Augusti.
3410 1040 3613 1100 Actum
3673 1041 3879 1109 feliciter,

2345 1151 2524 1190 amen.

3077 1200 3189 1260 CX.
3231 1260 3233 1262 .

2419 1294 2479 1350 S.
2504 1293 2606 1349 Leo
2633 1293 2712 1348 IX
2738 1295 3050 1348 monasterio
3076 1295 3323 1349 Besnensi
3349 1295 3628 1365 privilegia
3656 1296 3831 1350 tribuit.

2940 1388 3114 1454 tAuno
3154 1371 3335 1456 {0529

2723 1473 3053 1546 [D'Achery,
3094 1473 3281 1544 Spicil.
3314 1475 3375 1540 ll,
3399 1473 3560 1545 49.5.]
3636 1548 3639 1549 ν

2420 1567 2532 1622 Leo
2577 1567 2885 1636 episcopus,
2932 1581 3124 1621 servus
3169 1561 3452 1622 servorum
3509 1563 3626 1628 Dei,
3672 1559 3886 1627 Oscum,

2353 1659 2532 1714 abbati
2557 1659 2845 1714 Besuensis
2874 1657 3224 1723 monasterii,
3259 1657 3480 1727 tuisque
3509 1653 3884 1719 successoribns,

2356 1760 2670 1823 perpetuam
2701 1750 2753 1804 in
2779 1748 3010 1804 Domino
3039 1749 3289 1804 salutem.

2429 1839 2694 1894 Convenit
2750 1838 3047 1908 apostolico
3113 1837 3474 1894 moderamini
3529 1838 3630 1908 'pia
3680 1835 3887 1905 religione

2361 1931 2685 2003 pollentibus
2737 1930 2997 1986 benevola
3048 1931 3426 2001 compassione
3474 1942 3808 1991 succurrere,
3845 1935 3888 1979 et

2363 2026 2660 2096 petentium
2681 2024 2964 2079 desideriis
2980 2039 3277 2095 congruum
3305 2024 3574 2095 impertiri
3605 2020 3882 2091 suffragium.

2363 2118 2704 2187 Quapropter
2742 2115 2984 2171 inclinati
3032 2116 3283 2186 precibus
3333 2116 3468 2180 luis,
3496 2114 3570 2170 liii
3599 2112 3887 2172 charissime,

2364 2205 2705 2264 decrevimus
2740 2221 2890 2260 more
2930 2215 3336 2262 antecessorum
3369 2214 3679 2261 nostrorum
3705 2204 3790 2256 hoc
3817 2215 3888 2254 no-

2365 2307 2479 2354 stro
2509 2297 2793 2370 privilegio
2821 2297 3132 2367 apostolicae
3162 2297 3430 2361 tuitiouis,
3469 2305 3649 2351 vestro
3686 2289 3888 2346 Bcsuensi

2367 2392 2698 2453 monasterio
2746 2400 2966 2461 propter
3010 2389 3352 2444 imminentes
3399 2387 3812 2458 persecutiones,
3849 2391 3890 2433 et

2369 2493 2586 2554 propter
2615 2483 2929 2541 innumeros
2961 2497 3119 2536 casus
3154 2482 3247 2550 qui
3288 2479 3690 2550 superveniunt,
3717 2475 3884 2544 dignam

2369 2577 2669 2632 concedere
2718 2575 3048 2630 libertatem.
3086 2573 3350 2628 Videlicet
3395 2581 3456 2626 nt
3507 2571 3644 2625 nulla
3690 2576 3890 2637 persona,

2372 2678 2466 2724 attt
2494 2667 2600 2723 ulla
2641 2675 2904 2737 potestas,
2941 2666 3056 2721 sive
3088 2665 3484 2727 ecclesiasnca,
3522 2677 3612 2716 seu
3656 2653 3890 2716 stecularis,

2373 2774 2539 2827 super
2592 2772 2713 2812 eam
2763 2756 2960 2812 audeat
3014 2756 3437 2812 dominationem
3497 2761 3589 2807 aut
3631 2755 3891 2820 potestatem

2374 2865 2643 2920 usurpare
2683 2856 2880 2920 prmter
2925 2847 3321 2918 Lingonensem
3369 2845 3706 2914 episcopum,
3745 2835 3817 2905 qui
3853 2834 3890 2884 ei

2376 2938 2750 3008 patrocinetur
2776 2935 2924 3007 juste
2949 2946 3004 2990 et
3029 2936 3308 2992 canonice.
3355 2934 3448 2990 Sic
3479 2943 3654 2988 tamen
3683 2937 3733 2982 ut
3755 2926 3794 2980 ei
3817 2937 3892 2976 non

2379 3028 2539 3086 liceat
2592 3041 2771 3097 neque
2823 3025 3088 3081 ministris
3147 3024 3265 3092 ejus
3318 3034 3497 3082 terras
3547 3032 3636 3077 aut
3685 3015 3890 3073 beneficia

2381 3117 2696 3174 monasterii
2717 3127 3076 3180 commutare,
3123 3115 3210 3170 vel
3251 3114 3402 3178 dare,
3429 3130 3535 3169 nec
3564 3125 3703 3173 vasa,
3727 3121 3807 3161 nec
3826 3119 3893 3158 or-

2384 3219 2660 3276 namenta,
2688 3223 2782 3264 seu
2809 3208 3087 3264 volumina
3113 3207 3455 3271 subtrahere,
3484 3215 3576 3260 aut
3598 3202 3896 3273 qualicunque

2382 3302 2670 3372 occasione
2715 3300 2974 3370 diripere.
3017 3297 3212 3354 Omnia
3255 3312 3386 3352 vero
3435 3305 3754 3366 quaecunque
3777 3286 3896 3341 ιυιιρι

2384 3394 2468 3452 vel
2500 3400 2664 3458 tenet,
2695 3391 2779 3447 vel
2809 3391 3147 3462 acquisierit,
3191 3389 3539 3459 supradictus
3567 3377 3892 3439 lucushabcat.

2385 3493 2440 3539 et
2463 3491 2643 3537 teneat
2666 3490 2849 3536 nostra
2871 3479 3171 3551 apostolica
3192 3477 3604 3544 confirmatione
3624 3473 3734 3543 jute
3751 3474 3896 3538 pert":~

2389 3583 2499 3640 tuo,
2529 3575 2580 3634 in
2609 3572 2980 3642 cujuscunque
3005 3570 3223 3626 dioecesi
3253 3571 3345 3626 sit.

2459 3640 2840 3722 Interdicimus
2874 3640 3038 3718 etiam
3087 3669 3275 3716 nostra
3323 3657 3641 3713 auctoritate
3675 3659 3725 3704 ut
3763 3640 3894 3699 nullus

2392 3756 2590 3811 audeat
2647 3754 2961 3825 supradicto
3025 3749 3356 3807 monasterio
3413 3748 3526 3805 vim
3593 3741 3792 3828 inferre.

2393 3859 2515 3900 eum
2553 3846 2606 3899 in
2655 3817 3042 3912 subiectionem
3071 3841 3436 3910 cujuscunque
3475 3826 3758 3891 monasterii

2394 3951 2540 4006 gere.
2588 3935 2855 4004 Raptores
2900 3930 3270 4000 cujuscunque
3307 3926 3518 3983 ordinis
3563 3922 3639 3978 vel
3685 3912 3897 4006 dignitatis

2397 4001 2524 4090 sint,
2558 4024 2648 4093 qui
2671 4001 2774 4078 res
2820 4037 2939 4091 qua:
2989 4020 3056 4074 ad
3092 4034 3253 4090 supra
3284 4016 3615 4072 nominatum
3659 4001 3894 4093 machina!

2398 4115 2690 4184 pertinent,
2721 4114 2836 4168 sive
2868 4113 2934 4166 de
2967 4110 3296 4172 hominibus,
3333 4123 3428 4162 seu
3479 4105 3546 4161 de
3575 4099 3734 4160 terris,
3763 4086 3896 4184 velt”

2401 4205 2866 4276 qualibuscunque
2887 4201 3068 4264 rebus,
3095 4199 3236 4254 unde
3261 4203 3569 4252 sustentare
3593 4200 3643 4245 et
3668 4186 3813 4276 vivet?
3827 4175 3893 4227 δε·

2402 4273 2532 4353 bent
2576 4294 2708 4349 inibi
2757 4292 2867 4346 Deo
2895 4290 3215 4351 servientes,
3264 4285 3544 4355 rapuerint
3582 4278 3656 4333 vel
3679 4273 3896 4330 subtraxe-

2405 4388 2539 4452 rint,
2589 4385 2817 4455 ligamus
2850 4397 2944 4442 eos
2981 4380 3241 4452 ligamine
3287 4375 3459 4432 sancti
3507 4368 3643 4427 Petri
3685 4365 3896 4428 ιιειιυθίὶυο

726 4502 828 4558 pus
849 4486 903 4540 in
924 4483 1216 4540 commisso
1238 4482 1330 4535 tibi
1355 4478 1682 4534 monasterio
1706 4475 2014 4544 requiescit,
2033 4488 2130 4544 pro
2152 4471 2305 4540 cujus
2333 4502 2382 4561 ι)
2408 4489 2647 4545 congrue
2671 4472 3034 4529 satiSfaeiant.

726 4580 892 4646 etiazu
921 4579 1131 4634 honore
1173 4589 1238 4629 ac
1265 4573 1554 4628 dilectione
1591 4569 1686 4622 tibi
1724 4566 2033 4642 supradicta
2059 4563 2307 4620 concedi-

729 4685 868 4730 mus.
895 4667 1140 4740 adjuvari
1169 4665 1462 4720 valeamus.

802 4744 998 4817 Omnia
1029 4760 1252 4828 insuper
1280 4770 1401 4824 quin
1432 4753 1500 4808 ad
1535 4751 1850 4823 praedictum
1881 4748 2052 4803 beatae
2087 4746 2312 4801 Justiute

733 4849 1125 4915 monasterium
1171 4847 1442 4917 pertinent
1479 4843 1624 4913 justc
1657 4839 1918 4910 acquisita
1969 4838 2083 4892 sive
2129 4836 2314 4905 acqui-

736 4934 926 5009 rcnua,
973 4939 1074 4995 sub
1115 4937 1280 4993 tutela
1329 4951 1393 4991 ac
1444 4932 1759 4990 defensione
1811 4931 1953 4986 sedis
2005 4928 2314 4998 apostolicae

733 5029 1084 5109 suscipimus,
1113 5028 1263 5092 salvo
1289 5025 1498 5082 scilicet
1538 5023 1660 5094 jure
1687 5022 1881 5076 matris
1927 5030 2031 5074 tuae
2065 5018 2317 5076 Ecclesia:

742 5119 1039 5177 Paduanae.

783 5209 1002 5264 .Nullus
1053 5208 1220 5279 igitur
1275 5207 1754 5277 archiepiscopus,
1806 5206 2131 5274 cpiscopus,
2179 5202 2318 5267 dux,

745 5301 1008 5363 mat-chio,
1037 5315 1242 5364 comes,
1269 5300 1592 5363 vicecomes,
1621 5297 1870 5367 nullaque
1906 5309 2097 5366 magna
2129 5308 2322 5364 parva-

2480 4544 2838 4624 Prohibemus
2867 4565 3032 4620 etiam
3084 4575 3152 4616 ne
3199 4558 3341 4614 infra
3371 4571 3532 4612 unam
3561 4551 3787 4639 lcuvama
3810 4544 3892 4639 tuo:

2413 4659 2652 4717 nasterio
2679 4657 2839 4711 liceat
2865 4653 3026 4708 alicui
3058 4651 3295 4720 aliquem
3339 4645 3590 4702 invadere
3615 4634 3688 4692 vel
3718 4631 3808 4720 611's
3827 4631 3892 4720 ξεί

2413 4752 2649 4806 auferre.
2684 4747 2996 4801 Statucntcs
3041 4740 3335 4811 apostolica
3365 4747 3588 4792 censura
3629 4740 3690 4782 ne
3727 4714 3808 4774 ulla
3827 4709 3894 4761 ¹¹⁰’

2415 4843 2623 4898 minum
2655 4852 2896 4908 persona
2949 4817 3143 4903 magna
3176 4831 3257 4884 vel
3305 4843 3469 4899 parva
3515 4810 3893 4913 conital'f’cl’:

2415 4945 2586 4990 strum
2623 4894 2960 5000 privilegium
2991 4894 3176 4978 venire
3207 4927 3493 4989 pertcntel-
3525 4908 3660 4981 Quod
3681 4903 3716 5000 ξί

2419 4987 2712 5096 apostolico
2742 4987 3072 5071 anathemati
3107 5010 3430 5080 subjacebit,
3461 5016 3620 5096 usque
3643 4994 3700 5050 ad

2421 5082 2866 5170 satisfactionem.
2906 5107 3007 5173 Qui
3053 5120 3179 5159 vero
3227 5100 3550 5161 servaverit,
3594 5082 3894 5174 benedictio?

2423 5216 2620 5261 nostra:
2666 5200 2836 5272 gratia
2877 5197 3201 5260 cumuletur,
3231 5201 3288 5247 et
3311 5201 3526 5247 aeterna:
3563 5184 3670 5238 vitae
3696 5166 3896 5244 particeps

2423 5297 2706 5353 eiliciatur.
3771 5344 3780 5353 .

2827 5379 2870 5392 ..
3037 5377 3073 5392 η
3115 5385 3126 5392 _
3169 5374 3182 5392 .
3353 5390 3358 5392 _
3402 5387 3445 5392 __
3474 5374 3643 5392 ,μηηα
3667 5344 3781 5392 nam
3815 5338 3895 5386 ilia-
