4020 5392
567 255 664 313 791
1880 254 1938 312 S.
1979 255 2222 312 LEONIS
2258 256 2326 310 IX
2364 255 2564 313 PAPIE

3709 257 3802 318 792

573 385 695 440 qua)
765 368 818 423 in
857 365 1144 440 ejusmodi
1201 365 1418 440 litteris
1465 375 1761 440 occurrunt
1820 367 1886 440 a_d
1953 365 2339 440 signiﬁcantius
2389 363 2666 440 Dajoarios
2714 375 2770 440 et
2826 365 3158 435 Dajoariam,
3207 366 3562 440 posteriorum
3616 381 3800 440 tempe.

574 435 694 494 rum
747 439 962 508 genium
1005 438 1237 505 sapiunt.
1270 436 1607 508 Jamqualia
1641 439 1800 490 verba
1845 436 2040 490 Leonis
2083 450 2232 504 papa:
2275 435 2340 488 ad
2376 435 2680 508 _lAleuricum
2734 438 3061 508 Francorum
3109 435 3324 505 regem,
3366 437 3557 505 quilms
3590 435 3800 508 eum-ob

570 513 712 565 banc
753 505 1181 562 subtractionem
1247 506 1410 576 solari
1466 507 1724 560 conatur!
1784 508 1961 576 qualis
2009 521 2190 559 sermo
2238 505 2511 576 pontiﬁcis
2541 546 2555 568 ,
2617 514 2674 558 ut
2720 506 2927 576 Arnulﬁ
2977 505 3178 560 furtum
3226 507 3514 576 approbet!
3579 507 3678 562 Sed
3727 512 3800 564 his

569 581 730 656 nugis
761 579 962 633 diutius
994 579 1270 656 ἱιιιιιιριποιχ.
1317 575 1696 656 llaudtamen
1717 575 1980 656 absolute
2009 577 2338 656 negaverim,
2385 575 2567 656 Leone
2607 591 2741 656 papa
2775 575 3082 656 liatispona:
3109 575 3436 639 demorante,
3471 580 3800 646 qumstionetn

569 644 890 719 de'corpore
917 648 1086 719 sancti
1114 644 1352 717 Dionysii
1379 648 1688 719 ventilatam
1713 646 1880 719 fuisse
1907 647 1980 715 (id
2009 644 2152 698 enim
2187 653 2242 699 et
2271 644 2508 719 Annales
2536 644 2787 700 Sasonici
2821 644 3061 719 tradunt)
3109 656 3269 719 atque
3299 648 3352 701 in
3399 644 3572 701 san—eti
3611 649 3799 704 Emme-

567 714 774 774 rammi'
810 717 1006 787 templo
1039 728 1168 771 tunc
1200 714 1470 788 detectum
1504 716 1670 772 fuisse
1695 716 1964 786 quoddam
1995 729 2220 788 corpus,
2255 715 2400 788 quod
2427 714 2665 788 ejusdem
2702 718 2885 788 sancti
2920 717 3158 788 Dionysii
3191 732 3569 788 corpusesse,
3600 721 3802 787 prolatis

569 791 758 844 nescio
804 783 1000 858 quibus
1036 789 1273 848 tabulis.
1325 783 1747 856 liatispouenses
1805 783 2113 858 asseruere;
2171 785 2332 858 idque
2374 783 2512 838 forte
2549 786 2712 840 Leoni
2765 783 3080 855 persuasum
3134 783 3317 841 fuisse.
3371 787 3508 842 lliuc
3557 783 3637 843 est
3679 792 3800 858 quod

570 853 838 917 Henricus
914 874 1006 912 rex
1073 860 1137 912 ad
1201 853 1545 913 refellendam
1606 859 1745 912 hanc
1800 856 2148 928 opinionem,
2205 853 2541 928 [requeutem
2607 853 3022 925 episcoporum,
3085 857 3341 911 abbatum
3415 868 3471 910 et
3545 853 3804 928 procerum

572 944 768 984 cae:qu
829 930 883 984 in
940 929 1267 999 Dionysiano
1311 928 1644 988 monasterio
1702 943 1797 998 per
1840 925 2126 996 llugonem
2185 925 2437 978 abbatem
2503 927 2664 980 indici
2720 930 2918 994 jussit,
2969 944 3030 982 ac
3073 929 3242 982 sancti
3293 925 3556 1000 Dionysii
3598 929 3802 984 loculum

570 1015 690 1060 rese
699 1017 753 1054 ra
763 1000 827 1064 ri.

2047 1083 2366 1104 Ψ

1287 1175 1420 1230 CXI.

676 1269 916 1340 Diploma
943 1268 999 1324 S.
1034 1266 1220 1322 Leonis
1249 1266 1323 1322 ΙΧ
1360 1270 1423 1320 de
1449 1284 1661 1336 corpore
1689 1265 1745 1322 S.
1784 1265 2044 1338 Dionysii.

1114 1359 1294 1427 (Auno
1325 1358 1610 1427 1048-64.)

971 1451 1186 1522 [Mansi,
1216 1449 1415 1504 Concil.
1444 1447 1582 1513 XIX,
1615 1447 1767 1519 στι]

646 1544 701 1598 lu
734 1543 1036 1598 Salvatoris
1063 1543 1231 1596 nostri
1259 1541 1384 1594 Jesu
1423 1540 1624 1596 Christi
1672 1540 1908 1594 nomine.
1961 1539 2152 1594 Amen.

576 1636 689 1690 Leo
717 1636 1002 1704 episcopus
1034 1649 1221 1689 servus
1254 1648 1531 1686 servorum
1562 1631 1679 1695 Dei,
1711 1629 2016 1684 clarissimo
2048 1628 2156 1680 filio

577 1728 778 1798 inclyto
816 1727 924 1796 regi
967 1725 1318 1789 Francorum,
1353 1739 1416 1778 ac.
1463 1722 1862 1777 venerabilibus
1895 1720 2156 1773 fratribus

579 1816 1021 1886 archiepiscopis,
1051 1815 1321 1883 cpisc0pis
1349 1823 1403 1866 et
1429 1813 1642 1868 dilectis
1684 1812 1736 1866 in
1776 1810 1993 1866 Christo
2034 1809 2156 1862 liliis

579 1908 896 1971 abbatibus,
926 1907 1218 1976 prioribus,
1248 1904 1552 1975 pra-positis
1577 1914 1632 1958 et
1666 1901 1913 1966 decanis;
1947 1899 2156 1956 univcr-

579 2005 759 2072 sisque
787 2010 896 2056 tam
927 2000 1156 2055 subditis
1198 2015 1359 2068 quam
1402 1997 1638 2068 praelatis
1683 1995 1924 2065 ejusdem
1979 1993 2152 2064 regni.

577 2091 803 2147 salutem
833 2098 887 2145 et
911 2088 1262 2158 apostolicam
1291 2086 1720 2141 benedictionem
1757 2098 1770 2136 :

654 2183 793 2236 Deus
822 2179 1181 2247 onu'tipotcus,
1211 2177 1299 2246 qui
1335 2194 1440 2230 nou
1471 2176 1742 2230 immerito
1783 2186 1879 2242 per
1913 2171 2154 2242 Prophe-

579 2285 690 2330 tam
723 2276 773 2327 iu
811 2272 1015 2327 sanctis
1040 2271 1153 2325 suis
1192 2284 1310 2324 esse
1341 2269 1603 2323 mirabilis
1643 2267 1988 2338 prmdicatur,
2021 2265 2154 2316 mira

577 2367 812 2437 quadam
843 2363 1208 2420 inscrutabilis
1239 2361 1451 2416 consilii
1482 2361 1559 2414 sui
1586 2357 1956 2428 profunditate
1979 2356 2156 2422 dispm

580 2460 658 2514 nit
689 2471 704 2511 :
732 2472 852 2528 quae
881 2458 1007 2510 dum
1032 2455 1380 2510 considerare
1415 2469 1521 2508 non
1550 2451 1744 2507 sufficit
1773 2464 1924 2504 mens
1963 2449 2155 2501 Imma-

579 2565 671 2612 ua,
699 2548 814 2618 ipsa
843 2547 1039 2602 suimet
1086 2546 1401 2600 inlirmitate
1447 2543 1728 2607 deﬁciens,
1763 2543 1814 2596 iu
1865 2539 2154 2610 quemdam
2189 2515 2232 2573 Β

578 2641 659 2694 sui
684 2653 969 2695 excessum
998 2637 1110 2707 rapi
1143 2636 1352 2707 cogitur
1395 2644 1450 2690 et
1497 2643 1794 2704 stuporem.
1846 2631 1998 2698 Quod
2055 2628 2156 2698 ipsi

579 2748 677 2792 uos
716 2747 886 2801 nuper
919 2730 1148 2798 experti,
1180 2737 1235 2783 et
1285 2728 1436 2782 vobis
1462 2729 1514 2782 in
1547 2727 1765 2781 Christo
1793 2723 2155 2784 charissimis,

579 2834 636 2878 et
665 2822 1002 2877 universitati
1034 2819 1270 2874 fidelium
1303 2818 1646 2890 promulgare
1692 2816 2069 2886 compellimur
2104 2826 2162 2870 ut

580 2926 635 2971 et
667 2915 779 2978 _Dei
831 2929 996 2984 opera
1053 2913 1258 2982 pariter
1309 2911 1662 2964 admiremur.
1719 2908 1851 2963 Nam
1908 2924 2030 2963 cum
2067 2924 2162 2977 per

584 3009 896 3060 instantiam
925 3004 1255 3061 serenissimi
1279 3001 1622 3072 imperatoris
1645 3000 1860 3054 llenrici
1886 2999 1951 3052 ad
1979 3009 2161 3069 partes

581 3097 886 3157 Germania:
931 3095 1247 3158 \‘isitaudas,
1291 3109 1353 3148 ac
1390 3093 1657 3163 prtecipue
1706 3092 1772 3144 ad
1823 3093 2008 3145 urbem
2041 3105 2161 3160 qua:

581 3188 781 3246 dicitur
801 3186 1122 3256 Balispona,
1157 3185 1243 3240 vel
1272 3184 1641 3253 Regeuspurg,
1672 3182 1880 3237 evocati
1917 3196 2163 3235 essemus

581 3281 648 3335 ad
713 3277 1020 3335 venerabile
1077 3293 1275 3347 corpus
1335 3276 1476 3330 beati
1546 3273 1846 3345 Wollgangi
1920 3274 2159 3344 ejusdem

581 3373 733 3428 urbis
779 3371 1017 3442 episcOpi
1071 3368 1538 3432 transferemlmn,
1574 3367 1676 3421 hoc
1721 3382 1783 3420 ea
1840 3382 1946 3436 qua
1981 3365 2164 3420 decuit

583 3465 888 3522 reverentia
916 3472 970 3516 et
1000 3462 1284 3517 devotione
1316 3468 1556 3530 peracto,
1583 3459 1682 3521 tui.
1713 3458 2043 3513 Francorum
2071 3473 2161 3512 rex

582 3559 636 3618 in
667 3554 904 3619 Christo,
936 3552 1005 3606 ﬁli
1036 3551 1377 3614 charissime,
1404 3565 1501 3610 nos
1531 3549 1689 3620 legati
1718 3557 2164 3618 tuorumqueom-

582 3647 731 3714 nium
763 3645 881 3699 vice
927 3642 1142 3698 solliciti
1181 3650 1459 3712 rogarunt,
1509 3651 1776 3711 quatenus
1825 3639 1994 3702 litem.
2043 3655 2161 3710 quae

586 3742 728 3794 inter
761 3753 858 3792 vos
905 3745 960 3790 et
1013 3737 1200 3790 urbem
1252 3735 1561 3804 prmdiclatn
1608 3748 1770 3804 super
1801 3732 2165 3787 sacrosanctis

583 3833 798 3886 ossibus
839 3828 1142 3886 beatissimi
1190 3827 1428 3899 Dionysii
1477 3827 1817 3897 Areopagitae
1861 3827 2166 3882 diutissime

583 3923 900 3978 ventilatam
933 3921 1162 3976 veritate
1201 3920 1442 3974 discussa
1495 3920 1751 3974 dirimere
1801 3934 2118 3973 curarenms
2149 3958 2162 3971 .

583 4015 740 4070 vobis
790 4015 1008 4082 quidem
1061 4015 1246 4068 eadem
1303 4013 1443 4081 apud
1498 4028 1593 4067 vos
1652 4026 1772 4066 esse
1824 4011 2163 4076 dicentibus,

586 4106 794 4163 civibus
825 4114 1004 4158 autem
1044 4115 1206 4173 atque
1239 4103 1429 4157 incolis
1460 4104 1607 4157 urbis
1644 4102 1880 4172 pnel‘ata:
1909 4112 2166 4156 astruen-

588 4197 787 4250 tibuse
829 4209 1088 4248 coaverso
1118 4210 1179 4248 ea
1216 4210 1311 4263 per
1359 4194 1777 4247 invictissimum
1828 4192 2164 4260 Aruulphum

587 4285 859 4353 quondam
885 4285 1266 4353 imperatorem
1295 4284 1361 4335 ad
1392 4283 1674 4337 ecclesiam
1721 4284 1862 4337 beati
1913 4283 2169 4353 martyris

588 4375 935 4429 l'lmmerauui
999 4388 1120 4427 esse
1177 4372 1479 4437 translata,
1545 4373 1850 4441 ibidemque
1913 4373 2170 4442 deinceps

589 4467 871 4520 contineri.
903 4466 1036 4533 Qua)
1063 4465 1280 4535 quidem
1310 4465 1544 4519 Ecclesia
1576 4465 1704 4519 inibi
1738 4465 1838 4520 sita
1867 4476 1970 4531 est,
2005 4476 2169 4535 atque

589 4556 658 4611 ab
691 4556 834 4610 omni
865 4555 1091 4609 aliorum
1116 4554 1449 4623 subjectione
1487 4569 1550 4608 ac
1586 4555 1965 4625 jurisdietioue
1997 4556 2165 4612 libera

586 4657 639 4704 et
672 4658 920 4716 excepta,
948 4646 1118 4716 adjus
1145 4657 1194 4700 et
1228 4647 1612 4715 preprielatem
1642 4647 1784 4702 beati
1835 4647 1980 4702 Petri
2029 4665 2160 4718 apo-

585 4741 791 4796 stolica:
840 4739 986 4793 sedis
1051 4740 1362 4793 immediate
1422 4741 1701 4808 pertinere
1762 4741 2162 4812 dignoscitur:

588 4832 860 4886 oblatione
895 4830 1143 4885 videlicet
1190 4831 1627 4885 excellentissimi
1659 4831 2031 4886 Romanorum
2065 4834 2170 4888 im-

590 4923 859 4992 peratoris
899 4920 1078 4980 Caroli
1129 4921 1304 4992 Magni
1345 4938 1410 4976 ac
1458 4932 1800 4991 posterorum
1855 4924 2047 4994 ipsius,
2081 4926 2170 4994 qui

592 5015 768 5069 eidem
797 5015 1058 5069 hactenus
1091 5023 1491 5077 successerunt,
1516 5029 1608 5069 seu
1643 5016 1693 5068 in
1720 5016 1966 5083 imperio,
1994 5031 2088 5069 seu
2119 5017 2171 5070 in

593 5119 777 5173 regno.
809 5104 1038 5172 ldipsum
1070 5105 1420 5159 nihilominus
1472 5105 1802 5161 venerabilis
1845 5107 2010 5161 abbas
2068 5109 2171 5162 Rc-

595 5196 904 5265 ginwardus
943 5211 1007 5250 ac
1034 5196 1225 5250 fratres
1272 5196 1511 5265 ejusdem
1564 5198 1816 5252 Ecclesi:e
1868 5216 1990 5252 cum
2044 5200 2168 5254 ιιιιί-

592 5285 853 5340 versitate
889 5283 1182 5353 Ratispoua
1229 5287 1626 5342 instantissime
1676 5288 1981 5357 petiverunt
2029 5288 2166 5344 ﬁeri.

2176 1177 2224 1234 Α
2255 1174 2454 1245 scripta
2491 1177 2752 1246 Aruulphi
2786 1177 3009 1246 Augusti
3041 1177 3394 1248 ordinemque
3424 1178 3502 1233 rei
3534 1178 3804 1250 diligentis-

2258 1268 2394 1322 sime
2420 1266 2784 1338 perlegentes;
2810 1283 2912 1322 nec
2940 1283 3005 1322 eo
3033 1270 3295 1334 contenti,
3328 1285 3544 1339 capsas,
3571 1272 3739 1326 thecas
3759 1279 3804 1325 et

2258 1359 2480 1424 scrinia,
2503 1359 2555 1414 in
2579 1359 2773 1428 quibus
2799 1373 2968 1414 sacrae
2986 1360 3225 1430 reliquiae
3239 1362 3473 1416 condita:
3494 1363 3803 1428 dicebantur,

2258 1467 2322 1506 ac
2359 1451 2542 1505 titulos
2586 1467 2647 1507 ac
2683 1453 3073 1522 epigrammata
3106 1454 3442 1519 eorumdem,
3489 1454 3642 1510 oculo
3675 1463 3806 1511 tenus

2257 1544 2440 1600 solerti
2469 1545 2718 1599 examine
2742 1546 3080 1600 discutienda
3104 1547 3343 1616 nihilque
3368 1547 3664 1602 omittendo
3687 1546 3808 1616 quod

2259 1636 2325 1690 ad
2357 1637 2757 1706 indagationem
2780 1637 3125 1693 certitudinis
3145 1640 3401 1708 pertinet,
3436 1649 3546 1693 tam
3586 1639 3805 1710 imperia-

2259 1727 2399 1782 libus
2437 1743 2598 1798 quam
2642 1728 2921 1798 papalibus
2951 1739 3356 1785 antecessorum
3393 1740 3693 1786 nostrorum
3734 1731 3807 1785 lit-

2260 1819 2388 1873 teris
2413 1816 2738 1873 sullicientcr
2769 1819 3043 1885 instructi,
3074 1820 3298 1890 picturis
3327 1836 3546 1890 quoque
3572 1821 3803 1890 parietum

2259 1911 2643 1982 multiplicibus
2671 1921 2725 1967 et
2756 1913 3050 1983 sculpturis
3079 1915 3488 1980 vetustissimis,
3529 1915 3806 1984 exprimen.

2258 2005 2402 2059 tibus
2436 2005 2631 2059 indicia
2661 2005 2904 2060 veritatis
2930 2015 2982 2060 et
3013 2013 3164 2061 notas
3189 2025 3202 2060 :
3230 2005 3534 2061 indubitata
3569 2005 3664 2059 [ide
3687 2021 3807 2059 com-

2260 2094 2518 2163 perimus,
2544 2094 2670 2148 dicti
2699 2093 2933 2149 doctoris
2955 2104 3008 2149 ct
3034 2095 3290 2166 martyris
3333 2109 3459 2149 ossa
3491 2093 3804 2155 venerabilia.

2259 2193 2482 2254 excepta
2530 2185 2789 2256 particula
2852 2187 3008 2240 unica
3067 2186 3224 2240 simul
3277 2195 3332 2240 et
3366 2187 3588 2241 minima
3642 2199 3809 2239 manus

2259 2279 2483 2340 dextras,
2511 2279 2651 2346 apud
2685 2287 3039 2332 memoratum
3069 2277 3128 2331 Β.
3159 2278 3509 2333 Emmeranni
3538 2277 3804 2333 ccenobium

2262 2367 2606 2438 integraliter
2655 2366 2942 2421 contineri.
2984 2366 3195 2422 Etenim
3229 2409 3243 2431 ,
3282 2382 3348 2422 ne
3398 2368 3692 2422 testimonia
3727 2365 3807 2419 ho-

2261 2461 2488 2525 minum,
2519 2475 2639 2530 qure
2670 2459 2782 2528 jam
2835 2461 3101 2524 diximus,
3133 2478 3237 2514 non
3284 2459 3609 2522 sullicerent,
3654 2457 3808 2514 divina

2261 2567 2476 2622 quoque
2507 2568 2612 2608 non
2667 2553 2885 2608 deluere
2915 2553 3158 2623 prodigia
3199 2563 3252 2607 et
3284 2561 3535 2621 portenta
3575 2565 3684 2620 qua:
3721 2549 3804 2602 du-

2263 2643 2408 2698 bium
2453 2659 2615 2698 omne
2663 2644 2880 2714 penitus
2929 2643 3224 2714 abegerunt
3260 2660 3273 2696 :
3315 2659 3436 2714 qua:
3489 2657 3584 2697 nos
3625 2652 3806 2710 quoque

2263 2737 2529 2792 conscribi
2569 2737 2834 2806 jussimus
2881 2735 3188 2806 diligenter,
3247 2735 3510 2803 vobisque
3547 2726 3804 2786 transmitti

2263 2843 2360 2900 per
2394 2837 2604 2882 vestros
2640 2828 2856 2882 nuntios
2892 2841 2956 2881 ae
2991 2826 3227 2896 legatos,
3273 2841 3369 2880 nec
3407 2841 3516 2880 non
3552 2823 3681 2892 apud
3727 2834 3802 2872 ec-

2263 2918 2484 2974 clesiam
2536 2917 2850 2988 praedictam
2904 2926 3164 2986 perpetuo
3199 2915 3548 2978 conservari;
3589 2922 3640 2966 ut
3674 2919 3720 2966 et
3749 2908 3803 2962 ad

2265 3017 2513 3079 posteros
2574 3016 2739 3078 gestae
2790 3007 2869 3062 rei
2922 3007 3112 3060 notitia
3154 3005 3485 3068 deducatur,
3523 3013 3572 3058 et
3610 2999 3808 3055 ulterius

2265 3099 2507 3168 litigandi
2557 3099 2780 3153 materia
2829 3098 3044 3168 penitus
3093 3097 3468 3164 conquiescat.
3521 3095 3723 3161 Insuper
3761 3100 3805 3144 et

2265 3189 2511 3243 districte
2568 3189 2954 3259 praecipimus,
3013 3197 3316 3242 statuentes
3365 3197 3422 3240 ut
3479 3182 3806 3239 translationis

2267 3280 2435 3350 ipsius
2484 3279 2792 3334 veneranda
2824 3279 3172 3345 solemuitas,
3209 3288 3317 3332 tam
3349 3293 3379 3332 a
3412 3277 3664 3331 fratribus
3687 3271 3809 3340 ejus».

2265 3376 2385 3431 dem
2429 3374 2676 3430 ecclesia!
2712 3390 2874 3444 quam
2911 3374 2980 3428 ab
3017 3373 3285 3427 universis
3323 3371 3476 3426 urbis
3505 3369 3610 3438 jam
3643 3367 3802 3425 dieue.

2266 3469 2424 3523 anuis
2475 3467 2736 3539 singulis,
2789 3481 2913 3521 cum
2973 3465 3116 3521 omni
3163 3463 3504 3532 jucunditale
3550 3471 3602 3516 et
3642 3456 3806 3530 gaudio

2265 3558 2602 3624 celebretur,
2665 3565 2885 3626 totaque
2941 3555 3196 3625 tripudiet
3251 3555 3398 3624 regio
3450 3552 3804 3609 Germanorum

2268 3651 2402 3707 tanti
2430 3649 2609 3704 Patris
2639 3657 2801 3718 atque
2831 3645 3040 3717 patroni
3073 3645 3323 3699 adventui
3355 3660 3461 3698 non
3494 3644 3704 3708 ingrata.

2342 3743 2450 3799 Vos
2477 3753 2658 3797 autem
2689 3741 2741 3795 in
2768 3739 2989 3795 Christo
3017 3737 3353 3792 dilectissimi
3387 3737 3479 3790 lilii
3499 3777 3514 3801 ,
3548 3749 3630 3788 rex
3660 3731 3802 3784 Fran-

2194 3852 2238 3914 ο
2273 3853 2461 3894 corum
2491 3835 2677 3906 tuique
2709 3833 2922 3897 ﬁdeles,
2953 3832 3200 3902 quamvis
3233 3831 3504 3885 invidendi
3536 3822 3804 3882 Teutoniae

2269 3929 2412 3998 genti
2461 3927 2748 3982 videamini
2791 3923 2995 3992 justam
3038 3923 3253 3992 quidem
3296 3923 3497 3976 habere
3524 3915 3800 3973 materiam,

2269 4020 2341 4074 ita
2375 4026 2435 4071 ιιι
2464 4016 2667 4085 putatis
2698 4014 2896 4068 merito
2923 4012 2992 4066 de
3020 4009 3442 4064 Alemaunorum
3475 4007 3619 4062 vobis
3646 3999 3802 4056 laetitia

2269 4110 2340 4164 sit
2377 4106 2705 4169 dolendum;
2758 4102 3168 4158 considerantes
3219 4109 3394 4154 tamen
3434 4108 3489 4154 et
3531 4096 3616 4151 Dei
3657 4089 3798 4146 Omni-

2269 4198 2508 4268 potentis
2549 4204 2603 4251 et
2646 4193 2831 4250 invicti
2874 4193 3128 4258 martyris
3171 4191 3251 4245 sui
3295 4189 3796 4250 voluntatem,qttem

2269 4290 2508 4344 ablatum
2550 4287 2838 4357 plangitis,
2881 4283 3270 4338 consolationis
3311 4282 3527 4336 tandem
3569 4272 3798 4332 admittite

2273 4382 2688 4453 placamentum,
2731 4386 3022 4448 pensantes
3063 4375 3322 4428 attentius
3358 4374 3500 4442 quod
3546 4383 3637 4424 nec
3673 4362 3796 4418 vobis

2271 4451 2482 4526 ablatus
2517 4479 2630 4532 est,
2660 4468 2856 4538 quippe
2905 4467 2994 4536 qui
3051 4464 3402 4520 charissimos
3447 4451 3802 4532 praedicationis

2271 4578 2382 4617 suae
2416 4571 2470 4616 et
2504 4559 2769 4630 passionis
2805 4565 3116 4621 consortes,
3157 4555 3436 4609 Rusticum
3485 4563 3537 4608 et
3581 4544 3794 4604 Eleuthe-

2275 4655 2413 4709 rium
2437 4694 2451 4717 ,
2484 4654 2537 4706 in
2569 4651 2876 4706 dilectionis
2907 4649 3082 4703 adhue
3111 4656 3161 4700 et
3196 4645 3376 4700 tutela)
3411 4646 3594 4716 pignus
3624 4648 3671 4693 et
3701 4647 3800 4689 cer-

2276 4745 2558 4798 titudinem
2597 4741 2888 4810 dereliquit
2916 4759 2928 4792 :
2964 4754 3063 4794 nec
3093 4737 3296 4800 doletc,
3329 4736 3372 4790 si
3403 4735 3681 4789 Germanos
3706 4725 3794 4790 iam

2273 4833 2498 4887 visitare
2522 4832 2774 4902 dignatus
2801 4838 2883 4884 est
2914 4828 2996 4880 vel
3027 4825 3344 4889 defunctus,
3373 4824 3462 4894 qui
3491 4821 3631 4876 vobis
3653 4815 3795 4870 adhuc

2274 4924 2460 4978 vivens
2504 4921 2840 4992 praedicavit,
2890 4931 2942 4976 et
2991 4919 3131 4991 apttd
3179 4933 3273 4973 vos
3321 4916 3515 4971 bonum
3563 4918 3793 4966 certamen

2275 5015 2565 5077 certando,
2603 5029 2821 5069 cursum
2871 5011 3321 5070 consummando.
3373 5009 3526 5063 [idem
3570 4993 3796 5056 servando

2277 5105 2346 5177 (1
2391 5105 2524 5160 Tim.
2573 5103 2701 5175 tv),
2755 5105 3082 5172 triumphum
3133 5101 3340 5173 peregit
3395 5087 3798 5177 victuriosissimfe

2201 5187 2248 5246 Β
2275 5174 2571 5266 passionis,
2611 5174 2946 5264 apostolatus
2983 5195 3064 5250 sui
3103 5208 3267 5263 super
3298 5206 3395 5246 vos
3447 5191 3588 5256 signa
3616 5192 3707 5236 tam
3751 5174 3792 5226 ill

2277 5289 2386 5342 vita
2418 5288 2707 5359 perliciens
2735 5302 2894 5357 quam
2927 5287 2980 5340 in
3011 5294 3205 5340 morte.

3414 5389 3426 5392 _
3442 5389 3457 5392 _
3513 5369 3674 5392 r.---n-n
3711 5370 3800 5392 ηΛΙΙ
