4020 5392
300 235 389 294 793
961 230 1316 290 ΕΡΙΒΤΟΙΔΞ
1353 232 1440 288 ΕΤ
1481 232 1840 289 DIPLOMAT.

1944 232 2344 288 l‘ONTlFlCIA.
2376 261 2448 273 -
2485 231 2602 286 ΛΡῘ
2621 228 2844 285 ENDIX.

3414 225 3515 282 796

297 344 510 402 Accedet
563 342 911 397 nihilominus
975 343 1359 401 consolationis
1403 355 1458 400 et
1504 345 1605 399 alia
1661 346 1798 399 ratio
1821 387 1836 412 ,
1869 351 1912 407 Α
1942 362 2101 399 omne
2142 361 2239 414 per
2269 345 2369 398 hoc
2400 346 2612 415 penitus
2642 341 2972 410 amputavit,
3006 340 3147 412 quod
3179 354 3282 393 non
3314 339 3365 393 in
3397 340 3511 410 ipsa

295 445 342 488 et
364 433 653 489 auctoritas
672 435 875 488 scilicet
898 443 950 488 et
978 436 1296 494 excellentia
1319 437 1691 492 subtractoris.
1716 433 1840 491 Prev

296 526 472 579 tiosum
518 524 734 592 quidem
767 525 1075 579 thesaurum
1121 541 1218 581 vos
1254 527 1552 596 perdidisse
1589 528 1838 592 fatemur,

292 614 374 668 sed
400 613 660 672 ablatoris
690 615 948 668 attendite
976 615 1295 685 dignitatem
1321 633 1336 681 ;
1369 617 1636 687 simulque
1667 617 1841 672 Patris

290 714 337 756 et
362 703 583 772 apostoli
618 704 782 758 vestri
825 705 1008 774 gloriae
1046 707 1412 775 congaudete,
1453 710 1544 778 qui
1586 725 1708 764 cum
1748 725 1842 764 vos

289 796 590 850 meritorum
639 806 801 866 atque
847 797 1106 852 doctrina:
1147 815 1258 854 sua:
1298 817 1429 872 gaza
1471 802 1757 868 ditaverit,
1787 812 1842 858 et

289 885 622 956 reliquiarum
656 887 846 941 saltem
878 903 1096 943 suarum
1128 905 1192 944 ac
1219 893 1510 960 apothecas
1541 902 1648 947 tam
1681 893 1842 948 devo-

288 987 387 1030 tum
415 975 588 1032 furem
617 978 701 1032 sui
731 979 974 1048 corporis
1004 979 1167 1035 habet
1190 997 1352 1051 quam
1388 983 1648 1053 insignem
1667 1025 1680 1047 ,
1710 999 1842 1039 auro

286 1071 452 1139 utique
480 1077 536 1124 et
569 1071 786 1138 topazio
826 1072 1141 1138 meliorem,
1179 1075 1268 1143 qui
1299 1076 1379 1129 sui
1411 1076 1592 1132 valore
1623 1078 1688 1131 ad
1717 1093 1842 1131 ossa

283 1175 368 1214 sua
394 1161 738 1215 sanctissima
767 1162 1129 1217 subtrahendo
1155 1164 1457 1220 Caesareum
1487 1168 1649 1222 etiam
1680 1169 1841 1223 verti-

283 1264 386 1303 ceut
428 1249 728 1305 inclinavit.
775 1249 881 1306 Nec
927 1251 1182 1320 maiestas
1214 1253 1540 1323 imperialis,
1571 1272 1668 1312 nec
1697 1259 1841 1328 regia

281 1337 555 1403 celsitudo,
590 1341 664 1408 pii
693 1339 831 1396 {uris
861 1342 949 1396 hic
979 1352 1156 1397 notam
1185 1354 1277 1396 aut
1304 1361 1498 1400 nomen
1541 1346 1754 1401 erubuit
1785 1347 1838 1402 itt

279 1430 546 1500 Arnulpho
573 1450 586 1485 :
617 1433 910 1488 dummodo
936 1435 1076 1490 beati
1105 1437 1350 1507 corporis
1373 1438 1564 1508 opibus
1591 1439 1673 1494 vel
1696 1439 1837 1506 doli,

279 1520 352 1573 vel
378 1518 500 1574 furti
519 1562 533 1584 ,
563 1521 650 1575 vel
677 1523 946 1592 sacrilegii
979 1524 1134 1580 modo
1158 1529 1362 1582 sacrari
1390 1537 1551 1597 atque
1577 1529 1840 1585 ditescere

279 1621 589 1675 mereretur,
635 1613 728 1682 qui
774 1612 924 1668 fures
964 1626 1126 1684 atque
1166 1618 1459 1688 sacrilegos
1502 1629 1620 1674 erat
1648 1621 1840 1676 solitus

1944 436 2149 500 Roma,
2177 451 2282 489 non
2313 436 2363 488 in
2407 451 2726 504 quacunque
2770 433 3084 502 metropoli,
3127 446 3232 486 non
3282 431 3334 485 in
3377 430 3514 488 urbe

1943 527 2180 597 qualibet
2207 527 2356 596 regni
2386 526 2465 579 vel
2497 540 2622 578 arce
2664 524 2763 579 sibi
2807 524 3057 578 studebat
3098 523 3297 593 eligere
3331 521 3512 592 sepul-

1946 627 2152 682 turam,
2204 617 2296 672 scd
2328 615 2414 670 ubi
2462 631 2617 669 suum
2660 630 2717 668 se
2757 613 3063 684 Dionysium
3100 612 3407 667 condidisse
3453 619 3512 668 et

1941 712 2152 776 sciunt,
2181 720 2234 764 et
2264 709 2533 769 lzetantur,
2577 724 2675 762 suo
2718 722 2775 762 se
2815 722 3037 776 sperans
3077 705 3375 776 patrocinio
3413 699 3510 759 de-

1942 801 2266 856 fendendum
2311 809 2364 853 et
2411 797 2946 854 conresuscitandum
2995 796 3047 848 in
3087 794 3174 849 die
3214 795 3512 850 novissimo

1942 909 2064 948 eum
2097 892 2288 946 beatis.
2323 889 2684 944 Praesentibus
2712 888 2876 955 igitur
2903 886 3244 940 dilectionem
3272 894 3508 940 vestram

1944 997 2225 1037 monemus
2272 983 2563 1045 attentius,
2611 989 2665 1034 et
2707 980 2989 1034 hortamur
3031 978 3083 1032 in
3130 977 3387 1041 Domino,
3429 977 3511 1031 di-

1943 1075 2130 1130 stricte
2160 1075 2535 1144 pra-cipientcs
2564 1082 2832 1143 quatenus
2863 1070 3084 1124 Rustico
3117 1078 3170 1124 et
3200 1068 3510 1122 Eleutherio

1944 1167 2028 1237 pie
2073 1166 2345 1229 contenti,
2392 1181 2498 1218 non
2548 1164 2797 1219 fallentes
2839 1162 3196 1231 vosmetipsos
3241 1170 3294 1216 et
3341 1159 3508 1226 alios,

1942 1257 2236 1314 beatissimi
2289 1256 2527 1328 Dionysii
2581 1271 2706 1310 ossa
2761 1253 2812 1308 in
2861 1253 2992 1308 urbe
3036 1251 3510 1321 Batisponensium

1942 1351 2081 1422 apud
2132 1349 2417 1406 ecclesiam
2451 1347 2602 1403 Beati
2649 1346 2996 1402 Emmeranni
3030 1344 3283 1416 martyris
3325 1349 3381 1399 et
3415 1356 3514 1399 no-

1941 1443 2106 1498 Scatis
2133 1452 2187 1498 et
2212 1441 2486 1496 fateamini
2516 1454 2824 1494 coruscare.

2013 1534 2204 1587 Datum
2235 1542 2289 1586 ct
2319 1542 2497 1586 aetum
2531 1530 2838 1599 ltatisponzr
2878 1543 2974 1600 per
3017 1542 3206 1581 manus
3247 1521 3511 1579 Friderici

1943 1623 2187 1687 diaconi,
2243 1620 2636 1676 bibliothecarii
2689 1629 2742 1674 et
2791 1617 3101 1673 caueellarii
3153 1625 3354 1670 sanctae
3406 1615 3512 1668 Ro-

277 1700 649 1757 condemnare.
699 1701 999 1759 Dummodo
1044 1706 1260 1762 Macarii
1312 1708 1553 1779 Dionysii
1602 1711 1840 1780 pretioso
1873 1690 1913 1747 n
1943 1730 2114 1769 mante
2145 1712 2395 1768 Ecclesia:
2433 1711 2710 1766 catholicae
2749 1719 2802 1764 et
2845 1709 3186 1779 apostolicae,
3229 1722 3368 1760 anno
3409 1704 3513 1758 Do-

279 1805 492 1859 corpore
521 1791 823 1860 frueretur,
855 1793 942 1850 fur
979 1797 1092 1867 ipse
1133 1808 1258 1854 tune
1299 1798 1415 1854 ﬁeri
1456 1809 1509 1856 et
1548 1801 1840 1873 sacrilegus

277 1897 370 1935 non
409 1884 733 1952 eontempit.

336 1976 462 2030 Cum
507 1979 733 2049 insuper
772 1979 906 2036 lldes
952 1991 1114 2051 atque
1159 1983 1372 2038 devotio
1411 1984 1630 2040 dubium
1672 1985 1835 2040 etiam

279 2177 539 2201 ﬁ

1944 1805 2076 1860 mini
2123 1804 2409 1859 millesimo
2436 1802 2880 1874 quinquagesimo
2906 1801 3144 1856 secundo
3164 1841 3177 1864 ,
3209 1815 3348 1853 anno
3374 1814 3511 1868 pou-

1946 1897 2179 1952 tilicatus
2229 1896 2430 1950 domini
2480 1895 2674 1949 Leonis
2726 1894 2852 1948 noni
2905 1909 3054 1964 papa
3101 1901 3323 1962 quarto,
3370 1891 3509 1945 iudi-

1943 1987 2121 2041 ctionc
2151 1983 2243 2058 [Γ.
2271 1996 2446 2052 sexta,
2481 1983 2678 2056 "ARD.]
2709 1985 2913 2054 quinta,
2948 1983 3108 2037 Nonis
3137 1980 3403 2037 Octobris.

2863 2177 3486 2202 OM

855 2323 1349 2423 APPENDIX
1423 2325 1554 2423 AD
1616 2327 2134 2428 EPISTOLAS
2209 2329 2283 2427 S.
2357 2325 2697 2428 LEONIS
2769 2328 2903 2428 1X.

1842 2671 1935 2784 Ι.

1176 2906 1826 3049 ΜῐρΗᾼΕιΙδ
1903 2906 2585 2998 CJERULABII

1222 3057 1688 3154 parauitth
1727 3093 2544 3153 CONSTANTINOPOLITANI

823 3253 924 3314 ET
962 3251 1248 3314 LEONlS
1289 3253 1677 3316 ACRIDANI
1733 3235 2338 3326 ARCHIEPISCOPI
2391 3249 2942 3315 BULGAROBUM

1390 3416 1797 3481 EPISTOLA
1831 3420 1944 3480 AD
1971 3416 2373 3480 JOANNEM

1253 3577 1669 3634 TRANENSEM
1702 3578 1767 3633 ΙΝ
1803 3579 2052 3637 APULIA
2093 3579 2498 3638 EPISCOPUM.

964 3733 1137 3802 (Apud
1173 3732 1370 3788 Baron.
1415 3733 1634 3798 Aanal.,
1678 3732 1936 3799 tom.-Xl,
1974 3695 2047 3788 had
2073 3753 2162 3790 an.
2194 3735 2351 3800 1033,
2379 3752 2502 3807 pag.
2539 3737 2688 3806 ‘2l0.)

324 3993 576 4056 Michael.
603 4002 958 4065 cognomento
978 3993 1324 4056 Caerularius.
1349 4007 1555 4065 necnon
1583 4003 1635 4047 et
1657 3994 1767 4049 Leo
1787 3995 2106 4056 Aeridanus.
2136 3995 2578 4064 archiepiscopus
2602 3992 2972 4063 Bulgarorum,
3001 3991 3051 4045 in
3076 3996 3243 4065 suggi.
3271 4002 3506 4065 stionem

255 4066 494 4119 omnium
520 4059 860 4126 Latinorum,
899 4064 1154 4118 adversus
1185 4075 1426 4118 sanetam
1463 4063 1763 4118 Romanam
1796 4074 1851 4118 et
1879 4065 2227 4131 apostolicam
2255 4059 2616 4127 sedem,'imo
2644 4059 2830 4117 contra
2863 4077 3074 4116 omnem
3107 4059 3505 4116 occidentalem

255 4132 550 4189 Ecclesium
581 4135 914 4203 scripserunt
941 4133 1248 4202 epistolam,
1280 4149 1438 4202 quam
1472 4134 1736 4203 miserunt
1767 4135 1832 4187 ad
1859 4132 2120 4188 Joannem
2153 4133 2482 4188 Tranensem
2520 4134 2570 4203 iu
2602 4133 2792 4203 Apulia
2821 4132 3151 4202 episcopum.
3178 4132 3507 4203 pervulgari-

255 4204 372 4273 dam
405 4205 547 4270 apud
584 4201 804 4258 Latinos
831 4201 1038 4268 omnes,
1072 4203 1156 4256 cui
1191 4203 1240 4256 in
1272 4201 1458 4258 cOdiee
1487 4202 1670 4257 titulus
1707 4203 2010 4271 hujusmodi
2041 4203 2232 4258 aﬂixus
2261 4203 2496 4273 legitur:
2531 4201 2805 4257 Calumnéa
2833 4201 3191 4273 episcoporum
3227 4201 3509 4273 Michaelis

254 4269 823 4343 Consta’ntinopolitani
848 4285 893 4325 et
927 4273 1113 4326 Leonis
1139 4273 1414 4343 Acridani,
1439 4269 2160 4342 pervicaciterexltalanlium
2197 4269 2468 4343 pestiferas
2492 4273 2737 4343 mephjtes
2760 4269 3083 4343 diversarum
3115 4271 3505 4343 Ittet'eseou_arl-

254 4357 424 4396 uersus
453 4339 689 4396 sanctam
716 4341 1001 4411 Romanam
1029 4352 1076 4396 et
1106 4339 1449 4411 apostolicam
1475 4343 1671 4406 sedem,
1699 4345 1803 4397 imo
1829 4355 2011 4397 contra
2040 4339 2241 4398 omnem
2270 4339 2514 4396 Latinam
2542 4339 2588 4396 et
2619 4341 3004 4396 Occidentalem
3033 4340 3343 4411 Ecclesium.
3375 4339 3506 4394 lla'c

252 4414 459 4474 quidem
507 4413 772 4465 calumnia
815 4410 996 4482 (ἐφ’εο
1037 4410 1271 4465 sermone
1313 4413 1570 4482 editatet
1612 4411 1812 4467 Joannt'
1859 4412 2116 4467 Tranensi
2147 4414 2389 4482 episcopo,
2426 4413 2480 4464 in
2514 4411 2903 4482 sugillationem
2933 4410 3528 4482 omnium_Latinorttm.~

252 4482 470 4545 directa,
501 4499 618 4534 cum
641 4482 822 4548 ftnsset
853 4479 1014 4534 Tram‘
1041 4482 1270 4534 exhibita
1301 4481 1454 4548 fratri
1472 4481 1781 4546 llumberlo,
1814 4495 2011 4538 sancta:
2036 4479 2283 4537 Ecclesia:
2313 4479 2470 4537 Silva:
2495 4479 2748 4536 Candida
2775 4485 3034 4550 episcopo,
3068 4482 3121 4534 in
3149 4479 3397 4534 Latinum
3425 4490 3505 4532 εδει

252 4553 510 4604 translata
533 4552 649 4621 ejus
676 4551 874 4612 studio,
905 4562 1058 4617 atque
1088 4551 1265 4604 delata
1291 4553 1505 4605 domino
1529 4552 1686 4607 Leoni
1710 4570 1868 4607 nono.
1899 4553 2016 4617 Qua
2043 4556 2200 4610 etiam
2222 4555 2308 4606 llic
2337 4553 2406 4606 ad
2434 4553 2694 4606 cautelam
2725 4555 3007 4621 multorum
3037 4560 3084 4603 et
3115 4551 3376 4613 notitiam,
3400 4567 3506 4602 non

251 4631 438 4743 auleml
466 4619 815 4744 adoliqiianl:
846 4621 1123 4675 utilitatem
1167 4621 1385 4688 inserta,
1415 4623 1615 4676 cunctis
1657 4625 1790 4676 scire
1821 4623 2108 4678 volentibus
2151 4623 2377 4693 ﬁdeliter
2417 4631 2493 4677 est
2536 4632 2860 4676 conservata.
2892 4619 3010 4692 Ipsa
3040 4627 3222 4674 autem
3262 4622 3506 4689 ipsorunt

253 4700 421 4744 eutsto
444 4707 474 4744 a
504 4706 586 4744 ste
618 4706 677 4744 se
727 4705 775 4743 ia
819 4699 872 4744 et
902 4707 914 4742 :

253 4699 474 4757 epistola
504 4699 586 4745 sic
618 4706 677 4744 se
710 4699 872 4744 habet.
902 4707 914 4742 :

321 4781 592 4846 MICHAEL,
631 4779 952 4834 universalis
993 4779 1296 4849 patriarcha
1340 4795 1490 4834 novre
1529 4780 1737 4847 Romae,
1768 4791 1821 4836 et
1849 4787 1894 4848 C
1926 4783 2160 4839 Sabbata
2194 4784 2292 4852 ipsi
2320 4784 2592 4838 custodire
2630 4797 2659 4836 a
2692 4781 2872 4850 Moyse
2902 4780 3041 4849 jussi
3071 4789 3224 4845 sunt;
3259 4790 3504 4836 nostrum

250 4868 379 4938 Leo,
402 4871 844 4940 archiepiscopus
864 4871 1092 4926 Aeridite
1116 4871 1424 4940 metropolis
1452 4871 1821 4942 Bulgarorum,
1929 4893 2055 4931 vero
2092 4877 2299 4932 Pascha
2339 4877 2586 4932 Christus
2625 4883 2728 4930 est.
2777 4875 2878 4941 Qui
2911 4885 2969 4928 ut
3005 4888 3109 4927 non
3135 4873 3287 4942 juxta
3332 4873 3503 4944 legem

249 4961 440 5017 dilecto
464 4961 618 5016 fratri
655 4959 838 5016 losum
869 4961 1128 5016 Tranensi
1159 4962 1427 5032 episcopo.
1925 4967 2258 5023 inveniretur
2282 4966 2650 5029 adversarius,
2678 4971 2730 5018 et
2755 4964 3109 5018 circumcisus
3135 4970 3234 5025 est,
3259 4971 3315 5017 et
3336 4962 3507 5030 legale

317 5053 407 5109 Dei
447 5069 640 5124 magna
682 5051 898 5108 dileCtio
935 5063 988 5109 et
1021 5052 1261 5124 jucunda
1303 5054 1706 5126 compositionis
1746 5056 1825 5110 t'i-
1925 5057 2132 5112 Pascha
2171 5056 2462 5110 celebravit
2507 5055 2775 5125 primitus.
2825 5053 2916 5109 Sic
2954 5052 3046 5108 illo
3075 5051 3382 5106 discedente
3409 5066 3507 5105 nos

247 5159 394 5184 «an
422 5145 692 5199 ﬁnxerunt
713 5159 812 5202 nos
837 5149 1076 5208 scribere
1098 5145 1167 5199 ad
1199 5155 1341 5201 tuam
1373 5150 1740 5212 sanctitatem,
1768 5159 1823 5204 et
1923 5160 2094 5206 strqu
2126 5165 2322 5203 novum
2352 5158 2606 5218 operatus
2643 5154 2746 5201 est.
2793 5146 2859 5202 Et
2898 5149 3001 5202 hoc
3042 5142 3382 5199 manifestum
3426 5152 3506 5196 est

2640 5239 2946 5268 ιΙ.ιηι..-.....ι
2996 5237 3071 5268 na
3100 5238 3326 5268 ωινι-Ιῗιυι
3354 5251 3506 5268 ηωονι

1929 5245 1977 5268 ξ-.
2007 5240 2292 5268 ναίηται-’Λίδη
2317 5239 2608 5268 ΑΑΑιιιιλιιιιι
