  <div class='ocr_page' id='page_1' title='image "/cluster/home/n/w/nwhite01/storage/ocr_20150623/143/hvd.32044015471816/401.png"; bbox 0 0 4020 5392; ppageno 0'>
   <div class='ocr_carea' id='block_1_1' title="bbox 473 168 579 224">
    <p class='ocr_par' dir='ltr' id='par_1_1' title="bbox 473 168 579 224">
     <span class='ocr_line' id='line_1_1' title="bbox 473 168 579 224; baseline 0.019 -2"><span class='ocrx_word' id='word_1_1' title='bbox 473 168 579 224; x_wconf 82' lang='lat'><strong><em>795</em></strong></span> 
     </span>
    </p>
   </div>
   <div class='ocr_carea' id='block_1_2' title="bbox 2783 136 3124 170">
    <p class='ocr_par' dir='ltr' id='par_1_2' title="bbox 2783 136 3124 170">
     <span class='ocr_line' id='line_1_2' title="bbox 2783 136 3124 170; baseline 0.003 -12"><span class='ocrx_word' id='word_1_2' title='bbox 2783 138 2820 150; x_wconf 68' lang='grc'><strong><em>⁴,</em></strong></span> <span class='ocrx_word' id='word_1_3' title='bbox 2891 136 3015 159; x_wconf 54' lang='grc' dir='ltr'><strong><em>θψθ</em></strong></span> <span class='ocrx_word' id='word_1_4' title='bbox 3098 148 3124 170; x_wconf 52' lang='grc' dir='ltr'>ρ</span> 
     </span>
    </p>
   </div>
   <div class='ocr_carea' id='block_1_3' title="bbox 1747 170 3711 234">
    <p class='ocr_par' dir='ltr' id='par_1_3' title="bbox 1747 170 3711 234">
     <span class='ocr_line' id='line_1_3' title="bbox 1747 170 3711 234; baseline -0.003 -1"><span class='ocrx_word' id='word_1_5' title='bbox 1747 177 1805 233; x_wconf 85' lang='lat' dir='ltr'><strong><em>S.</em></strong></span> <span class='ocrx_word' id='word_1_6' title='bbox 1851 177 2094 234; x_wconf 75' lang='lat' dir='ltr'><strong><em>LEONIS</em></strong></span> <span class='ocrx_word' id='word_1_7' title='bbox 2131 174 2200 234; x_wconf 81' lang='lat' dir='ltr'><strong><em>1x</em></strong></span> <span class='ocrx_word' id='word_1_8' title='bbox 2228 170 2438 232; x_wconf 56' lang='lat' dir='ltr'><strong><em>&#39;PAPJE</em></strong></span> <span class='ocrx_word' id='word_1_9' title='bbox 3645 174 3711 228; x_wconf 71' lang='grc' dir='ltr'><strong><em>τε</em></strong></span> 
     </span>
    </p>
   </div>
   <div class='ocr_carea' id='block_1_4' title="bbox 471 278 3748 355">
    <p class='ocr_par' dir='ltr' id='par_1_4' title="bbox 471 278 3748 355">
     <span class='ocr_line' id='line_1_4' title="bbox 471 278 3748 355; baseline 0.005 -28"><span class='ocrx_word' id='word_1_10' title='bbox 471 292 643 330; x_wconf 86' lang='lat' dir='ltr'><strong><em>meum</em></strong></span> <span class='ocrx_word' id='word_1_11' title='bbox 669 293 828 345; x_wconf 83' lang='lat' dir='ltr'><strong><em>prope</em></strong></span> <span class='ocrx_word' id='word_1_12' title='bbox 859 287 966 342; x_wconf 85' lang='lat' dir='ltr'><strong><em>est;</em></strong></span> <span class='ocrx_word' id='word_1_13' title='bbox 991 278 1132 347; x_wconf 85' lang='lat' dir='ltr'><strong><em>apud</em></strong></span> <span class='ocrx_word' id='word_1_14' title='bbox 1161 288 1210 333; x_wconf 91' lang='lat' dir='ltr'><strong><em>te</em></strong></span> <span class='ocrx_word' id='word_1_15' title='bbox 1233 279 1372 348; x_wconf 78' lang='lat' dir='ltr'><strong><em>facio</em></strong></span> <span class='ocrx_word' id='word_1_16' title='bbox 1401 279 1607 337; x_wconf 79' lang='lat' dir='ltr'><strong><em>Pascha</em></strong></span> <span class='ocrx_word' id='word_1_17' title='bbox 1637 301 1754 337; x_wconf 82' lang='lat' dir='ltr'><strong><em>cum</em></strong></span> <span class='ocrx_word' id='word_1_18' title='bbox 1785 286 2052 355; x_wconf 69' lang='lat' dir='ltr'><strong><em>discipulis</em></strong></span> <span class='ocrx_word' id='word_1_19' title='bbox 2083 296 2128 351; x_wconf 78' lang='grc' dir='ltr'>Λ</span> <span class='ocrx_word' id='word_1_20' title='bbox 2158 285 2537 340; x_wconf 85' lang='lat' dir='ltr'><strong><em>ntautlucabitis</em></strong></span> <span class='ocrx_word' id='word_1_21' title='bbox 2565 301 2748 355; x_wconf 85' lang='lat' dir='ltr'><strong><em>panem</em></strong></span> <span class='ocrx_word' id='word_1_22' title='bbox 2774 287 2934 350; x_wconf 87' lang='lat' dir='ltr'><strong><em>hunc,</em></strong></span> <span class='ocrx_word' id='word_1_23' title='bbox 2967 297 3013 340; x_wconf 91' lang='lat' dir='ltr'><strong><em>et</em></strong></span> <span class='ocrx_word' id='word_1_24' title='bbox 3042 286 3251 340; x_wconf 83' lang='lat' dir='ltr'><strong><em>calicem</em></strong></span> <span class='ocrx_word' id='word_1_25' title='bbox 3286 285 3484 352; x_wconf 72' lang='lat' dir='ltr'><strong><em>bibetis,</em></strong></span> <span class='ocrx_word' id='word_1_26' title='bbox 3519 298 3748 342; x_wconf 84' lang='lat' dir='ltr'><strong><em>mortem</em></strong></span> 
     </span>
    </p>
   </div>
   <div class='ocr_carea' id='block_1_5' title="bbox 471 364 2052 444">
    <p class='ocr_par' dir='ltr' id='par_1_5' title="bbox 471 364 2052 444">
     <span class='ocr_line' id='line_1_5' title="bbox 471 364 2052 444; baseline 0.009 -30"><span class='ocrx_word' id='word_1_27' title='bbox 471 365 597 420; x_wconf 85' lang='lat' dir='ltr'><strong><em>meis</em></strong></span> <span class='ocrx_word' id='word_1_28' title='bbox 625 364 840 437; x_wconf 79' lang='lat' dir='ltr'><strong><em>(Matth.</em></strong></span> <span class='ocrx_word' id='word_1_29' title='bbox 869 366 1038 437; x_wconf 74' lang='lat' dir='ltr'><strong><em>xxvt).</em></strong></span> <span class='ocrx_word' id='word_1_30' title='bbox 1067 367 1130 421; x_wconf 82' lang='lat' dir='ltr'><strong><em>Et</em></strong></span> <span class='ocrx_word' id='word_1_31' title='bbox 1153 379 1274 438; x_wconf 90' lang='lat' dir='ltr'><strong><em>post</em></strong></span> <span class='ocrx_word' id='word_1_32' title='bbox 1298 371 1547 439; x_wconf 88' lang='lat' dir='ltr'><strong><em>pusillmn</em></strong></span> <span class='ocrx_word' id='word_1_33' title='bbox 1581 390 1594 428; x_wconf 89' lang='lat'><strong>:</strong></span> <span class='ocrx_word' id='word_1_34' title='bbox 1638 371 1850 444; x_wconf 75' lang='lat' dir='ltr'><strong><em>Vespere</em></strong></span> <span class='ocrx_word' id='word_1_35' title='bbox 1881 387 2052 430; x_wconf 85' lang='lat' dir='ltr'><strong><em>autem</em></strong></span> 
     </span>
    </p>
   </div>
   <div class='ocr_carea' id='block_1_6' title="bbox 469 453 2052 528">
    <p class='ocr_par' dir='ltr' id='par_1_6' title="bbox 469 453 2052 528">
     <span class='ocr_line' id='line_1_6' title="bbox 469 453 2052 528; baseline 0.008 -23"><span class='ocrx_word' id='word_1_36' title='bbox 469 454 608 522; x_wconf 76' lang='lat' dir='ltr'><strong><em>facta</em></strong></span> <span class='ocrx_word' id='word_1_37' title='bbox 646 453 997 508; x_wconf 74' lang='lat' dir='ltr'><strong><em>discumbebat</em></strong></span> <span class='ocrx_word' id='word_1_38' title='bbox 1035 473 1150 510; x_wconf 89' lang='lat' dir='ltr'><strong><em>cum</em></strong></span> <span class='ocrx_word' id='word_1_39' title='bbox 1191 458 1497 528; x_wconf 72' lang='lat' dir='ltr'><strong><em>duodecim,</em></strong></span> <span class='ocrx_word' id='word_1_40' title='bbox 1546 473 1594 516; x_wconf 88' lang='lat' dir='ltr'><strong><em>et</em></strong></span> <span class='ocrx_word' id='word_1_41' title='bbox 1637 462 1901 517; x_wconf 73' lang='lat' dir='ltr'><strong><em>edentibus</em></strong></span> <span class='ocrx_word' id='word_1_42' title='bbox 1949 465 2052 518; x_wconf 84' lang='lat' dir='ltr'><strong><em>illis</em></strong></span> 
     </span>
    </p>
   </div>
   <div class='ocr_carea' id='block_1_7' title="bbox 469 545 2051 623">
    <p class='ocr_par' dir='ltr' id='par_1_7' title="bbox 469 545 2051 623">
     <span class='ocr_line' id='line_1_7' title="bbox 469 545 2051 623; baseline 0.007 -26"><span class='ocrx_word' id='word_1_43' title='bbox 469 545 602 598; x_wconf 67' lang='lat' dir='ltr'><strong><em>dixit</em></strong></span> <span class='ocrx_word' id='word_1_44' title='bbox 643 561 665 600; x_wconf 85' lang='lat'><strong><em>.&#39;</em></strong></span> <span class='ocrx_word' id='word_1_45' title='bbox 705 545 898 612; x_wconf 77' lang='lat' dir='ltr'><strong><em>Amen,</em></strong></span> <span class='ocrx_word' id='word_1_46' title='bbox 939 564 1092 601; x_wconf 87' lang='lat' dir='ltr'><strong><em>auten</em></strong></span> <span class='ocrx_word' id='word_1_47' title='bbox 1133 549 1250 603; x_wconf 88' lang='lat' dir='ltr'><strong><em>dico</em></strong></span> <span class='ocrx_word' id='word_1_48' title='bbox 1296 551 1457 615; x_wconf 82' lang='lat' dir='ltr'><strong><em>vobis,</em></strong></span> <span class='ocrx_word' id='word_1_49' title='bbox 1503 555 1626 623; x_wconf 91' lang='lat' dir='ltr'><strong><em>quia</em></strong></span> <span class='ocrx_word' id='word_1_50' title='bbox 1663 571 1796 608; x_wconf 84' lang='lat' dir='ltr'><strong><em>unus</em></strong></span> <span class='ocrx_word' id='word_1_51' title='bbox 1829 564 2051 609; x_wconf 85' lang='lat' dir='ltr'><strong><em>vestrum</em></strong></span> 
     </span>
    </p>
   </div>
   <div class='ocr_carea' id='block_1_8' title="bbox 468 639 2046 714">
    <p class='ocr_par' dir='ltr' id='par_1_8' title="bbox 468 639 2046 714">
     <span class='ocr_line' id='line_1_8' title="bbox 468 639 2046 714; baseline 0.008 -24"><span class='ocrx_word' id='word_1_52' title='bbox 468 654 550 691; x_wconf 86' lang='lat' dir='ltr'><strong><em>me</em></strong></span> <span class='ocrx_word' id='word_1_53' title='bbox 578 639 874 694; x_wconf 89' lang='lat' dir='ltr'><strong><em>traditurus</em></strong></span> <span class='ocrx_word' id='word_1_54' title='bbox 904 649 999 694; x_wconf 88' lang='lat' dir='ltr'><strong><em>est.</em></strong></span> <span class='ocrx_word' id='word_1_55' title='bbox 1035 640 1098 696; x_wconf 85' lang='lat' dir='ltr'><strong><em>Et</em></strong></span> <span class='ocrx_word' id='word_1_56' title='bbox 1139 651 1262 712; x_wconf 87' lang='lat' dir='ltr'><strong><em>post</em></strong></span> <span class='ocrx_word' id='word_1_57' title='bbox 1301 645 1576 714; x_wconf 84' lang='lat' dir='ltr'><strong><em>pusillum,</em></strong></span> <span class='ocrx_word' id='word_1_58' title='bbox 1615 645 1828 702; x_wconf 80' lang='lat' dir='ltr'><strong><em>dicente</em></strong></span> <span class='ocrx_word' id='word_1_59' title='bbox 1869 644 2002 702; x_wconf 88' lang='lat' dir='ltr'><strong><em>Juda</em></strong></span> <span class='ocrx_word' id='word_1_60' title='bbox 2035 665 2046 701; x_wconf 91' lang='lat'><strong>:</strong></span> 
     </span>
    </p>
   </div>
   <div class='ocr_carea' id='block_1_9' title="bbox 472 725 2047 809">
    <p class='ocr_par' dir='ltr' id='par_1_9' title="bbox 472 725 2047 809">
     <span class='ocr_line' id='line_1_9' title="bbox 472 725 2047 809; baseline 0.008 -30"><span class='ocrx_word' id='word_1_61' title='bbox 472 725 728 800; x_wconf 79' lang='lat' dir='ltr'><strong><em>Nunquid</em></strong></span> <span class='ocrx_word' id='word_1_62' title='bbox 750 746 844 800; x_wconf 90' lang='lat' dir='ltr'><strong><em>ego</em></strong></span> <span class='ocrx_word' id='word_1_63' title='bbox 869 746 1004 797; x_wconf 89' lang='lat' dir='ltr'><strong><em>sum,</em></strong></span> <span class='ocrx_word' id='word_1_64' title='bbox 1034 729 1240 786; x_wconf 79' lang='lat' dir='ltr'><strong><em>Rabbi?</em></strong></span> <span class='ocrx_word' id='word_1_65' title='bbox 1263 734 1390 787; x_wconf 86' lang='lat' dir='ltr'><strong><em>dicit</em></strong></span> <span class='ocrx_word' id='word_1_66' title='bbox 1412 736 1460 788; x_wconf 92' lang='lat' dir='ltr'><strong><em>ei</em></strong></span> <span class='ocrx_word' id='word_1_67' title='bbox 1484 751 1504 789; x_wconf 89' lang='lat'><strong><em>:</em></strong></span> <span class='ocrx_word' id='word_1_68' title='bbox 1534 735 1610 789; x_wconf 82' lang='lat' dir='ltr'><strong><em>Tu</em></strong></span> <span class='ocrx_word' id='word_1_69' title='bbox 1632 735 1813 790; x_wconf 73' lang='lat' dir='ltr'><strong><em>dixiin</em></strong></span> <span class='ocrx_word' id='word_1_70' title='bbox 1841 737 2047 809; x_wconf 88' lang='lat' dir='ltr'><strong><em>(lbid.).</em></strong></span> 
     </span>
    </p>
   </div>
   <div class='ocr_carea' id='block_1_10' title="bbox 470 817 2050 898">
    <p class='ocr_par' dir='ltr' id='par_1_10' title="bbox 470 817 2050 898">
     <span class='ocr_line' id='line_1_10' title="bbox 470 817 2050 898; baseline 0.009 -28"><span class='ocrx_word' id='word_1_71' title='bbox 470 817 782 890; x_wconf 86' lang='lat' dir='ltr'><strong><em>llucusque,</em></strong></span> <span class='ocrx_word' id='word_1_72' title='bbox 821 835 854 875; x_wconf 90' lang='grc' dir='ltr'>ο</span> <span class='ocrx_word' id='word_1_73' title='bbox 883 820 977 876; x_wconf 87' lang='lat' dir='ltr'><strong><em>Dei</em></strong></span> <span class='ocrx_word' id='word_1_74' title='bbox 1013 821 1566 898; x_wconf 64' lang='lat' dir='ltr'><strong><em>liomiiies,,utii\&#39;ci&#39;sa</em></strong></span> <span class='ocrx_word' id='word_1_75' title='bbox 1611 825 1797 898; x_wconf 85' lang='lat' dir='ltr'><strong><em>legalis</em></strong></span> <span class='ocrx_word' id='word_1_76' title='bbox 1830 827 2050 885; x_wconf 72' lang='lat' dir='ltr'><strong><em>Pascha:</em></strong></span> 
     </span>
    </p>
   </div>
   <div class='ocr_carea' id='block_1_11' title="bbox 467 908 2050 983">
    <p class='ocr_par' dir='ltr' id='par_1_11' title="bbox 467 908 2050 983">
     <span class='ocr_line' id='line_1_11' title="bbox 467 908 2050 983; baseline 0.007 -22"><span class='ocrx_word' id='word_1_77' title='bbox 467 915 646 963; x_wconf 88' lang='lat' dir='ltr'><strong><em>sunt:</em></strong></span> <span class='ocrx_word' id='word_1_78' title='bbox 690 908 886 964; x_wconf 87' lang='lat' dir='ltr'><strong><em>deinde</em></strong></span> <span class='ocrx_word' id='word_1_79' title='bbox 927 925 1046 980; x_wconf 70' lang='lat' dir='ltr'><strong><em>qua:</em></strong></span> <span class='ocrx_word' id='word_1_80' title='bbox 1093 914 1304 983; x_wconf 83' lang='lat' dir='ltr'><strong><em>mystici</em></strong></span> <span class='ocrx_word' id='word_1_81' title='bbox 1357 924 1411 969; x_wconf 93' lang='lat' dir='ltr'><strong><em>et</em></strong></span> <span class='ocrx_word' id='word_1_82' title='bbox 1458 917 1628 972; x_wconf 88' lang='lat' dir='ltr'><strong><em>nostri</em></strong></span> <span class='ocrx_word' id='word_1_83' title='bbox 1674 926 1801 972; x_wconf 89' lang='lat' dir='ltr'><strong><em>sunt</em></strong></span> <span class='ocrx_word' id='word_1_84' title='bbox 1847 919 2050 974; x_wconf 85' lang='lat' dir='ltr'><strong><em>addidit</em></strong></span> 
     </span>
    </p>
   </div>
   <div class='ocr_carea' id='block_1_12' title="bbox 465 994 2047 1080">
    <p class='ocr_par' dir='ltr' id='par_1_12' title="bbox 465 994 2047 1080">
     <span class='ocr_line' id='line_1_12' title="bbox 465 994 2047 1080; baseline 0.009 -30"><span class='ocrx_word' id='word_1_85' title='bbox 465 997 823 1078; x_wconf 77' lang='lat' dir='ltr'><strong><em>evangelista,</em></strong></span> <span class='ocrx_word' id='word_1_86' title='bbox 858 1009 911 1054; x_wconf 89' lang='lat' dir='ltr'><strong><em>et</em></strong></span> <span class='ocrx_word' id='word_1_87' title='bbox 941 1000 1070 1055; x_wconf 80' lang='lat' dir='ltr'><strong><em>dicit</em></strong></span> <span class='ocrx_word' id='word_1_88' title='bbox 1106 1015 1120 1054; x_wconf 92' lang='lat'><strong>:</strong></span> <span class='ocrx_word' id='word_1_89' title='bbox 1160 994 1450 1060; x_wconf 81' lang='lat' dir='ltr'><strong><em>Edeutibus</em></strong></span> <span class='ocrx_word' id='word_1_90' title='bbox 1485 1017 1656 1061; x_wconf 89' lang='lat' dir='ltr'><strong><em>autent</em></strong></span> <span class='ocrx_word' id='word_1_91' title='bbox 1692 1007 1819 1075; x_wconf 84' lang='lat' dir='ltr'><strong><em>illis,</em></strong></span> <span class='ocrx_word' id='word_1_92' title='bbox 1854 1011 2047 1080; x_wconf 87' lang='lat' dir='ltr'><strong><em>accepit</em></strong></span> 
     </span>
    </p>
   </div>
   <div class='ocr_carea' id='block_1_13' title="bbox 465 1087 2048 1167">
    <p class='ocr_par' dir='ltr' id='par_1_13' title="bbox 465 1087 2048 1167">
     <span class='ocr_line' id='line_1_13' title="bbox 465 1087 2048 1167; baseline 0.006 -24"><span class='ocrx_word' id='word_1_93' title='bbox 465 1087 620 1143; x_wconf 85' lang='lat' dir='ltr'><strong><em>Jesus</em></strong></span> <span class='ocrx_word' id='word_1_94' title='bbox 662 1105 847 1160; x_wconf 91' lang='lat' dir='ltr'><strong><em>panem</em></strong></span> <span class='ocrx_word' id='word_1_95' title='bbox 885 1090 1060 1161; x_wconf 80' lang='lat' dir='ltr'><strong><em>fregit,</em></strong></span> <span class='ocrx_word' id='word_1_96' title='bbox 1090 1103 1136 1147; x_wconf 91' lang='lat' dir='ltr'><strong><em>et</em></strong></span> <span class='ocrx_word' id='word_1_97' title='bbox 1170 1094 1310 1148; x_wconf 84' lang='lat' dir='ltr'><strong><em>dedit</em></strong></span> <span class='ocrx_word' id='word_1_98' title='bbox 1347 1095 1616 1167; x_wconf 89' lang='lat' dir='ltr'><strong><em>discipulis</em></strong></span> <span class='ocrx_word' id='word_1_99' title='bbox 1643 1099 1752 1153; x_wconf 91' lang='lat' dir='ltr'><strong><em>suis</em></strong></span> <span class='ocrx_word' id='word_1_100' title='bbox 1793 1111 1839 1154; x_wconf 90' lang='lat' dir='ltr'><strong><em>et</em></strong></span> <span class='ocrx_word' id='word_1_101' title='bbox 1867 1101 2048 1155; x_wconf 77' lang='lat' dir='ltr'><strong><em>dixit:</em></strong></span> 
     </span>
    </p>
   </div>
   <div class='ocr_carea' id='block_1_14' title="bbox 466 1181 2046 1262">
    <p class='ocr_par' dir='ltr' id='par_1_14' title="bbox 466 1181 2046 1262">
     <span class='ocr_line' id='line_1_14' title="bbox 466 1181 2046 1262; baseline 0.009 -30"><span class='ocrx_word' id='word_1_102' title='bbox 466 1181 696 1251; x_wconf 81' lang='lat' dir='ltr'><strong><em>Accipite</em></strong></span> <span class='ocrx_word' id='word_1_103' title='bbox 722 1191 770 1236; x_wconf 89' lang='lat' dir='ltr'><strong><em>et</em></strong></span> <span class='ocrx_word' id='word_1_104' title='bbox 799 1184 1082 1250; x_wconf 89' lang='lat' dir='ltr'><strong><em>comedite;</em></strong></span> <span class='ocrx_word' id='word_1_105' title='bbox 1111 1185 1208 1239; x_wconf 88' lang='lat' dir='ltr'><strong><em>hoc</em></strong></span> <span class='ocrx_word' id='word_1_106' title='bbox 1232 1196 1306 1242; x_wconf 87' lang='lat' dir='ltr'><strong><em>est</em></strong></span> <span class='ocrx_word' id='word_1_107' title='bbox 1349 1203 1536 1258; x_wconf 81' lang='lat' dir='ltr'><strong><em>corpus</em></strong></span> <span class='ocrx_word' id='word_1_108' title='bbox 1579 1207 1746 1244; x_wconf 85' lang='lat' dir='ltr'><strong><em>meum</em></strong></span> <span class='ocrx_word' id='word_1_109' title='bbox 1777 1195 1918 1262; x_wconf 86' lang='lat' dir='ltr'><strong><em>quod</em></strong></span> <span class='ocrx_word' id='word_1_110' title='bbox 1951 1210 2046 1262; x_wconf 85' lang='lat' dir='ltr'><strong><em>pro</em></strong></span> 
     </span>
    </p>
   </div>
   <div class='ocr_carea' id='block_1_15' title="bbox 467 1263 2047 1353">
    <p class='ocr_par' dir='ltr' id='par_1_15' title="bbox 467 1263 2047 1353">
     <span class='ocr_line' id='line_1_15' title="bbox 467 1263 2047 1353; baseline 0.009 -31"><span class='ocrx_word' id='word_1_111' title='bbox 467 1270 606 1325; x_wconf 67' lang='lat' dir='ltr'><strong><em>vobis</em></strong></span> <span class='ocrx_word' id='word_1_112' title='bbox 646 1271 902 1326; x_wconf 84' lang='lat' dir='ltr'><strong><em>tradetur.</em></strong></span> <span class='ocrx_word' id='word_1_113' title='bbox 945 1270 1012 1326; x_wconf 80' lang='lat' dir='ltr'><strong><em>Et</em></strong></span> <span class='ocrx_word' id='word_1_114' title='bbox 1038 1275 1298 1344; x_wconf 78' lang='lat' dir='ltr'><strong><em>accipiens</em></strong></span> <span class='ocrx_word' id='word_1_115' title='bbox 1327 1273 1564 1346; x_wconf 82' lang='lat' dir='ltr'><strong><em>calicem,</em></strong></span> <span class='ocrx_word' id='word_1_116' title='bbox 1607 1285 1806 1352; x_wconf 79' lang='lat' dir='ltr'><strong><em>gratias</em></strong></span> <span class='ocrx_word' id='word_1_117' title='bbox 1846 1284 1966 1353; x_wconf 88' lang='lat' dir='ltr'><strong><em>egit,</em></strong></span> <span class='ocrx_word' id='word_1_118' title='bbox 1999 1263 2047 1337; x_wconf 90' lang='lat' dir='ltr'><strong><em>et</em></strong></span> 
     </span>
    </p>
   </div>
   <div class='ocr_carea' id='block_1_16' title="bbox 465 1359 2046 1444">
    <p class='ocr_par' dir='ltr' id='par_1_16' title="bbox 465 1359 2046 1444">
     <span class='ocr_line' id='line_1_16' title="bbox 465 1359 2046 1444; baseline 0.011 -33"><span class='ocrx_word' id='word_1_119' title='bbox 465 1359 606 1413; x_wconf 79' lang='lat' dir='ltr'><strong><em>dedit</em></strong></span> <span class='ocrx_word' id='word_1_120' title='bbox 637 1359 762 1425; x_wconf 89' lang='lat' dir='ltr'><strong><em>illis,</em></strong></span> <span class='ocrx_word' id='word_1_121' title='bbox 788 1361 966 1416; x_wconf 87' lang='lat' dir='ltr'><strong><em>dicens</em></strong></span> <span class='ocrx_word' id='word_1_122' title='bbox 989 1379 1008 1417; x_wconf 89' lang='lat'><strong><em>:</em></strong></span> <span class='ocrx_word' id='word_1_123' title='bbox 1035 1361 1204 1420; x_wconf 87' lang='lat' dir='ltr'><strong><em>Bibite</em></strong></span> <span class='ocrx_word' id='word_1_124' title='bbox 1225 1381 1289 1420; x_wconf 75' lang='lat' dir='ltr'><strong><em>ex</em></strong></span> <span class='ocrx_word' id='word_1_125' title='bbox 1315 1382 1373 1421; x_wconf 88' lang='lat' dir='ltr'><strong><em>eo</em></strong></span> <span class='ocrx_word' id='word_1_126' title='bbox 1405 1385 1598 1436; x_wconf 88' lang='lat' dir='ltr'><strong><em>omnes,</em></strong></span> <span class='ocrx_word' id='word_1_127' title='bbox 1625 1371 1707 1424; x_wconf 90' lang='lat' dir='ltr'><strong><em>hic</em></strong></span> <span class='ocrx_word' id='word_1_128' title='bbox 1735 1383 1807 1426; x_wconf 89' lang='lat' dir='ltr'><strong><em>est</em></strong></span> <span class='ocrx_word' id='word_1_129' title='bbox 1834 1375 2046 1444; x_wconf 82' lang='lat' dir='ltr'><strong><em>sanguis</em></strong></span> 
     </span>
    </p>
   </div>
   <div class='ocr_carea' id='block_1_17' title="bbox 450 1453 2042 1530">
    <p class='ocr_par' dir='ltr' id='par_1_17' title="bbox 450 1453 2042 1530">
     <span class='ocr_line' id='line_1_17' title="bbox 450 1453 2042 1530; baseline 0.01 -28"><span class='ocrx_word' id='word_1_130' title='bbox 450 1466 610 1527; x_wconf 43' lang='lat' dir='ltr'><strong><em>&#39;meus</em></strong></span> <span class='ocrx_word' id='word_1_131' title='bbox 649 1453 766 1505; x_wconf 79' lang='lat' dir='ltr'><strong><em>uoci</em></strong></span> <span class='ocrx_word' id='word_1_132' title='bbox 808 1457 1102 1508; x_wconf 75' lang='lat' dir='ltr'><strong><em>testamenti</em></strong></span> <span class='ocrx_word' id='word_1_133' title='bbox 1144 1453 1357 1527; x_wconf 87' lang='lat' dir='ltr'><strong><em>(Ibid.).</em></strong></span> <span class='ocrx_word' id='word_1_134' title='bbox 1407 1459 1647 1515; x_wconf 89' lang='lat' dir='ltr'><strong><em>Dieendo</em></strong></span> <span class='ocrx_word' id='word_1_135' title='bbox 1687 1463 1860 1528; x_wconf 89' lang='lat' dir='ltr'><strong><em>enim,</em></strong></span> <span class='ocrx_word' id='word_1_136' title='bbox 1905 1465 2042 1530; x_wconf 72' lang='lat' dir='ltr'><strong><em>uoci,</em></strong></span> 
     </span>
    </p>
   </div>
   <div class='ocr_carea' id='block_1_18' title="bbox 465 1543 2042 1622">
    <p class='ocr_par' dir='ltr' id='par_1_18' title="bbox 465 1543 2042 1622">
     <span class='ocr_line' id='line_1_18' title="bbox 465 1543 2042 1622; baseline 0.011 -28"><span class='ocrx_word' id='word_1_137' title='bbox 465 1543 980 1612; x_wconf 88' lang='lat' dir='ltr'><strong><em>ostemlitquomodo</em></strong></span> <span class='ocrx_word' id='word_1_138' title='bbox 1000 1561 1064 1601; x_wconf 88' lang='lat' dir='ltr'><strong><em>ea</em></strong></span> <span class='ocrx_word' id='word_1_139' title='bbox 1089 1562 1208 1616; x_wconf 76' lang='lat' dir='ltr'><strong><em>qua:</em></strong></span> <span class='ocrx_word' id='word_1_140' title='bbox 1233 1547 1437 1605; x_wconf 83' lang='lat' dir='ltr'><strong><em>Veteris</em></strong></span> <span class='ocrx_word' id='word_1_141' title='bbox 1455 1551 1672 1608; x_wconf 79' lang='lat' dir='ltr'><strong><em>fuerunt</em></strong></span> <span class='ocrx_word' id='word_1_142' title='bbox 1691 1555 2042 1622; x_wconf 88' lang='lat' dir='ltr'><strong><em>Testamenti,</em></strong></span> 
     </span>
    </p>
   </div>
   <div class='ocr_carea' id='block_1_19' title="bbox 2155 374 3750 448">
    <p class='ocr_par' dir='ltr' id='par_1_19' title="bbox 2155 374 3750 448">
     <span class='ocr_line' id='line_1_19' title="bbox 2155 374 3750 448; baseline 0.001 -20"><span class='ocrx_word' id='word_1_143' title='bbox 2155 375 2367 430; x_wconf 85' lang='lat' dir='ltr'><strong><em>Domini</em></strong></span> <span class='ocrx_word' id='word_1_144' title='bbox 2399 375 2774 429; x_wconf 84' lang='lat' dir='ltr'><strong><em>annuntiabitis</em></strong></span> <span class='ocrx_word' id='word_1_145' title='bbox 2804 374 2855 446; x_wconf 84' lang='grc' dir='ltr'><strong><em>(Ι</em></strong></span> <span class='ocrx_word' id='word_1_146' title='bbox 2879 374 3001 431; x_wconf 83' lang='lat' dir='ltr'><strong><em>Cor.</em></strong></span> <span class='ocrx_word' id='word_1_147' title='bbox 3029 377 3128 445; x_wconf 69' lang='grc' dir='ltr'>ιι).</span> <span class='ocrx_word' id='word_1_148' title='bbox 3159 375 3373 448; x_wconf 69' lang='lat' dir='ltr'><strong><em>Azymae</em></strong></span> <span class='ocrx_word' id='word_1_149' title='bbox 3400 391 3534 430; x_wconf 78' lang='lat' dir='ltr'><strong><em>vero</em></strong></span> <span class='ocrx_word' id='word_1_150' title='bbox 3566 389 3750 444; x_wconf 86' lang='lat' dir='ltr'><strong><em>neque</em></strong></span> 
     </span>
    </p>
   </div>
   <div class='ocr_carea' id='block_1_20' title="bbox 2155 465 3748 537">
    <p class='ocr_par' dir='ltr' id='par_1_20' title="bbox 2155 465 3748 537">
     <span class='ocr_line' id='line_1_20' title="bbox 2155 465 3748 537; baseline -0.001 -19"><span class='ocrx_word' id='word_1_151' title='bbox 2155 465 2716 520; x_wconf 81' lang='lat' dir='ltr'><strong><em>commemorationem</em></strong></span> <span class='ocrx_word' id='word_1_152' title='bbox 2765 465 2961 520; x_wconf 83' lang='lat' dir='ltr'><strong><em>habent</em></strong></span> <span class='ocrx_word' id='word_1_153' title='bbox 3005 466 3253 528; x_wconf 84' lang='lat' dir='ltr'><strong><em>Domini,‘</em></strong></span> <span class='ocrx_word' id='word_1_154' title='bbox 3285 482 3453 537; x_wconf 88' lang='lat' dir='ltr'><strong><em>neque</em></strong></span> <span class='ocrx_word' id='word_1_155' title='bbox 3499 472 3748 520; x_wconf 84' lang='lat' dir='ltr'><strong><em>mortem</em></strong></span> 
     </span>
    </p>
   </div>
   <div class='ocr_carea' id='block_1_21' title="bbox 2154 554 3750 626">
    <p class='ocr_par' dir='ltr' id='par_1_21' title="bbox 2154 554 3750 626">
     <span class='ocr_line' id='line_1_21' title="bbox 2154 554 3750 626; baseline 0.001 -18"><span class='ocrx_word' id='word_1_156' title='bbox 2154 554 2295 609; x_wconf 90' lang='lat' dir='ltr'><strong><em>illius</em></strong></span> <span class='ocrx_word' id='word_1_157' title='bbox 2323 554 2645 608; x_wconf 87' lang='lat' dir='ltr'><strong><em>annuntiant</em></strong></span> <span class='ocrx_word' id='word_1_158' title='bbox 2680 555 2818 609; x_wconf 88' lang='lat' dir='ltr'><strong><em>sicut</em></strong></span> <span class='ocrx_word' id='word_1_159' title='bbox 2847 554 3146 626; x_wconf 72' lang='lat' dir='ltr'><strong><em>Moysaicrc,</em></strong></span> <span class='ocrx_word' id='word_1_160' title='bbox 3179 565 3233 610; x_wconf 91' lang='lat' dir='ltr'><strong><em>et</em></strong></span> <span class='ocrx_word' id='word_1_161' title='bbox 3263 567 3386 611; x_wconf 89' lang='lat' dir='ltr'><strong><em>ante</em></strong></span> <span class='ocrx_word' id='word_1_162' title='bbox 3415 554 3572 612; x_wconf 84' lang='lat' dir='ltr'><strong><em>mille</em></strong></span> <span class='ocrx_word' id='word_1_163' title='bbox 3611 571 3750 626; x_wconf 87' lang='lat' dir='ltr'><strong><em>qua-</em></strong></span> 
     </span>
    </p>
   </div>
   <div class='ocr_carea' id='block_1_22' title="bbox 2153 647 3748 719">
    <p class='ocr_par' dir='ltr' id='par_1_22' title="bbox 2153 647 3748 719">
     <span class='ocr_line' id='line_1_22' title="bbox 2153 647 3748 719; baseline 0 -17"><span class='ocrx_word' id='word_1_164' title='bbox 2153 648 2465 717; x_wconf 85' lang='lat' dir='ltr'><strong><em>dringentos</em></strong></span> <span class='ocrx_word' id='word_1_165' title='bbox 2498 663 2668 702; x_wconf 91' lang='lat' dir='ltr'><strong><em>annos</em></strong></span> <span class='ocrx_word' id='word_1_166' title='bbox 2695 663 2757 704; x_wconf 79' lang='lat' dir='ltr'><strong><em>ex</em></strong></span> <span class='ocrx_word' id='word_1_167' title='bbox 2790 647 2908 718; x_wconf 82' lang='lat' dir='ltr'><strong><em>lege</em></strong></span> <span class='ocrx_word' id='word_1_168' title='bbox 2937 649 3262 713; x_wconf 71' lang='lat' dir='ltr'><strong><em>constitutas,</em></strong></span> <span class='ocrx_word' id='word_1_169' title='bbox 3298 657 3351 703; x_wconf 89' lang='lat' dir='ltr'><strong><em>et</em></strong></span> <span class='ocrx_word' id='word_1_170' title='bbox 3383 665 3480 719; x_wconf 90' lang='lat' dir='ltr'><strong><em>per</em></strong></span> <span class='ocrx_word' id='word_1_171' title='bbox 3525 647 3748 702; x_wconf 79' lang='lat' dir='ltr'><strong><em>Novum</em></strong></span> 
     </span>
    </p>
   </div>
   <div class='ocr_carea' id='block_1_23' title="bbox 2153 738 3764 818">
    <p class='ocr_par' dir='ltr' id='par_1_23' title="bbox 2153 738 3764 818">
     <span class='ocr_line' id='line_1_23' title="bbox 2153 738 3764 818; baseline 0.001 -26"><span class='ocrx_word' id='word_1_172' title='bbox 2153 738 2580 805; x_wconf 86' lang='lat' dir='ltr'><strong><em>Testamentum,</em></strong></span> <span class='ocrx_word' id='word_1_173' title='bbox 2612 740 2713 794; x_wconf 92' lang='lat' dir='ltr'><strong><em>hoc</em></strong></span> <span class='ocrx_word' id='word_1_174' title='bbox 2738 748 2820 795; x_wconf 91' lang='lat' dir='ltr'><strong><em>est</em></strong></span> <span class='ocrx_word' id='word_1_175' title='bbox 2848 755 2946 809; x_wconf 88' lang='lat' dir='ltr'><strong><em>per</em></strong></span> <span class='ocrx_word' id='word_1_176' title='bbox 2990 750 3234 794; x_wconf 84' lang='lat' dir='ltr'><strong><em>sanctum</em></strong></span> <span class='ocrx_word' id='word_1_177' title='bbox 3275 739 3661 811; x_wconf 78' lang='lat' dir='ltr'><strong><em>Evangelium,</em></strong></span> <span class='ocrx_word' id='word_1_178' title='bbox 3696 747 3764 818; x_wconf 13' lang='lat' dir='ltr'><strong><em>et.</em></strong></span> 
     </span>
    </p>
   </div>
   <div class='ocr_carea' id='block_1_24' title="bbox 2151 829 3260 898">
    <p class='ocr_par' dir='ltr' id='par_1_24' title="bbox 2151 829 3260 898">
     <span class='ocr_line' id='line_1_24' title="bbox 2151 829 3260 898; baseline 0.001 -14"><span class='ocrx_word' id='word_1_179' title='bbox 2151 844 2245 898; x_wconf 88' lang='lat' dir='ltr'><strong><em>per</em></strong></span> <span class='ocrx_word' id='word_1_180' title='bbox 2267 829 2539 885; x_wconf 85' lang='lat' dir='ltr'><strong><em>Christum</em></strong></span> <span class='ocrx_word' id='word_1_181' title='bbox 2568 830 2862 885; x_wconf 65' lang='lat' dir='ltr'><strong><em>maledictio</em></strong></span> <span class='ocrx_word' id='word_1_182' title='bbox 2892 839 2946 886; x_wconf 90' lang='lat' dir='ltr'><strong><em>et</em></strong></span> <span class='ocrx_word' id='word_1_183' title='bbox 2972 830 3260 885; x_wconf 73' lang='lat' dir='ltr'><strong><em>derelictae.</em></strong></span> 
     </span>
    </p>
   </div>
   <div class='ocr_carea' id='block_1_25' title="bbox 2219 919 3755 992">
    <p class='ocr_par' dir='ltr' id='par_1_25' title="bbox 2219 919 3755 992">
     <span class='ocr_line' id='line_1_25' title="bbox 2219 919 3755 992; baseline 0.001 -18"><span class='ocrx_word' id='word_1_184' title='bbox 2219 919 2290 974; x_wconf 79' lang='lat' dir='ltr'><strong><em>At</em></strong></span> <span class='ocrx_word' id='word_1_185' title='bbox 2329 919 2563 976; x_wconf 86' lang='lat' dir='ltr'><strong><em>Sabbata</em></strong></span> <span class='ocrx_word' id='word_1_186' title='bbox 2609 935 2734 976; x_wconf 86' lang='lat' dir='ltr'><strong><em>vero</em></strong></span> <span class='ocrx_word' id='word_1_187' title='bbox 2766 920 3033 990; x_wconf 87' lang='lat' dir='ltr'><strong><em>quomodo</em></strong></span> <span class='ocrx_word' id='word_1_188' title='bbox 3080 923 3131 976; x_wconf 91' lang='lat' dir='ltr'><strong><em>in</em></strong></span> <span class='ocrx_word' id='word_1_189' title='bbox 3178 922 3610 992; x_wconf 85' lang='lat' dir='ltr'><strong><em>Quadragesima</em></strong></span> <span class='ocrx_word' id='word_1_190' title='bbox 3653 919 3755 976; x_wconf 75' lang='lat' dir='ltr'><strong><em>Ju-</em></strong></span> 
     </span>
    </p>
   </div>
   <div class='ocr_carea' id='block_1_26' title="bbox 2149 1011 3749 1085">
    <p class='ocr_par' dir='ltr' id='par_1_26' title="bbox 2149 1011 3749 1085">
     <span class='ocr_line' id='line_1_26' title="bbox 2149 1011 3749 1085; baseline 0.004 -23"><span class='ocrx_word' id='word_1_191' title='bbox 2149 1011 2302 1068; x_wconf 89' lang='lat' dir='ltr'><strong><em>daice</em></strong></span> <span class='ocrx_word' id='word_1_192' title='bbox 2336 1011 2672 1068; x_wconf 80' lang='lat' dir='ltr'><strong><em>observatis?</em></strong></span> <span class='ocrx_word' id='word_1_193' title='bbox 2716 1014 2821 1067; x_wconf 85' lang='lat' dir='ltr'><strong><em>Aut</em></strong></span> <span class='ocrx_word' id='word_1_194' title='bbox 2865 1029 2969 1068; x_wconf 91' lang='lat' dir='ltr'><strong><em>non</em></strong></span> <span class='ocrx_word' id='word_1_195' title='bbox 3016 1014 3241 1068; x_wconf 78' lang='lat' dir='ltr'><strong><em>audistis</em></strong></span> <span class='ocrx_word' id='word_1_196' title='bbox 3271 1014 3631 1085; x_wconf 66' lang='lat' dir='ltr'><strong><em>Evangelium</em></strong></span> <span class='ocrx_word' id='word_1_197' title='bbox 3673 1013 3749 1068; x_wconf 88' lang='lat' dir='ltr'><strong><em>lo-</em></strong></span> 
     </span>
    </p>
   </div>
   <div class='ocr_carea' id='block_1_27' title="bbox 2149 1102 3749 1175">
    <p class='ocr_par' dir='ltr' id='par_1_27' title="bbox 2149 1102 3749 1175">
     <span class='ocr_line' id='line_1_27' title="bbox 2149 1102 3749 1175; baseline 0.002 -19"><span class='ocrx_word' id='word_1_198' title='bbox 2149 1116 2320 1171; x_wconf 88' lang='lat' dir='ltr'><strong><em>quens</em></strong></span> <span class='ocrx_word' id='word_1_199' title='bbox 2344 1102 2489 1172; x_wconf 87' lang='lat' dir='ltr'><strong><em>quia,</em></strong></span> <span class='ocrx_word' id='word_1_200' title='bbox 2512 1114 2832 1160; x_wconf 86' lang='lat' dir='ltr'><strong><em>transeuntes</em></strong></span> <span class='ocrx_word' id='word_1_201' title='bbox 2857 1105 3100 1175; x_wconf 86' lang='lat' dir='ltr'><strong><em>discipuli</em></strong></span> <span class='ocrx_word' id='word_1_202' title='bbox 3121 1110 3172 1159; x_wconf 83' lang='lat' dir='ltr'><strong><em>in</em></strong></span> <span class='ocrx_word' id='word_1_203' title='bbox 3195 1105 3438 1161; x_wconf 84' lang='lat' dir='ltr'><strong><em>Sabbalis</em></strong></span> <span class='ocrx_word' id='word_1_204' title='bbox 3468 1115 3749 1175; x_wconf 69' lang='lat' dir='ltr'><strong><em>«cperunt</em></strong></span> 
     </span>
    </p>
   </div>
   <div class='ocr_carea' id='block_1_28' title="bbox 2149 1193 3748 1264">
    <p class='ocr_par' dir='ltr' id='par_1_28' title="bbox 2149 1193 3748 1264">
     <span class='ocr_line' id='line_1_28' title="bbox 2149 1193 3748 1264; baseline 0.002 -19"><span class='ocrx_word' id='word_1_205' title='bbox 2149 1193 2246 1246; x_wconf 84' lang='lat' dir='ltr'><strong><em>iter</em></strong></span> <span class='ocrx_word' id='word_1_206' title='bbox 2284 1208 2456 1264; x_wconf 83' lang='lat' dir='ltr'><strong><em>agere,</em></strong></span> <span class='ocrx_word' id='word_1_207' title='bbox 2485 1193 2755 1248; x_wconf 85' lang='lat' dir='ltr'><strong><em>evellentes</em></strong></span> <span class='ocrx_word' id='word_1_208' title='bbox 2794 1196 2962 1264; x_wconf 85' lang='lat' dir='ltr'><strong><em>spicas</em></strong></span> <span class='ocrx_word' id='word_1_209' title='bbox 3000 1205 3047 1248; x_wconf 86' lang='lat' dir='ltr'><strong><em>et</em></strong></span> <span class='ocrx_word' id='word_1_210' title='bbox 3089 1195 3428 1249; x_wconf 84' lang='lat' dir='ltr'><strong><em>contedentes.</em></strong></span> <span class='ocrx_word' id='word_1_211' title='bbox 3477 1195 3748 1249; x_wconf 79' lang='lat' dir='ltr'><strong><em>Dicebant</em></strong></span> 
     </span>
    </p>
   </div>
   <div class='ocr_carea' id='block_1_29' title="bbox 2148 1282 3748 1357">
    <p class='ocr_par' dir='ltr' id='par_1_29' title="bbox 2148 1282 3748 1357">
     <span class='ocr_line' id='line_1_29' title="bbox 2148 1282 3748 1357; baseline 0.004 -22"><span class='ocrx_word' id='word_1_212' title='bbox 2148 1291 2320 1337; x_wconf 89' lang='lat' dir='ltr'><strong><em>autent</em></strong></span> <span class='ocrx_word' id='word_1_213' title='bbox 2348 1282 2527 1338; x_wconf 78' lang='lat' dir='ltr'><strong><em>Juda&#39;i</em></strong></span> <span class='ocrx_word' id='word_1_214' title='bbox 2551 1285 2619 1337; x_wconf 85' lang='lat' dir='ltr'><strong><em>ad</em></strong></span> <span class='ocrx_word' id='word_1_215' title='bbox 2642 1284 2904 1339; x_wconf 76' lang='lat' dir='ltr'><strong><em>Christum</em></strong></span> <span class='ocrx_word' id='word_1_216' title='bbox 2929 1301 2948 1341; x_wconf 89' lang='lat'><strong><em>:</em></strong></span> <span class='ocrx_word' id='word_1_217' title='bbox 2981 1283 3133 1340; x_wconf 78' lang='lat' dir='ltr'><strong><em>Vides</em></strong></span> <span class='ocrx_word' id='word_1_218' title='bbox 3164 1287 3288 1354; x_wconf 85' lang='lat' dir='ltr'><strong><em>quid</em></strong></span> <span class='ocrx_word' id='word_1_219' title='bbox 3316 1289 3402 1342; x_wconf 87' lang='lat' dir='ltr'><strong><em>isti</em></strong></span> <span class='ocrx_word' id='word_1_220' title='bbox 3435 1287 3655 1357; x_wconf 80' lang='lat' dir='ltr'><strong><em>faciunt</em></strong></span> <span class='ocrx_word' id='word_1_221' title='bbox 3693 1290 3748 1341; x_wconf 83' lang='lat' dir='ltr'><strong><em>in</em></strong></span> 
     </span>
    </p>
   </div>
   <div class='ocr_carea' id='block_1_30' title="bbox 2149 1372 3746 1450">
    <p class='ocr_par' dir='ltr' id='par_1_30' title="bbox 2149 1372 3746 1450">
     <span class='ocr_line' id='line_1_30' title="bbox 2149 1372 3746 1450; baseline 0.002 -22"><span class='ocrx_word' id='word_1_222' title='bbox 2149 1372 2432 1429; x_wconf 81' lang='lat' dir='ltr'><strong><em>Sabbatis?</em></strong></span> <span class='ocrx_word' id='word_1_223' title='bbox 2476 1375 2578 1441; x_wconf 85' lang='lat' dir='ltr'><strong><em>Qui</em></strong></span> <span class='ocrx_word' id='word_1_224' title='bbox 2623 1377 2753 1430; x_wconf 73' lang='lat' dir='ltr'><strong><em>dixit</em></strong></span> <span class='ocrx_word' id='word_1_225' title='bbox 2792 1393 2810 1431; x_wconf 90' lang='lat'><strong><em>:</em></strong></span> <span class='ocrx_word' id='word_1_226' title='bbox 2854 1377 3044 1432; x_wconf 76' lang='lat' dir='ltr'><strong><em>Etiam.</em></strong></span> <span class='ocrx_word' id='word_1_227' title='bbox 3089 1379 3169 1433; x_wconf 81' lang='lat' dir='ltr'><strong><em>An</em></strong></span> <span class='ocrx_word' id='word_1_228' title='bbox 3212 1381 3418 1434; x_wconf 85' lang='lat' dir='ltr'><strong><em>nescitis</em></strong></span> <span class='ocrx_word' id='word_1_229' title='bbox 3464 1382 3601 1450; x_wconf 85' lang='lat' dir='ltr'><strong><em>quid</em></strong></span> <span class='ocrx_word' id='word_1_230' title='bbox 3642 1381 3746 1450; x_wconf 83' lang='lat' dir='ltr'><strong><em>egit</em></strong></span> 
     </span>
    </p>
   </div>
   <div class='ocr_carea' id='block_1_31' title="bbox 2148 1461 3746 1539">
    <p class='ocr_par' dir='ltr' id='par_1_31' title="bbox 2148 1461 3746 1539">
     <span class='ocr_line' id='line_1_31' title="bbox 2148 1461 3746 1539; baseline 0.003 -22"><span class='ocrx_word' id='word_1_231' title='bbox 2148 1461 2316 1518; x_wconf 83' lang='lat' dir='ltr'><strong><em>David</em></strong></span> <span class='ocrx_word' id='word_1_232' title='bbox 2339 1480 2451 1518; x_wconf 89' lang='lat' dir='ltr'><strong><em>cum</em></strong></span> <span class='ocrx_word' id='word_1_233' title='bbox 2479 1467 2692 1519; x_wconf 87' lang='lat' dir='ltr'><strong><em>esttriret</em></strong></span> <span class='ocrx_word' id='word_1_234' title='bbox 2722 1467 2846 1536; x_wconf 89' lang='lat' dir='ltr'><strong><em>ipse,</em></strong></span> <span class='ocrx_word' id='word_1_235' title='bbox 2870 1479 2915 1522; x_wconf 89' lang='lat' dir='ltr'><strong><em>et</em></strong></span> <span class='ocrx_word' id='word_1_236' title='bbox 2941 1469 3030 1538; x_wconf 89' lang='lat' dir='ltr'><strong><em>qui</em></strong></span> <span class='ocrx_word' id='word_1_237' title='bbox 3051 1485 3166 1522; x_wconf 85' lang='lat' dir='ltr'><strong><em>cum</em></strong></span> <span class='ocrx_word' id='word_1_238' title='bbox 3187 1485 3245 1522; x_wconf 89' lang='lat' dir='ltr'><strong><em>eo</em></strong></span> <span class='ocrx_word' id='word_1_239' title='bbox 3273 1479 3444 1535; x_wconf 87' lang='lat' dir='ltr'><strong><em>erant,</em></strong></span> <span class='ocrx_word' id='word_1_240' title='bbox 3468 1470 3746 1539; x_wconf 84' lang='lat' dir='ltr'><strong><em>quomodo</em></strong></span> 
     </span>
    </p>
   </div>
   <div class='ocr_carea' id='block_1_32' title="bbox 2147 1554 3741 1632">
    <p class='ocr_par' dir='ltr' id='par_1_32' title="bbox 2147 1554 3741 1632">
     <span class='ocr_line' id='line_1_32' title="bbox 2147 1554 3741 1632; baseline 0.003 -24"><span class='ocrx_word' id='word_1_241' title='bbox 2147 1554 2358 1609; x_wconf 84' lang='lat' dir='ltr'><strong><em>intravit</em></strong></span> <span class='ocrx_word' id='word_1_242' title='bbox 2386 1556 2439 1610; x_wconf 87' lang='lat' dir='ltr'><strong><em>in</em></strong></span> <span class='ocrx_word' id='word_1_243' title='bbox 2466 1557 2916 1632; x_wconf 85' lang='lat' dir='ltr'><strong><em>templum,_panes</em></strong></span> <span class='ocrx_word' id='word_1_244' title='bbox 2936 1561 3300 1629; x_wconf 84' lang='lat' dir='ltr'><strong><em>propositionis</em></strong></span> <span class='ocrx_word' id='word_1_245' title='bbox 3330 1561 3555 1614; x_wconf 86' lang='lat' dir='ltr'><strong><em>comedit</em></strong></span> <span class='ocrx_word' id='word_1_246' title='bbox 3577 1561 3606 1612; x_wconf 69' lang='grc' dir='ltr'>ει</span> <span class='ocrx_word' id='word_1_247' title='bbox 3633 1569 3741 1614; x_wconf 88' lang='lat' dir='ltr'><strong><em>etc.</em></strong></span> 
     </span>
    </p>
   </div>
   <div class='ocr_carea' id='block_1_33' title="bbox 467 1634 3744 1722">
    <p class='ocr_par' dir='ltr' id='par_1_33' title="bbox 467 1634 3744 1722">
     <span class='ocr_line' id='line_1_33' title="bbox 467 1634 3744 1722; baseline 0.006 -37"><span class='ocrx_word' id='word_1_248' title='bbox 467 1644 836 1722; x_wconf 63' lang='lat' dir='ltr'><strong><em>cessaycrunt.</em></strong></span> <span class='ocrx_word' id='word_1_249' title='bbox 882 1636 1119 1708; x_wconf 83' lang='lat' dir='ltr'><strong><em>Aspicite</em></strong></span> <span class='ocrx_word' id='word_1_250' title='bbox 1149 1643 1416 1708; x_wconf 88' lang='lat' dir='ltr'><strong><em>quomodo</em></strong></span> <span class='ocrx_word' id='word_1_251' title='bbox 1441 1659 1631 1712; x_wconf 89' lang='lat' dir='ltr'><strong><em>panem</em></strong></span> <span class='ocrx_word' id='word_1_252' title='bbox 1665 1661 1859 1716; x_wconf 85' lang='lat' dir='ltr'><strong><em>corpus</em></strong></span> <span class='ocrx_word' id='word_1_253' title='bbox 1888 1664 2041 1703; x_wconf 87' lang='lat' dir='ltr'><strong><em>suum</em></strong></span> <span class='ocrx_word' id='word_1_254' title='bbox 2077 1634 2115 1690; x_wconf 68' lang='grc' dir='ltr'>Π</span> <span class='ocrx_word' id='word_1_255' title='bbox 2147 1646 2213 1700; x_wconf 79' lang='lat' dir='ltr'><strong><em>Et</em></strong></span> <span class='ocrx_word' id='word_1_256' title='bbox 2256 1649 2378 1716; x_wconf 85' lang='lat' dir='ltr'><strong><em>quia</em></strong></span> <span class='ocrx_word' id='word_1_257' title='bbox 2405 1645 2688 1702; x_wconf 88' lang='lat' dir='ltr'><strong><em>Sabbatum</em></strong></span> <span class='ocrx_word' id='word_1_258' title='bbox 2718 1660 2926 1722; x_wconf 84' lang='lat' dir='ltr'><strong><em>propter</em></strong></span> <span class='ocrx_word' id='word_1_259' title='bbox 2957 1653 3213 1706; x_wconf 81' lang='lat' dir='ltr'><strong><em>hominem</em></strong></span> <span class='ocrx_word' id='word_1_260' title='bbox 3252 1651 3448 1722; x_wconf 84' lang='lat' dir='ltr'><strong><em>factum</em></strong></span> <span class='ocrx_word' id='word_1_261' title='bbox 3490 1664 3597 1717; x_wconf 83' lang='lat' dir='ltr'><strong><em>est,</em></strong></span> <span class='ocrx_word' id='word_1_262' title='bbox 3641 1671 3744 1706; x_wconf 85' lang='lat' dir='ltr'><strong><em>non</em></strong></span> 
     </span>
    </p>
   </div>
   <div class='ocr_carea' id='block_1_34' title="bbox 468 1719 2044 1806">
    <p class='ocr_par' dir='ltr' id='par_1_34' title="bbox 468 1719 2044 1806">
     <span class='ocr_line' id='line_1_34' title="bbox 468 1719 2044 1806; baseline 0.012 -32"><span class='ocrx_word' id='word_1_263' title='bbox 468 1721 570 1774; x_wconf 79' lang='lat' dir='ltr'><strong><em>sub</em></strong></span> <span class='ocrx_word' id='word_1_264' title='bbox 595 1719 744 1781; x_wconf 71' lang='lat' dir='ltr'><strong><em>Novo</em></strong></span> <span class='ocrx_word' id='word_1_265' title='bbox 773 1723 1120 1785; x_wconf 85' lang='lat' dir='ltr'><strong><em>Testamento</em></strong></span> <span class='ocrx_word' id='word_1_266' title='bbox 1142 1731 1372 1798; x_wconf 84' lang='lat' dir='ltr'><strong><em>vocavit,</em></strong></span> <span class='ocrx_word' id='word_1_267' title='bbox 1397 1733 1535 1788; x_wconf 88' lang='lat' dir='ltr'><strong><em>sicut</em></strong></span> <span class='ocrx_word' id='word_1_268' title='bbox 1562 1735 1826 1790; x_wconf 82' lang='lat' dir='ltr'><strong><em>viviﬁcum</em></strong></span> <span class='ocrx_word' id='word_1_269' title='bbox 1855 1747 1909 1791; x_wconf 89' lang='lat' dir='ltr'><strong><em>et</em></strong></span> <span class='ocrx_word' id='word_1_270' title='bbox 1935 1737 2044 1806; x_wconf 84' lang='lat' dir='ltr'><strong><em>ple-</em></strong></span> 
     </span>
    </p>
   </div>
   <div class='ocr_carea' id='block_1_35' title="bbox 370 1818 2044 1892">
    <p class='ocr_par' dir='ltr' id='par_1_35' title="bbox 370 1818 2044 1892">
     <span class='ocr_line' id='line_1_35' title="bbox 370 1818 2044 1892; baseline 0.013 -25"><span class='ocrx_word' id='word_1_271' title='bbox 370 1846 372 1848; x_wconf 60' lang='grc' dir='ltr'><strong><em>τ</em></strong></span> <span class='ocrx_word' id='word_1_272' title='bbox 465 1830 593 1871; x_wconf 89' lang='lat' dir='ltr'><strong><em>num</em></strong></span> <span class='ocrx_word' id='word_1_273' title='bbox 636 1818 850 1892; x_wconf 85' lang='lat' dir='ltr'><strong><em>spiritu,</em></strong></span> <span class='ocrx_word' id='word_1_274' title='bbox 897 1829 952 1876; x_wconf 85' lang='lat' dir='ltr'><strong><em>et</em></strong></span> <span class='ocrx_word' id='word_1_275' title='bbox 998 1821 1138 1878; x_wconf 87' lang='lat' dir='ltr'><strong><em>sicut</em></strong></span> <span class='ocrx_word' id='word_1_276' title='bbox 1182 1823 1375 1880; x_wconf 81' lang='lat' dir='ltr'><strong><em>caloris</em></strong></span> <span class='ocrx_word' id='word_1_277' title='bbox 1399 1827 1902 1886; x_wconf 58' lang='lat' dir='ltr'><strong><em>demonstrativum.</em></strong></span> <span class='ocrx_word' id='word_1_278' title='bbox 1938 1833 2044 1888; x_wconf 77' lang='lat' dir='ltr'><strong><em>Vos</em></strong></span> 
     </span>
    </p>
   </div>
   <div class='ocr_carea' id='block_1_36' title="bbox 465 1909 2043 1984">
    <p class='ocr_par' dir='ltr' id='par_1_36' title="bbox 465 1909 2043 1984">
     <span class='ocr_line' id='line_1_36' title="bbox 465 1909 2043 1984; baseline 0.012 -23"><span class='ocrx_word' id='word_1_279' title='bbox 465 1909 680 1978; x_wconf 86' lang='lat' dir='ltr'><strong><em>quidem</em></strong></span> <span class='ocrx_word' id='word_1_280' title='bbox 717 1929 935 1984; x_wconf 83' lang='lat' dir='ltr'><strong><em>panem,</em></strong></span> <span class='ocrx_word' id='word_1_281' title='bbox 966 1932 1062 1972; x_wconf 91' lang='lat' dir='ltr'><strong><em>nos</em></strong></span> <span class='ocrx_word' id='word_1_282' title='bbox 1089 1928 1243 1973; x_wconf 90' lang='lat' dir='ltr'><strong><em>arton</em></strong></span> <span class='ocrx_word' id='word_1_283' title='bbox 1287 1919 1537 1976; x_wconf 87' lang='lat' dir='ltr'><strong><em>dicimus.</em></strong></span> <span class='ocrx_word' id='word_1_284' title='bbox 1567 1922 1728 1978; x_wconf 84' lang='lat' dir='ltr'><strong><em>Artos</em></strong></span> <span class='ocrx_word' id='word_1_285' title='bbox 1754 1936 1930 1979; x_wconf 89' lang='lat' dir='ltr'><strong><em>autem</em></strong></span> <span class='ocrx_word' id='word_1_286' title='bbox 1966 1926 2043 1980; x_wconf 56' lang='lat' dir='ltr'><strong><em>in.</em></strong></span> 
     </span>
    </p>
   </div>
   <div class='ocr_carea' id='block_1_37' title="bbox 468 2008 2044 2084">
    <p class='ocr_par' dir='ltr' id='par_1_37' title="bbox 468 2008 2044 2084">
     <span class='ocr_line' id='line_1_37' title="bbox 468 2008 2044 2084; baseline 0.008 -26"><span class='ocrx_word' id='word_1_287' title='bbox 468 2015 796 2074; x_wconf 76' lang='lat' dir='ltr'><strong><em>terprotatur</em></strong></span> <span class='ocrx_word' id='word_1_288' title='bbox 821 2008 1072 2077; x_wconf 85' lang='lat' dir='ltr'><strong><em>elevatus,</em></strong></span> <span class='ocrx_word' id='word_1_289' title='bbox 1102 2021 1156 2066; x_wconf 88' lang='lat' dir='ltr'><strong><em>et</em></strong></span> <span class='ocrx_word' id='word_1_290' title='bbox 1181 2029 1390 2067; x_wconf 87' lang='lat' dir='ltr'><strong><em>sursum</em></strong></span> <span class='ocrx_word' id='word_1_291' title='bbox 1420 2024 1678 2084; x_wconf 87' lang='lat' dir='ltr'><strong><em>portatus,</em></strong></span> <span class='ocrx_word' id='word_1_292' title='bbox 1715 2032 1742 2074; x_wconf 74' lang='grc' dir='ltr'><strong><em>ιι</em></strong></span> <span class='ocrx_word' id='word_1_293' title='bbox 1782 2016 2044 2070; x_wconf 79' lang='lat' dir='ltr'><strong><em>fermento</em></strong></span> 
     </span>
    </p>
   </div>
   <div class='ocr_carea' id='block_1_38' title="bbox 465 2097 2044 2179">
    <p class='ocr_par' dir='ltr' id='par_1_38' title="bbox 465 2097 2044 2179">
     <span class='ocr_line' id='line_1_38' title="bbox 465 2097 2044 2179; baseline 0.007 -27"><span class='ocrx_word' id='word_1_294' title='bbox 465 2107 522 2152; x_wconf 87' lang='lat' dir='ltr'><strong><em>et</em></strong></span> <span class='ocrx_word' id='word_1_295' title='bbox 566 2097 678 2157; x_wconf 82' lang='lat' dir='ltr'><strong><em>salo</em></strong></span> <span class='ocrx_word' id='word_1_296' title='bbox 704 2099 936 2156; x_wconf 89' lang='lat' dir='ltr'><strong><em>calorem</em></strong></span> <span class='ocrx_word' id='word_1_297' title='bbox 970 2111 1024 2158; x_wconf 91' lang='lat' dir='ltr'><strong><em>et</em></strong></span> <span class='ocrx_word' id='word_1_298' title='bbox 1055 2103 1407 2160; x_wconf 83' lang='lat' dir='ltr'><strong><em>elevationem</em></strong></span> <span class='ocrx_word' id='word_1_299' title='bbox 1440 2105 1671 2173; x_wconf 85' lang='lat' dir='ltr'><strong><em>habens;</em></strong></span> <span class='ocrx_word' id='word_1_300' title='bbox 1719 2123 1920 2179; x_wconf 74' lang='lat' dir='ltr'><strong><em>azyuue</em></strong></span> <span class='ocrx_word' id='word_1_301' title='bbox 1950 2125 2044 2163; x_wconf 87' lang='lat' dir='ltr'><strong><em>au-</em></strong></span> 
     </span>
    </p>
   </div>
   <div class='ocr_carea' id='block_1_39' title="bbox 465 2189 2046 2266">
    <p class='ocr_par' dir='ltr' id='par_1_39' title="bbox 465 2189 2046 2266">
     <span class='ocr_line' id='line_1_39' title="bbox 465 2189 2046 2266; baseline 0.009 -26"><span class='ocrx_word' id='word_1_302' title='bbox 465 2195 576 2242; x_wconf 84' lang='lat' dir='ltr'><strong><em>tem</em></strong></span> <span class='ocrx_word' id='word_1_303' title='bbox 616 2189 688 2246; x_wconf 90' lang='lat' dir='ltr'><strong><em>nil</em></strong></span> <span class='ocrx_word' id='word_1_304' title='bbox 717 2192 918 2247; x_wconf 81' lang='lat' dir='ltr'><strong><em>distant</em></strong></span> <span class='ocrx_word' id='word_1_305' title='bbox 960 2210 994 2256; x_wconf 67' lang='grc' dir='ltr'>τι</span> <span class='ocrx_word' id='word_1_306' title='bbox 1020 2194 1194 2266; x_wconf 88' lang='lat' dir='ltr'><strong><em>lapide</em></strong></span> <span class='ocrx_word' id='word_1_307' title='bbox 1233 2197 1352 2253; x_wconf 89' lang='lat' dir='ltr'><strong><em>sine</em></strong></span> <span class='ocrx_word' id='word_1_308' title='bbox 1390 2199 1590 2266; x_wconf 84' lang='lat' dir='ltr'><strong><em>anima,</em></strong></span> <span class='ocrx_word' id='word_1_309' title='bbox 1619 2210 1674 2255; x_wconf 89' lang='lat' dir='ltr'><strong><em>et</em></strong></span> <span class='ocrx_word' id='word_1_310' title='bbox 1712 2200 1822 2255; x_wconf 91' lang='lat' dir='ltr'><strong><em>luto</em></strong></span> <span class='ocrx_word' id='word_1_311' title='bbox 1862 2201 2046 2255; x_wconf 88' lang='lat' dir='ltr'><strong><em>lateris</em></strong></span> 
     </span>
    </p>
   </div>
   <div class='ocr_carea' id='block_1_40' title="bbox 465 2284 2042 2363">
    <p class='ocr_par' dir='ltr' id='par_1_40' title="bbox 465 2284 2042 2363">
     <span class='ocr_line' id='line_1_40' title="bbox 465 2284 2042 2363; baseline 0.007 -27"><span class='ocrx_word' id='word_1_312' title='bbox 465 2284 717 2342; x_wconf 82' lang='lat' dir='ltr'><strong><em>deorsum</em></strong></span> <span class='ocrx_word' id='word_1_313' title='bbox 740 2298 1072 2358; x_wconf 64' lang='lat' dir='ltr'><strong><em>consumptae</em></strong></span> <span class='ocrx_word' id='word_1_314' title='bbox 1103 2293 1282 2356; x_wconf 66' lang='lat' dir='ltr'><strong><em>terrm,</em></strong></span> <span class='ocrx_word' id='word_1_315' title='bbox 1310 2300 1365 2345; x_wconf 90' lang='lat' dir='ltr'><strong><em>et</em></strong></span> <span class='ocrx_word' id='word_1_316' title='bbox 1393 2292 1536 2348; x_wconf 84' lang='lat' dir='ltr'><strong><em>sicco</em></strong></span> <span class='ocrx_word' id='word_1_317' title='bbox 1568 2292 1676 2348; x_wconf 89' lang='lat' dir='ltr'><strong><em>luto</em></strong></span> <span class='ocrx_word' id='word_1_318' title='bbox 1701 2304 2042 2363; x_wconf 76' lang='lat' dir='ltr'><strong><em>comparatae,</em></strong></span> 
     </span>
    </p>
   </div>
   <div class='ocr_carea' id='block_1_41' title="bbox 466 2377 2046 2452">
    <p class='ocr_par' dir='ltr' id='par_1_41' title="bbox 466 2377 2046 2452">
     <span class='ocr_line' id='line_1_41' title="bbox 466 2377 2046 2452; baseline 0.009 -29"><span class='ocrx_word' id='word_1_319' title='bbox 466 2387 604 2439; x_wconf 88' lang='lat' dir='ltr'><strong><em>quas</em></strong></span> <span class='ocrx_word' id='word_1_320' title='bbox 629 2388 752 2428; x_wconf 90' lang='lat' dir='ltr'><strong><em>cum</em></strong></span> <span class='ocrx_word' id='word_1_321' title='bbox 785 2377 1238 2434; x_wconf 87' lang='lat' dir='ltr'><strong><em>amaritudinibus</em></strong></span> <span class='ocrx_word' id='word_1_322' title='bbox 1282 2379 1490 2452; x_wconf 83' lang='lat' dir='ltr'><strong><em>Moyses</em></strong></span> <span class='ocrx_word' id='word_1_323' title='bbox 1516 2384 1797 2438; x_wconf 87' lang='lat' dir='ltr'><strong><em>comedere</em></strong></span> <span class='ocrx_word' id='word_1_324' title='bbox 1832 2384 2046 2438; x_wconf 78' lang='lat' dir='ltr'><strong><em>miseris</em></strong></span> 
     </span>
    </p>
   </div>
   <div class='ocr_carea' id='block_1_42' title="bbox 464 2461 1899 2540">
    <p class='ocr_par' dir='ltr' id='par_1_42' title="bbox 464 2461 1899 2540">
     <span class='ocr_line' id='line_1_42' title="bbox 464 2461 1899 2540; baseline 0.008 -24"><span class='ocrx_word' id='word_1_325' title='bbox 464 2461 664 2518; x_wconf 58' lang='lat' dir='ltr'><strong><em>iudicis</em></strong></span> <span class='ocrx_word' id='word_1_326' title='bbox 690 2466 854 2520; x_wconf 72' lang='lat' dir='ltr'><strong><em>sen&#39;iel</em></strong></span> <span class='ocrx_word' id='word_1_327' title='bbox 894 2467 946 2521; x_wconf 93' lang='lat' dir='ltr'><strong><em>in</em></strong></span> <span class='ocrx_word' id='word_1_328' title='bbox 979 2484 1118 2524; x_wconf 89' lang='lat' dir='ltr'><strong><em>anno</em></strong></span> <span class='ocrx_word' id='word_1_329' title='bbox 1151 2471 1317 2540; x_wconf 82' lang='lat' dir='ltr'><strong><em>legem</em></strong></span> <span class='ocrx_word' id='word_1_330' title='bbox 1349 2471 1642 2539; x_wconf 84' lang='lat' dir='ltr'><strong><em>constituit,</em></strong></span> <span class='ocrx_word' id='word_1_331' title='bbox 1673 2473 1858 2529; x_wconf 90' lang='lat' dir='ltr'><strong><em>dicens</em></strong></span> <span class='ocrx_word' id='word_1_332' title='bbox 1885 2491 1899 2528; x_wconf 91' lang='lat'><strong>:</strong></span> 
     </span>
    </p>
   </div>
   <div class='ocr_carea' id='block_1_43' title="bbox 537 2555 2042 2636">
    <p class='ocr_par' dir='ltr' id='par_1_43' title="bbox 537 2555 2042 2636">
     <span class='ocr_line' id='line_1_43' title="bbox 537 2555 2042 2636; baseline 0.008 -29"><span class='ocrx_word' id='word_1_333' title='bbox 537 2555 801 2621; x_wconf 85' lang='lat' dir='ltr'><strong><em>Quoniam</em></strong></span> <span class='ocrx_word' id='word_1_334' title='bbox 841 2558 994 2613; x_wconf 76' lang='lat' dir='ltr'><strong><em>mala:</em></strong></span> <span class='ocrx_word' id='word_1_335' title='bbox 1025 2561 1289 2630; x_wconf 75' lang='lat' dir='ltr'><strong><em>passionis</em></strong></span> <span class='ocrx_word' id='word_1_336' title='bbox 1323 2572 1378 2616; x_wconf 89' lang='lat' dir='ltr'><strong><em>et</em></strong></span> <span class='ocrx_word' id='word_1_337' title='bbox 1415 2563 1777 2619; x_wconf 85' lang='lat' dir='ltr'><strong><em>tribulationis</em></strong></span> <span class='ocrx_word' id='word_1_338' title='bbox 1803 2564 2042 2636; x_wconf 90' lang='lat' dir='ltr'><strong><em>symbola</em></strong></span> 
     </span>
    </p>
   </div>
   <div class='ocr_carea' id='block_1_44' title="bbox 466 2647 2045 2728">
    <p class='ocr_par' dir='ltr' id='par_1_44' title="bbox 466 2647 2045 2728">
     <span class='ocr_line' id='line_1_44' title="bbox 466 2647 2045 2728; baseline 0.008 -31"><span class='ocrx_word' id='word_1_339' title='bbox 466 2655 612 2712; x_wconf 78' lang='lat' dir='ltr'><strong><em>sunt,</em></strong></span> <span class='ocrx_word' id='word_1_340' title='bbox 661 2647 1029 2720; x_wconf 68' lang='lat' dir='ltr'><strong><em>signiﬁcativm</em></strong></span> <span class='ocrx_word' id='word_1_341' title='bbox 1076 2663 1229 2718; x_wconf 84' lang='lat' dir='ltr'><strong><em>sunt;</em></strong></span> <span class='ocrx_word' id='word_1_342' title='bbox 1277 2662 1330 2708; x_wconf 90' lang='lat' dir='ltr'><strong><em>et</em></strong></span> <span class='ocrx_word' id='word_1_343' title='bbox 1373 2664 1615 2709; x_wconf 83' lang='lat' dir='ltr'><strong><em>nostrum</em></strong></span> <span class='ocrx_word' id='word_1_344' title='bbox 1666 2655 1867 2710; x_wconf 86' lang='lat' dir='ltr'><strong><em>Pascha</em></strong></span> <span class='ocrx_word' id='word_1_345' title='bbox 1915 2673 2045 2728; x_wconf 85' lang='lat' dir='ltr'><strong><em>gau-</em></strong></span> 
     </span>
    </p>
   </div>
   <div class='ocr_carea' id='block_1_45' title="bbox 465 2737 2046 2809">
    <p class='ocr_par' dir='ltr' id='par_1_45' title="bbox 465 2737 2046 2809">
     <span class='ocr_line' id='line_1_45' title="bbox 465 2737 2046 2809; baseline 0.008 -21"><span class='ocrx_word' id='word_1_346' title='bbox 465 2737 631 2798; x_wconf 73' lang='lat' dir='ltr'><strong><em>dium,</em></strong></span> <span class='ocrx_word' id='word_1_347' title='bbox 666 2746 720 2792; x_wconf 91' lang='lat' dir='ltr'><strong><em>et</em></strong></span> <span class='ocrx_word' id='word_1_348' title='bbox 765 2739 945 2794; x_wconf 66' lang='lat' dir='ltr'><strong><em>laetitia</em></strong></span> <span class='ocrx_word' id='word_1_349' title='bbox 992 2751 1158 2796; x_wconf 89' lang='lat' dir='ltr'><strong><em>totum</em></strong></span> <span class='ocrx_word' id='word_1_350' title='bbox 1195 2757 1300 2809; x_wconf 85' lang='lat' dir='ltr'><strong><em>est,</em></strong></span> <span class='ocrx_word' id='word_1_351' title='bbox 1331 2752 1385 2797; x_wconf 89' lang='lat' dir='ltr'><strong><em>et</em></strong></span> <span class='ocrx_word' id='word_1_352' title='bbox 1413 2745 1621 2800; x_wconf 77' lang='lat' dir='ltr'><strong><em>extollit</em></strong></span> <span class='ocrx_word' id='word_1_353' title='bbox 1662 2762 1759 2800; x_wconf 88' lang='lat' dir='ltr'><strong><em>nos</em></strong></span> <span class='ocrx_word' id='word_1_354' title='bbox 1785 2747 2046 2801; x_wconf 69' lang='lat' dir='ltr'><strong><em>abhutno</em></strong></span> 
     </span>
    </p>
   </div>
   <div class='ocr_carea' id='block_1_46' title="bbox 467 2831 2046 2909">
    <p class='ocr_par' dir='ltr' id='par_1_46' title="bbox 467 2831 2046 2909">
     <span class='ocr_line' id='line_1_46' title="bbox 467 2831 2046 2909; baseline 0.01 -32"><span class='ocrx_word' id='word_1_355' title='bbox 467 2836 689 2896; x_wconf 75' lang='lat' dir='ltr'><strong><em>propter</em></strong></span> <span class='ocrx_word' id='word_1_356' title='bbox 713 2831 962 2900; x_wconf 85' lang='lat' dir='ltr'><strong><em>gaudium</em></strong></span> <span class='ocrx_word' id='word_1_357' title='bbox 995 2833 1058 2886; x_wconf 86' lang='lat' dir='ltr'><strong><em>ad</em></strong></span> <span class='ocrx_word' id='word_1_358' title='bbox 1090 2833 1307 2899; x_wconf 64' lang='lat' dir='ltr'><strong><em>malum,</em></strong></span> <span class='ocrx_word' id='word_1_359' title='bbox 1334 2835 1474 2889; x_wconf 85' lang='lat' dir='ltr'><strong><em>sicut</em></strong></span> <span class='ocrx_word' id='word_1_360' title='bbox 1500 2845 1552 2890; x_wconf 89' lang='lat' dir='ltr'><strong><em>et</em></strong></span> <span class='ocrx_word' id='word_1_361' title='bbox 1575 2836 1897 2892; x_wconf 82' lang='lat' dir='ltr'><strong><em>fermentum</em></strong></span> <span class='ocrx_word' id='word_1_362' title='bbox 1923 2853 2046 2909; x_wconf 85' lang='lat' dir='ltr'><strong><em>pro-</em></strong></span> 
     </span>
    </p>
   </div>
   <div class='ocr_carea' id='block_1_47' title="bbox 466 2919 2045 2994">
    <p class='ocr_par' dir='ltr' id='par_1_47' title="bbox 466 2919 2045 2994">
     <span class='ocr_line' id='line_1_47' title="bbox 466 2919 2045 2994; baseline 0.009 -27"><span class='ocrx_word' id='word_1_363' title='bbox 466 2926 586 2985; x_wconf 81' lang='lat' dir='ltr'><strong><em>pter</em></strong></span> <span class='ocrx_word' id='word_1_364' title='bbox 615 2919 889 2989; x_wconf 84' lang='lat' dir='ltr'><strong><em>prOprium</em></strong></span> <span class='ocrx_word' id='word_1_365' title='bbox 927 2920 1158 2975; x_wconf 85' lang='lat' dir='ltr'><strong><em>calorem</em></strong></span> <span class='ocrx_word' id='word_1_366' title='bbox 1201 2937 1414 2991; x_wconf 86' lang='lat' dir='ltr'><strong><em>panem,</em></strong></span> <span class='ocrx_word' id='word_1_367' title='bbox 1445 2924 1534 2993; x_wconf 88' lang='lat' dir='ltr'><strong><em>qui</em></strong></span> <span class='ocrx_word' id='word_1_368' title='bbox 1565 2925 1718 2994; x_wconf 85' lang='lat' dir='ltr'><strong><em>panis</em></strong></span> <span class='ocrx_word' id='word_1_369' title='bbox 1749 2926 1893 2980; x_wconf 91' lang='lat' dir='ltr'><strong><em>omni</em></strong></span> <span class='ocrx_word' id='word_1_370' title='bbox 1923 2942 2045 2980; x_wconf 91' lang='lat' dir='ltr'><strong><em>sua-</em></strong></span> 
     </span>
    </p>
   </div>
   <div class='ocr_carea' id='block_1_48' title="bbox 467 3009 2046 3087">
    <p class='ocr_par' dir='ltr' id='par_1_48' title="bbox 467 3009 2046 3087">
     <span class='ocr_line' id='line_1_48' title="bbox 467 3009 2046 3087; baseline 0.008 -29"><span class='ocrx_word' id='word_1_371' title='bbox 467 3009 631 3064; x_wconf 50' lang='lat' dir='ltr'><strong><em>uitate</em></strong></span> <span class='ocrx_word' id='word_1_372' title='bbox 677 3009 908 3081; x_wconf 87' lang='lat' dir='ltr'><strong><em>repletus</em></strong></span> <span class='ocrx_word' id='word_1_373' title='bbox 949 3021 1050 3066; x_wconf 90' lang='lat' dir='ltr'><strong><em>est.</em></strong></span> <span class='ocrx_word' id='word_1_374' title='bbox 1093 3013 1309 3084; x_wconf 80' lang='lat' dir='ltr'><strong><em>Azynnc</em></strong></span> <span class='ocrx_word' id='word_1_375' title='bbox 1351 3029 1479 3068; x_wconf 76' lang='lat' dir='ltr'><strong><em>vero</em></strong></span> <span class='ocrx_word' id='word_1_376' title='bbox 1521 3030 1694 3084; x_wconf 89' lang='lat' dir='ltr'><strong><em>neque</em></strong></span> <span class='ocrx_word' id='word_1_377' title='bbox 1726 3016 1824 3082; x_wconf 82' lang='lat' dir='ltr'><strong><em>sui,</em></strong></span> <span class='ocrx_word' id='word_1_378' title='bbox 1873 3033 2046 3087; x_wconf 90' lang='lat' dir='ltr'><strong><em>neque</em></strong></span> 
     </span>
    </p>
   </div>
   <div class='ocr_carea' id='block_1_49' title="bbox 466 3100 2044 3168">
    <p class='ocr_par' dir='ltr' id='par_1_49' title="bbox 466 3100 2044 3168">
     <span class='ocr_line' id='line_1_49' title="bbox 466 3100 2044 3168; baseline 0.008 -16"><span class='ocrx_word' id='word_1_379' title='bbox 466 3100 787 3156; x_wconf 65' lang='lat' dir='ltr'><strong><em>fermentum</em></strong></span> <span class='ocrx_word' id='word_1_380' title='bbox 829 3103 1117 3168; x_wconf 88' lang='lat' dir='ltr'><strong><em>habentes,</em></strong></span> <span class='ocrx_word' id='word_1_381' title='bbox 1168 3105 1340 3160; x_wconf 90' lang='lat' dir='ltr'><strong><em>lutum</em></strong></span> <span class='ocrx_word' id='word_1_382' title='bbox 1385 3116 1470 3161; x_wconf 87' lang='lat' dir='ltr'><strong><em>est</em></strong></span> <span class='ocrx_word' id='word_1_383' title='bbox 1515 3109 1744 3163; x_wconf 87' lang='lat' dir='ltr'><strong><em>aridum.</em></strong></span> <span class='ocrx_word' id='word_1_384' title='bbox 1789 3109 1895 3163; x_wconf 82' lang='lat' dir='ltr'><strong><em>Aut</em></strong></span> <span class='ocrx_word' id='word_1_385' title='bbox 1941 3125 2044 3164; x_wconf 91' lang='lat' dir='ltr'><strong><em>non</em></strong></span> 
     </span>
    </p>
   </div>
   <div class='ocr_carea' id='block_1_50' title="bbox 467 3189 2046 3267">
    <p class='ocr_par' dir='ltr' id='par_1_50' title="bbox 467 3189 2046 3267">
     <span class='ocr_line' id='line_1_50' title="bbox 467 3189 2046 3267; baseline 0.007 -26"><span class='ocrx_word' id='word_1_386' title='bbox 467 3189 696 3244; x_wconf 89' lang='lat' dir='ltr'><strong><em>audistis</em></strong></span> <span class='ocrx_word' id='word_1_387' title='bbox 722 3189 906 3246; x_wconf 80' lang='lat' dir='ltr'><strong><em>Jesum</em></strong></span> <span class='ocrx_word' id='word_1_388' title='bbox 937 3193 1200 3247; x_wconf 82' lang='lat' dir='ltr'><strong><em>dicentem</em></strong></span> <span class='ocrx_word' id='word_1_389' title='bbox 1227 3194 1505 3265; x_wconf 87' lang='lat' dir='ltr'><strong><em>discipulis</em></strong></span> <span class='ocrx_word' id='word_1_390' title='bbox 1541 3198 1654 3252; x_wconf 92' lang='lat' dir='ltr'><strong><em>suis</em></strong></span> <span class='ocrx_word' id='word_1_391' title='bbox 1681 3198 1805 3267; x_wconf 89' lang='lat' dir='ltr'><strong><em>quia</em></strong></span> <span class='ocrx_word' id='word_1_392' title='bbox 1838 3215 1921 3252; x_wconf 80' lang='lat' dir='ltr'><strong><em>vos</em></strong></span> <span class='ocrx_word' id='word_1_393' title='bbox 1949 3200 2046 3252; x_wconf 87' lang='lat' dir='ltr'><strong><em>etis</em></strong></span> 
     </span>
    </p>
   </div>
   <div class='ocr_carea' id='block_1_51' title="bbox 465 3279 2047 3358">
    <p class='ocr_par' dir='ltr' id='par_1_51' title="bbox 465 3279 2047 3358">
     <span class='ocr_line' id='line_1_51' title="bbox 465 3279 2047 3358; baseline 0.007 -27"><span class='ocrx_word' id='word_1_394' title='bbox 465 3279 547 3332; x_wconf 85' lang='lat' dir='ltr'><strong><em>sal</em></strong></span> <span class='ocrx_word' id='word_1_395' title='bbox 584 3289 738 3334; x_wconf 79' lang='lat' dir='ltr'><strong><em>terra:</em></strong></span> <span class='ocrx_word' id='word_1_396' title='bbox 767 3281 976 3352; x_wconf 77' lang='lat' dir='ltr'><strong><em>(Matth.</em></strong></span> <span class='ocrx_word' id='word_1_397' title='bbox 1012 3284 1086 3352; x_wconf 84' lang='lat' dir='ltr'><strong><em>v),</em></strong></span> <span class='ocrx_word' id='word_1_398' title='bbox 1119 3297 1174 3339; x_wconf 91' lang='lat' dir='ltr'><strong><em>et</em></strong></span> <span class='ocrx_word' id='word_1_399' title='bbox 1213 3289 1464 3354; x_wconf 86' lang='lat' dir='ltr'><strong><em>quoniam</em></strong></span> <span class='ocrx_word' id='word_1_400' title='bbox 1508 3287 1675 3341; x_wconf 84' lang='lat' dir='ltr'><strong><em>simile</em></strong></span> <span class='ocrx_word' id='word_1_401' title='bbox 1718 3298 1792 3342; x_wconf 89' lang='lat' dir='ltr'><strong><em>est</em></strong></span> <span class='ocrx_word' id='word_1_402' title='bbox 1834 3305 2047 3358; x_wconf 84' lang='lat' dir='ltr'><strong><em>regnum</em></strong></span> 
     </span>
    </p>
   </div>
   <div class='ocr_carea' id='block_1_52' title="bbox 444 3369 2048 3444">
    <p class='ocr_par' dir='ltr' id='par_1_52' title="bbox 444 3369 2048 3444">
     <span class='ocr_line' id='line_1_52' title="bbox 444 3369 2048 3444; baseline 0.006 -22"><span class='ocrx_word' id='word_1_403' title='bbox 444 3369 714 3432; x_wconf 67' lang='lat' dir='ltr'><strong><em>actorum</em></strong></span> <span class='ocrx_word' id='word_1_404' title='bbox 735 3371 1011 3440; x_wconf 74' lang='lat' dir='ltr'><strong><em>fermento,</em></strong></span> <span class='ocrx_word' id='word_1_405' title='bbox 1039 3375 1175 3444; x_wconf 80' lang='lat' dir='ltr'><strong><em>quati</em></strong></span> <span class='ocrx_word' id='word_1_406' title='bbox 1205 3376 1463 3444; x_wconf 84' lang='lat' dir='ltr'><strong><em>accipiens</em></strong></span> <span class='ocrx_word' id='word_1_407' title='bbox 1494 3377 1679 3430; x_wconf 88' lang='lat' dir='ltr'><strong><em>mulier</em></strong></span> <span class='ocrx_word' id='word_1_408' title='bbox 1700 3378 1966 3431; x_wconf 88' lang='lat' dir='ltr'><strong><em>abscondit</em></strong></span> <span class='ocrx_word' id='word_1_409' title='bbox 1993 3380 2048 3432; x_wconf 88' lang='lat' dir='ltr'><strong><em>in</em></strong></span> 
     </span>
    </p>
   </div>
   <div class='ocr_carea' id='block_1_53' title="bbox 467 3461 2050 3535">
    <p class='ocr_par' dir='ltr' id='par_1_53' title="bbox 467 3461 2050 3535">
     <span class='ocr_line' id='line_1_53' title="bbox 467 3461 2050 3535; baseline 0.007 -22"><span class='ocrx_word' id='word_1_410' title='bbox 467 3461 658 3530; x_wconf 73' lang='lat' dir='ltr'><strong><em>furiare</em></strong></span> <span class='ocrx_word' id='word_1_411' title='bbox 701 3464 828 3517; x_wconf 87' lang='lat' dir='ltr'><strong><em>satis</em></strong></span> <span class='ocrx_word' id='word_1_412' title='bbox 856 3464 1044 3531; x_wconf 87' lang='lat' dir='ltr'><strong><em>tribus,</em></strong></span> <span class='ocrx_word' id='word_1_413' title='bbox 1073 3483 1233 3535; x_wconf 88' lang='lat' dir='ltr'><strong><em>usque</em></strong></span> <span class='ocrx_word' id='word_1_414' title='bbox 1257 3466 1379 3519; x_wconf 88' lang='lat' dir='ltr'><strong><em>dum</em></strong></span> <span class='ocrx_word' id='word_1_415' title='bbox 1408 3472 1810 3535; x_wconf 65' lang='lat' dir='ltr'><strong><em>fermentaretur</em></strong></span> <span class='ocrx_word' id='word_1_416' title='bbox 1835 3479 2000 3524; x_wconf 87' lang='lat' dir='ltr'><strong><em>totum</em></strong></span> <span class='ocrx_word' id='word_1_417' title='bbox 2024 3471 2050 3524; x_wconf 77' lang='lat'><strong><em>1’</em></strong></span> 
     </span>
    </p>
   </div>
   <div class='ocr_carea' id='block_1_54' title="bbox 468 3551 2050 3625">
    <p class='ocr_par' dir='ltr' id='par_1_54' title="bbox 468 3551 2050 3625">
     <span class='ocr_line' id='line_1_54' title="bbox 468 3551 2050 3625; baseline 0.006 -21"><span class='ocrx_word' id='word_1_418' title='bbox 468 3551 621 3618; x_wconf 83' lang='lat' dir='ltr'><strong><em>(Luc.</em></strong></span> <span class='ocrx_word' id='word_1_419' title='bbox 658 3554 796 3625; x_wconf 78' lang='lat' dir='ltr'><strong><em>xm.)</em></strong></span> <span class='ocrx_word' id='word_1_420' title='bbox 834 3553 1131 3621; x_wconf 79' lang='lat' dir='ltr'><strong><em>Mulierem,</em></strong></span> <span class='ocrx_word' id='word_1_421' title='bbox 1160 3566 1402 3610; x_wconf 87' lang='lat' dir='ltr'><strong><em>sanctam</em></strong></span> <span class='ocrx_word' id='word_1_422' title='bbox 1429 3557 1722 3612; x_wconf 79' lang='lat' dir='ltr'><strong><em>Ecclesium</em></strong></span> <span class='ocrx_word' id='word_1_423' title='bbox 1750 3570 1935 3625; x_wconf 83' lang='lat' dir='ltr'><strong><em>vocat;</em></strong></span> <span class='ocrx_word' id='word_1_424' title='bbox 1964 3573 2050 3613; x_wconf 82' lang='lat' dir='ltr'><strong><em>sa-</em></strong></span> 
     </span>
    </p>
   </div>
   <div class='ocr_carea' id='block_1_55' title="bbox 467 3643 2051 3718">
    <p class='ocr_par' dir='ltr' id='par_1_55' title="bbox 467 3643 2051 3718">
     <span class='ocr_line' id='line_1_55' title="bbox 467 3643 2051 3718; baseline 0.004 -20"><span class='ocrx_word' id='word_1_425' title='bbox 467 3643 538 3698; x_wconf 86' lang='lat' dir='ltr'><strong><em>tis</em></strong></span> <span class='ocrx_word' id='word_1_426' title='bbox 565 3658 695 3700; x_wconf 73' lang='lat' dir='ltr'><strong><em>vero</em></strong></span> <span class='ocrx_word' id='word_1_427' title='bbox 720 3645 891 3700; x_wconf 91' lang='lat' dir='ltr'><strong><em>tribus</em></strong></span> <span class='ocrx_word' id='word_1_428' title='bbox 919 3647 1112 3700; x_wconf 82' lang='lat' dir='ltr'><strong><em>modiis</em></strong></span> <span class='ocrx_word' id='word_1_429' title='bbox 1143 3645 1385 3718; x_wconf 83' lang='lat' dir='ltr'><strong><em>repletis,</em></strong></span> <span class='ocrx_word' id='word_1_430' title='bbox 1414 3647 1648 3713; x_wconf 85' lang='lat' dir='ltr'><strong><em>Patrem,</em></strong></span> <span class='ocrx_word' id='word_1_431' title='bbox 1676 3660 1729 3704; x_wconf 87' lang='lat' dir='ltr'><strong><em>et</em></strong></span> <span class='ocrx_word' id='word_1_432' title='bbox 1756 3650 1972 3714; x_wconf 88' lang='lat' dir='ltr'><strong><em>Filium,</em></strong></span> <span class='ocrx_word' id='word_1_433' title='bbox 1998 3659 2051 3705; x_wconf 89' lang='lat' dir='ltr'><strong><em>ct</em></strong></span> 
     </span>
    </p>
   </div>
   <div class='ocr_carea' id='block_1_56' title="bbox 468 3736 2051 3811">
    <p class='ocr_par' dir='ltr' id='par_1_56' title="bbox 468 3736 2051 3811">
     <span class='ocr_line' id='line_1_56' title="bbox 468 3736 2051 3811; baseline 0.004 -22"><span class='ocrx_word' id='word_1_434' title='bbox 468 3736 729 3805; x_wconf 79' lang='lat' dir='ltr'><strong><em>Spiritum</em></strong></span> <span class='ocrx_word' id='word_1_435' title='bbox 782 3748 1063 3803; x_wconf 91' lang='lat' dir='ltr'><strong><em>sanctum,</em></strong></span> <span class='ocrx_word' id='word_1_436' title='bbox 1125 3755 1354 3809; x_wconf 89' lang='lat' dir='ltr'><strong><em>quorum</em></strong></span> <span class='ocrx_word' id='word_1_437' title='bbox 1397 3756 1733 3811; x_wconf 84' lang='lat' dir='ltr'><strong><em>nequaquam</em></strong></span> <span class='ocrx_word' id='word_1_438' title='bbox 1777 3741 2051 3797; x_wconf 68' lang='lat' dir='ltr'><strong><em>lutulentae</em></strong></span> 
     </span>
    </p>
   </div>
   <div class='ocr_carea' id='block_1_57' title="bbox 466 3828 2051 3898">
    <p class='ocr_par' dir='ltr' id='par_1_57' title="bbox 466 3828 2051 3898">
     <span class='ocr_line' id='line_1_57' title="bbox 466 3828 2051 3898; baseline 0.003 -19"><span class='ocrx_word' id='word_1_439' title='bbox 466 3840 672 3897; x_wconf 69' lang='lat' dir='ltr'><strong><em>azyma:</em></strong></span> <span class='ocrx_word' id='word_1_440' title='bbox 719 3836 846 3882; x_wconf 87' lang='lat' dir='ltr'><strong><em>sunt</em></strong></span> <span class='ocrx_word' id='word_1_441' title='bbox 895 3828 1208 3898; x_wconf 84' lang='lat' dir='ltr'><strong><em>participes.</em></strong></span> <span class='ocrx_word' id='word_1_442' title='bbox 1261 3829 1395 3884; x_wconf 88' lang='lat' dir='ltr'><strong><em>Dicit</em></strong></span> <span class='ocrx_word' id='word_1_443' title='bbox 1444 3832 1614 3896; x_wconf 90' lang='lat' dir='ltr'><strong><em>enim,</em></strong></span> <span class='ocrx_word' id='word_1_444' title='bbox 1674 3839 1729 3886; x_wconf 88' lang='lat' dir='ltr'><strong><em>et</em></strong></span> <span class='ocrx_word' id='word_1_445' title='bbox 1777 3829 1939 3884; x_wconf 83' lang='lat' dir='ltr'><strong><em>David</em></strong></span> <span class='ocrx_word' id='word_1_446' title='bbox 1986 3832 2051 3884; x_wconf 87' lang='lat' dir='ltr'><strong><em>de</em></strong></span> 
     </span>
    </p>
   </div>
   <div class='ocr_carea' id='block_1_58' title="bbox 465 3909 2051 3977">
    <p class='ocr_par' dir='ltr' id='par_1_58' title="bbox 465 3909 2051 3977">
     <span class='ocr_line' id='line_1_58' title="bbox 465 3909 2051 3977; baseline 0.001 -4"><span class='ocrx_word' id='word_1_447' title='bbox 465 3919 685 3974; x_wconf 87' lang='lat' dir='ltr'><strong><em>Christo</em></strong></span> <span class='ocrx_word' id='word_1_448' title='bbox 710 3937 724 3972; x_wconf 93' lang='lat'><strong>:</strong></span> <span class='ocrx_word' id='word_1_449' title='bbox 757 3919 836 3973; x_wconf 84' lang='lat' dir='ltr'><strong><em>Tu</em></strong></span> <span class='ocrx_word' id='word_1_450' title='bbox 863 3937 915 3974; x_wconf 87' lang='lat' dir='ltr'><strong><em>es</em></strong></span> <span class='ocrx_word' id='word_1_451' title='bbox 945 3922 1186 3975; x_wconf 87' lang='lat' dir='ltr'><strong><em>sacerdos</em></strong></span> <span class='ocrx_word' id='word_1_452' title='bbox 1222 3909 1276 3976; x_wconf 86' lang='lat' dir='ltr'><strong><em>in</em></strong></span> <span class='ocrx_word' id='word_1_453' title='bbox 1305 3933 1556 3977; x_wconf 81' lang='lat' dir='ltr'><strong><em>teternum</em></strong></span> <span class='ocrx_word' id='word_1_454' title='bbox 1597 3924 1881 3976; x_wconf 84' lang='lat' dir='ltr'><strong><em>secundum</em></strong></span> <span class='ocrx_word' id='word_1_455' title='bbox 1909 3923 2051 3975; x_wconf 85' lang='lat' dir='ltr'><strong><em>ordi-</em></strong></span> 
     </span>
    </p>
   </div>
   <div class='ocr_carea' id='block_1_59' title="bbox 469 4009 2052 4084">
    <p class='ocr_par' dir='ltr' id='par_1_59' title="bbox 469 4009 2052 4084">
     <span class='ocr_line' id='line_1_59' title="bbox 469 4009 2052 4084; baseline 0.003 -23"><span class='ocrx_word' id='word_1_456' title='bbox 469 4025 582 4062; x_wconf 87' lang='lat' dir='ltr'><strong><em>nent</em></strong></span> <span class='ocrx_word' id='word_1_457' title='bbox 630 4009 1002 4065; x_wconf 77' lang='lat' dir='ltr'><strong><em>Melchisedech</em></strong></span> <span class='ocrx_word' id='word_1_458' title='bbox 1042 4010 1227 4084; x_wconf 81' lang='lat' dir='ltr'><strong><em>(Psal.</em></strong></span> <span class='ocrx_word' id='word_1_459' title='bbox 1257 4013 1406 4081; x_wconf 77' lang='lat' dir='ltr'><strong><em>cut),</em></strong></span> <span class='ocrx_word' id='word_1_460' title='bbox 1444 4013 1534 4082; x_wconf 89' lang='lat' dir='ltr'><strong><em>qui</em></strong></span> <span class='ocrx_word' id='word_1_461' title='bbox 1575 4022 1701 4067; x_wconf 87' lang='lat' dir='ltr'><strong><em>ante</em></strong></span> <span class='ocrx_word' id='word_1_462' title='bbox 1739 4011 1953 4082; x_wconf 85' lang='lat' dir='ltr'><strong><em>Moysen</em></strong></span> <span class='ocrx_word' id='word_1_463' title='bbox 1998 4024 2052 4067; x_wconf 89' lang='lat' dir='ltr'><strong><em>et</em></strong></span> 
     </span>
    </p>
   </div>
   <div class='ocr_carea' id='block_1_60' title="bbox 468 4099 2050 4157">
    <p class='ocr_par' dir='ltr' id='par_1_60' title="bbox 468 4099 2050 4157">
     <span class='ocr_line' id='line_1_60' title="bbox 468 4099 2050 4157; baseline 0.003 -5"><span class='ocrx_word' id='word_1_464' title='bbox 468 4099 740 4153; x_wconf 83' lang='lat' dir='ltr'><strong><em>Abraham</em></strong></span> <span class='ocrx_word' id='word_1_465' title='bbox 790 4101 910 4155; x_wconf 76' lang='lat' dir='ltr'><strong><em>cmli</em></strong></span> <span class='ocrx_word' id='word_1_466' title='bbox 945 4110 1000 4155; x_wconf 88' lang='lat' dir='ltr'><strong><em>et</em></strong></span> <span class='ocrx_word' id='word_1_467' title='bbox 1030 4111 1186 4156; x_wconf 70' lang='lat' dir='ltr'><strong><em>terra:</em></strong></span> <span class='ocrx_word' id='word_1_468' title='bbox 1226 4111 1280 4156; x_wconf 87' lang='lat' dir='ltr'><strong><em>ct</em></strong></span> <span class='ocrx_word' id='word_1_469' title='bbox 1321 4112 1636 4156; x_wconf 67' lang='lat' dir='ltr'><strong><em>camerarum</em></strong></span> <span class='ocrx_word' id='word_1_470' title='bbox 1679 4113 2050 4157; x_wconf 83' lang='lat' dir='ltr'><strong><em>creaturarum</em></strong></span> 
     </span>
    </p>
   </div>
   <div class='ocr_carea' id='block_1_61' title="bbox 469 4190 2054 4262">
    <p class='ocr_par' dir='ltr' id='par_1_61' title="bbox 469 4190 2054 4262">
     <span class='ocr_line' id='line_1_61' title="bbox 469 4190 2054 4262; baseline 0.003 -22"><span class='ocrx_word' id='word_1_471' title='bbox 469 4204 768 4258; x_wconf 76' lang='lat' dir='ltr'><strong><em>agnoscens</em></strong></span> <span class='ocrx_word' id='word_1_472' title='bbox 797 4190 1100 4255; x_wconf 88' lang='lat' dir='ltr'><strong><em>Domimnu,</em></strong></span> <span class='ocrx_word' id='word_1_473' title='bbox 1133 4207 1427 4262; x_wconf 80' lang='lat' dir='ltr'><strong><em>exsurgens</em></strong></span> <span class='ocrx_word' id='word_1_474' title='bbox 1449 4191 1645 4246; x_wconf 87' lang='lat' dir='ltr'><strong><em>obtulit</em></strong></span> <span class='ocrx_word' id='word_1_475' title='bbox 1670 4193 1744 4245; x_wconf 87' lang='lat' dir='ltr'><strong><em>illi</em></strong></span> <span class='ocrx_word' id='word_1_476' title='bbox 1775 4209 1968 4262; x_wconf 83' lang='lat' dir='ltr'><strong><em>panem</em></strong></span> <span class='ocrx_word' id='word_1_477' title='bbox 1999 4201 2054 4245; x_wconf 87' lang='lat' dir='ltr'><strong><em>ct</em></strong></span> 
     </span>
    </p>
   </div>
   <div class='ocr_carea' id='block_1_62' title="bbox 2145 1736 3742 1812">
    <p class='ocr_par' dir='ltr' id='par_1_62' title="bbox 2145 1736 3742 1812">
     <span class='ocr_line' id='line_1_62' title="bbox 2145 1736 3742 1812; baseline 0.004 -23"><span class='ocrx_word' id='word_1_478' title='bbox 2145 1736 2298 1790; x_wconf 82' lang='lat' dir='ltr'><strong><em>homo</em></strong></span> <span class='ocrx_word' id='word_1_479' title='bbox 2326 1748 2534 1808; x_wconf 88' lang='lat' dir='ltr'><strong><em>propter</em></strong></span> <span class='ocrx_word' id='word_1_480' title='bbox 2562 1737 2847 1796; x_wconf 85' lang='lat' dir='ltr'><strong><em>Sabbatum</em></strong></span> <span class='ocrx_word' id='word_1_481' title='bbox 2879 1739 3069 1811; x_wconf 77' lang='lat' dir='ltr'><strong><em>(Marc.</em></strong></span> <span class='ocrx_word' id='word_1_482' title='bbox 3105 1742 3166 1812; x_wconf 87' lang='grc' dir='ltr'><strong><em>ιι)</em></strong></span> <span class='ocrx_word' id='word_1_483' title='bbox 3196 1761 3208 1797; x_wconf 92' lang='lat'>:</span> <span class='ocrx_word' id='word_1_484' title='bbox 3236 1740 3339 1807; x_wconf 82' lang='lat' dir='ltr'><strong><em>Qui</em></strong></span> <span class='ocrx_word' id='word_1_485' title='bbox 3367 1753 3413 1795; x_wconf 88' lang='lat' dir='ltr'><strong><em>et</em></strong></span> <span class='ocrx_word' id='word_1_486' title='bbox 3442 1743 3697 1795; x_wconf 77' lang='lat' dir='ltr'><strong><em>dicebant</em></strong></span> <span class='ocrx_word' id='word_1_487' title='bbox 3723 1756 3742 1796; x_wconf 90' lang='lat'><strong><em>:</em></strong></span> 
     </span>
    </p>
   </div>
   <div class='ocr_carea' id='block_1_63' title="bbox 2147 1824 3744 1903">
    <p class='ocr_par' dir='ltr' id='par_1_63' title="bbox 2147 1824 3744 1903">
     <span class='ocr_line' id='line_1_63' title="bbox 2147 1824 3744 1903; baseline 0.003 -23"><span class='ocrx_word' id='word_1_488' title='bbox 2147 1824 2406 1892; x_wconf 82' lang='lat' dir='ltr'><strong><em>Quoniam</em></strong></span> <span class='ocrx_word' id='word_1_489' title='bbox 2432 1829 2586 1884; x_wconf 88' lang='lat' dir='ltr'><strong><em>homo</em></strong></span> <span class='ocrx_word' id='word_1_490' title='bbox 2615 1832 2709 1884; x_wconf 88' lang='lat' dir='ltr'><strong><em>iste</em></strong></span> <span class='ocrx_word' id='word_1_491' title='bbox 2731 1849 2832 1885; x_wconf 89' lang='lat' dir='ltr'><strong><em>non</em></strong></span> <span class='ocrx_word' id='word_1_492' title='bbox 2858 1841 2932 1887; x_wconf 87' lang='lat' dir='ltr'><strong><em>est</em></strong></span> <span class='ocrx_word' id='word_1_493' title='bbox 2957 1848 3022 1886; x_wconf 77' lang='lat' dir='ltr'><strong><em>ex</em></strong></span> <span class='ocrx_word' id='word_1_494' title='bbox 3047 1832 3171 1898; x_wconf 92' lang='lat' dir='ltr'><strong><em>Deo,</em></strong></span> <span class='ocrx_word' id='word_1_495' title='bbox 3198 1834 3286 1903; x_wconf 86' lang='lat' dir='ltr'><strong><em>qui</em></strong></span> <span class='ocrx_word' id='word_1_496' title='bbox 3311 1831 3607 1886; x_wconf 84' lang='lat' dir='ltr'><strong><em>Sabbatum</em></strong></span> <span class='ocrx_word' id='word_1_497' title='bbox 3637 1847 3744 1885; x_wconf 81' lang='lat' dir='ltr'><strong><em>non</em></strong></span> 
     </span>
    </p>
   </div>
   <div class='ocr_carea' id='block_1_64' title="bbox 2145 1919 3739 1995">
    <p class='ocr_par' dir='ltr' id='par_1_64' title="bbox 2145 1919 3739 1995">
     <span class='ocr_line' id='line_1_64' title="bbox 2145 1919 3739 1995; baseline 0.004 -25"><span class='ocrx_word' id='word_1_498' title='bbox 2145 1919 2366 1972; x_wconf 88' lang='lat' dir='ltr'><strong><em>custodit</em></strong></span> <span class='ocrx_word' id='word_1_499' title='bbox 2413 1919 2592 1990; x_wconf 82' lang='lat' dir='ltr'><strong><em>(Joan.</em></strong></span> <span class='ocrx_word' id='word_1_500' title='bbox 2628 1922 2724 1993; x_wconf 79' lang='lat' dir='ltr'><strong><em>Ix).</em></strong></span> <span class='ocrx_word' id='word_1_501' title='bbox 2772 1923 2840 1979; x_wconf 87' lang='lat' dir='ltr'><strong><em>Et</em></strong></span> <span class='ocrx_word' id='word_1_502' title='bbox 2878 1924 3074 1978; x_wconf 90' lang='lat' dir='ltr'><strong><em>iterum</em></strong></span> <span class='ocrx_word' id='word_1_503' title='bbox 3122 1926 3370 1995; x_wconf 86' lang='lat' dir='ltr'><strong><em>loquente</em></strong></span> <span class='ocrx_word' id='word_1_504' title='bbox 3411 1923 3641 1979; x_wconf 86' lang='lat' dir='ltr'><strong><em>Christo</em></strong></span> <span class='ocrx_word' id='word_1_505' title='bbox 3687 1927 3739 1977; x_wconf 92' lang='lat' dir='ltr'><strong><em>iu</em></strong></span> 
     </span>
    </p>
   </div>
   <div class='ocr_carea' id='block_1_65' title="bbox 2147 2004 3735 2090">
    <p class='ocr_par' dir='ltr' id='par_1_65' title="bbox 2147 2004 3735 2090">
     <span class='ocr_line' id='line_1_65' title="bbox 2147 2004 3735 2090; baseline 0.006 -30"><span class='ocrx_word' id='word_1_506' title='bbox 2147 2004 2406 2072; x_wconf 86' lang='lat' dir='ltr'><strong><em>Sabbato,</em></strong></span> <span class='ocrx_word' id='word_1_507' title='bbox 2436 2011 2558 2064; x_wconf 89' lang='lat' dir='ltr'><strong><em>etei</em></strong></span> <span class='ocrx_word' id='word_1_508' title='bbox 2603 2012 2694 2080; x_wconf 82' lang='lat' dir='ltr'><strong><em>qui</em></strong></span> <span class='ocrx_word' id='word_1_509' title='bbox 2739 2028 2952 2066; x_wconf 90' lang='lat' dir='ltr'><strong><em>manum</em></strong></span> <span class='ocrx_word' id='word_1_510' title='bbox 2984 2013 3186 2068; x_wconf 88' lang='lat' dir='ltr'><strong><em>aridam</em></strong></span> <span class='ocrx_word' id='word_1_511' title='bbox 3226 2014 3459 2090; x_wconf 89' lang='lat' dir='ltr'><strong><em>habebat</em></strong></span> <span class='ocrx_word' id='word_1_512' title='bbox 3507 2015 3735 2086; x_wconf 72' lang='lat' dir='ltr'><strong><em>(Matth.</em></strong></span> 
     </span>
    </p>
   </div>
   <div class='ocr_carea' id='block_1_66' title="bbox 2147 2091 3736 2175">
    <p class='ocr_par' dir='ltr' id='par_1_66' title="bbox 2147 2091 3736 2175">
     <span class='ocr_line' id='line_1_66' title="bbox 2147 2091 3736 2175; baseline 0.005 -24"><span class='ocrx_word' id='word_1_513' title='bbox 2147 2099 2264 2168; x_wconf 78' lang='lat' dir='ltr'><strong><em>xu),</em></strong></span> <span class='ocrx_word' id='word_1_514' title='bbox 2296 2091 2544 2156; x_wconf 89' lang='lat' dir='ltr'><strong><em>similiter</em></strong></span> <span class='ocrx_word' id='word_1_515' title='bbox 2570 2111 2622 2156; x_wconf 90' lang='lat' dir='ltr'><strong><em>et</em></strong></span> <span class='ocrx_word' id='word_1_516' title='bbox 2647 2101 2696 2156; x_wconf 91' lang='lat' dir='ltr'><strong><em>ei</em></strong></span> <span class='ocrx_word' id='word_1_517' title='bbox 2731 2103 2822 2173; x_wconf 91' lang='lat' dir='ltr'><strong><em>qui</em></strong></span> <span class='ocrx_word' id='word_1_518' title='bbox 2852 2103 3109 2160; x_wconf 72' lang='lat' dir='ltr'><strong><em>daemonis</em></strong></span> <span class='ocrx_word' id='word_1_519' title='bbox 3137 2105 3358 2175; x_wconf 88' lang='lat' dir='ltr'><strong><em>spiritus</em></strong></span> <span class='ocrx_word' id='word_1_520' title='bbox 3389 2105 3652 2172; x_wconf 84' lang='lat' dir='ltr'><strong><em>habebat,</em></strong></span> <span class='ocrx_word' id='word_1_521' title='bbox 3685 2107 3736 2159; x_wconf 82' lang='lat' dir='ltr'><strong><em>in</em></strong></span> 
     </span>
    </p>
   </div>
   <div class='ocr_carea' id='block_1_67' title="bbox 2147 2191 3738 2259">
    <p class='ocr_par' dir='ltr' id='par_1_67' title="bbox 2147 2191 3738 2259">
     <span class='ocr_line' id='line_1_67' title="bbox 2147 2191 3738 2259; baseline 0.002 -12"><span class='ocrx_word' id='word_1_522' title='bbox 2147 2191 2384 2248; x_wconf 87' lang='lat' dir='ltr'><strong><em>Sabbato</em></strong></span> <span class='ocrx_word' id='word_1_523' title='bbox 2445 2195 2730 2259; x_wconf 89' lang='lat' dir='ltr'><strong><em>mundato,</em></strong></span> <span class='ocrx_word' id='word_1_524' title='bbox 2792 2206 2847 2252; x_wconf 88' lang='lat' dir='ltr'><strong><em>et</em></strong></span> <span class='ocrx_word' id='word_1_525' title='bbox 2903 2197 3362 2252; x_wconf 88' lang='lat' dir='ltr'><strong><em>murnmrantibus</em></strong></span> <span class='ocrx_word' id='word_1_526' title='bbox 3419 2195 3630 2252; x_wconf 69' lang='lat' dir='ltr'><strong><em>Iudaeis</em></strong></span> <span class='ocrx_word' id='word_1_527' title='bbox 3682 2207 3738 2251; x_wconf 89' lang='lat' dir='ltr'><strong><em>et</em></strong></span> 
     </span>
    </p>
   </div>
   <div class='ocr_carea' id='block_1_68' title="bbox 2147 2281 3736 2358">
    <p class='ocr_par' dir='ltr' id='par_1_68' title="bbox 2147 2281 3736 2358">
     <span class='ocr_line' id='line_1_68' title="bbox 2147 2281 3736 2358; baseline 0.005 -24"><span class='ocrx_word' id='word_1_528' title='bbox 2147 2281 2312 2336; x_wconf 90' lang='lat' dir='ltr'><strong><em>multa</em></strong></span> <span class='ocrx_word' id='word_1_529' title='bbox 2356 2282 2656 2340; x_wconf 86' lang='lat' dir='ltr'><strong><em>dicentibus</em></strong></span> <span class='ocrx_word' id='word_1_530' title='bbox 2698 2286 2825 2341; x_wconf 93' lang='lat' dir='ltr'><strong><em>dicit</em></strong></span> <span class='ocrx_word' id='word_1_531' title='bbox 2869 2286 3114 2342; x_wconf 88' lang='lat' dir='ltr'><strong><em>Christus</em></strong></span> <span class='ocrx_word' id='word_1_532' title='bbox 3153 2306 3166 2342; x_wconf 93' lang='lat'><strong>:</strong></span> <span class='ocrx_word' id='word_1_533' title='bbox 3201 2286 3521 2358; x_wconf 73' lang='lat' dir='ltr'><strong><em>Ilgpocritte,</em></strong></span> <span class='ocrx_word' id='word_1_534' title='bbox 3571 2305 3736 2343; x_wconf 77' lang='lat' dir='ltr'><strong><em>unus-</em></strong></span> 
     </span>
    </p>
   </div>
   <div class='ocr_carea' id='block_1_69' title="bbox 2143 2375 3736 2450">
    <p class='ocr_par' dir='ltr' id='par_1_69' title="bbox 2143 2375 3736 2450">
     <span class='ocr_line' id='line_1_69' title="bbox 2143 2375 3736 2450; baseline 0.004 -23"><span class='ocrx_word' id='word_1_535' title='bbox 2143 2375 2357 2446; x_wconf 85' lang='lat' dir='ltr'><strong><em>quisque</em></strong></span> <span class='ocrx_word' id='word_1_536' title='bbox 2384 2387 2604 2431; x_wconf 84' lang='lat' dir='ltr'><strong><em>vestrunt</em></strong></span> <span class='ocrx_word' id='word_1_537' title='bbox 2634 2395 2735 2432; x_wconf 86' lang='lat' dir='ltr'><strong><em>non</em></strong></span> <span class='ocrx_word' id='word_1_538' title='bbox 2761 2379 2912 2433; x_wconf 85' lang='lat' dir='ltr'><strong><em>solvit</em></strong></span> <span class='ocrx_word' id='word_1_539' title='bbox 2939 2380 3145 2434; x_wconf 87' lang='lat' dir='ltr'><strong><em>asinum</em></strong></span> <span class='ocrx_word' id='word_1_540' title='bbox 3175 2398 3206 2434; x_wconf 91' lang='lat' dir='ltr'><strong><em>a</em></strong></span> <span class='ocrx_word' id='word_1_541' title='bbox 3235 2398 3483 2450; x_wconf 67' lang='lat' dir='ltr'><strong><em>pra&#39;sepe,</em></strong></span> <span class='ocrx_word' id='word_1_542' title='bbox 3514 2392 3611 2434; x_wconf 79' lang='lat' dir='ltr'><strong><em>aut</em></strong></span> <span class='ocrx_word' id='word_1_543' title='bbox 3645 2381 3736 2434; x_wconf 85' lang='lat' dir='ltr'><strong><em>bc-</em></strong></span> 
     </span>
    </p>
   </div>
   <div class='ocr_carea' id='block_1_70' title="bbox 2146 2469 3730 2543">
    <p class='ocr_par' dir='ltr' id='par_1_70' title="bbox 2146 2469 3730 2543">
     <span class='ocr_line' id='line_1_70' title="bbox 2146 2469 3730 2543; baseline 0.003 -23"><span class='ocrx_word' id='word_1_544' title='bbox 2146 2483 2254 2521; x_wconf 84' lang='lat' dir='ltr'><strong><em>vem</em></strong></span> <span class='ocrx_word' id='word_1_545' title='bbox 2277 2484 2450 2533; x_wconf 87' lang='lat' dir='ltr'><strong><em>suum,</em></strong></span> <span class='ocrx_word' id='word_1_546' title='bbox 2476 2479 2522 2522; x_wconf 89' lang='lat' dir='ltr'><strong><em>et</em></strong></span> <span class='ocrx_word' id='word_1_547' title='bbox 2551 2469 2692 2523; x_wconf 88' lang='lat' dir='ltr'><strong><em>ducit</em></strong></span> <span class='ocrx_word' id='word_1_548' title='bbox 2723 2471 3032 2541; x_wconf 84' lang='lat' dir='ltr'><strong><em>adaquare?</em></strong></span> <span class='ocrx_word' id='word_1_549' title='bbox 3058 2471 3205 2542; x_wconf 88' lang='lat' dir='ltr'><strong><em>(Luc.</em></strong></span> <span class='ocrx_word' id='word_1_550' title='bbox 3238 2473 3378 2543; x_wconf 80' lang='lat' dir='ltr'><strong><em>xm.)</em></strong></span> <span class='ocrx_word' id='word_1_551' title='bbox 3416 2474 3481 2528; x_wconf 84' lang='lat' dir='ltr'><strong><em>Et</em></strong></span> <span class='ocrx_word' id='word_1_552' title='bbox 3509 2473 3730 2543; x_wconf 83' lang='lat' dir='ltr'><strong><em>paraly-</em></strong></span> 
     </span>
    </p>
   </div>
   <div class='ocr_carea' id='block_1_71' title="bbox 2149 2558 3729 2631">
    <p class='ocr_par' dir='ltr' id='par_1_71' title="bbox 2149 2558 3729 2631">
     <span class='ocr_line' id='line_1_71' title="bbox 2149 2558 3729 2631; baseline 0.003 -21"><span class='ocrx_word' id='word_1_553' title='bbox 2149 2558 2252 2611; x_wconf 80' lang='lat' dir='ltr'><strong><em>tico</em></strong></span> <span class='ocrx_word' id='word_1_554' title='bbox 2299 2558 2565 2622; x_wconf 86' lang='lat' dir='ltr'><strong><em>similiter,</em></strong></span> <span class='ocrx_word' id='word_1_555' title='bbox 2606 2574 2765 2628; x_wconf 90' lang='lat' dir='ltr'><strong><em>quem</em></strong></span> <span class='ocrx_word' id='word_1_556' title='bbox 2806 2574 2996 2614; x_wconf 88' lang='lat' dir='ltr'><strong><em>sanum</em></strong></span> <span class='ocrx_word' id='word_1_557' title='bbox 3042 2560 3187 2616; x_wconf 81' lang='lat' dir='ltr'><strong><em>fecit.</em></strong></span> <span class='ocrx_word' id='word_1_558' title='bbox 3235 2561 3301 2616; x_wconf 85' lang='lat' dir='ltr'><strong><em>Et</em></strong></span> <span class='ocrx_word' id='word_1_559' title='bbox 3343 2563 3463 2616; x_wconf 89' lang='lat' dir='ltr'><strong><em>ideo</em></strong></span> <span class='ocrx_word' id='word_1_560' title='bbox 3505 2563 3589 2626; x_wconf 92' lang='lat' dir='ltr'><strong><em>hi,</em></strong></span> <span class='ocrx_word' id='word_1_561' title='bbox 3640 2563 3729 2631; x_wconf 86' lang='lat' dir='ltr'><strong><em>qui</em></strong></span> 
     </span>
    </p>
   </div>
   <div class='ocr_carea' id='block_1_72' title="bbox 2104 2643 3731 2720">
    <p class='ocr_par' dir='ltr' id='par_1_72' title="bbox 2104 2643 3731 2720">
     <span class='ocr_line' id='line_1_72' title="bbox 2104 2643 3731 2720; baseline 0.002 -21"><span class='ocrx_word' id='word_1_562' title='bbox 2104 2661 2108 2666; x_wconf 90' lang='grc'>·</span> <span class='ocrx_word' id='word_1_563' title='bbox 2147 2643 2381 2700; x_wconf 88' lang='lat' dir='ltr'><strong><em>Sabbata</em></strong></span> <span class='ocrx_word' id='word_1_564' title='bbox 2413 2662 2532 2700; x_wconf 90' lang='lat' dir='ltr'><strong><em>cum</em></strong></span> <span class='ocrx_word' id='word_1_565' title='bbox 2564 2649 2768 2718; x_wconf 85' lang='lat' dir='ltr'><strong><em>azymis</em></strong></span> <span class='ocrx_word' id='word_1_566' title='bbox 2802 2649 3141 2712; x_wconf 87' lang='lat' dir='ltr'><strong><em>custodiunt,</em></strong></span> <span class='ocrx_word' id='word_1_567' title='bbox 3175 2664 3348 2720; x_wconf 89' lang='lat' dir='ltr'><strong><em>neque</em></strong></span> <span class='ocrx_word' id='word_1_568' title='bbox 3381 2647 3552 2705; x_wconf 68' lang='lat' dir='ltr'><strong><em>Judaei</em></strong></span> <span class='ocrx_word' id='word_1_569' title='bbox 3573 2690 3590 2715; x_wconf 95' lang='lat'><strong><em>,</em></strong></span> <span class='ocrx_word' id='word_1_570' title='bbox 3634 2666 3731 2703; x_wconf 89' lang='lat' dir='ltr'><strong><em>ne-</em></strong></span> 
     </span>
    </p>
   </div>
   <div class='ocr_carea' id='block_1_73' title="bbox 2146 2737 3732 2810">
    <p class='ocr_par' dir='ltr' id='par_1_73' title="bbox 2146 2737 3732 2810">
     <span class='ocr_line' id='line_1_73' title="bbox 2146 2737 3732 2810; baseline 0.001 -20"><span class='ocrx_word' id='word_1_571' title='bbox 2146 2753 2250 2807; x_wconf 90' lang='lat' dir='ltr'><strong><em>que</em></strong></span> <span class='ocrx_word' id='word_1_572' title='bbox 2279 2737 2571 2793; x_wconf 87' lang='lat' dir='ltr'><strong><em>Christiani</em></strong></span> <span class='ocrx_word' id='word_1_573' title='bbox 2597 2749 2742 2804; x_wconf 88' lang='lat' dir='ltr'><strong><em>sunt,</em></strong></span> <span class='ocrx_word' id='word_1_574' title='bbox 2773 2740 2865 2794; x_wconf 90' lang='lat' dir='ltr'><strong><em>sed</em></strong></span> <span class='ocrx_word' id='word_1_575' title='bbox 2897 2739 3102 2796; x_wconf 89' lang='lat' dir='ltr'><strong><em>similes</em></strong></span> <span class='ocrx_word' id='word_1_576' title='bbox 3131 2748 3255 2795; x_wconf 91' lang='lat' dir='ltr'><strong><em>sunt</em></strong></span> <span class='ocrx_word' id='word_1_577' title='bbox 3288 2741 3565 2810; x_wconf 87' lang='lat' dir='ltr'><strong><em>leopardo,</em></strong></span> <span class='ocrx_word' id='word_1_578' title='bbox 3591 2741 3732 2795; x_wconf 87' lang='lat' dir='ltr'><strong><em>sicut</em></strong></span> 
     </span>
    </p>
   </div>
   <div class='ocr_carea' id='block_1_74' title="bbox 2148 2827 3726 2900">
    <p class='ocr_par' dir='ltr' id='par_1_74' title="bbox 2148 2827 3726 2900">
     <span class='ocr_line' id='line_1_74' title="bbox 2148 2827 3726 2900; baseline 0 -18"><span class='ocrx_word' id='word_1_579' title='bbox 2148 2827 2278 2883; x_wconf 91' lang='lat' dir='ltr'><strong><em>dicit</em></strong></span> <span class='ocrx_word' id='word_1_580' title='bbox 2306 2843 2529 2897; x_wconf 88' lang='lat' dir='ltr'><strong><em>magnus</em></strong></span> <span class='ocrx_word' id='word_1_581' title='bbox 2568 2827 2819 2896; x_wconf 88' lang='lat' dir='ltr'><strong><em>Basilius,</em></strong></span> <span class='ocrx_word' id='word_1_582' title='bbox 2863 2829 3015 2899; x_wconf 87' lang='lat' dir='ltr'><strong><em>cujus</em></strong></span> <span class='ocrx_word' id='word_1_583' title='bbox 3055 2829 3229 2900; x_wconf 87' lang='lat' dir='ltr'><strong><em>capilli</em></strong></span> <span class='ocrx_word' id='word_1_584' title='bbox 3262 2844 3361 2884; x_wconf 89' lang='lat' dir='ltr'><strong><em>nec</em></strong></span> <span class='ocrx_word' id='word_1_585' title='bbox 3393 2829 3535 2898; x_wconf 82' lang='lat' dir='ltr'><strong><em>nigri</em></strong></span> <span class='ocrx_word' id='word_1_586' title='bbox 3581 2841 3726 2893; x_wconf 87' lang='lat' dir='ltr'><strong><em>sunt,</em></strong></span> 
     </span>
    </p>
   </div>
   <div class='ocr_carea' id='block_1_75' title="bbox 2150 2919 2655 2974">
    <p class='ocr_par' dir='ltr' id='par_1_75' title="bbox 2150 2919 2655 2974">
     <span class='ocr_line' id='line_1_75' title="bbox 2150 2919 2655 2974; baseline 0.004 -2"><span class='ocrx_word' id='word_1_587' title='bbox 2150 2923 2246 2974; x_wconf 81' lang='lat' dir='ltr'><strong><em>nec</em></strong></span> <span class='ocrx_word' id='word_1_588' title='bbox 2282 2919 2502 2973; x_wconf 88' lang='lat' dir='ltr'><strong><em>omnino</em></strong></span> <span class='ocrx_word' id='word_1_589' title='bbox 2528 2920 2655 2974; x_wconf 89' lang='lat' dir='ltr'><strong><em>albi.</em></strong></span> 
     </span>
    </p>
   </div>
   <div class='ocr_carea' id='block_1_76' title="bbox 2218 3007 3726 3075">
    <p class='ocr_par' dir='ltr' id='par_1_76' title="bbox 2218 3007 3726 3075">
     <span class='ocr_line' id='line_1_76' title="bbox 2218 3007 3726 3075; baseline 0.003 -16"><span class='ocrx_word' id='word_1_590' title='bbox 2218 3007 2496 3075; x_wconf 79' lang='lat' dir='ltr'><strong><em>Quomodo</em></strong></span> <span class='ocrx_word' id='word_1_591' title='bbox 2520 3019 2701 3064; x_wconf 87' lang='lat' dir='ltr'><strong><em>autem</em></strong></span> <span class='ocrx_word' id='word_1_592' title='bbox 2729 3020 2783 3064; x_wconf 90' lang='lat' dir='ltr'><strong><em>et</em></strong></span> <span class='ocrx_word' id='word_1_593' title='bbox 2809 3010 3068 3066; x_wconf 77' lang='lat' dir='ltr'><strong><em>sullocata</em></strong></span> <span class='ocrx_word' id='word_1_594' title='bbox 3094 3012 3146 3066; x_wconf 93' lang='lat' dir='ltr'><strong><em>hi</em></strong></span> <span class='ocrx_word' id='word_1_595' title='bbox 3181 3011 3312 3066; x_wconf 91' lang='lat' dir='ltr'><strong><em>tales</em></strong></span> <span class='ocrx_word' id='word_1_596' title='bbox 3337 3007 3652 3075; x_wconf 81' lang='lat' dir='ltr'><strong><em>comedunt,</em></strong></span> <span class='ocrx_word' id='word_1_597' title='bbox 3679 3014 3726 3064; x_wconf 89' lang='lat' dir='ltr'><strong><em>in</em></strong></span> 
     </span>
    </p>
   </div>
   <div class='ocr_carea' id='block_1_77' title="bbox 2147 3100 3730 3171">
    <p class='ocr_par' dir='ltr' id='par_1_77' title="bbox 2147 3100 3730 3171">
     <span class='ocr_line' id='line_1_77' title="bbox 2147 3100 3730 3171; baseline 0.003 -21"><span class='ocrx_word' id='word_1_598' title='bbox 2147 3100 2342 3168; x_wconf 87' lang='lat' dir='ltr'><strong><em>quibus</em></strong></span> <span class='ocrx_word' id='word_1_599' title='bbox 2383 3101 2603 3169; x_wconf 80' lang='lat' dir='ltr'><strong><em>sanguis</em></strong></span> <span class='ocrx_word' id='word_1_600' title='bbox 2647 3105 2894 3158; x_wconf 80' lang='lat' dir='ltr'><strong><em>tenetur?</em></strong></span> <span class='ocrx_word' id='word_1_601' title='bbox 2935 3111 3028 3156; x_wconf 89' lang='lat' dir='ltr'><strong><em>aut</em></strong></span> <span class='ocrx_word' id='word_1_602' title='bbox 3073 3103 3315 3168; x_wconf 89' lang='lat' dir='ltr'><strong><em>nescitis,</em></strong></span> <span class='ocrx_word' id='word_1_603' title='bbox 3359 3103 3502 3171; x_wconf 88' lang='lat' dir='ltr'><strong><em>quod</em></strong></span> <span class='ocrx_word' id='word_1_604' title='bbox 3553 3104 3730 3156; x_wconf 79' lang='lat' dir='ltr'><strong><em>omnis</em></strong></span> 
     </span>
    </p>
   </div>
   <div class='ocr_carea' id='block_1_78' title="bbox 2149 3189 3728 3261">
    <p class='ocr_par' dir='ltr' id='par_1_78' title="bbox 2149 3189 3728 3261">
     <span class='ocr_line' id='line_1_78' title="bbox 2149 3189 3728 3261; baseline 0 -18"><span class='ocrx_word' id='word_1_605' title='bbox 2149 3189 2396 3245; x_wconf 87' lang='lat' dir='ltr'><strong><em>animalis</em></strong></span> <span class='ocrx_word' id='word_1_606' title='bbox 2427 3193 2645 3260; x_wconf 84' lang='lat' dir='ltr'><strong><em>sanguis</em></strong></span> <span class='ocrx_word' id='word_1_607' title='bbox 2679 3192 2747 3246; x_wconf 90' lang='lat' dir='ltr'><strong><em>sit</em></strong></span> <span class='ocrx_word' id='word_1_608' title='bbox 2777 3193 2957 3245; x_wconf 84' lang='lat' dir='ltr'><strong><em>anima</em></strong></span> <span class='ocrx_word' id='word_1_609' title='bbox 2995 3193 3184 3261; x_wconf 87' lang='lat' dir='ltr'><strong><em>ipsius,</em></strong></span> <span class='ocrx_word' id='word_1_610' title='bbox 3214 3203 3268 3246; x_wconf 89' lang='lat' dir='ltr'><strong><em>et</em></strong></span> <span class='ocrx_word' id='word_1_611' title='bbox 3310 3194 3400 3261; x_wconf 90' lang='lat' dir='ltr'><strong><em>qui</em></strong></span> <span class='ocrx_word' id='word_1_612' title='bbox 3432 3194 3728 3247; x_wconf 89' lang='lat' dir='ltr'><strong><em>comederit</em></strong></span> 
     </span>
    </p>
   </div>
   <div class='ocr_carea' id='block_1_79' title="bbox 2148 3282 3730 3353">
    <p class='ocr_par' dir='ltr' id='par_1_79' title="bbox 2148 3282 3730 3353">
     <span class='ocr_line' id='line_1_79' title="bbox 2148 3282 3730 3353; baseline 0 -19"><span class='ocrx_word' id='word_1_613' title='bbox 2148 3283 2500 3352; x_wconf 83' lang='lat' dir='ltr'><strong><em>sanguinem,</em></strong></span> <span class='ocrx_word' id='word_1_614' title='bbox 2541 3283 2775 3336; x_wconf 82' lang='lat' dir='ltr'><strong><em>animam</em></strong></span> <span class='ocrx_word' id='word_1_615' title='bbox 2800 3283 3065 3337; x_wconf 82' lang='lat' dir='ltr'><strong><em>comedit?</em></strong></span> <span class='ocrx_word' id='word_1_616' title='bbox 3102 3282 3250 3351; x_wconf 82' lang='lat' dir='ltr'><strong><em>(Cen.</em></strong></span> <span class='ocrx_word' id='word_1_617' title='bbox 3286 3282 3384 3353; x_wconf 81' lang='lat' dir='ltr'><strong><em>Ix.)</em></strong></span> <span class='ocrx_word' id='word_1_618' title='bbox 3417 3283 3482 3336; x_wconf 85' lang='lat' dir='ltr'><strong><em>Et</em></strong></span> <span class='ocrx_word' id='word_1_619' title='bbox 3523 3283 3730 3337; x_wconf 90' lang='lat' dir='ltr'><strong><em>idcirco</em></strong></span> 
     </span>
    </p>
   </div>
   <div class='ocr_carea' id='block_1_80' title="bbox 2149 3371 3725 3442">
    <p class='ocr_par' dir='ltr' id='par_1_80' title="bbox 2149 3371 3725 3442">
     <span class='ocr_line' id='line_1_80' title="bbox 2149 3371 3725 3442; baseline -0.003 -16"><span class='ocrx_word' id='word_1_620' title='bbox 2149 3371 2440 3426; x_wconf 88' lang='lat' dir='ltr'><strong><em>secundum</em></strong></span> <span class='ocrx_word' id='word_1_621' title='bbox 2470 3371 2573 3426; x_wconf 89' lang='lat' dir='ltr'><strong><em>hoc</em></strong></span> <span class='ocrx_word' id='word_1_622' title='bbox 2600 3387 2698 3427; x_wconf 91' lang='lat' dir='ltr'><strong><em>nec</em></strong></span> <span class='ocrx_word' id='word_1_623' title='bbox 2724 3371 2949 3442; x_wconf 81' lang='lat' dir='ltr'><strong><em>gentiles</em></strong></span> <span class='ocrx_word' id='word_1_624' title='bbox 2983 3386 3049 3426; x_wconf 82' lang='lat' dir='ltr'><strong><em>ex</em></strong></span> <span class='ocrx_word' id='word_1_625' title='bbox 3098 3381 3210 3426; x_wconf 86' lang='lat' dir='ltr'><strong><em>toto</em></strong></span> <span class='ocrx_word' id='word_1_626' title='bbox 3253 3381 3407 3440; x_wconf 90' lang='lat' dir='ltr'><strong><em>sunt;</em></strong></span> <span class='ocrx_word' id='word_1_627' title='bbox 3443 3371 3516 3426; x_wconf 88' lang='lat' dir='ltr'><strong><em>illi</em></strong></span> <span class='ocrx_word' id='word_1_628' title='bbox 3547 3381 3725 3425; x_wconf 89' lang='lat' dir='ltr'><strong><em>autem</em></strong></span> 
     </span>
    </p>
   </div>
   <div class='ocr_carea' id='block_1_81' title="bbox 2149 3459 3184 3531">
    <p class='ocr_par' dir='ltr' id='par_1_81' title="bbox 2149 3459 3184 3531">
     <span class='ocr_line' id='line_1_81' title="bbox 2149 3459 3184 3531; baseline -0.001 -16"><span class='ocrx_word' id='word_1_629' title='bbox 2149 3461 2420 3527; x_wconf 88' lang='lat' dir='ltr'><strong><em>occidunt,</em></strong></span> <span class='ocrx_word' id='word_1_630' title='bbox 2454 3470 2546 3516; x_wconf 88' lang='lat' dir='ltr'><strong><em>aut</em></strong></span> <span class='ocrx_word' id='word_1_631' title='bbox 2572 3459 2846 3531; x_wconf 82' lang='lat' dir='ltr'><strong><em>plagantes</em></strong></span> <span class='ocrx_word' id='word_1_632' title='bbox 2876 3462 3184 3515; x_wconf 86' lang='lat' dir='ltr'><strong><em>comedunt.</em></strong></span> 
     </span>
    </p>
   </div>
   <div class='ocr_carea' id='block_1_82' title="bbox 2220 3548 3758 3626">
    <p class='ocr_par' dir='ltr' id='par_1_82' title="bbox 2220 3548 3758 3626">
     <span class='ocr_line' id='line_1_82' title="bbox 2220 3548 3758 3626; baseline -0.001 -21"><span class='ocrx_word' id='word_1_633' title='bbox 2220 3551 2285 3605; x_wconf 89' lang='lat' dir='ltr'><strong><em>Et</em></strong></span> <span class='ocrx_word' id='word_1_634' title='bbox 2313 3552 2504 3606; x_wconf 89' lang='lat' dir='ltr'><strong><em>iterum</em></strong></span> <span class='ocrx_word' id='word_1_635' title='bbox 2532 3569 2545 3606; x_wconf 88' lang='lat'><strong>:</strong></span> <span class='ocrx_word' id='word_1_636' title='bbox 2575 3551 2796 3606; x_wconf 82' lang='lat' dir='ltr'><strong><em>Alleluia</em></strong></span> <span class='ocrx_word' id='word_1_637' title='bbox 2822 3552 2874 3605; x_wconf 90' lang='lat' dir='ltr'><strong><em>in</em></strong></span> <span class='ocrx_word' id='word_1_638' title='bbox 2903 3548 3325 3622; x_wconf 82' lang='lat' dir='ltr'><strong><em>Quadragesima</em></strong></span> <span class='ocrx_word' id='word_1_639' title='bbox 3347 3568 3452 3606; x_wconf 91' lang='lat' dir='ltr'><strong><em>non</em></strong></span> <span class='ocrx_word' id='word_1_640' title='bbox 3477 3552 3726 3622; x_wconf 84' lang='lat' dir='ltr'><strong><em>psallitis,</em></strong></span> <span class='ocrx_word' id='word_1_641' title='bbox 3756 3624 3758 3626; x_wconf 88' lang='lat'><em>_</em></span> 
     </span>
    </p>
   </div>
   <div class='ocr_carea' id='block_1_83' title="bbox 2150 3640 3725 3711">
    <p class='ocr_par' dir='ltr' id='par_1_83' title="bbox 2150 3640 3725 3711">
     <span class='ocr_line' id='line_1_83' title="bbox 2150 3640 3725 3711; baseline 0.001 -17"><span class='ocrx_word' id='word_1_642' title='bbox 2150 3640 2244 3694; x_wconf 88' lang='lat' dir='ltr'><strong><em>sed</em></strong></span> <span class='ocrx_word' id='word_1_643' title='bbox 2277 3641 2445 3694; x_wconf 86' lang='lat' dir='ltr'><strong><em>semel</em></strong></span> <span class='ocrx_word' id='word_1_644' title='bbox 2476 3641 2526 3694; x_wconf 90' lang='lat' dir='ltr'><strong><em>in</em></strong></span> <span class='ocrx_word' id='word_1_645' title='bbox 2565 3640 2771 3695; x_wconf 86' lang='lat' dir='ltr'><strong><em>Pascha</em></strong></span> <span class='ocrx_word' id='word_1_646' title='bbox 2810 3642 3196 3707; x_wconf 86' lang='lat' dir='ltr'><strong><em>tantummodo,</em></strong></span> <span class='ocrx_word' id='word_1_647' title='bbox 3227 3643 3370 3711; x_wconf 88' lang='lat' dir='ltr'><strong><em>quod</em></strong></span> <span class='ocrx_word' id='word_1_648' title='bbox 3401 3644 3725 3711; x_wconf 87' lang='lat' dir='ltr'><strong><em>interpreta-</em></strong></span> 
     </span>
    </p>
   </div>
   <div class='ocr_carea' id='block_1_84' title="bbox 2153 3731 3724 3800">
    <p class='ocr_par' dir='ltr' id='par_1_84' title="bbox 2153 3731 3724 3800">
     <span class='ocr_line' id='line_1_84' title="bbox 2153 3731 3724 3800; baseline 0 -17"><span class='ocrx_word' id='word_1_649' title='bbox 2153 3742 2258 3796; x_wconf 88' lang='lat' dir='ltr'><strong><em>tur,</em></strong></span> <span class='ocrx_word' id='word_1_650' title='bbox 2291 3731 2545 3785; x_wconf 87' lang='lat' dir='ltr'><strong><em>Dominus</em></strong></span> <span class='ocrx_word' id='word_1_651' title='bbox 2577 3733 2730 3795; x_wconf 84' lang='lat' dir='ltr'><strong><em>venit,</em></strong></span> <span class='ocrx_word' id='word_1_652' title='bbox 2760 3731 2992 3794; x_wconf 86' lang='lat' dir='ltr'><strong><em>laudate,</em></strong></span> <span class='ocrx_word' id='word_1_653' title='bbox 3027 3732 3270 3800; x_wconf 83' lang='lat' dir='ltr'><strong><em>hymnum</em></strong></span> <span class='ocrx_word' id='word_1_654' title='bbox 3295 3732 3468 3793; x_wconf 88' lang='lat' dir='ltr'><strong><em>dicite,</em></strong></span> <span class='ocrx_word' id='word_1_655' title='bbox 3497 3741 3544 3784; x_wconf 90' lang='lat' dir='ltr'><strong><em>et</em></strong></span> <span class='ocrx_word' id='word_1_656' title='bbox 3575 3731 3724 3784; x_wconf 86' lang='lat' dir='ltr'><strong><em>bene-</em></strong></span> 
     </span>
    </p>
   </div>
   <div class='ocr_carea' id='block_1_85' title="bbox 2150 3822 3722 3892">
    <p class='ocr_par' dir='ltr' id='par_1_85' title="bbox 2150 3822 3722 3892">
     <span class='ocr_line' id='line_1_85' title="bbox 2150 3822 3722 3892; baseline 0.001 -17"><span class='ocrx_word' id='word_1_657' title='bbox 2150 3822 2306 3883; x_wconf 83' lang='lat' dir='ltr'><strong><em>dicite</em></strong></span> <span class='ocrx_word' id='word_1_658' title='bbox 2333 3839 2470 3877; x_wconf 88' lang='lat' dir='ltr'><strong><em>eum.</em></strong></span> <span class='ocrx_word' id='word_1_659' title='bbox 2505 3823 2664 3892; x_wconf 85' lang='lat' dir='ltr'><strong><em>Ergo,</em></strong></span> <span class='ocrx_word' id='word_1_660' title='bbox 2696 3822 2988 3878; x_wconf 88' lang='lat' dir='ltr'><strong><em>secundum</em></strong></span> <span class='ocrx_word' id='word_1_661' title='bbox 3019 3823 3140 3886; x_wconf 85' lang='lat' dir='ltr'><strong><em>hoc,</em></strong></span> <span class='ocrx_word' id='word_1_662' title='bbox 3174 3838 3345 3891; x_wconf 89' lang='lat' dir='ltr'><strong><em>neque</em></strong></span> <span class='ocrx_word' id='word_1_663' title='bbox 3372 3823 3583 3877; x_wconf 87' lang='lat' dir='ltr'><strong><em>Domini</em></strong></span> <span class='ocrx_word' id='word_1_664' title='bbox 3619 3822 3722 3876; x_wconf 85' lang='lat' dir='ltr'><strong><em>Do-</em></strong></span> 
     </span>
    </p>
   </div>
   <div class='ocr_carea' id='block_1_86' title="bbox 2154 3911 3729 3982">
    <p class='ocr_par' dir='ltr' id='par_1_86' title="bbox 2154 3911 3729 3982">
     <span class='ocr_line' id='line_1_86' title="bbox 2154 3911 3729 3982; baseline -0.001 -17"><span class='ocrx_word' id='word_1_665' title='bbox 2154 3911 2397 3974; x_wconf 88' lang='lat' dir='ltr'><strong><em>minum,</em></strong></span> <span class='ocrx_word' id='word_1_666' title='bbox 2455 3926 2629 3980; x_wconf 88' lang='lat' dir='ltr'><strong><em>neque</em></strong></span> <span class='ocrx_word' id='word_1_667' title='bbox 2679 3911 2993 3966; x_wconf 84' lang='lat' dir='ltr'><strong><em>benedictus</em></strong></span> <span class='ocrx_word' id='word_1_668' title='bbox 3038 3912 3128 3980; x_wconf 90' lang='lat' dir='ltr'><strong><em>qui</em></strong></span> <span class='ocrx_word' id='word_1_669' title='bbox 3181 3912 3322 3965; x_wconf 81' lang='lat' dir='ltr'><strong><em>venit</em></strong></span> <span class='ocrx_word' id='word_1_670' title='bbox 3369 3911 3614 3982; x_wconf 86' lang='lat' dir='ltr'><strong><em>psallitis.</em></strong></span> <span class='ocrx_word' id='word_1_671' title='bbox 3665 3911 3729 3965; x_wconf 82' lang='lat' dir='ltr'><strong><em>Et</em></strong></span> 
     </span>
    </p>
   </div>
   <div class='ocr_carea' id='block_1_87' title="bbox 2154 3997 3724 4054">
    <p class='ocr_par' dir='ltr' id='par_1_87' title="bbox 2154 3997 3724 4054">
     <span class='ocr_line' id='line_1_87' title="bbox 2154 3997 3724 4054; baseline 0 -3"><span class='ocrx_word' id='word_1_672' title='bbox 2154 3998 2292 4052; x_wconf 86' lang='lat' dir='ltr'><strong><em>istud</em></strong></span> <span class='ocrx_word' id='word_1_673' title='bbox 2323 4012 2450 4052; x_wconf 86' lang='lat' dir='ltr'><strong><em>vero</em></strong></span> <span class='ocrx_word' id='word_1_674' title='bbox 2478 3997 2690 4052; x_wconf 87' lang='lat' dir='ltr'><strong><em>alleluia</em></strong></span> <span class='ocrx_word' id='word_1_675' title='bbox 2737 3997 2998 4053; x_wconf 87' lang='lat' dir='ltr'><strong><em>Hebraice</em></strong></span> <span class='ocrx_word' id='word_1_676' title='bbox 3028 4000 3227 4053; x_wconf 89' lang='lat' dir='ltr'><strong><em>dictum</em></strong></span> <span class='ocrx_word' id='word_1_677' title='bbox 3257 4008 3359 4052; x_wconf 89' lang='lat' dir='ltr'><strong><em>est.</em></strong></span> <span class='ocrx_word' id='word_1_678' title='bbox 3391 4000 3501 4054; x_wconf 87' lang='lat' dir='ltr'><strong><em>Cur</em></strong></span> <span class='ocrx_word' id='word_1_679' title='bbox 3527 4008 3724 4053; x_wconf 84' lang='lat' dir='ltr'><strong><em>tantam</em></strong></span> 
     </span>
    </p>
   </div>
   <div class='ocr_carea' id='block_1_88' title="bbox 2153 4090 3723 4161">
    <p class='ocr_par' dir='ltr' id='par_1_88' title="bbox 2153 4090 3723 4161">
     <span class='ocr_line' id='line_1_88' title="bbox 2153 4090 3723 4161; baseline -0.002 -16"><span class='ocrx_word' id='word_1_680' title='bbox 2153 4092 2518 4161; x_wconf 87' lang='lat' dir='ltr'><strong><em>deceptionem</em></strong></span> <span class='ocrx_word' id='word_1_681' title='bbox 2549 4093 2736 4145; x_wconf 89' lang='lat' dir='ltr'><strong><em>hormn</em></strong></span> <span class='ocrx_word' id='word_1_682' title='bbox 2771 4091 2954 4146; x_wconf 87' lang='lat' dir='ltr'><strong><em>talimn</em></strong></span> <span class='ocrx_word' id='word_1_683' title='bbox 2986 4109 3089 4145; x_wconf 89' lang='lat' dir='ltr'><strong><em>non</em></strong></span> <span class='ocrx_word' id='word_1_684' title='bbox 3116 4092 3374 4160; x_wconf 83' lang='lat' dir='ltr'><strong><em>aspicitis,</em></strong></span> <span class='ocrx_word' id='word_1_685' title='bbox 3405 4105 3504 4145; x_wconf 88' lang='lat' dir='ltr'><strong><em>nec</em></strong></span> <span class='ocrx_word' id='word_1_686' title='bbox 3531 4090 3723 4144; x_wconf 86' lang='lat' dir='ltr'><strong><em>intelli-</em></strong></span> 
     </span>
    </p>
   </div>
   <div class='ocr_carea' id='block_1_89' title="bbox 2155 4182 3725 4253">
    <p class='ocr_par' dir='ltr' id='par_1_89' title="bbox 2155 4182 3725 4253">
     <span class='ocr_line' id='line_1_89' title="bbox 2155 4182 3725 4253; baseline -0.003 -18"><span class='ocrx_word' id='word_1_687' title='bbox 2155 4184 2299 4253; x_wconf 72' lang='lat' dir='ltr'><strong><em>gitis,</em></strong></span> <span class='ocrx_word' id='word_1_688' title='bbox 2331 4199 2502 4252; x_wconf 87' lang='lat' dir='ltr'><strong><em>neque</em></strong></span> <span class='ocrx_word' id='word_1_689' title='bbox 2531 4183 2801 4251; x_wconf 85' lang='lat' dir='ltr'><strong><em>corrigitis</em></strong></span> <span class='ocrx_word' id='word_1_690' title='bbox 2839 4182 3084 4252; x_wconf 83' lang='lat' dir='ltr'><strong><em>populos,</em></strong></span> <span class='ocrx_word' id='word_1_691' title='bbox 3114 4193 3166 4234; x_wconf 89' lang='lat' dir='ltr'><strong><em>et</em></strong></span> <span class='ocrx_word' id='word_1_692' title='bbox 3192 4182 3566 4249; x_wconf 76' lang='lat' dir='ltr'><strong><em>vosmetipsos,</em></strong></span> <span class='ocrx_word' id='word_1_693' title='bbox 3592 4183 3725 4234; x_wconf 82' lang='lat' dir='ltr'><strong><em>sicut</em></strong></span> 
     </span>
    </p>
   </div>
   <div class='ocr_carea' id='block_1_90' title="bbox 470 4270 3726 4364">
    <p class='ocr_par' dir='ltr' id='par_1_90' title="bbox 470 4270 3726 4364">
     <span class='ocr_line' id='line_1_90' title="bbox 470 4270 3726 4364; baseline -0.001 -44"><span class='ocrx_word' id='word_1_694' title='bbox 470 4279 676 4332; x_wconf 60' lang='lat' dir='ltr'><strong><em>unum,</em></strong></span> <span class='ocrx_word' id='word_1_695' title='bbox 721 4279 843 4333; x_wconf 75' lang='lat' dir='ltr'><strong><em>meo</em></strong></span> <span class='ocrx_word' id='word_1_696' title='bbox 887 4281 1018 4336; x_wconf 52' lang='lat' dir='ltr'><strong><em>dicit</em></strong></span> <span class='ocrx_word' id='word_1_697' title='bbox 1061 4281 1275 4336; x_wconf 68' lang='grc' dir='ltr'>ιιῖςίιηιε</span> <span class='ocrx_word' id='word_1_698' title='bbox 1312 4282 1602 4350; x_wconf 54' lang='lat' dir='ltr'><strong><em>Apostolus</em></strong></span> <span class='ocrx_word' id='word_1_699' title='bbox 1641 4300 1654 4335; x_wconf 84' lang='grc'>;</span> <span class='ocrx_word' id='word_1_700' title='bbox 1698 4282 1958 4348; x_wconf 62' lang='lat' dir='ltr'><strong><em>Quoniam</em></strong></span> <span class='ocrx_word' id='word_1_701' title='bbox 2006 4283 2050 4336; x_wconf 70' lang='grc' dir='ltr'><strong><em>εξ</em></strong></span> <span class='ocrx_word' id='word_1_702' title='bbox 2083 4308 2128 4364; x_wconf 71' lang='grc' dir='ltr'>υ</span> <span class='ocrx_word' id='word_1_703' title='bbox 2154 4274 2243 4342; x_wconf 88' lang='lat' dir='ltr'><strong><em>qui</em></strong></span> <span class='ocrx_word' id='word_1_704' title='bbox 2281 4271 2727 4341; x_wconf 69' lang='lat' dir='ltr'><strong><em>debentjudicari</em></strong></span> <span class='ocrx_word' id='word_1_705' title='bbox 2760 4290 2824 4326; x_wconf 76' lang='lat' dir='ltr'><strong><em>ex</em></strong></span> <span class='ocrx_word' id='word_1_706' title='bbox 2869 4272 2951 4326; x_wconf 90' lang='lat' dir='ltr'><strong><em>his</em></strong></span> <span class='ocrx_word' id='word_1_707' title='bbox 2978 4288 3006 4324; x_wconf 87' lang='lat' dir='ltr'><strong><em>a</em></strong></span> <span class='ocrx_word' id='word_1_708' title='bbox 3051 4273 3190 4326; x_wconf 82' lang='lat' dir='ltr'><strong><em>Deo?</em></strong></span> <span class='ocrx_word' id='word_1_709' title='bbox 3218 4270 3331 4324; x_wconf 88' lang='lat' dir='ltr'><strong><em>Non</em></strong></span> <span class='ocrx_word' id='word_1_710' title='bbox 3361 4270 3726 4346; x_wconf 78' lang='lat' dir='ltr'><strong><em>dercli&#39;nquitis</em></strong></span> 
     </span>
    </p>
   </div>
   <div class='ocr_carea' id='block_1_91' title="bbox 471 4368 2045 4441">
    <p class='ocr_par' dir='ltr' id='par_1_91' title="bbox 471 4368 2045 4441">
     <span class='ocr_line' id='line_1_91' title="bbox 471 4368 2045 4441; baseline 0.003 -20"><span class='ocrx_word' id='word_1_711' title='bbox 471 4368 847 4422; x_wconf 81' lang='lat' dir='ltr'><strong><em>consummatio</em></strong></span> <span class='ocrx_word' id='word_1_712' title='bbox 884 4387 975 4440; x_wconf 88' lang='lat' dir='ltr'><strong><em>per</em></strong></span> <span class='ocrx_word' id='word_1_713' title='bbox 1010 4370 1294 4424; x_wconf 86' lang='lat' dir='ltr'><strong><em>Leviticum</em></strong></span> <span class='ocrx_word' id='word_1_714' title='bbox 1334 4371 1680 4425; x_wconf 83' lang='lat' dir='ltr'><strong><em>sacerdotium</em></strong></span> <span class='ocrx_word' id='word_1_715' title='bbox 1718 4382 1828 4425; x_wconf 78' lang='lat' dir='ltr'><strong><em>erat</em></strong></span> <span class='ocrx_word' id='word_1_716' title='bbox 1860 4372 2045 4441; x_wconf 76' lang='lat' dir='ltr'><strong><em>(Hebr.</em></strong></span> 
     </span>
    </p>
   </div>
   <div class='ocr_carea' id='block_1_92' title="bbox 471 4455 2051 4531">
    <p class='ocr_par' dir='ltr' id='par_1_92' title="bbox 471 4455 2051 4531">
     <span class='ocr_line' id='line_1_92' title="bbox 471 4455 2051 4531; baseline 0.002 -19"><span class='ocrx_word' id='word_1_717' title='bbox 471 4456 590 4531; x_wconf 73' lang='lat' dir='ltr'><strong><em>vn),</em></strong></span> <span class='ocrx_word' id='word_1_718' title='bbox 616 4475 743 4524; x_wconf 90' lang='lat' dir='ltr'><strong><em>non,</em></strong></span> <span class='ocrx_word' id='word_1_719' title='bbox 770 4461 1063 4515; x_wconf 87' lang='lat' dir='ltr'><strong><em>secundum</em></strong></span> <span class='ocrx_word' id='word_1_720' title='bbox 1087 4455 1337 4516; x_wconf 73' lang='lat' dir='ltr'><strong><em>ordinem</em></strong></span> <span class='ocrx_word' id='word_1_721' title='bbox 1363 4460 1779 4527; x_wconf 82' lang='lat' dir='ltr'><strong><em>Melchisedech,-</em></strong></span> <span class='ocrx_word' id='word_1_722' title='bbox 1800 4464 2051 4517; x_wconf 81' lang='lat' dir='ltr'><strong><em>sacerdos</em></strong></span> 
     </span>
    </p>
   </div>
   <div class='ocr_carea' id='block_1_93' title="bbox 471 4551 2052 4624">
    <p class='ocr_par' dir='ltr' id='par_1_93' title="bbox 471 4551 2052 4624">
     <span class='ocr_line' id='line_1_93' title="bbox 471 4551 2052 4624; baseline -0.001 -16"><span class='ocrx_word' id='word_1_723' title='bbox 471 4551 721 4608; x_wconf 81' lang='lat' dir='ltr'><strong><em>Christus</em></strong></span> <span class='ocrx_word' id='word_1_724' title='bbox 745 4552 1034 4608; x_wconf 83' lang='lat' dir='ltr'><strong><em>diceretur.</em></strong></span> <span class='ocrx_word' id='word_1_725' title='bbox 1077 4553 1144 4607; x_wconf 81' lang='lat' dir='ltr'><strong><em>Et</em></strong></span> <span class='ocrx_word' id='word_1_726' title='bbox 1173 4555 1297 4624; x_wconf 88' lang='lat' dir='ltr'><strong><em>quia</em></strong></span> <span class='ocrx_word' id='word_1_727' title='bbox 1334 4553 1590 4608; x_wconf 85' lang='lat' dir='ltr'><strong><em>translato</em></strong></span> <span class='ocrx_word' id='word_1_728' title='bbox 1620 4553 1932 4618; x_wconf 87' lang='lat' dir='ltr'><strong><em>sacerdotio,</em></strong></span> <span class='ocrx_word' id='word_1_729' title='bbox 1967 4571 2052 4608; x_wconf 88' lang='lat' dir='ltr'><strong><em>ne-</em></strong></span> 
     </span>
    </p>
   </div>
   <div class='ocr_carea' id='block_1_94' title="bbox 472 4642 2052 4714">
    <p class='ocr_par' dir='ltr' id='par_1_94' title="bbox 472 4642 2052 4714">
     <span class='ocr_line' id='line_1_94' title="bbox 472 4642 2052 4714; baseline -0.001 -16"><span class='ocrx_word' id='word_1_730' title='bbox 472 4660 611 4699; x_wconf 81' lang='lat' dir='ltr'><strong><em>cesse</em></strong></span> <span class='ocrx_word' id='word_1_731' title='bbox 635 4652 708 4697; x_wconf 87' lang='lat' dir='ltr'><strong><em>est</em></strong></span> <span class='ocrx_word' id='word_1_732' title='bbox 738 4653 792 4696; x_wconf 87' lang='lat' dir='ltr'><strong><em>ut</em></strong></span> <span class='ocrx_word' id='word_1_733' title='bbox 827 4642 952 4714; x_wconf 89' lang='lat' dir='ltr'><strong><em>legis</em></strong></span> <span class='ocrx_word' id='word_1_734' title='bbox 983 4645 1260 4698; x_wconf 79' lang='lat' dir='ltr'><strong><em>translatio</em></strong></span> <span class='ocrx_word' id='word_1_735' title='bbox 1289 4644 1380 4713; x_wconf 77' lang='lat' dir='ltr'><strong><em>fiat</em></strong></span> <span class='ocrx_word' id='word_1_736' title='bbox 1413 4643 1620 4714; x_wconf 65' lang='lat' dir='ltr'><strong><em>(Ibid),</em></strong></span> <span class='ocrx_word' id='word_1_737' title='bbox 1659 4659 1777 4712; x_wconf 77' lang='lat' dir='ltr'><strong><em>qua:</em></strong></span> <span class='ocrx_word' id='word_1_738' title='bbox 1806 4644 1886 4698; x_wconf 78' lang='lat' dir='ltr'><strong><em>lex</em></strong></span> <span class='ocrx_word' id='word_1_739' title='bbox 1917 4644 2052 4697; x_wconf 86' lang='lat' dir='ltr'><strong><em>lutu-</em></strong></span> 
     </span>
    </p>
   </div>
   <div class='ocr_carea' id='block_1_95' title="bbox 473 4733 2055 4805">
    <p class='ocr_par' dir='ltr' id='par_1_95' title="bbox 473 4733 2055 4805">
     <span class='ocr_line' id='line_1_95' title="bbox 473 4733 2055 4805; baseline 0.001 -18"><span class='ocrx_word' id='word_1_740' title='bbox 473 4733 616 4789; x_wconf 87' lang='lat' dir='ltr'><strong><em>lenta</em></strong></span> <span class='ocrx_word' id='word_1_741' title='bbox 654 4733 935 4789; x_wconf 88' lang='lat' dir='ltr'><strong><em>constituit</em></strong></span> <span class='ocrx_word' id='word_1_742' title='bbox 974 4749 1163 4805; x_wconf 84' lang='lat' dir='ltr'><strong><em>azyma</em></strong></span> <span class='ocrx_word' id='word_1_743' title='bbox 1199 4734 1397 4789; x_wconf 60' lang='lat' dir='ltr'><strong><em>ludatis</em></strong></span> <span class='ocrx_word' id='word_1_744' title='bbox 1430 4735 1722 4789; x_wconf 87' lang='lat' dir='ltr'><strong><em>custodire.</em></strong></span> <span class='ocrx_word' id='word_1_745' title='bbox 1756 4734 1899 4789; x_wconf 85' lang='lat' dir='ltr'><strong><em>Idem</em></strong></span> <span class='ocrx_word' id='word_1_746' title='bbox 1941 4735 2055 4805; x_wconf 89' lang='lat' dir='ltr'><strong><em>ipse</em></strong></span> 
     </span>
    </p>
   </div>
   <div class='ocr_carea' id='block_1_96' title="bbox 473 4823 2055 4897">
    <p class='ocr_par' dir='ltr' id='par_1_96' title="bbox 473 4823 2055 4897">
     <span class='ocr_line' id='line_1_96' title="bbox 473 4823 2055 4897; baseline 0 -18"><span class='ocrx_word' id='word_1_747' title='bbox 473 4840 703 4896; x_wconf 81' lang='lat' dir='ltr'><strong><em>tnaguus</em></strong></span> <span class='ocrx_word' id='word_1_748' title='bbox 731 4823 931 4897; x_wconf 83' lang='lat' dir='ltr'><strong><em>Paulus</em></strong></span> <span class='ocrx_word' id='word_1_749' title='bbox 961 4826 1028 4880; x_wconf 90' lang='lat' dir='ltr'><strong><em>ad</em></strong></span> <span class='ocrx_word' id='word_1_750' title='bbox 1049 4825 1356 4881; x_wconf 88' lang='lat' dir='ltr'><strong><em>Corinthios</em></strong></span> <span class='ocrx_word' id='word_1_751' title='bbox 1380 4827 1551 4897; x_wconf 90' lang='lat' dir='ltr'><strong><em>prima</em></strong></span> <span class='ocrx_word' id='word_1_752' title='bbox 1575 4826 1742 4897; x_wconf 84' lang='lat' dir='ltr'><strong><em>Epist.</em></strong></span> <span class='ocrx_word' id='word_1_753' title='bbox 1772 4827 1838 4882; x_wconf 86' lang='lat' dir='ltr'><strong><em>de</em></strong></span> <span class='ocrx_word' id='word_1_754' title='bbox 1867 4827 1950 4881; x_wconf 86' lang='lat' dir='ltr'><strong><em>his</em></strong></span> <span class='ocrx_word' id='word_1_755' title='bbox 1974 4827 2055 4880; x_wconf 90' lang='lat' dir='ltr'><strong><em>lo-</em></strong></span> 
     </span>
    </p>
   </div>
   <div class='ocr_carea' id='block_1_97' title="bbox 473 4895 2057 4986">
    <p class='ocr_par' dir='ltr' id='par_1_97' title="bbox 473 4895 2057 4986">
     <span class='ocr_line' id='line_1_97' title="bbox 473 4895 2057 4986; baseline 0.004 -24"><span class='ocrx_word' id='word_1_756' title='bbox 473 4895 646 4983; x_wconf 80' lang='lat' dir='ltr'><strong><em>quens</em></strong></span> <span class='ocrx_word' id='word_1_757' title='bbox 683 4916 800 4970; x_wconf 85' lang='lat' dir='ltr'><strong><em>ait:</em></strong></span> <span class='ocrx_word' id='word_1_758' title='bbox 829 4895 1068 4982; x_wconf 71' lang='lat' dir='ltr'><strong><em>Fratres,</em></strong></span> <span class='ocrx_word' id='word_1_759' title='bbox 1099 4931 1192 4985; x_wconf 91' lang='lat' dir='ltr'><strong><em>ego</em></strong></span> <span class='ocrx_word' id='word_1_760' title='bbox 1223 4895 1396 4985; x_wconf 88' lang='lat' dir='ltr'><strong><em>accepi</em></strong></span> <span class='ocrx_word' id='word_1_761' title='bbox 1443 4933 1476 4969; x_wconf 83' lang='grc' dir='ltr'><em>α</em></span> <span class='ocrx_word' id='word_1_762' title='bbox 1516 4895 1760 4980; x_wconf 84' lang='lat' dir='ltr'><strong><em>Domino,</em></strong></span> <span class='ocrx_word' id='word_1_763' title='bbox 1825 4915 1964 4986; x_wconf 89' lang='lat' dir='ltr'><strong><em>quod</em></strong></span> <span class='ocrx_word' id='word_1_764' title='bbox 2009 4927 2057 4969; x_wconf 93' lang='lat' dir='ltr'><strong><em>et</em></strong></span> 
     </span>
    </p>
   </div>
   <div class='ocr_carea' id='block_1_98' title="bbox 475 5004 2062 5077">
    <p class='ocr_par' dir='ltr' id='par_1_98' title="bbox 475 5004 2062 5077">
     <span class='ocr_line' id='line_1_98' title="bbox 475 5004 2062 5077; baseline 0.003 -21"><span class='ocrx_word' id='word_1_765' title='bbox 475 5004 672 5058; x_wconf 85' lang='lat' dir='ltr'><strong><em>tradidi</em></strong></span> <span class='ocrx_word' id='word_1_766' title='bbox 697 5005 834 5059; x_wconf 75' lang='lat' dir='ltr'><strong><em>vobis</em></strong></span> <span class='ocrx_word' id='word_1_767' title='bbox 845 5023 865 5070; x_wconf 79' lang='lat'><strong><em>,°</em></strong></span> <span class='ocrx_word' id='word_1_768' title='bbox 897 5007 1144 5076; x_wconf 87' lang='lat' dir='ltr'><strong><em>quoniam</em></strong></span> <span class='ocrx_word' id='word_1_769' title='bbox 1173 5006 1429 5061; x_wconf 81' lang='lat' dir='ltr'><strong><em>Dominus</em></strong></span> <span class='ocrx_word' id='word_1_770' title='bbox 1463 5008 1517 5060; x_wconf 89' lang='lat' dir='ltr'><strong><em>in</em></strong></span> <span class='ocrx_word' id='word_1_771' title='bbox 1549 5017 1719 5070; x_wconf 66' lang='lat' dir='ltr'><strong><em>nocte,</em></strong></span> <span class='ocrx_word' id='word_1_772' title='bbox 1747 5025 1852 5077; x_wconf 88' lang='lat' dir='ltr'><strong><em>qua</em></strong></span> <span class='ocrx_word' id='word_1_773' title='bbox 1885 5007 2062 5060; x_wconf 87' lang='lat' dir='ltr'><strong><em>trade-</em></strong></span> 
     </span>
    </p>
   </div>
   <div class='ocr_carea' id='block_1_99' title="bbox 477 5095 2057 5167">
    <p class='ocr_par' dir='ltr' id='par_1_99' title="bbox 477 5095 2057 5167">
     <span class='ocr_line' id='line_1_99' title="bbox 477 5095 2057 5167; baseline 0.001 -21"><span class='ocrx_word' id='word_1_774' title='bbox 477 5095 653 5158; x_wconf 85' lang='lat' dir='ltr'><strong><em>batur,</em></strong></span> <span class='ocrx_word' id='word_1_775' title='bbox 681 5096 878 5164; x_wconf 85' lang='lat' dir='ltr'><strong><em>accepit</em></strong></span> <span class='ocrx_word' id='word_1_776' title='bbox 905 5112 1110 5164; x_wconf 85' lang='lat' dir='ltr'><strong><em>panem,</em></strong></span> <span class='ocrx_word' id='word_1_777' title='bbox 1141 5105 1189 5150; x_wconf 89' lang='lat' dir='ltr'><strong><em>et</em></strong></span> <span class='ocrx_word' id='word_1_778' title='bbox 1214 5097 1412 5167; x_wconf 87' lang='lat' dir='ltr'><strong><em>gratias</em></strong></span> <span class='ocrx_word' id='word_1_779' title='bbox 1441 5113 1597 5167; x_wconf 86' lang='lat' dir='ltr'><strong><em>agens</em></strong></span> <span class='ocrx_word' id='word_1_780' title='bbox 1623 5096 1798 5166; x_wconf 73' lang='lat' dir='ltr'><strong><em>fregit,</em></strong></span> <span class='ocrx_word' id='word_1_781' title='bbox 1829 5107 1876 5151; x_wconf 86' lang='lat' dir='ltr'><strong><em>et</em></strong></span> <span class='ocrx_word' id='word_1_782' title='bbox 1903 5097 2057 5150; x_wconf 90' lang='lat' dir='ltr'><strong><em>dicit:</em></strong></span> 
     </span>
    </p>
   </div>
   <div class='ocr_carea' id='block_1_100' title="bbox 476 5186 2059 5258">
    <p class='ocr_par' dir='ltr' id='par_1_100' title="bbox 476 5186 2059 5258">
     <span class='ocr_line' id='line_1_100' title="bbox 476 5186 2059 5258; baseline 0 -18"><span class='ocrx_word' id='word_1_783' title='bbox 476 5186 705 5254; x_wconf 78' lang='lat' dir='ltr'><strong><em>Accipite</em></strong></span> <span class='ocrx_word' id='word_1_784' title='bbox 737 5194 784 5238; x_wconf 93' lang='lat' dir='ltr'><strong><em>et</em></strong></span> <span class='ocrx_word' id='word_1_785' title='bbox 819 5188 1091 5252; x_wconf 84' lang='lat' dir='ltr'><strong><em>contedite,</em></strong></span> <span class='ocrx_word' id='word_1_786' title='bbox 1119 5188 1214 5241; x_wconf 84' lang='lat' dir='ltr'><strong><em>hoc</em></strong></span> <span class='ocrx_word' id='word_1_787' title='bbox 1248 5198 1322 5242; x_wconf 91' lang='lat' dir='ltr'><strong><em>est</em></strong></span> <span class='ocrx_word' id='word_1_788' title='bbox 1352 5203 1537 5257; x_wconf 84' lang='lat' dir='ltr'><strong><em>corpus</em></strong></span> <span class='ocrx_word' id='word_1_789' title='bbox 1566 5204 1756 5252; x_wconf 87' lang='lat' dir='ltr'><strong><em>meum,</em></strong></span> <span class='ocrx_word' id='word_1_790' title='bbox 1796 5187 1934 5258; x_wconf 90' lang='lat' dir='ltr'><strong><em>quod</em></strong></span> <span class='ocrx_word' id='word_1_791' title='bbox 1967 5205 2059 5256; x_wconf 79' lang='lat' dir='ltr'><strong><em>pro</em></strong></span> 
     </span>
    </p>
   </div>
   <div class='ocr_carea' id='block_1_101' title="bbox 395 5261 2064 5354">
    <p class='ocr_par' dir='ltr' id='par_1_101' title="bbox 395 5261 2064 5354">
     <span class='ocr_line' id='line_1_101' title="bbox 395 5261 2064 5354; baseline 0.001 -26"><span class='ocrx_word' id='word_1_792' title='bbox 395 5261 407 5274; x_wconf 81' lang='grc'><strong>’</strong></span> <span class='ocrx_word' id='word_1_793' title='bbox 477 5275 619 5329; x_wconf 69' lang='lat' dir='ltr'><strong><em>vobis</em></strong></span> <span class='ocrx_word' id='word_1_794' title='bbox 662 5275 919 5328; x_wconf 85' lang='lat' dir='ltr'><strong><em>tradetur.</em></strong></span> <span class='ocrx_word' id='word_1_795' title='bbox 964 5273 1079 5329; x_wconf 81' lang='lat' dir='ltr'><strong><em>Hoc</em></strong></span> <span class='ocrx_word' id='word_1_796' title='bbox 1120 5276 1274 5344; x_wconf 80' lang='lat' dir='ltr'><strong><em>facile</em></strong></span> <span class='ocrx_word' id='word_1_797' title='bbox 1313 5280 1366 5331; x_wconf 89' lang='lat' dir='ltr'><strong><em>in</em></strong></span> <span class='ocrx_word' id='word_1_798' title='bbox 1412 5293 1578 5332; x_wconf 88' lang='lat' dir='ltr'><strong><em>meam</em></strong></span> <span class='ocrx_word' id='word_1_799' title='bbox 1619 5279 2064 5354; x_wconf 80' lang='lat' dir='ltr'><strong><em>commemoratio-</em></strong></span> 
     </span>
    </p>
   </div>
   <div class='ocr_carea' id='block_1_102' title="bbox 1566 5366 2036 5392">
    <p class='ocr_par' dir='ltr' id='par_1_102' title="bbox 1566 5366 2036 5392">
     <span class='ocr_line' id='line_1_102' title="bbox 1566 5366 2036 5392; baseline 0 0"><span class='ocrx_word' id='word_1_800' title='bbox 1566 5366 1700 5392; x_wconf 55' lang='lat' dir='ltr'><strong><em>41&quot;:m</em></strong></span> <span class='ocrx_word' id='word_1_801' title='bbox 1750 5367 1863 5392; x_wconf 59' lang='lat' dir='ltr'><strong><em>AIA-nl.</em></strong></span> <span class='ocrx_word' id='word_1_802' title='bbox 1911 5375 2036 5392; x_wconf 62' lang='grc' dir='ltr'><strong><em>θηρία.</em></strong></span> 
     </span>
    </p>
   </div>
   <div class='ocr_carea' id='block_1_103' title="bbox 481 5359 1250 5392">
    <p class='ocr_par' dir='ltr' id='par_1_103' title="bbox 481 5359 1250 5392">
     <span class='ocr_line' id='line_1_103' title="bbox 481 5359 1250 5392; baseline 0 0"><span class='ocrx_word' id='word_1_803' title='bbox 481 5378 594 5392; x_wconf 68' lang='grc' dir='ltr'><strong><em>...κ-</em></strong></span> <span class='ocrx_word' id='word_1_804' title='bbox 657 5359 908 5392; x_wconf 67' lang='grc' dir='ltr'><strong><em>οὲηιὲΙῖιη-</em></strong></span> <span class='ocrx_word' id='word_1_805' title='bbox 934 5371 978 5392; x_wconf 73' lang='grc' dir='ltr'><strong><em>ΔΙ</em></strong></span> <span class='ocrx_word' id='word_1_806' title='bbox 1004 5363 1065 5392; x_wconf 70' lang='grc' dir='ltr'><strong><em>Α..</em></strong></span> <span class='ocrx_word' id='word_1_807' title='bbox 1096 5364 1250 5392; x_wconf 61' lang='grc' dir='ltr'>ιιι-ΗΑ.</span> 
     </span>
    </p>
   </div>
   <div class='ocr_carea' id='block_1_104' title="bbox 2154 4361 3726 4433">
    <p class='ocr_par' dir='ltr' id='par_1_104' title="bbox 2154 4361 3726 4433">
     <span class='ocr_line' id='line_1_104' title="bbox 2154 4361 3726 4433; baseline -0.004 -16"><span class='ocrx_word' id='word_1_808' title='bbox 2154 4366 2293 4432; x_wconf 83' lang='lat' dir='ltr'><strong><em>quod</em></strong></span> <span class='ocrx_word' id='word_1_809' title='bbox 2333 4365 2551 4429; x_wconf 82' lang='lat' dir='ltr'><strong><em>dicitur,</em></strong></span> <span class='ocrx_word' id='word_1_810' title='bbox 2597 4363 2737 4433; x_wconf 89' lang='lat' dir='ltr'><strong><em>quod</em></strong></span> <span class='ocrx_word' id='word_1_811' title='bbox 2788 4365 2887 4418; x_wconf 90' lang='lat' dir='ltr'><strong><em>hoc</em></strong></span> <span class='ocrx_word' id='word_1_812' title='bbox 2934 4362 3146 4426; x_wconf 81' lang='lat' dir='ltr'><strong><em>Petrus,</em></strong></span> <span class='ocrx_word' id='word_1_813' title='bbox 3189 4373 3244 4416; x_wconf 91' lang='lat' dir='ltr'><strong><em>et</em></strong></span> <span class='ocrx_word' id='word_1_814' title='bbox 3290 4361 3630 4425; x_wconf 87' lang='lat' dir='ltr'><strong><em>Benedictus,</em></strong></span> <span class='ocrx_word' id='word_1_815' title='bbox 3677 4367 3726 4410; x_wconf 70' lang='lat' dir='ltr'><strong><em>rt</em></strong></span> 
     </span>
    </p>
   </div>
   <div class='ocr_carea' id='block_1_105' title="bbox 2153 4453 3725 4522">
    <p class='ocr_par' dir='ltr' id='par_1_105' title="bbox 2153 4453 3725 4522">
     <span class='ocr_line' id='line_1_105' title="bbox 2153 4453 3725 4522; baseline -0.004 -13"><span class='ocrx_word' id='word_1_816' title='bbox 2153 4455 2348 4510; x_wconf 88' lang='lat' dir='ltr'><strong><em>Paulus</em></strong></span> <span class='ocrx_word' id='word_1_817' title='bbox 2385 4464 2438 4510; x_wconf 89' lang='lat' dir='ltr'><strong><em>et</em></strong></span> <span class='ocrx_word' id='word_1_818' title='bbox 2476 4456 2656 4509; x_wconf 57' lang='lat' dir='ltr'><strong><em>caeteri</em></strong></span> <span class='ocrx_word' id='word_1_819' title='bbox 2693 4456 3022 4510; x_wconf 86' lang='lat' dir='ltr'><strong><em>docuerunt?</em></strong></span> <span class='ocrx_word' id='word_1_820' title='bbox 3063 4454 3354 4522; x_wconf 77' lang='lat' dir='ltr'><strong><em>decepistis</em></strong></span> <span class='ocrx_word' id='word_1_821' title='bbox 3384 4453 3648 4521; x_wconf 78' lang='lat' dir='ltr'><strong><em>vosipsos,</em></strong></span> <span class='ocrx_word' id='word_1_822' title='bbox 3676 4459 3725 4503; x_wconf 75' lang='lat' dir='ltr'><strong><em>ct</em></strong></span> 
     </span>
    </p>
   </div>
   <div class='ocr_carea' id='block_1_106' title="bbox 2153 4544 2659 4615">
    <p class='ocr_par' dir='ltr' id='par_1_106' title="bbox 2153 4544 2659 4615">
     <span class='ocr_line' id='line_1_106' title="bbox 2153 4544 2659 4615; baseline 0.002 -18"><span class='ocrx_word' id='word_1_823' title='bbox 2153 4546 2403 4615; x_wconf 84' lang='lat' dir='ltr'><strong><em>pupulum</em></strong></span> <span class='ocrx_word' id='word_1_824' title='bbox 2436 4545 2487 4600; x_wconf 90' lang='lat' dir='ltr'><strong><em>in</em></strong></span> <span class='ocrx_word' id='word_1_825' title='bbox 2521 4544 2659 4599; x_wconf 89' lang='lat' dir='ltr'><strong><em>istis.</em></strong></span> 
     </span>
    </p>
   </div>
   <div class='ocr_carea' id='block_1_107' title="bbox 2225 4629 3725 4702">
    <p class='ocr_par' dir='ltr' id='par_1_107' title="bbox 2225 4629 3725 4702">
     <span class='ocr_line' id='line_1_107' title="bbox 2225 4629 3725 4702; baseline -0.004 -18"><span class='ocrx_word' id='word_1_826' title='bbox 2225 4634 2353 4700; x_wconf 76' lang='lat' dir='ltr'><strong><em>Qua:</em></strong></span> <span class='ocrx_word' id='word_1_827' title='bbox 2383 4649 2510 4688; x_wconf 83' lang='lat' dir='ltr'><strong><em>vero</em></strong></span> <span class='ocrx_word' id='word_1_828' title='bbox 2541 4634 2729 4701; x_wconf 89' lang='lat' dir='ltr'><strong><em>scripsi</em></strong></span> <span class='ocrx_word' id='word_1_829' title='bbox 2760 4649 2820 4686; x_wconf 90' lang='lat' dir='ltr'><strong><em>ea</em></strong></span> <span class='ocrx_word' id='word_1_830' title='bbox 2851 4642 2978 4689; x_wconf 90' lang='lat' dir='ltr'><strong><em>sunt</em></strong></span> <span class='ocrx_word' id='word_1_831' title='bbox 3007 4649 3126 4702; x_wconf 69' lang='lat' dir='ltr'><strong><em>quae</em></strong></span> <span class='ocrx_word' id='word_1_832' title='bbox 3152 4631 3345 4686; x_wconf 82' lang='lat' dir='ltr'><strong><em>Petrus</em></strong></span> <span class='ocrx_word' id='word_1_833' title='bbox 3373 4639 3427 4685; x_wconf 88' lang='lat' dir='ltr'><strong><em>et</em></strong></span> <span class='ocrx_word' id='word_1_834' title='bbox 3457 4629 3653 4684; x_wconf 80' lang='lat' dir='ltr'><strong><em>Paulus</em></strong></span> <span class='ocrx_word' id='word_1_835' title='bbox 3677 4635 3725 4680; x_wconf 84' lang='lat' dir='ltr'><strong><em>ct</em></strong></span> 
     </span>
    </p>
   </div>
   <div class='ocr_carea' id='block_1_108' title="bbox 2155 4711 3725 4795">
    <p class='ocr_par' dir='ltr' id='par_1_108' title="bbox 2155 4711 3725 4795">
     <span class='ocr_line' id='line_1_108' title="bbox 2155 4711 3725 4795; baseline -0.005 -14"><span class='ocrx_word' id='word_1_836' title='bbox 2155 4727 2333 4781; x_wconf 80' lang='lat' dir='ltr'><strong><em>c:rteri</em></strong></span> <span class='ocrx_word' id='word_1_837' title='bbox 2372 4727 2628 4795; x_wconf 82' lang='lat' dir='ltr'><strong><em>apostoli,</em></strong></span> <span class='ocrx_word' id='word_1_838' title='bbox 2665 4736 2719 4781; x_wconf 89' lang='lat' dir='ltr'><strong><em>et</em></strong></span> <span class='ocrx_word' id='word_1_839' title='bbox 2753 4727 2997 4782; x_wconf 87' lang='lat' dir='ltr'><strong><em>Christus</em></strong></span> <span class='ocrx_word' id='word_1_840' title='bbox 3023 4726 3236 4790; x_wconf 87' lang='lat' dir='ltr'><strong><em>docuit,</em></strong></span> <span class='ocrx_word' id='word_1_841' title='bbox 3268 4737 3320 4780; x_wconf 90' lang='lat' dir='ltr'><strong><em>et</em></strong></span> <span class='ocrx_word' id='word_1_842' title='bbox 3355 4733 3539 4780; x_wconf 85' lang='lat' dir='ltr'><strong><em>sancta</em></strong></span> <span class='ocrx_word' id='word_1_843' title='bbox 3573 4711 3725 4792; x_wconf 60' lang='lat' dir='ltr'><strong><em>atque</em></strong></span> 
     </span>
    </p>
   </div>
   <div class='ocr_carea' id='block_1_109' title="bbox 2157 4815 3728 4887">
    <p class='ocr_par' dir='ltr' id='par_1_109' title="bbox 2157 4815 3728 4887">
     <span class='ocr_line' id='line_1_109' title="bbox 2157 4815 3728 4887; baseline -0.001 -19"><span class='ocrx_word' id='word_1_844' title='bbox 2157 4816 2420 4869; x_wconf 84' lang='lat' dir='ltr'><strong><em>catholica</em></strong></span> <span class='ocrx_word' id='word_1_845' title='bbox 2447 4816 2684 4870; x_wconf 82' lang='lat' dir='ltr'><strong><em>Ecclesia</em></strong></span> <span class='ocrx_word' id='word_1_846' title='bbox 2709 4818 2945 4887; x_wconf 84' lang='lat' dir='ltr'><strong><em>suscepit</em></strong></span> <span class='ocrx_word' id='word_1_847' title='bbox 2970 4827 3023 4871; x_wconf 88' lang='lat' dir='ltr'><strong><em>et</em></strong></span> <span class='ocrx_word' id='word_1_848' title='bbox 3051 4816 3282 4871; x_wconf 83' lang='lat' dir='ltr'><strong><em>custodit</em></strong></span> <span class='ocrx_word' id='word_1_849' title='bbox 3316 4815 3584 4884; x_wconf 84' lang='lat' dir='ltr'><strong><em>religiose,</em></strong></span> <span class='ocrx_word' id='word_1_850' title='bbox 3614 4827 3728 4883; x_wconf 77' lang='lat' dir='ltr'><strong><em>qua:</em></strong></span> 
     </span>
    </p>
   </div>
   <div class='ocr_carea' id='block_1_110' title="bbox 2156 4900 3727 4975">
    <p class='ocr_par' dir='ltr' id='par_1_110' title="bbox 2156 4900 3727 4975">
     <span class='ocr_line' id='line_1_110' title="bbox 2156 4900 3727 4975; baseline -0.003 -17"><span class='ocrx_word' id='word_1_851' title='bbox 2156 4914 2212 4958; x_wconf 89' lang='lat' dir='ltr'><strong><em>ct</em></strong></span> <span class='ocrx_word' id='word_1_852' title='bbox 2241 4920 2333 4959; x_wconf 76' lang='lat' dir='ltr'><strong><em>vos</em></strong></span> <span class='ocrx_word' id='word_1_853' title='bbox 2369 4905 2599 4960; x_wconf 88' lang='lat' dir='ltr'><strong><em>correcti</em></strong></span> <span class='ocrx_word' id='word_1_854' title='bbox 2629 4905 2910 4960; x_wconf 87' lang='lat' dir='ltr'><strong><em>custodite.</em></strong></span> <span class='ocrx_word' id='word_1_855' title='bbox 2953 4905 3153 4975; x_wconf 81' lang='lat' dir='ltr'><strong><em>Azyma</em></strong></span> <span class='ocrx_word' id='word_1_856' title='bbox 3187 4919 3339 4969; x_wconf 86' lang='lat' dir='ltr'><strong><em>vero,</em></strong></span> <span class='ocrx_word' id='word_1_857' title='bbox 3375 4913 3431 4959; x_wconf 88' lang='lat' dir='ltr'><strong><em>et</em></strong></span> <span class='ocrx_word' id='word_1_858' title='bbox 3463 4900 3727 4958; x_wconf 81' lang='lat' dir='ltr'><strong><em>custodias</em></strong></span> 
     </span>
    </p>
   </div>
   <div class='ocr_carea' id='block_1_111' title="bbox 2161 4991 3729 5063">
    <p class='ocr_par' dir='ltr' id='par_1_111' title="bbox 2161 4991 3729 5063">
     <span class='ocr_line' id='line_1_111' title="bbox 2161 4991 3729 5063; baseline -0.003 -16"><span class='ocrx_word' id='word_1_859' title='bbox 2161 4993 2517 5047; x_wconf 83' lang='lat' dir='ltr'><strong><em>Sabbatorum</em></strong></span> <span class='ocrx_word' id='word_1_860' title='bbox 2566 4992 2815 5063; x_wconf 86' lang='lat' dir='ltr'><strong><em>projicite</em></strong></span> <span class='ocrx_word' id='word_1_861' title='bbox 2862 4993 3072 5048; x_wconf 86' lang='lat' dir='ltr'><strong><em>miseris</em></strong></span> <span class='ocrx_word' id='word_1_862' title='bbox 3117 4991 3346 5058; x_wconf 63' lang='lat' dir='ltr'><strong><em>iudicis;</em></strong></span> <span class='ocrx_word' id='word_1_863' title='bbox 3394 4991 3639 5047; x_wconf 82' lang='lat' dir='ltr'><strong><em>similiter</em></strong></span> <span class='ocrx_word' id='word_1_864' title='bbox 3677 4996 3729 5043; x_wconf 88' lang='lat' dir='ltr'><strong><em>et</em></strong></span> 
     </span>
    </p>
   </div>
   <div class='ocr_carea' id='block_1_112' title="bbox 2160 5084 3728 5156">
    <p class='ocr_par' dir='ltr' id='par_1_112' title="bbox 2160 5084 3728 5156">
     <span class='ocr_line' id='line_1_112' title="bbox 2160 5084 3728 5156; baseline -0.006 -13"><span class='ocrx_word' id='word_1_865' title='bbox 2160 5088 2415 5143; x_wconf 73' lang='lat' dir='ltr'><strong><em>sullocata</em></strong></span> <span class='ocrx_word' id='word_1_866' title='bbox 2447 5087 2692 5142; x_wconf 87' lang='lat' dir='ltr'><strong><em>barbaris</em></strong></span> <span class='ocrx_word' id='word_1_867' title='bbox 2731 5086 2999 5156; x_wconf 79' lang='lat' dir='ltr'><strong><em>gentibus,</em></strong></span> <span class='ocrx_word' id='word_1_868' title='bbox 3034 5095 3093 5140; x_wconf 91' lang='lat' dir='ltr'><strong><em>ut</em></strong></span> <span class='ocrx_word' id='word_1_869' title='bbox 3122 5085 3314 5139; x_wconf 85' lang='lat' dir='ltr'><strong><em>ﬁamus</em></strong></span> <span class='ocrx_word' id='word_1_870' title='bbox 3345 5085 3464 5154; x_wconf 86' lang='lat' dir='ltr'><strong><em>puri</em></strong></span> <span class='ocrx_word' id='word_1_871' title='bbox 3506 5084 3557 5137; x_wconf 89' lang='lat' dir='ltr'><strong><em>in</em></strong></span> <span class='ocrx_word' id='word_1_872' title='bbox 3590 5089 3728 5135; x_wconf 88' lang='lat' dir='ltr'><strong><em>recta</em></strong></span> 
     </span>
    </p>
   </div>
   <div class='ocr_carea' id='block_1_113' title="bbox 2159 5171 3730 5246">
    <p class='ocr_par' dir='ltr' id='par_1_113' title="bbox 2159 5171 3730 5246">
     <span class='ocr_line' id='line_1_113' title="bbox 2159 5171 3730 5246; baseline -0.006 -12"><span class='ocrx_word' id='word_1_873' title='bbox 2159 5189 2218 5234; x_wconf 88' lang='lat' dir='ltr'><strong><em>et</em></strong></span> <span class='ocrx_word' id='word_1_874' title='bbox 2264 5178 2602 5233; x_wconf 87' lang='lat' dir='ltr'><strong><em>immaculata</em></strong></span> <span class='ocrx_word' id='word_1_875' title='bbox 2654 5178 2786 5242; x_wconf 85' lang='lat' dir='ltr'><strong><em>llde,</em></strong></span> <span class='ocrx_word' id='word_1_876' title='bbox 2837 5187 2892 5232; x_wconf 89' lang='lat' dir='ltr'><strong><em>et</em></strong></span> <span class='ocrx_word' id='word_1_877' title='bbox 2941 5193 3078 5231; x_wconf 90' lang='lat' dir='ltr'><strong><em>unus</em></strong></span> <span class='ocrx_word' id='word_1_878' title='bbox 3128 5190 3255 5246; x_wconf 80' lang='lat' dir='ltr'><strong><em>grex</em></strong></span> <span class='ocrx_word' id='word_1_879' title='bbox 3306 5175 3464 5229; x_wconf 91' lang='lat' dir='ltr'><strong><em>unius</em></strong></span> <span class='ocrx_word' id='word_1_880' title='bbox 3506 5171 3730 5242; x_wconf 86' lang='lat' dir='ltr'><strong><em>pastoris</em></strong></span> 
     </span>
    </p>
   </div>
   <div class='ocr_carea' id='block_1_114' title="bbox 2163 5260 3728 5336">
    <p class='ocr_par' dir='ltr' id='par_1_114' title="bbox 2163 5260 3728 5336">
     <span class='ocr_line' id='line_1_114' title="bbox 2163 5260 3728 5336; baseline -0.008 -11"><span class='ocrx_word' id='word_1_881' title='bbox 2163 5271 2383 5325; x_wconf 78' lang='lat' dir='ltr'><strong><em>Christi.</em></strong></span> <span class='ocrx_word' id='word_1_882' title='bbox 2435 5270 2596 5336; x_wconf 84' lang='lat' dir='ltr'><strong><em>Cujus</em></strong></span> <span class='ocrx_word' id='word_1_883' title='bbox 2646 5271 2698 5322; x_wconf 92' lang='lat' dir='ltr'><strong><em>in</em></strong></span> <span class='ocrx_word' id='word_1_884' title='bbox 2743 5283 2906 5323; x_wconf 87' lang='lat' dir='ltr'><strong><em>cruce</em></strong></span> <span class='ocrx_word' id='word_1_885' title='bbox 2950 5268 3130 5322; x_wconf 84' lang='lat' dir='ltr'><strong><em>divino</em></strong></span> <span class='ocrx_word' id='word_1_886' title='bbox 3178 5266 3440 5334; x_wconf 85' lang='lat' dir='ltr'><strong><em>sanguine</em></strong></span> <span class='ocrx_word' id='word_1_887' title='bbox 3488 5260 3728 5316; x_wconf 86' lang='lat' dir='ltr'><strong><em>inebriati</em></strong></span> 
     </span>
    </p>
   </div>
   <div class='ocr_carea' id='block_1_115' title="bbox 2166 5351 3730 5392">
    <p class='ocr_par' dir='ltr' id='par_1_115' title="bbox 2166 5351 3730 5392">
     <span class='ocr_line' id='line_1_115' title="bbox 2166 5351 3730 5392; baseline 0 0"><span class='ocrx_word' id='word_1_888' title='bbox 2166 5363 2440 5392; x_wconf 66' lang='grc' dir='ltr'><strong><em>ιιι-,Ιηηιηο</em></strong></span> <span class='ocrx_word' id='word_1_889' title='bbox 2473 5358 2587 5392; x_wconf 59' lang='lat' dir='ltr'><strong><em>sum:</em></strong></span> <span class='ocrx_word' id='word_1_890' title='bbox 2635 5374 2766 5392; x_wconf 78' lang='lat' dir='ltr'><strong><em>num</em></strong></span> <span class='ocrx_word' id='word_1_891' title='bbox 2793 5356 3003 5392; x_wconf 54' lang='lat' dir='ltr'><strong><em>Dan-mn</em></strong></span> <span class='ocrx_word' id='word_1_892' title='bbox 3061 5365 3107 5392; x_wconf 78' lang='lat' dir='ltr'><strong><em>nl</em></strong></span> <span class='ocrx_word' id='word_1_893' title='bbox 3140 5355 3333 5392; x_wconf 68' lang='grc' dir='ltr'>ΙιἾιίιιηὶ</span> <span class='ocrx_word' id='word_1_894' title='bbox 3389 5361 3436 5392; x_wconf 69' lang='lat' dir='ltr'><strong><em>nl</em></strong></span> <span class='ocrx_word' id='word_1_895' title='bbox 3477 5351 3730 5392; x_wconf 60' lang='lat' dir='ltr'><strong><em>Rnirilllnl</em></strong></span> 
     </span>
    </p>
   </div>
  </div>
