4020 5392
363 239 461 294 797

1063 236 1422 296 EPISTULA-2
1453 239 1539 295 ET
1581 240 1968 298 DIPLOMATA
2011 241 2412 298 PONTIFICIA.
2450 273 2518 282 —
2546 242 2906 298 APPENDIX.

3502 244 3606 303 798

361 364 628 425 quireates
651 351 950 417 Christum,
986 353 1166 410 lumen
1196 357 1521 424 amiserunt,
1549 372 1927 429 permanentes
1956 367 2001 424 Α
2031 368 2142 413 tum
2169 368 2223 413 et
2249 361 2640 424 sacerdotibus,
2697 369 2751 415 et
2791 359 2976 428 adjnra
3021 368 3080 414 nt
3121 374 3216 428 per
3245 358 3358 414 luce
3395 360 3606 430 seipsos

362 454 428 507 ln~
446 451 654 511 umbra,
685 451 826 506 sicut
855 450 1168 521 insipientes
1195 464 1473 524 perpetuo.

341 583 346 596 .
427 542 548 597 llaec
575 552 773 606 autem,
805 543 966 598 homo
1002 544 1117 608 Dei,
1153 554 1210 599 et
1236 545 1509 601 multoties
1540 547 1651 615 ipse
1681 563 1804 602 eum
1833 561 1927 615 po-

359 633 478 705 pqu
504 647 797 703 agnoscens
822 633 1050 688 docuisti
1089 649 1230 698 esse,
1271 644 1326 689 et
1354 646 1632 690 correctos
1661 636 1925 705 scripsisti

359 721 536 778 nudtis
559 722 790 778 similem
822 724 1267 780 consuetudinem
1297 726 1636 786 habentibus.
1661 736 1716 780 et
1749 737 1805 780 ut
1831 728 1927 780 ha-

357 814 479 870 beas
503 812 732 870 salutem
760 814 954 870 anima.-
981 822 1103 881 tute,
1143 816 1296 871 mitte
1317 816 1650 886 principibus
1677 819 1926 872 sacerdo-

1957 449 2324 518 .‘itcorrigant,
2357 457 2409 503 et
2447 449 2537 503 Dei
2562 449 2832 519 pepulum,
2865 459 2924 503 nt
2948 448 3041 503 Dei
3074 449 3374 504 mercedem
3403 448 3456 504 in
3487 448 3608 506 istis

2033 541 2235 595 habeas
2261 557 2276 593 :
2307 549 2359 592 et
2389 540 2434 594 si
2465 540 2565 594 hoc
2595 539 2806 602 feceris,
2840 555 3079 610 propono
3107 548 3163 594 et
3195 556 3290 610 per
3311 538 3604 596 secundam

2032 631 2376 700 scriptionetn
2427 631 2628 701 majora
2663 641 2717 686 et
2759 631 3080 701 perfectiora
3107 631 3191 687 his
3214 631 3307 685 tibi
3344 632 3605 697 scribere,

2034 723 2153 778 ﬁdei
2189 741 2311 777 vera
2342 725 2649 778 ostensione
2683 734 2737 779 et
2773 724 3114 778 ﬁrmamento
3141 725 3473 791 animarum,
3503 737 3606 796 pro

2031 813 2226 883 quibus
2251 813 2498 870 Christus
2523 815 2702 884 posuit
2729 814 2962 868 animam
2993 829 3166 867 suam.

421 963 695 1038 Hactenus
719 957 942 1038 epistola
978 965 1252 1038 Michaelis
1284 966 1546 1022 Cerularii
1574 975 1628 1038 et
1657 967 1852 1022 Leonis
1881 966 2133 1038 Acridani
2161 967 2418 1036 episcopi,
2439 977 2506 1038 _nt
2543 967 2721 1022 vidiin
2758 985 2822 1023 ex
2861 969 3031 1038 ipsius
3058 969 3234 1025 titulo.
3266 969 3434 1025 Porro
3466 969 3610 1027 hanc

356 1034 629 1111 giehaelis
666 1045 721 1090 et
751 1034 1003 1111 Aegidani
1031 1037 1314 1105 epistolam
1357 1039 1408 1111 in
1447 1037 1697 1111 apuliam
1733 1037 2314 1111 missamllumbertus
2347 1034 2403 1091 S.
2436 1036 2500 1092 Β.
2531 1038 2593 1092 Ε.
2628 1034 2920 1111 cardinalis
2959 1039 3240 1111 cpiscopus
3275 1040 3437 1111 Silva:
3466 1042 3604 1094 Can-

355 1105 489 1180 dida;
516 1115 794 1180 acceptam
825 1104 986 1180 Trani
1019 1104 1142 1180 cum
1168 1117 1341 1180 esset,
1373 1108 1424 1160 in
1463 1104 1712 1180 Latinum
1747 1107 2054 1180 transtulit,
2091 1107 2390 1180 detulitque
2417 1123 2535 1180 eam
2567 1111 2634 1162 ad
2671 1111 2844 1179 ipsum
2878 1104 3112 1165 Leonem
3143 1104 3482 1180 pontiﬁcem.
3527 1111 3605 1164 lta

392 1177 566 1230 Itidem
598 1176 761 1230 habet
789 1177 892 1231 seri
936 1185 1020 1229 tus
1045 1179 1238 1241 codex,
1267 1179 1319 1232 in
1349 1193 1457 1246 quo
1486 1179 1586 1233 ista
1617 1180 1796 1232 omnia
1827 1179 2096 1247 descripta
2128 1177 2377 1246 leguntur
2401 1197 2414 1232 :
2441 1179 2548 1233 Leo
2570 1176 2750 1234 autem
2776 1180 2919 1250 Papa
2946 1195 3011 1234 ea
3037 1176 3293 1250 perfecta.
3342 1181 3608 1250 prolixam

355 1192 496 1300 alam
525 1246 591 1298 ad
621 1247 870 1300 eumdem
900 1193 1213 1300 Elichaelem
1245 1257 1299 1300 et
1331 1247 1558 1300 Leonem
1593 1250 1920 1300 Acrilannm
1957 1248 2238 1300 epistolam
2273 1249 2489 1300 serinsit
2509 1291 2524 1300 .
2552 1265 2671 1300 mne
2710 1251 2852 1300 inter
2878 1265 3034 1300 ensas
3068 1251 3236 1300 insitis
3269 1249 3468 1300 Leonis
3495 1251 3608 1300 eni-

355 1246 496 1319 illam
525 1246 591 1298 ad
615 1247 870 1319 eutndem
900 1246 1213 1319 Michaelem
1240 1257 1299 1319 _e_t
1325 1247 1558 1319 Leonem
1593 1250 1920 1304 Acrilannm
1957 1246 2238 1316 epistolam
2273 1249 2524 1319 scripsit,
2552 1265 2671 1318 qua:
2709 1246 3236 1318 inter'ensas'ipsins
3269 1246 3468 1305 Leonis
3495 1251 3614 1319 epi-

354 1315 516 1390 stolas
543 1317 719 1390 prima
746 1317 936 1390 ordine
964 1318 1200 1390 ponitur.
1239 1316 1334 1390 libi
1367 1331 1417 1372 et
1447 1333 1512 1390 ex
1541 1330 1664 1372 nota
1699 1321 1955 1388 temporis
1985 1315 2034 1372 in
2066 1333 2128 1372 ea
2163 1315 2430 1390 apposita,
2464 1315 2712 1374 hoe—esse
2735 1336 2876 1375 anno
2907 1315 3208 1390 conscripta
3240 1315 3610 1390 cognoscitur,

354 1386 476 1460 dum
507 1386 583 1460 ait
611 1387 972 1460 intervenisse
998 1386 1154 1460 imille
1180 1397 1244 1460 et
1283 1387 1396 1443 fere
1423 1389 1609 1460 viginti
1639 1386 1867 1443 annosa
1892 1390 2090 1444 Christi
2134 1386 2384 1458 passione
2421 1404 2589 1459 usque
2616 1391 2679 1444 ad
2713 1391 2837 1443 illud
2872 1401 3100 1458 tempus,
3123 1386 3241 1460 ἰιιιο
3269 1386 3612 1460 scribebatur

354 1456 596 1530 epistola.
627 1456 779 1530 Quod
808 1458 951 1530 etiim
977 1459 1129 1530 dicit,
1162 1457 1271 1530 [ἐκ
1300 1456 1500 1530 eiginll,
1528 1459 1685 1528 plane
1717 1462 1950 1514 riondnm
1979 1456 2146 1530 fuisse
2172 1460 2361 1529 viginti
2386 1456 2648 1530 declarat.
2695 1459 2906 1515 Etenim
2932 1456 3164 1515 exordio
3179 1461 3461 1530 sequentis,
3479 1459 3609 1515 anni

349 1525 457 1594 jam
488 1527 660 1598 fuisse
690 1527 910 1597 vigenti,
939 1529 1014 1581 ait
1060 1529 1112 1581 in
1143 1525 1368 1597 epistola
1399 1525 1620 1584 data'ad
1646 1532 1889 1585 eumlem
1924 1525 2251 1583 llichaclenf
2275 1545 2457 1586 mense
2486 1529 2764 1584 Januario.
2803 1532 2848 1584 Α
2883 1531 3157 1585 tricesimo
3185 1525 3380 1598 quarto
3407 1529 3609 1584 Christi

353 1611 491 1717 sntio
535 1597 778 1666 incipere
818 1599 1165 1654 consuevisse
1213 1599 1509 1654 Romanam
1557 1600 1852 1655 Ει·ριυδὶ.ιιη
1896 1617 2186 1655 numerare
2231 1602 2300 1656 ab
2348 1601 2464 1672 ejus
2507 1603 2758 1671 passione
2801 1617 3000 1666 annos,
3048 1617 3146 1656 suo
3195 1597 3313 1655 loco
3359 1600 3611 1671 superius

392 1683 435 1717 ις
464 1682 551 1717 um
583 1678 689 1717 est.

392 1674 551 1719 iclum
583 1678 689 1722 est.

361 1801 1306 1832 Ἢ*

1910 1971 2056 2082 ΙΙ.

613 2205 1195 2300 EPISTOLA
1263 2204 1772 2298 JOANNIS
1831 2203 2426 2295 lABBATIS
2495 2203 3348 2298 FISCAMNENSIS

1654 2397 1748 2450 AD
1789 2397 1845 2451 S.
1889 2395 2170 2451 LEONEM
2213 2395 2299 2450 IX.

640 2549 793 2616 Post
831 2547 1155 2612 laudatum
1202 2570 1503 2611 summum
1529 2551 1916 2631 pontiﬁcem,
1951 2551 2365 2629 conqueritur
2401 2550 2474 2612 de
2502 2551 2568 2611 υἱ
2602 2549 2822 2612 είὺίαὺ
2851 2549 3036 2612 Itali:
3076 2549 3286 2614 illata.

1204 2711 1490 2786 [Martene,
1518 2710 1753 2764 Thesaur
1783 2710 1979 2764 Anccd.
2008 2710 2046 2776 l,
2076 2709 2201 2774 207,
2226 2727 2290 2764 cx
2320 2684 2421 2764 ms.
2455 2708 2776 2782 Bigotiano.]

383 2960 648 3031 fSummo
675 2972 981 3042 apostolica:
1024 2972 1163 3027 sedis
1191 2971 1426 3040 potitiﬁei
1462 2971 1646 3035 LEUNI,
1686 2972 1777 3025 Dei
1803 2988 1927 3042 gra-
1961 2977 2003 3037 Β
2035 2973 2188 3026 laude
2219 2981 2273 3026 et
2299 2972 2477 3038 lingua
2510 2982 2692 3027 nostra
2729 2973 3110 3028 exsultatione.
3139 2974 3322 3029 Gloria
3354 2976 3404 3030 in
3436 2980 3617 3034 excel-

351 3068 420 3123 tia
453 3066 793 3124 sanctiﬁcata
824 3066 940 3119 vice
987 3064 1164 3128 l‘etri,
1207 3063 1440 3119 .loxxxss
1462 3103 1477 3126 ,
1511 3062 1737 3116 fratrum
1772 3063 1928 3116 mini-

349 3175 467 3214 mus
506 3167 564 3215 et
613 3159 665 3212 in
710 3173 934 3211 numero
973 3156 1225 3210 abbatum
1279 3155 1532 3219 ultimus,
1557 3155 1844 3224 primatum
1880 3153 1933 3206 in

347 3249 556 3306 caelesti
604 3249 756 3305 curia
791 3264 913 3304 cum
963 3257 1184 3304 senatus
1217 3245 1578 3316 apostolorum
1609 3244 1798 3302 festiva
1824 3243 1936 3315 glo-

348 3344 447 3400 ria.

415 3434 664 3490 Gaudeat
693 3432 1135 3492 orbisﬂomanus
1158 3430 1290 3487 tanti
1320 3428 1564 3500 prwsulis
1585 3426 1751 3483 infula
1775 3425 1934 3480 ador-

349 3536 510 3580 natus
530 3566 545 3590 ,
577 3525 668 3596 qui
717 3534 774 3579 ut
801 3524 993 3579 lucifer
1023 3524 1165 3578 inter
1187 3534 1334 3578 astra
1365 3536 1666 3592 purpureus
1690 3519 1886 3575 emicat
1914 3557 1927 3581 ,

352 3625 458 3670 tam
489 3615 577 3686 pia
601 3631 765 3686 quam
812 3630 948 3668 nova
982 3615 1240 3684 religione
1264 3613 1494 3667 rutilans
1523 3651 1538 3676 ,
1569 3611 1634 3665 ad
1658 3609 1930 3679 depellen-

349 3710 445 3764 das
472 3726 506 3764 e
536 3709 745 3780 gremio
777 3709 965 3762 matris
993 3706 1243 3762 Ecclesia:
1272 3705 1404 3759 varii
1455 3703 1658 3772 erroris
1687 3701 1928 3756 nebulas.

353 3803 596 3873 Denique
630 3803 751 3871 quis
791 3809 975 3872 pastor
1000 3802 1050 3855 in
1079 3799 1318 3854 Romana
1347 3797 1588 3857 Ecclesia
1617 3807 1736 3866 post
1766 3811 1931 3850 aurea

352 3893 438 3949 ilia
491 3892 686 3948 saecula
717 3893 768 3947 in
817 3891 1204 3964 quibus-Leo,
1241 3890 1537 3959 Gregorius
1586 3889 1928 3952 claruerunt,

352 3987 495 4041 vitro
536 3987 753 4056 puriora
801 3984 1059 4055 spiritalis
1112 3983 1372 4038 doctrinae
1419 3981 1658 4045 lumina,
1696 3977 1934 4033 surrexit

353 4087 461 4131 tam
507 4077 736 4147 diligens
779 4086 834 4132 et
863 4077 1121 4148 vigilans,
1161 4085 1220 4129 ut
1270 4085 1355 4141 tn,
1388 4072 1674 4143 prmsnlum
1703 4071 1932 4126 sanctis-

352 4171 641 4240 sime,'qui
693 4169 872 4239 pascis
910 4183 1125 4240 gregem
1162 4167 1497 4222 Dominicum
1535 4181 1696 4234 super
1723 4163 1931 4220 vividos

356 4269 568 4316 montes
603 4261 848 4329 pascua)?
874 4259 1009 4314 Nam
1054 4268 1115 4314 ut
1145 4259 1301 4313 ﬁdem
1341 4259 1498 4313 dictis
1527 4257 1717 4313 faciam
1745 4297 1761 4322 ,
1807 4257 1930 4325 quis

2037 3065 2112 3119 sis
2142 3065 2280 3128 Deo,
2315 3065 2556 3119 visitavit
2581 3082 2677 3120 nos
2699 3065 2889 3122 Oriens
2919 3081 2982 3120 ex
3013 3067 3142 3120 allo.
3175 3067 3300 3132 Sed,
3335 3086 3367 3122 o
3408 3082 3613 3124 morta-

2036 3153 2099 3208 lis
2125 3156 2400 3209 conditio!
2443 3171 2604 3225 quam
2660 3155 2791 3211 nihil
2836 3157 3000 3210 ﬁdum
3054 3167 3108 3212 et
3162 3174 3228 3212 ex
3268 3159 3414 3213 ontni
3464 3168 3620 3230 parte

2035 3244 2250 3299 beatum
2321 3246 2373 3299 in
2425 3246 2526 3300 hoc
2574 3245 2718 3300 labili
2773 3246 3000 3301 szeculo!
3049 3249 3210 3313 Ecce,
3272 3252 3619 3304 memorande

2035 3338 2309 3407 pontifex,
2367 3339 2494 3394 dum
2539 3339 2592 3392 in
2636 3338 2822 3394 laudes
2853 3349 2976 3394 tuas
3015 3350 3318 3412 attempero
3375 3342 3620 3398 modulos

2035 3427 2258 3498 linguze,
2307 3445 2405 3500 pro
2434 3431 2593 3485 terris
2620 3446 2754 3501 pace
2779 3431 2987 3486 reddita
3029 3447 3127 3502 per
3152 3433 3347 3487 almam
3379 3443 3480 3489 tua:
3511 3435 3620 3491 dis-

2034 3522 2367 3589 pensationis
2411 3523 2804 3592 providentiam
2824 3564 2839 3589 ,
2887 3510 3063 3594 pulsat
3103 3540 3188 3579 me
3212 3525 3364 3580 dolor
3391 3541 3420 3580 e
3450 3524 3621 3581 latere

2035 3611 2432 3681 interrtmtpens
2461 3611 2690 3666 stridulo
2734 3612 2951 3683 planctu
3001 3629 3204 3684 organa
3236 3613 3450 3668 lmtitize.
3481 3613 3620 3669 Nota

2034 3701 2226 3773 loquor
2265 3704 2320 3757 in
2359 3719 2546 3758 aurem
2597 3705 2906 3774 pontiﬁcis,
2945 3705 3012 3759 de
3053 3707 3496 3775 praevaricatione
3524 3719 3620 3762 ec-

2035 3795 2355 3851 clesiastica:
2383 3797 2564 3866 pacis,
2595 3813 2755 3866 quam
2783 3798 2913 3851 mihi
2943 3807 3136 3852 vestra:
3181 3798 3456 3853 ﬁdelitatis
3481 3815 3621 3853 nun-

2036 3887 2109 3940 tio
2149 3887 2389 3942 immisso
2423 3889 2591 3957 ipsius
2619 3887 2766 3943 Petri
2795 3888 3158 3958 apostolorum
3187 3890 3448 3960 principis
3476 3891 3622 3963 lcga-

2035 3974 2178 4030 tione
2203 3974 2389 4030 functo
2420 3977 2826 4046 irrogaverunt,
2858 3991 2964 4031 non
3006 3985 3208 4032 extera:
3230 3979 3497 4045 nationes,
3523 3982 3621 4038 sed

2035 4065 2133 4136 ipsi
2179 4066 2403 4120 Romani
2435 4067 2611 4133 cives,
2661 4079 2717 4123 et
2747 4069 2800 4123 in
2830 4071 3068 4125 secundo
3098 4070 3216 4126 loco
3247 4070 3576 4128 Richeﬁiurb
3600 4114 3618 4141 ,

2032 4167 2087 4213 et
2115 4160 2568 4230 Aqua'pendentis
2613 4162 2993 4218 suburbiorum
3025 4165 3380 4234 potentissimi
3413 4167 3621 4222 habita-

2037 4257 2202 4303 tores.
2257 4249 2322 4304 lli
2375 4258 2523 4304 certe
2573 4261 2882 4322 contempta
2929 4268 3094 4322 super
3145 4269 3278 4324 pace
3325 4255 3618 4324 apostolica

353 4365 460 4402 non
491 4351 745 4414 miretur,
795 4359 851 4404 et
896 4349 952 4404 in
998 4348 1168 4403 laudis
1191 4347 1420 4416 jubilum
1461 4356 1800 4419 prorumpat,
1835 4363 1931 4416 pro
1962 4321 2006 4382 (ἶ
2041 4353 2219 4397 vestra
2245 4344 2557 4410 sanctione,
2595 4359 2682 4398 ine
2735 4344 3096 4411 invaserunt,
3129 4345 3529 4416 spoliaverunt,
3568 4355 3622 4402 et

356 4441 596 4520 inaudita
623 4441 822 4496 nostris
844 4441 1052 4496 sarculis
1076 4441 1273 4496 oculati
1308 4441 1540 4510 pastoris
1562 4440 1932 4510 providentia?

354 4533 444 4602 qui
475 4549 580 4587 non
625 4547 690 4588 eo
729 4541 1015 4588 contentus
1051 4532 1102 4586 ia
1148 4534 1364 4602 propria
1393 4533 1521 4586 sede
1567 4531 1716 4586 urbis
1750 4530 1933 4584 Romae

357 4625 446 4678 uni
494 4624 691 4698 populo
718 4625 998 4678 consulere
1022 4665 1037 4690 ,
1075 4633 1170 4678 aut
1219 4625 1387 4678 solam
1454 4622 1667 4694 frugum
1704 4622 1931 4676 fertilem

357 4717 560 4771 ltaliant
594 4718 766 4772 imbre
811 4718 1052 4773 emiestis
1075 4717 1228 4772 verbi
1267 4717 1524 4785 irrigare,
1555 4731 1740 4770 verum
1769 4716 1933 4768 etiam

356 4807 656 4877 Cisalpinas
722 4807 992 4863 Ecclesias
1039 4805 1280 4878 synodali
1331 4805 1597 4860 scrutinio
1634 4803 1829 4858 circuit
1881 4811 1938 4857 et

360 4897 582 4963 lustrat,
629 4907 684 4954 et
715 4899 758 4953 si
789 4899 916 4968 quid
949 4898 1247 4961 incultum,
1278 4906 1332 4950 et
1361 4912 1389 4950 a
1423 4911 1608 4950 norma
1659 4894 1938 4949 rectitudi-

361 4987 442 5042 nis
478 4989 761 5044 distortum
821 4989 1056 5054 invexit,
1107 5003 1228 5041 mox
1283 4986 1651 5041 ecclesiastica
1708 4998 1934 5039 censura

361 5080 585 5146 corripit
625 5095 689 5135 ac
722 5079 901 5150 regula
923 5079 1152 5147 justitia:
1174 5079 1500 5132 etnendatet
1524 5073 1768 5144 corrigit.
1801 5074 1935 5138 Ave,

353 5163 520 5206 Δι›.......
571 5185 708 5214 muns
740 5169 1016 5227 mirabilis.
1047 5169 1164 5223 Ave
1194 5167 1480 5236 pmsulnm
1512 5165 1704 5236 prazsul
1733 5165 1940 5236 spei-ia-

2033 4437 2286 4493 euntibus
2332 4439 2436 4509 piis
2478 4437 2906 4509 lacrymabiliter
2957 4440 3478 4506 dehonestaverunt,
3512 4439 3623 4494 frn-

2037 4539 2147 4584 stra
2191 4532 2442 4585 mandata
2485 4540 2680 4585 vestrae
2715 4531 2999 4602 legationis
3046 4531 3453 4600 prmferentem,
3481 4540 3534 4586 et
3569 4532 3622 4584 in

2035 4620 2398 4675 defensionem
2433 4622 2534 4676 mei
2567 4622 2927 4691 patrocinium
2946 4621 3257 4691 apostolica:
3283 4619 3623 4674 auctoritatis

2035 4722 2340 4767 vocantem.
2395 4712 2566 4768 Porro
2621 4715 2736 4768 hate
2787 4713 3044 4768 Italorum
3105 4712 3158 4765 in
3218 4710 3624 4766 Northmannos

2038 4805 2238 4858 invidia
2274 4805 2407 4858 adeo
2433 4804 2666 4866 exarsit,
2706 4812 2760 4857 et
2798 4804 2912 4869 jam
2965 4801 3218 4864 inolevit,
3254 4811 3311 4855 ut
3351 4815 3486 4870 pene
3529 4816 3626 4868 per

2037 4895 2219 4947 omnia
2254 4891 2420 4946 ltalize
2470 4894 2726 4946 suhnrbia
2775 4893 2860 4944 vix
2901 4907 3138 4960 unquam
3178 4889 3270 4942 ulli
3301 4889 3628 4943 Sor-thumu-

2040 5001 2229 5038 norum
2277 4983 2437 5039 liceat
2468 4993 2638 5038 tutum
2687 4985 2789 5040 iter
2817 4998 3076 5054 carpere,
3111 4983 3325 5037 etiamsi
3369 4981 3442 5036 sit
3477 4996 3630 5050 pereo

2039 5077 2192 5144 grina
2215 5074 2531 5138 devotione,
2563 5075 2691 5143 quin
2722 5075 3010 5132 assaliatur
3037 5113 3053 5140 ,
3076 5075 3346 5141 trahatur,
3376 5073 3627 5136 nudetur,

2041 5167 2432 5237 colaphizelur,
2461 5167 2693 5222 vinculis
2725 5167 3017 5242 religetur,
3051 5183 3193 5237 saepe
3231 5169 3395 5224 etiam
3427 5166 3632 5220 tristem
