4020 5392
388 262 490 328 799

1731 282 1982 341 VlC'rOlt
2021 285 2061 342 n
2100 272 2300 347 mea.

3532 284 3652 346 δοῦ

386 382 745 439 vindicaverit
772 376 843 440 ita
867 394 927 441 ut
949 395 1089 444 totus
1101 390 1250 447 orbis
1277 392 1463 449 audiat
1479 403 1536 450 et
1558 399 1963 466 contremiscat,
1993 409 2039 469 Α
2067 401 2159 470 qui
2187 398 2449 455 abdicatis
2490 398 2713 471 legitimi
2741 401 2879 456 thori
2903 398 3217 464 connubiis,
3250 401 3566 456 volutantur
3591 404 3651 455 in

390 475 547 530 valde
576 476 964 544 depretiahitnr
1004 479 1262 537 Romanae.
1309 484 1605 553 majestatis
1636 486 1961 556 auctoritas,

2067 489 2367 546 inhonestis
2391 499 2443 546 et
2480 490 2942 561 consanguinitate
2969 488 3185 545 fmdatis
3210 490 3477 545 thalamis.
3502 488 3652 546 Hinc

391 580 491 621 nec
516 564 623 620 erit
642 567 781 637 geris
826 566 912 621 illa
949 569 1442 629 Northmannorum
1484 576 1673 633 bellica
1704 578 1755 633 in
1784 590 1962 634 vestra
2064 581 2295 652 populus
2320 581 2530 647 sibilat,
2561 581 2689 636 hinc
2725 581 2856 636 mihi
2881 580 3056 651 quivis
3088 580 3360 650 pravicors
3387 580 3653 645 insultat;

395 653 833 712 lidelitate‘adeo
882 669 1129 730 prompta
1176 670 1231 717 et
1264 663 1477 720 devota.
1527 662 1753 722 Interest
1799 670 1962 722 etiam
2066 671 2237 737 mihi,
2291 671 2547 738 inquam,
2598 686 2697 741 pro
2750 680 2928 727 vestro
2974 669 3178 724 honore
3215 669 3543 734 deeertanti,
3591 674 3655 725 et

392 755 496 800 tuae
520 744 708 813 fatuae,
748 749 830 802 vir
876 751 1042 805 totius
1072 751 1412 812 liberalitatis
1465 765 1521 813 et
1554 757 1767 828 glorim,
1818 759 1964 830 larga

393 854 552 895 manu
581 849 765 896 nostra
797 843 1003 911 perdita
1047 855 1384 914 restaurare,
1414 850 1541 918 quia
1568 865 1724 918 ecce,
1759 860 1817 905 ut
1850 849 1967 919 jus-

392 933 540 1002 sisti,
586 934 823 1004 paschali
866 939 1096 995 termino
1136 942 1285 997 adest
1321 952 1506 1000 noster
1556 947 1803 1009 nuntius,
1843 961 1965 1001 cum

391 1021 621 1091 litteris,
669 1032 726 1080 et
753 1035 899 1082 certa
922 1029 1173 1085 cautione
1200 1033 1519 1089 omissurum
1544 1075 1559 1101 ,
1584 1050 1705 1109 qua:
1739 1050 1838 1105 ego
1860 1052 1968 1090 non

393 1112 500 1169 mei
550 1130 714 1171 causa
759 1118 1093 1177 solummodo
1133 1132 1315 1192 repeto
1340 1163 1357 1190 ,
1388 1125 1480 1180 sed
1526 1141 1710 1182 eorum
1739 1141 1967 1195 qnornut

393 1205 666 1262 devotioni
697 1210 957 1266 condoleo
980 1252 994 1276 ,
1043 1214 1133 1283 qui
1165 1213 1279 1269 iure
1309 1225 1511 1270 sancta:
1553 1215 1799 1271 Trinitati
1828 1219 1876 1272 dt
1895 1216 1970 1271 le-

393 1309 655 1365 gaverant
684 1301 785 1356 sub
815 1318 945 1358 mea:
972 1303 1093 1359 fidei
1120 1306 1447 1383 testimonio.
1485 1306 1578 1364 His
1602 1310 1673 1363 ita
1702 1309 1969 1376 decursis,

393 1399 501 1441 non
527 1403 745 1456 possum
773 1407 879 1447 non
910 1392 1148 1450 indit-are
1173 1412 1291 1465 qua:
1332 1398 1492 1452 audio
1521 1399 1587 1454 de
1615 1400 1830 1455 domino
1850 1415 1970 1454 meo

395 1478 693 1548 apostolico
739 1484 983 1538 ventilari
1033 1488 1247 1541 sinistra
1298 1489 1779 1559 interpretatione,
1810 1506 1969 1561 quem

395 1583 498 1653 ego
527 1570 823 1640 amplector
849 1577 1066 1645 speciali
1103 1578 1385 1634 devotione
1408 1620 1422 1644 ,
1464 1589 1517 1635 et
1551 1596 1709 1650 quem
1737 1583 1858 1637 volo
1891 1591 1972 1636 Iu-

398 1667 509 1714 tum
540 1674 661 1717 esse
687 1656 825 1732 apud
855 1665 1020 1720 Demn
1048 1676 1100 1722 et
1127 1669 1388 1724 homines.
1423 1669 1620 1725 Fabula
1648 1681 1825 1727 autem
1859 1673 1972 1728 lucc

2067 761 2207 816 hanc
2239 761 2606 817 consentionis
2644 759 2910 816 maculam
2939 773 2973 813 a
2998 767 3177 815 vestra
3199 758 3513 814 sinceritate
3544 759 3658 815 do-

2071 854 2299 924 tergenti
2350 871 2363 908 :
2405 862 2461 908 et
2489 861 2553 914 ut.
2596 854 2684 907 me
2728 851 2901 923 magis
2932 850 3289 915 confundant,
3335 860 3393 906 et
3434 848 3661 910 infima

2070 944 2293 999 victoria
2344 944 2396 998 in
2441 943 2865 1015 suggillationem
2912 952 3105 997 vestra:
3137 941 3475 998 auctoritatis
3514 955 3660 997 eon-

2070 1036 2317 1101 vincant,
2362 1032 2659 1106 objiciunt,
2700 1035 2828 1089 etin
2882 1032 3070 1088 faciem
3117 1032 3445 1097 ostendunt,
3500 1029 3662 1101 quod

2072 1128 2376 1185 Tedbaldus
2404 1128 2568 1184 etiam
2597 1136 2840 1183 vestrum
2871 1125 3205 1195 colloquium
3223 1125 3447 1191 allierit,
3476 1124 3647 1180 nihil-

2070 1236 2174 1291 que
2203 1220 2418 1290 dignum
2459 1219 2557 1274 hac
2586 1218 2741 1287 culpa
2771 1225 2951 1273 actum
2979 1218 3078 1283 sit;
3126 1218 3237 1271 imo
3279 1216 3450 1286 magis
3488 1208 3660 1285 quu‘

2072 1313 2391 1369 auctoritate
2443 1320 2617 1366 vestra
2668 1310 2989 1375 roboratus,
3034 1308 3269 1378 lnpinam
3297 1322 3452 1362 ovem
3480 1345 3499 1373 ,
3526 1306 3647 1382 dicg

2072 1406 2263 1465 falsam
2316 1402 2456 1458 illam
2507 1401 2711 1471 Agnem
2751 1400 2803 1456 in
2859 1416 2956 1456 sua
3008 1400 3277 1463 vindicet,
3335 1407 3389 1453 et
3431 1397 3664 1451 vivente

2074 1497 2307 1560 marito,
2360 1501 2585 1562 usurpet
2641 1490 2957 1547 exsecrabili
3013 1500 3226 1561 stupro,
3278 1489 3420 1544 facto
3456 1486 3661 1543 illicito

2074 1589 2233 1643 licita:
2282 1584 2523 1656 conjugis
2558 1583 2805 1640 divortio.
2842 1584 2957 1650 Qua
2995 1582 3060 1637 de
3090 1596 3148 1637 re
3180 1579 3475 1651 perpendat
3511 1579 3661 1648 ipse,

2074 1695 2287 1748 quaeso,
2342 1675 2791 1746 prudentissimus
2819 1675 3073 1740 antistes,
3112 1673 3239 1744 quid
3279 1668 3514 1740 postulet
3562 1680 3664 1725 res

397 1748 835 1843 ⁵¹¹Ρ⁸ἶ¹¹¹¹¹²¹ίί⁰¹¹ί⁸
867 1757 1096 1841 "utimr
1141 1759 1204 1813 dc
1250 1759 1519 1815 Τθτίδυωο
1543 1762 1737 1817 comite
1766 1763 1972 1817 θῑΒιιΓ·
2003 1748 2043 1807 Β
2074 1772 2233 1843 hujus
2282 1767 2715 1834 emendationis,
2769 1781 2836 1821 ne
2886 1765 3226 1829 annnlletur,
3280 1774 3347 1817 ne
3404 1761 3667 1815 irritetur

396 1827 724 1910 gundionum
774 1838 1032 1904 infrunito
1070 1850 1204 1907 duce
1258 1853 1343 1914 lt.,
1385 1853 1509 1922 qni,
1542 1862 1971 1924 transgressores

398 1935 785 2004 pontificalium
811 1940 1147 1997 decretorum
1174 1984 1189 2010 ,
1224 1944 1305 1998 fas
1326 1944 1586 2016 nefasque
1614 1945 1975 2013 confundunt,

2075 1876 2236 1934 opera
2274 1869 2328 1916 et
2355 1858 2587 1916 studium
2621 1855 2997 1914 ecclesiasticae
3021 1870 3129 1912 suae
3152 1851 3466 1912 sanctionis.

1939 2204 2202 2318 III.‘

1136 2455 1716 2550 EPISTOLA
1772 2459 1865 2549 S.
1956 2460 2309 2547 PETRI
2407 2457 2909 2546 DAMIANI

1711 2667 1804 2722 AD
1843 2667 1899 2723 S.
1942 2667 2221 2725 LEONEM
2259 2667 2351 2723 IX.

911 2821 1034 2878 Vide
1058 2824 1195 2879 inter
1216 2823 1462 2894 epistolas
1487 2825 1549 2883 S.
1574 2824 1722 2882 Petri
1759 2824 2009 2880 Damiani
2028 2865 2043 2892 ,
2073 2822 2425 2897 Patrologiae,
2467 2831 2596 2878 tom.
2626 2820 2850 2886 CXLIV,
2878 2818 2981 2875 col.
3010 2819 3163 2889 208.)

411 2997 3659 3043 W

1676 3182 1850 3232 ANNO
1892 3183 2129 3233 DOMIM
2167 3183 2370 3228 MLVH.
2539 3155 2821 3324 ///”:_C
3496 3184 3611 3283 ff!
3646 3213 3799 3314 ei:
3828 3267 3881 3323 )

862 3202 1975 3673 Σισιποῖ

2082 3202 2129 3233 ,ι
2168 3202 2370 3228 ...μη
2539 3202 2821 3324 βρίθει
2911 3202 3257 3323 [ἐζ-ές
3284 3202 3377 3323 ε

2082 3362 2247 3566 [Ι
2443 3320 3377 3567 ΡΑΡΑᾯ

2104 3595 2108 3598 ~
3150 3520 3377 3659 ἰιιῖίίρίὶ

3150 3520 3197 3569 ο
3258 3534 3296 3571 ,ς
3340 3538 3352 3555 ι
3397 3498 3889 3571 .“’““’““”““”“Ἶ“””

1407 3811 1907 3906 NOTITIA
1974 3814 2659 3955 HISTORICA.

3460 3571 3577 3677 (εἴ
3606 3596 3701 3673 μὶ
3722 3556 3811 3672 (λέ
3874 3605 3946 3660 IT

1404 4001 1712 4073 .(Cuccom,
1754 3999 1886 4059 Vita
1916 4002 2222 4073 pontiﬁcum
2260 4000 2661 4083 Romanorum.)

3642 3456 3851 3464 νηη-

3654 3496 3907 3515 M

3414 3502 3649 3518 MF

1827 3689 2247 3709 ᾠ-

3554 3703 3792 3719 “mw

2982 3690 3062 3718 Λ.
3127 3703 3144 3718 λ
3180 3696 3543 3713 ’ν’-κο-νωωτ,ε

2935 3703 3478 3847 ἐξ.ἷῖ

2964 3840 3097 3856 «ἣν
3130 3840 3141 3845 ⁵

486 4197 546 4255 in
572 4198 787 4254 nomine
836 4198 926 4253 Dei
953 4208 1008 4253 et
1039 4196 1338 4253 Salvatoris
1390 4198 1558 4252 nostri
1606 4196 1733 4253 Jesn
1783 4196 1984 4254 Christi
2014 4202 2059 4266 c
2089 4210 2210 4271 post
2249 4207 2478 4255 mortem
2506 4196 2701 4254 Leonis
2735 4206 2948 4263 exacto,
2984 4197 3207 4253 adduxit
3228 4196 3493 4263 Romam;
3524 4194 3660 4251 laeti-

420 4288 707 4348 benedicti.
743 4289 931 4343 Amen.

490 4379 621 4437 Post
657 4379 849 4432 Leonis
872 4393 1020 4448 papa:
1052 4378 1119 4434 IX
1155 4378 1383 4445 obitum,
1430 4378 1757 4443 Eberardus,
1786 4379 1994 4448 episco-

425 4485 526 4541 pus
563 4469 909 4533 Aistatensis,
937 4468 1021 4522 vir
1058 4468 1297 4538 prudens
1330 4480 1386 4523 et
1418 4468 1683 4534 eruditus,
1706 4470 1911 4538 pariter
1938 4477 1995 4524 et

424 4561 729 4632 opulentus,
799 4568 1161 4615 creatusest.
1218 4559 1342 4615 Fuit
1403 4562 1622 4615 natione
1669 4558 1989 4626 Germanus,

426 4651 700 4723 provincia
731 4649 949 4716 Suevia,
982 4665 1047 4706 ex
1073 4650 1359 4706 comitibus
1386 4650 1745 4714 Callensibns,
1771 4650 1997 4706 castello

430 4741 665 4813 llisprng
711 4751 886 4808 ortus,
915 4756 983 4796 ex
1007 4741 1310 4811 propinquo
1337 4741 1597 4812 sanguine
1628 4740 1993 4810 imperatoris,

426 4840 584 4886 natus
612 4846 630 4885 :
666 4840 871 4901 patrem
892 4829 1085 4885 habuit
1111 4829 1431 4901 Arduigum,
1460 4837 1686 4884 matrem
1712 4828 1996 4894 Vitzelam,

400 4921 793 4975 nobilissimos
821 4929 1096 4990 parentes,
1127 4929 1183 4975 et
1222 4933 1528 4989 quanquam
1579 4926 1736 4974 aetate
1784 4918 2000 4990 juvenis

427 5018 593 5073 esset,
643 5009 890 5064 doctrina
940 5018 995 5065 et
1041 5009 1324 5079 sapientia,
1373 5022 1689 5079 morumque
1735 5008 2002 5079 gravitate

427 5097 897 5167 prudentissimus,
962 5100 1182 5155 senibus
1237 5098 1440 5168 :equari
1492 5106 1725 5169 poterat.
1787 5098 2003 5153 Electus

434 5192 613 5244 autem
642 5189 815 5242 fuerat
838 5189 1160 5244 Aistatensis
1186 5189 1472 5258 episcopus
1496 5202 1640 5242 anno
1672 5186 1828 5253 l052,
1858 5187 2001 5242 illius

372 5344 373 5347 η
435 5280 569 5335 cieri
596 5295 884 5345 consensu,
908 5282 960 5334 in
992 5283 1224 5336 maxima
1255 5282 1397 5352 apud
1426 5297 1613 5338 omnes
1642 5281 1851 5352 imperii
1880 5297 2003 5352 pro-

2096 4291 2168 4345 tia
2217 4299 2275 4345 et
2318 4289 2500 4359 populi
2552 4289 2717 4344 totius
2767 4289 2959 4359 plausu
3006 4297 3281 4359 exceptus,
3324 4288 3377 4342 in
3433 4286 3656 4343 basilica

2096 4380 2276 4435 Sancti
2331 4380 2475 4435 Petri
2530 4380 2807 4444 Vaticana,
2859 4379 3234 4449 episcoporum
3284 4376 3660 4437 ,cardinalium

2095 4468 2416 4535 ministerio,
2442 4469 2669 4525 Romani
2693 4469 3052 4540 pontificatus,
3082 4467 3216 4524 feria
3243 4467 3431 4538 quinta
3456 4466 3509 4521 in
3538 4465 3661 4523 εω-

2096 4573 2164 4613 na
2192 4556 2421 4622 Domini,
2453 4557 2633 4614 Idibus
2665 4558 2878 4629 Aprilis,
2903 4558 3132 4629 insignia
3162 4572 3284 4613 enm
3321 4554 3548 4612 Victoris
3567 4569 3659 4610 se-

2092 4647 2257 4705 cundi
2284 4649 2511 4703 nomine
2531 4649 2786 4718 suscepit,
2814 4664 2956 4704 anno
2982 4646 3195 4703 Domini
3227 4646 3362 4702 l055
3386 4644 3657 4716 ρει-,Μει-

2098 4740 2326 4797 nardum
2353 4739 2409 4796 S.
2442 4740 2700 4797 Romanae
2721 4739 2969 4796 Ecclesiae
2991 4739 3451 4803 archidiaconum,
3479 4744 3531 4790 et
3544 4735 3659 4789 laus

2098 4830 2377 4887 datissime
2407 4830 2580 4887 eidem
2615 4844 2785 4885 annos
2821 4830 2958 4885 duos
2982 4843 3199 4884 menses
3237 4838 3369 4892 tres,
3394 4826 3510 4881 dies
3532 4839 3658 4879 sex-

2099 4920 2295 4985 decim,
2322 4919 2552 4976 lleurico
2598 4919 2755 4975 tertio
2786 4928 2838 4975 et
2867 4918 2985 4989 ejus
3037 4918 3148 4974 filio
3196 4917 3428 4973 Henrico
3469 4924 3661 4986 quarto

2098 5011 2378 5082 Augustis,
2405 5010 2638 5081 prmfnit.
2690 5008 2860 5064 Urbes
2893 5009 3114 5080 aliquot,
3164 5022 3319 5063 arces
3346 5015 3403 5061 et
3445 5004 3658 5075 oppida.

2102 5104 2356 5159 Ecclesia:
2387 5104 2643 5159 Romanae
2672 5102 2941 5173 prioribus
2972 5100 3185 5158 saeculis
3209 5100 3406 5155 amissa
3438 5110 3661 5166 recupe-

2056 5200 2065 5211 ’
2104 5195 2262 5251 ravit.
2286 5195 2383 5251 llic
2397 5194 2596 5251 Leonis
2619 5192 3031 5265 pmdecessoris
3058 5192 3143 5248 sui
3174 5192 3400 5263 vestigia
3426 5197 3667 5251 secutus.

2105 5295 2422 5357 praesentem
2477 5285 2730 5340 Ecclesia:
2775 5292 2975 5338 statum
3029 5281 3247 5352 firmare
3299 5279 3549 5350 perrexit.
3599 5290 3662 5331 ac

2994 5371 3277 5392 151-.......2...
3306 5367 3497 5392 Ξ-Δ-ΞΔ
3574 5372 3681 5392 4η.
