4020 5392
313 318 411 376 801

1589 307 1865 365 Nertrta
1908 289 2295 364 ntsront'ca.

3457 305 3564 364 862

315 438 398 485 set
415 443 560 484 anno
585 425 719 482 1056
739 434 788 481 et
812 424 1036 480 concilio
1064 421 1416 483 interfuisset,
1446 421 1643 475 multos
1668 421 1876 488 episco-
1907 424 1951 478 Α
1983 418 2116 480 imit,
2146 433 2206 473 ac
2241 421 2453 472 tertimn
2481 418 2590 490 jam
2620 417 2922 489 Bcrengarii
2948 418 3252 489 op'nionem
3287 411 3560 470 detestan-

313 537 430 594 pos.
461 519 767 575 Simouiaca
797 516 916 570 labe
943 515 1184 580 affectos,
1218 523 1273 568 et
1311 514 1366 568 in
1398 513 1758 569 fornicatione
1799 513 1888 568 de-

315 612 612 683 prehensos
643 608 1026 675 convictosque
1056 604 1351 669 damnavit,
1382 618 1446 656 ac
1468 603 1887 672 ‘episcopatibus

316 701 540 757 amovit.
579 699 904 766 Clerumque
951 695 1160 751 monuit
1205 693 1332 764 quid
1381 693 1724 762 potissimum
1803 693 1885 747 sui

317 794 559 849 muneris
586 800 748 855 esset,
793 803 950 862 pinna
984 788 1160 859 legum
1199 785 1685 842 ecclesiasticarum
1713 792 1888 839 trans-

316 885 656 956 gressoribus
683 882 940 952 irrogata.

387 974 592 1031 Eodem
645 973 808 1029 etiam
860 981 1118 1040 tempore,
1166 966 1587 1023 Hildebrandum
1620 965 1692 1020 ob
1730 965 1782 1021 id
1834 965 1888 1020 in

316 1066 604 1121 Franciam
642 1081 671 1118 a
709 1065 923 1120 Victore
953 1063 1180 1134 legatus,
1207 1077 1396 1132 graves
1425 1061 1682 1114 adversus
1706 1058 1886 1113 Simo-

317 1159 506 1212 niacos
537 1167 592 1212 et
629 1155 943 1220 Nicolaitas,
1007 1153 1303 1224 quzcstione
1366 1152 1650 1213 exercuit,
1735 1165 1887 1204 cum-

277 1269 424 1322 tque
477 1267 570 1307 sex
627 1252 908 1320 episcopos
957 1252 1147 1304 borum
1214 1249 1502 1304 criminum
1576 1247 1890 1303 manifestos

321 1343 657 1406 damnasset,
681 1341 1113 1395 Ebredunensem
1138 1340 1623 1409 archiepiscopum,
1646 1339 1889 1392 simonitz

319 1455 494 1502 reum,
541 1445 596 1490 et
654 1435 989 1503 impudenter
1046 1433 1396 1496 inﬁcientem,
1456 1445 1615 1502 quem
1667 1432 1890 1486 IeStibus

316 1542 610 1598 coarguere
635 1541 740 1579 non
763 1531 994 1593 poterat,
1015 1533 1132 1577 arte
1155 1522 1409 1577 convicit.
1427 1521 1887 1588 Quemadmodum

317 1637 441 1675 cum
465 1620 565 1674 sibi
581 1632 826 1672 narrasse
848 1617 1037 1671 Petrus
1064 1616 1304 1670 Damiani
1327 1615 1599 1670 memoria:
1624 1615 1885 1684 prodidit:

317 1713 518 1766 etenim
548 1711 598 1764 in
625 1717 909 1780 conspectu
942 1707 1230 1763 multorum
1265 1726 1277 1760 :
1315 1725 1333 1758 ι
1365 1708 1492 1778 Age,
1517 1707 1664 1770 dum,
1695 1707 1887 1778 inquit,

301 1794 533 1869 ‘quando
560 1809 609 1854 te
633 1793 896 1852 insentcm
927 1790 1084 1866 hujus
1109 1797 1557 1865 criminisjactas,
1586 1799 1652 1852 ad
1676 1798 1888 1854 noxiam

318 1892 638 1962 expiandam
669 1890 953 1959 pronuntia
978 1887 1158 1942 Gloria
1193 1887 1367 1953 Patri,
1398 1898 1444 1943 et
1487 1887 1626 1942 Filio
1648 1898 1696 1942 et
1724 1888 1890 1958 Spiri-

319 1982 394 2034 tui
421 1990 622 2034 sancto.
651 1979 784 2034 Tum
811 1980 1113 2049 episcopus,
1144 1989 1290 2033 ratus
1325 1995 1383 2034 se
1412 1995 1476 2034 eo
1499 1979 1642 2034 dicto
1682 1980 1894 2051 gravio-

320 2073 393 2126 ris
420 2071 640 2140 periculi
667 2070 926 2138 judicium
975 2084 1133 2124 omne
1182 2069 1595 2131 declinaturum,
1656 2085 1892 2140 pronun-

320 2165 454 2217 tiare
479 2163 732 2225 instituit,
770 2175 832 2214 ac
859 2157 1036 2213 Gioria
1063 2159 1209 2213 Patri
1232 2168 1280 2214 et
1312 2157 1450 2213 Filio
1480 2157 1644 2214 dixit:
1668 2159 1891 2230 Spiritui

316 2262 530 2315 sancto,
565 2267 873 2321 quanquam
902 2266 1043 2321 saepe
1081 2257 1327 2313 conatus,
1358 2249 1613 2316 expedire
1660 2267 1764 2305 non
1792 2265 1892 2320 po-

319 2342 439 2396 tuit.
472 2341 856 2410 Creditumquc
890 2350 994 2405 est,
1016 2341 1140 2410 quia
1167 2341 1219 2394 in
1251 2339 1639 2395 nundinatione
1676 2351 1892 2397 sancto—

318 2451 462 2500 rum,
489 2435 768 2504 speciatim
798 2434 1003 2495 laaditur
1033 2433 1264 2502 Spiritus
1293 2441 1531 2494 sanctus,
1558 2442 1615 2486 ut
1637 2431 1752 2500 ejus
1781 2432 1893 2487 cul-

316 2523 736 2594 pze‘participem
758 2523 935 2577 dicere
952 2525 1223 2592 nequivit;
1248 2523 1512 2592 siquidem
1531 2533 1714 2594 postea
1729 2538 1891 2591 quam

319 2622 596 2682 peccatum
625 2629 780 2668 suum
811 2613 1086 2668 confessus
1108 2622 1208 2678 est,
1253 2613 1369 2668 sine
1410 2613 1516 2668 ulla
1551 2615 1893 2669 cunctatione

316 2704 705 2772 pronuntiavit.
745 2723 764 2755 ι

387 2793 574 2848 Victor
604 2794 868 2865 pontifex,
902 2809 1023 2850 cum
1079 2794 1457 2867 Berengarium
1499 2805 1620 2866 post
1665 2806 1891 2852 mortem

315 2883 515 2937 Leonis
543 2885 610 2938 ad
659 2885 901 2939 eamdem
956 2885 1133 2946 redire
1193 2885 1458 2939 insaniam
1517 2887 1888 2954 comperisset,

314 2985 479 3042 atque
510 2974 578 3027 ab
604 2988 668 3027 eo
716 2974 910 3028 multos
959 2975 1013 3028 in
1052 2974 1277 3030 Francia
1332 2976 1384 3029 in
1422 2991 1660 3029 errorrm
1713 2976 1891 3030 induci

1991 521 2097 564 tem
2142 511 2457 566 confutavit.
2510 511 2633 566 Fuit
2673 513 2758 566 hic
2789 513 3144 581 Bcrcngarins
3180 513 3350 582 patria
3390 514 3564 568 Turo-

1989 602 2191 668 nensis,
2272 602 2684 657 archidiaconus
2736 603 3157 672 Andegavcnsis,
3217 605 3306 672 qui
3357 607 3566 674 primus

1991 693 2238 746 haeresim
2293 703 2481 747 contra
2538 691 2773 746 divinam
2821 693 3202 746 eucharistiam
3254 694 3561 758 suscitavit,

1987 799 2149 854 quam
2188 785 2344 838 toties
2376 785 2704 847 damnatam,
2744 785 2908 839 etiam
2961 794 3146 839 nostro
3177 786 3374 841 smculo
3402 785 3566 841 Ζιιὶιιε⁵

1989 877 2148 946 glius,
2177 875 2618 946 Aicolampadius
2644 885 2699 930 et
2718 875 2973 931 Calvinus
2997 879 3367 945 restituerunt,
3396 894 3564 933 auxe-

1990 975 2115 1020 runt
2151 976 2205 1019 et
2245 975 2628 1037 propagarunt.
2661 967 2792 1022 Data
2825 976 2906 1022 est
2934 968 3258 1038 Berengario
3302 972 3448 1040 optio
3473 971 3566 1025 tle-

1992 1055 2242 1109 fendendi
2275 1057 2580 1126 opinionem
2618 1072 2802 1121 suam;
2829 1072 2990 1126 quam
3024 1075 3146 1111 cum
3174 1058 3560 1114 defendendam

1991 1147 2266 1216 suscipere
2295 1162 2399 1200 non
2443 1147 2684 1211 auderet,
2717 1147 2996 1202 confessus
3031 1155 3114 1202 est
3165 1164 3346 1202 coram
3391 1149 3566 1204 omni-

1992 1239 2091 1293 bus
2127 1254 2464 1294 communem
2500 1238 2755 1293 Ecclesize
2799 1238 2981 1294 ﬁdem.

2063 1330 2188 1384 lude
2215 1331 2524 1385 'l‘uronibus
2551 1332 2602 1384 in
2631 1329 2922 1386 Savoniam
2955 1333 3022 1387 ab
3051 1333 3376 1402 imperatore
3425 1333 3567 1388 lica;-

1993 1423 2108 1478 rico
2132 1424 2408 1488 invitatus,
2441 1433 2601 1494 atque
2644 1425 2946 1479 admirabili
2994 1427 3233 1480 omnium
3265 1428 3566 1496 principum

1992 1531 2255 1570 concursu
2280 1528 2557 1586 exceptus,
2606 1517 2889 1582 Goslariaz,
2936 1535 3057 1572 cum
3111 1534 3174 1572 eo
3217 1518 3564 1575 N..tivit;itetn

1975 1605 2232 1675 Virginis
2259 1607 2573 1662 celebravit.
2606 1608 2789 1677 Neque
2818 1609 2889 1662 ita
2917 1609 3080 1678 paulo
3129 1619 3251 1677 post
3301 1609 3568 1664 Henricus

1994 1713 2134 1752 saevo
2182 1698 2370 1754 morbo
2426 1698 2736 1768 implicitus,
2781 1714 2840 1753 ιιι
2883 1715 3052 1752 nonas
3103 1699 3374 1765 Octobris,
3422 1714 3567 1754 anno

1918 1756 1966 1816 Β
1996 1791 2202 1844 Domini
2231 1791 2386 1854 1056.
2421 1756 2647 1845 moli-tem
2680 1756 2791 1860 ipse
2814 1792 3063 1860 oppetiit;
3098 1793 3236 1859 apud
3270 1756 3558 1846 Fol'derum

1994 1883 2046 1937 in
2075 1883 2329 1949 Saxonia,
2365 1884 2538 1938 aetatis
2571 1883 2660 1938 59.
2704 1881 2870 1951 Hujus
2909 1898 3103 1952 corpus
3139 1882 3350 1953 Spiram
3387 1883 3562 1944 evehi,

1993 1991 2058 2030 ac
2088 1975 2202 2045 ipso
2228 1985 2492 2046 praesente
2517 1975 2814 2031 honorifice
2845 1977 3072 2046 sepelire
3102 1976 3226 2031 fecit
3275 1979 3326 2030 in
3369 1977 3568 2046 templo

1991 2068 2163 2124 beata:
2195 2069 2430 2139 Virginis
2466 2069 2534 2123 ab
2560 2083 2618 2122 se
2653 2078 2949 2134 exstructo,
2974 2069 3127 2138 juxta
3177 2077 3379 2137 patri'm
3408 2084 3563 2123 suum

1994 2159 2256 2228 sepultum
2289 2169 2393 2214 est.
2419 2160 2629 2229 Imperii
2658 2159 2838 2213 titulos
2866 2159 2982 2228 ejus
3012 2160 3152 2214 filius
3183 2160 3446 2214 Henricus
3497 2160 3563 2214 lV

1993 2251 2229 2315 suscepit
2255 2250 2530 2318 tenuitque
2559 2265 2728 2304 annos
2755 2265 2918 2320 prope
2944 2250 3032 2304 50.

2063 2341 2328 2395 (Ia-terum
2376 2338 2558 2394 Victor
2591 2341 2751 2395 rebus
2804 2341 3057 2396 Ecclesia:
3093 2350 3240 2396 trans
3276 2343 3460 2413 Alpes,
3487 2350 3568 2399 ἰιι

1993 2440 2107 2486 tum
2147 2431 2298 2485 licuit
2341 2431 2668 2495 constitutis,
2705 2430 2929 2487 solemni
2981 2432 3224 2486 natalitio
3272 2447 3393 2488 cum
3445 2450 3569 2505 rrgo

1987 2526 2184 2594 juvene
2213 2526 2527 2590 constituto,
2561 2526 2869 2594 Ratisponze
2893 2537 3132 2597 peracto,
3165 2527 3393 2595 Italiam,
3429 2529 3568 2596 Qua-

1994 2616 2298 2685 dra'gesimo
2319 2617 2536 2670 ineunte
2561 2617 2796 2686 repetiit,
2823 2627 2983 2686 atque
3008 2617 3292 2671 Florentia:
3306 2619 3564 2674 substitit.

1993 2707 2084 2759 ubi
2121 2714 2227 2760 tota
2281 2706 2394 2760 lere
2447 2715 2605 2760 aetate
2655 2715 3040 2760 commoratus.
3099 2708 3254 2760 Anno
3279 2706 3570 2763 Dommicm

1995 2797 2292 2851 nativitatis
2322 2796 2476 2860 1057,
2507 2813 2538 2850 v
2569 2795 2686 2850 Kal.
2715 2797 2962 2866 Augusti,
2995 2813 3127 2866 papa
3159 2797 3340 2852 Victor
3369 2797 3408 2851 11
3447 2797 3568 2852 Flo-

1995 2889 2183 2942 rentiae
2212 2884 2506 2943 Tnscm'um
2533 2896 2776 2942 mortuus
2799 2897 2900 2942 est.
2933 2887 3058 2956 Ejus
3085 2903 3280 2958 corpus
3310 2889 3360 2942 in
3392 2889 3569 2944 eccle-

1995 2983 2073 3035 sia
2099 2981 2394 3036 cathedrali
2429 2981 2484 3036 S.
2531 2980 2815 3051 Reparataa
2839 2980 3126 3035 Florentia:
3163 2980 3426 3049 sepultum
3458 2984 3572 3035 cst.‘

311 3066 549 3127 audiret,
601 3063 872 3134 profectus
901 3079 964 3120 eo
996 3075 1314 3119 conventum
1347 3065 1399 3118 in
1446 3065 1750 3120 Turonibus
1797 3067 1890 3120 lla-
1917 3091 1964 3153 ο
2001 3072 2221 3126 Vacavit
2265 3073 2422 3126 sedes
2458 3071 2573 3127 dies
2609 3081 2860 3142 quatuor.

319 3216 3528 3250 MM

1399 3323 1904 3415 NOTITIA
1993 3327 2490 3458 ALTERA.

1233 3493 1407 3564 (Apud
1446 3492 1642 3559 Maxst,
1671 3491 2023 3549 Conciliorum
2051 3497 2275 3563 collect.,
2310 3497 2424 3552 XIX
2444 3539 2459 3564 ,
2497 3497 2648 3569 833.)

381 3739 596 3801 Victor,
637 3735 721 3791 cui
754 3749 945 3790 nomen
993 3731 1344 3788 Gebcliardus
1385 3741 1504 3785 erat
1534 3730 1895 3803 Ecclesimqtte

313 3830 609 3887 Eistetettsi
663 3843 856 3899 magna
905 3843 1024 3882 cum
1086 3825 1315 3879 utilitate
1371 3825 1892 3896 prmsidebat,jussu

314 3923 446 3978 cleri
479 3921 707 3976 Romani
733 3935 829 3989 per
857 3917 1295 3980 llildcbrandum,
1345 3915 1598 3970 Ecclesiae
1639 3916 1894 3970 Romanae

315 4011 733 4076 subdiaconum,
760 4010 826 4062 ab
853 4009 1176 4078 imperatore
1199 4005 1516 4076 postulatus,
1547 4005 1771 4059 Romam
1798 4005 1898 4058 ad-

317 4101 557 4165 ducitur,
591 4111 645 4154 et
673 4112 936 4153 consensu
979 4097 1213 4151 universi
1261 4096 1388 4150 cleri
1418 4110 1481 4148 ac
1508 4093 1685 4164 populi
1719 4095 1896 4164 ponti-

318 4189 427 4253 fex,
455 4205 598 4244 anno
636 4189 844 4244 Domini
898 4188 1053 4252 1055,
1109 4195 1347 4255 tempore
1381 4184 1594 4238 llenrici
1627 4185 1691 4239 lll
1729 4185 1896 4252 impe-

320 4282 539 4346 ratoris,
565 4280 803 4351 eligitur,
832 4290 886 4333 et
912 4280 963 4332 in
994 4278 1082 4332 die
1109 4291 1276 4332 caena:
1321 4275 1533 4329 Domini
1581 4274 1896 4329 solemnitcr

318 4381 693 4425 consecratur.
751 4368 834 4423 Ab
876 4370 1200 4446 imperatore
1246 4384 1369 4422 enm
1419 4367 1521 4421 sibi
1577 4365 1893 4443 prmsentari

317 4460 678 4531 postularunt,
705 4460 957 4530 quoniam
989 4461 1040 4513 in
1072 4460 1310 4514 Ecclesia
1342 4458 1604 4523 Romana,
1639 4467 1697 4512 ut
1725 4458 1898 4527 inquit

2001 3751 2192 3808 passus
2222 3744 2304 3790 cst
2336 3734 2663 3791 horrendam
2694 3736 3073 3804 proditionem,
3099 3750 3220 3791 cum
3248 3737 3314 3791 ad
3335 3739 3449 3808 ejus
3480 3740 3567 3793 in-

2003 3830 2218 3883 teritum
2243 3827 2607 3882 subdiaconus
2627 3827 2842 3894 quidam
2871 3842 3156 3892 venenum,
3188 3828 3332 3881 dictu
3364 3843 3566 3897 paven-

1999 3921 2124 3974 dum
2152 3921 2165 3973 !
2206 3920 2258 3974 in
2289 3935 2502 3974 sacrum
2535 3917 2758 3972 calicem
2794 3917 3036 3970 immisit.
3071 3915 3175 3971 Sed
3211 3917 3348 3970 Deus
3370 3917 3570 3987 duplici

2001 4011 2262 4064 miraculo
2292 4025 2357 4064 ne
2386 4007 2626 4080 pontifex
2657 4006 3120 4070 biberetobstitit,
3155 4015 3210 4061 et
3235 4007 3365 4060 tanti
3397 3993 3572 4062 sacri-

1999 4102 2120 4172 legii
2146 4110 2422 4156 auctorem
2455 4099 2677 4154 detexit.
2721 4098 3036 4153 luntribertus
3086 4115 3198 4153 rem
3239 4109 3444 4170 gestam
3489 4102 3570 4155 sic

1998 4192 2254 4248 describit
2285 4209 2297 4244 :
2344 4210 2362 4242 σ
2397 4191 2555 4256 Huic,
2584 4206 2774 4258 nempe
2804 4188 3007 4244 Victori
3059 4205 3228 4260 papae,
3282 4192 3571 4246 subdiaco-

1998 4301 2100 4340 nus
2136 4284 2369 4338 toxicum
2397 4283 2448 4336 in
2481 4282 2703 4336 calicem
2746 4281 2922 4346 misit;
2953 4297 3110 4350 quem
3140 4296 3262 4335 cum
3296 4281 3411 4352 ipse
3449 4294 3570 4352 post

1998 4379 2462 4435 consecrationem
2493 4376 2672 4431 levare
2693 4375 2872 4440 vellet,
2902 4390 3003 4428 nec
3046 4385 3251 4445 posset,
3289 4391 3318 4428 a
3350 4375 3573 4431 domino

1999 4487 2219 4527 causam
2243 4470 2368 4524 facti
2395 4469 2917 4542 inquisiturus,rcuttt
2949 4465 3143 4536 populo
3165 4465 3231 4519 ad
3257 4467 3560 4522 orationem
3592 4458 3594 4460 ’

313 4548 741 4615 LeoOstiensis,
787 4565 1013 4621 persona
1058 4550 1123 4604 ad
1171 4559 1375 4604 tantum
1419 4546 1650 4604 oiIicium
1708 4549 1890 4605 idonea

1998 4563 2381 4634 prosternitur,
2411 4561 2702 4628 statimque
2760 4539 3023 4612 t'oxicator
3070 4572 3100 4611 a
3141 4557 3382 4612 daemone
3430 4559 3570 4611 arri-

317 4645 542 4713 reperiri
566 4659 667 4699 non
700 4652 932 4714 poterat.

385 4735 466 4787 Ad
487 4735 849 4805 corrigendos
876 4746 1073 4802 pravos
1116 4746 1244 4786 usus
1295 4729 1552 4786 Ecclesia:
1597 4731 1893 4786 Gallicanae

317 4842 616 4898 causasque
637 4828 992 4898 quorumdam
1036 4828 1410 4896 episcopormn
1463 4824 1890 4896 cognoscendas,

315 4916 757 4983 Hildebrandum,
799 4917 1056 4972 Romana:
1083 4917 1337 4972 Ecclesia:
1359 4915 1743 4969 subdiaconnm
1774 4929 1892 4968 car-

317 5007 572 5074 dinalem,
617 5009 709 5077 qui
765 5015 951 5076 postea
999 5005 1172 5061 factus
1227 5015 1310 5060 est
1352 5003 1614 5072 pontifex,
1672 5001 1890 5056 nomine

315 5094 606 5168 Gregorius
636 5096 740 5159 Vll,
774 5096 1009 5166 legatum
1033 5111 1061 5147 a
1095 5096 1263 5149 latere
1292 5093 1342 5145 in
1367 5091 1568 5145 Gallias
1599 5089 1887 5160 ablegavit,

318 5189 407 5248 qui
460 5186 704 5248 Lugduni
765 5185 844 5248 (1)
909 5184 1108 5239 indicto
1166 5182 1396 5239 concilio
1438 5182 1773 5248 episcopum,
1825 5179 1890 5232 de

1996 4657 2165 4726 pitur.
2197 4653 2272 4708 lta
2331 4653 2495 4723 igitur
2538 4664 2698 4705 causa
2752 4648 3110 4711 manifestata,
3150 4647 3382 4702 domnus
3431 4663 3570 4716 papa

1997 4744 2220 4798 calicem
2244 4756 2367 4795 cum
2392 4738 2652 4809 sanguine
2683 4735 2960 4790 Dominico
2992 4735 3202 4790 cuidam
3236 4733 3390 4788 altari
3409 4735 3572 4802 jussit

1998 4833 2218 4897 includi,
2251 4841 2305 4886 et
2345 4845 2444 4899 pro
2488 4828 2729 4897 reliquiis
2766 4826 2820 4881 in
2868 4836 3184 4895 perpetuum
3231 4826 3572 4880 conservari.

1996 4925 2414 4981 Deindeiterum
2442 4935 2564 4976 cum
2594 4917 2786 4988 populo
2809 4915 2993 4970 tantliu
3023 4917 3090 4970 ad
3120 4915 3417 4970 orationem
3443 4930 3584 4984 pro-'

1995 5017 2276 5078 sternitur,
2325 5023 2606 5079 quousque
2654 5006 3015 5061 subdiaconus
3049 5021 3079 5060 a
3130 5003 3395 5058 damtouio
3434 5004 3571 5062 libe-

1997 5118 2230 5162 raretur.
2303 5121 2322 5154 ι
2389 5097 2517 5156 Haec
2587 5097 2906 5151 Lambertus
2971 5093 3350 5166 Uspergensis,
3411 5095 3578 5154 aliive

1995 5197 2196 5248 tilures.
