4020 5392
188 353 283 408 805

1119 345 1473 402 EPlSTOLAi
1507 344 1592 400 ET
1631 341 2019 400 DlPLOMATA
2063 343 2466 402 PONTIFICIA.

3315 348 3421 405 806

191 465 394 534 regibus
416 502 430 526 ,
457 459 746 532 episcOpis,
778 458 1033 524 ducibus,
1069 473 1162 514 seu
1206 458 1537 530 principibus
1564 457 1736 513 cidem
1771 463 1814 520 Α
1845 453 2046 506 riacutn
2076 468 2198 509 cum
2228 455 2482 510 omnibus
2512 455 2625 510 suis
2657 456 3001 525 pcrtiaentiis
3033 439 3061 512 ς’
3080 457 3270 518 cellam
3296 476 3424 518 san-

191 553 299 605 lnco
328 565 583 604 concessa
615 557 737 602 sunt
756 589 770 608 ,
797 557 850 601 et
886 549 953 602 ab
981 545 1413 600 antecessoribus
1448 546 1553 601 tuis
1582 546 1744 600 abba-

191 644 324 694 tibus
349 638 606 708 acquisita
634 648 778 701 sunt,
808 637 1051 690 Bernonc
1080 636 1346 699 videlicet,
1375 635 1559 691 Odone
1582 645 1746 705 atque

191 729 480 800 Aymardo,
515 736 568 783 et
609 729 777 781 beata:
825 725 1210 781 recordationis
1239 735 1427 782 sancto
1473 726 1663 780 Maiolo
1692 736 1747 780 et

191 832 367 877 sancto
395 819 619 876 Odiloue
651 820 1133 889 praedecessoribus
1181 820 1319 884 tuis,
1369 819 1451 874 vel
1496 835 1748 890 quaecun-

190 927 285 980 que
320 913 386 964 ad
419 913 665 966 eumdem
709 911 882 966 locum
922 913 1193 982 pertinere
1233 913 1500 978 videntur,
1544 912 1746 981 absque

189 1004 339 1072 ullius
373 1003 796 1059 contradictione
822 1021 942 1059 cum
973 1021 1164 1076 magna
1193 1006 1484 1061 securitate
1532 1005 1747 1073 quietus

190 1095 374 1150 debeas
401 1097 708 1165 possidere,
735 1105 788 1152 et
815 1113 912 1167 per
937 1107 989 1153 te
1018 1098 1252 1153 universi
1285 1113 1628 1153 successores
1671 1096 1745 1150 tui

192 1187 236 1238 in
263 1196 592 1256 perpetuum.
621 1187 732 1244 Hoc
758 1199 838 1246 est
869 1190 1040 1260 ipsum
1072 1189 1358 1244 Cluniense
1386 1190 1692 1244 ccennhium
1715 1204 1744 1243 a

189 1278 554 1344 potentissimo
583 1279 709 1334 olim
754 1282 888 1336 duce
916 1280 1184 1336 Willelmo
1231 1282 1284 1335 in
1329 1297 1466 1352 pago
1497 1281 1746 1336 Matisco-

191 1366 331 1420 nensi
381 1366 698 1435 fundatum,
746 1386 865 1425 cum
911 1372 1161 1426 omnibus
1210 1373 1370 1427 rebus
1415 1373 1466 1427 in
1517 1373 1745 1428 circuitu

191 1453 415 1523 ejusdem
447 1458 553 1512 loci
581 1470 635 1514 et
666 1461 718 1514 in
750 1461 871 1516 aliis
898 1462 1208 1532 regionibus
1236 1464 1422 1534 positis
1464 1470 1529 1518 ad
1571 1464 1744 1534 ipsum

193 1546 351 1601 locum
380 1551 792 1619 pertinentibus.
833 1553 889 1608 ln
934 1555 1191 1608 comitatu
1227 1555 1474 1610 videlicet
1503 1555 1748 1611 Matisco-

191 1635 332 1692 nensi
379 1639 571 1694 cellam
622 1641 675 1696 in
723 1642 927 1699 honore
973 1645 1144 1700 sancti
1190 1644 1410 1700 Martini
1444 1657 1741 1711 sacratam,

189 1727 458 1783 ecclesiam
488 1745 701 1800 quoque
740 1734 894 1805 juxta
940 1735 1170 1806 positam
1217 1737 1268 1790 in
1321 1737 1524 1792 honore
1569 1738 1744 1793 sancti

191 1814 398 1873 Joannis
419 1819 755 1887 dedicatam;
783 1823 934 1880 villas
958 1826 1118 1879 etiam
1144 1825 1394 1880 Covinias
1423 1843 1544 1882 cum
1569 1829 1746 1883 eccle-
1776 1799 1821 1860 Β

191 1907 294 1970 sia;
325 1908 714 1966 Solestriacum
749 1913 930 1968 villam
979 1932 1098 1971 cum
1144 1917 1405 1983 ecclesia;
1452 1918 1748 1975 Escutiolas

191 2015 300 2052 cum
331 1997 591 2067 ecclesia;
624 2003 977 2060 Galliniacum
1026 2023 1144 2061 cum
1172 2006 1436 2074 ecclesia;
1468 2009 1746 2064 Ruliacnm

193 2104 300 2143 cum
335 2092 594 2159 ecclesia;
631 2095 864 2150 .‘llasilias
895 2113 1014 2151 cum
1042 2099 1302 2164 ecclesia;
1351 2099 1745 2168 Clairmanum,

197 2180 588 2250 Barjeserenam
655 2186 866 2253 villam;
900 2188 1154 2244 Curtilias
1200 2191 1408 2256 villam;
1471 2191 1746 2248 Petronia-

195 2287 334 2337 cum;
409 2276 803 2344 Arpasiocum;
875 2280 1301 2341 Darbouiacum;
1362 2283 1746 2338 llesurniacum

194 2363 400 2420 ecclesia
459 2368 674 2422 Sancta:
713 2369 1017 2440 Columbae;
1067 2371 1392 2440 Vitrcziam;
1429 2375 1746 2446 Burgulien-

195 2470 295 2510 sem
337 2459 548 2526 villam;
596 2461 876 2516 ecclesiam
910 2460 1092 2518 Sancti
1125 2463 1430 2532 Laurentii;
1466 2467 1745 2533 Castrum;

145 2565 149 2568 ·
201 2545 538 2614 Lurdonum;
591 2550 952 2616 Dlanuscum;
1010 2554 1184 2608 villam
1234 2557 1448 2610 nomine
1498 2557 1743 2624 Cottam;

199 2641 568 2693 monasterium
605 2641 764 2695 etiam
812 2644 952 2712 quod
988 2655 1210 2699 vocatur
1239 2643 1401 2700 Catus
1425 2646 1598 2702 Locus
1624 2665 1746 2703 cum

195 2729 423 2783 omnibus
482 2733 551 2784 ad
609 2747 666 2786 se
730 2735 1154 2804 pertinentibus;
1225 2739 1505 2794 ecclesiam
1567 2741 1747 2796 Sancti

197 2814 410 2874 Victoris
453 2835 581 2876 cum
623 2823 871 2878 omnibus
915 2839 1032 2894 qua:
1075 2827 1144 2882 ibi
1177 2829 1418 2897 aspicere
1465 2830 1744 2896 videntur;

193 2908 365 2963 cellam
391 2927 607 2983 quoque
639 2914 689 2967 in
719 2915 922 2971 honore
958 2915 1142 2972 Sancti
1169 2917 1402 2974 VictOris
1426 2935 1546 2974 cum
1571 2922 1746 2976 omni-

195 2998 284 3053 bus
317 3001 428 3056 suis
457 3004 821 3073 appendiciis;
854 3006 1112 3062 ecclesias
1155 3008 1318 3062 etiam
1346 3018 1400 3064 et
1430 3020 1603 3064 terras
1631 3025 1750 3080 qua:

1846 553 2056 597 ctorum
2085 555 2384 615 martyrum
2415 545 2622 600 Cosmm
2667 554 2724 602 et
2769 547 3045 614 Damiani,
3071 556 3126 602 et
3155 560 3430 608 monaste-

1848 633 1986 686 rium
2011 633 2193 688 Sancti
2218 633 2452 688 Marcelli
2476 651 2598 689 cum
2639 635 2890 691 omnibus
2932 637 3046 692 suis
3080 640 3426 708 pertinutiis

1848 728 1900 781 in
1935 728 2188 782 suburbio
2209 728 2572 783 Cabilouensi.
2599 729 2654 783 In
2681 731 2935 785 comitatu
2967 746 3181 801 quoque
3225 734 3424 791 Ατνετο

1849 819 1998 872 nensi
2044 817 2394 873 Silviniacum
2424 819 2844 883 monasterium,
2887 821 2977 874 ubi
3009 821 3085 875 tui
3126 824 3428 890 praedeces-

1847 923 1999 964 sores
2025 919 2243 964 sanctus
2286 909 2510 963 Maioltts
2553 919 2607 964 et
2638 919 2860 964 sanctus
2885 910 3041 965 OJilo
3083 914 3428 982 requiescunt

1847 1016 1967 1056 cum
2013 1001 2263 1056 omnibus
2292 1003 2358 1055 ad
2402 1017 2522 1056 eum
2554 1001 2968 1072 pertinentibus.
2998 1001 3066 1056 Et
3091 1003 3281 1056 cellam
3305 1019 3424 1073 qua!

1847 1104 2070 1148 vocatur
2097 1095 2352 1148 Firmitas
2387 1109 2508 1148 cum
2537 1095 2789 1148 onmibus
2835 1093 2901 1147 ad
2952 1093 3201 1148 eumdem
3247 1093 3424 1148 locum

1848 1186 2261 1256 pertinentibus.
2286 1185 2486 1241 Cellam
2511 1201 2724 1256 quoque
2747 1201 2866 1255 quze
2887 1194 3110 1239 vocatur
3131 1185 3423 1252 Scuriolas.

1848 1277 2144 1332 Ecclesium
2172 1278 2334 1332 etiam
2362 1277 2413 1330 in
2441 1278 2642 1331 honore
2665 1277 2838 1332 sancti
2865 1274 3086 1346 Sulpicii
3112 1277 3344 1332 dicatam
3372 1279 3424 1332 in

1846 1368 1971 1423 villa
1999 1384 2116 1438 quae
2141 1368 2334 1422 dicitur
2354 1367 2677 1438 Langiacus.
2707 1367 2773 1421 Et
2795 1366 3041 1423 cellulam
3065 1383 3183 1437 quae
3208 1376 3430 1422 vocatur

1849 1459 1914 1513 ad
1968 1459 2195 1514 Doscum
2249 1459 2301 1513 in
2356 1460 2561 1514 honore
2610 1461 2782 1515 sancti
2829 1458 2974 1512 Petri
3028 1469 3423 1514 consecratam.

1848 1550 2067 1606 Curtem
2099 1557 2262 1604 etiam
2310 1564 2474 1620 quam
2507 1559 2699 1604 vocant
2748 1550 2802 1603 in
2829 1549 3048 1621 Frigido
3078 1548 3275 1603 Monte.
3309 1548 3426 1604 Μο-

1849 1642 2146 1697 nasterium
2173 1658 2389 1713 quoque
2421 1641 2563 1710 quod
2611 1642 2812 1695 dicitur
2850 1641 3021 1707 Rivis,
3054 1650 3427 1697 consecratum

1850 1735 1903 1789 in
1926 1735 2134 1790 honore
2159 1743 2358 1790 sanctzc
2389 1733 2481 1788 Dei
2509 1731 2833 1798 Genitricis,
2858 1748 2978 1788 cum
3001 1742 3154 1788 curte
3182 1731 3430 1803 Lipsiaco

1849 1834 1904 1880 et
1947 1840 2070 1879 cum
2118 1825 2368 1880 omnibus
2412 1825 2527 1879 suis
2571 1822 2924 1893 appendiciis.
2972 1821 3268 1878 Ecclesiam
3306 1837 3427 1893 qua:

1849 1926 2073 1971 vocatur
2093 1915 2404 1988 Marengum
2426 1933 2548 1972 cum
2573 1916 2694 1970 aliis
2718 1917 2879 1972 terris
2895 1915 3069 1970 eidem
3099 1919 3429 1972 monasterio

1848 2007 1918 2061 ab
1967 2006 2254 2078 Eustorgio
2302 2007 2639 2062 nobilissimo
2692 2006 2810 2061 viro
2869 2006 3099 2060 traditis.
3164 2004 3424 2060 tlellulam

1848 2112 2063 2168 quoque
2104 2096 2261 2167 juxta
2300 2098 2550 2168 positam,
2586 2099 2637 2151 in
2669 2097 2784 2168 ipso
2827 2097 3085 2152 comitatu
3128 2097 3321 2166 si'am,
3371 2098 3423 2150 iu

1851 2190 2058 2245 honore
2100 2199 2305 2245 sanctae
2336 2189 2429 2245 Dei
2459 2190 2750 2245 Genitricis
2780 2199 3047 2245 sacratam
3071 2230 3087 2254 ,
3114 2205 3233 2260 qua:
3266 2205 3426 2246 voca-

1851 2291 1941 2335 tur
1989 2282 2058 2337 ad
2086 2281 2344 2338 'Montes.
2377 2281 2762 2337 Monastcrium
2798 2291 2977 2337 autem
3023 2283 3428 2339 Celeinianense

1847 2385 1972 2427 cum
1996 2371 2273 2437 ecclesiis,
2307 2373 2447 2427 villis
2482 2383 2538 2428 et
2565 2374 2746 2438 terris,
2791 2371 3111 2429 Carniacum
3152 2374 3426 2440 videlicet,

1849 2462 2284 2529 Burnunculum,
2335 2465 2722 2531 Abolniacum,
2755 2465 3110 2531 Ginniacum,
3155 2467 3430 2524 Cardonc-

1853 2563 1996 2619 tum,
2047 2565 2100 2610 et
2131 2572 2251 2610 cum
2293 2556 2544 2612 omnibus
2574 2557 2818 2613 ecclesiis
2843 2567 2899 2612 ct
2934 2558 3094 2613 terris
3131 2559 3198 2614 ad
3247 2559 3422 2628 ipsum

1851 2643 2254 2699 Celeinianense
2302 2646 2687 2700 monasterium
2751 2646 3164 2716 pertinentibus.
3220 2646 3424 2703 Cellam

1851 2755 2063 2808 quoque
2100 2739 2152 2792 in
2202 2739 2318 2808 ipso
2345 2739 2604 2794 comitatu
2635 2739 2827 2803 sitam,
2861 2737 2950 2792 ubi
2983 2739 3270 2807 requiescit
3299 2754 3426 2794 san-

1851 2840 1970 2886 ctus
2010 2829 2231 2893 Florus,
2261 2846 2422 2900 quam
2457 2831 2676 2884 tradidit
2708 2831 3018 2900 supradicto
3048 2830 3166 2885 loco
3193 2830 3422 2886 Eustor-

1852 2922 1969 2991 gius
1999 2921 2261 2985 clericus,
2293 2937 2412 2976 cum
2459 2922 2710 2975 omnibus
2763 2921 2821 2976 td
2848 2937 2965 2976 eam
3008 2923 3420 2990 pertinentibus.

1852 3011 2159 3065 llansiones
2187 3026 2401 3079 quoque
2435 3010 2486 3064 in
2519 3009 2819 3064 Brivatensi
2850 3009 2968 3064 vico
2998 2994 3421 3079 pertinentesad

188 3087 326 3156 juxta
354 3092 497 3148 illam
530 3102 688 3160 sunt,
713 3111 812 3166 pro
854 3096 1048 3168 quibus
1083 3099 1206 3153 data
1240 3109 1324 3155 est
1349 3102 1619 3170 quondam
1662 3118 1750 3158 ec-
1777 3135 1822 3196 ρ
1854 3102 2218 3171 supradictum
2251 3100 2454 3166 locum;
2495 3100 2880 3154 monasterium
2908 3099 3071 3154 etiam
3100 3100 3242 3170 quod
3287 3101 3424 3155 dici-

196 3181 341 3236 clesia
373 3183 561 3239 Sancti
594 3185 868 3259 Gengulli;
896 3189 1256 3260 Eguirandam
1292 3207 1506 3262 quoque
1540 3203 1747 3248 curtcm

198 3287 305 3328 cum
335 3277 564 3332 ecclesia
593 3277 774 3335 Sancti
820 3281 1048 3337 Andrea:
1077 3285 1335 3353 apostoli,
1363 3295 1417 3340 et
1461 3301 1584 3342 cum
1632 3286 1752 3342 aliis

198 3364 420 3420 ecclesiis
441 3376 495 3421 et
524 3370 773 3425 omnibus
801 3373 911 3426 suis
935 3375 1294 3443 appendiciis;
1325 3390 1512 3430 omnes
1538 3391 1752 3448 quoque

195 3457 432 3513 ecclesias
455 3469 508 3513 et
536 3468 727 3538 terras,
752 3479 843 3517 seu
873 3465 1052 3518 omnia
1080 3481 1198 3535 qua:
1228 3469 1566 3537 supradictus
1602 3470 1752 3526 locus

196 3546 386 3601 videtur
422 3551 626 3606 habere
657 3553 708 3606 in
733 3551 844 3622 jam
875 3555 1018 3609 dicto
1065 3557 1344 3612 comitatu.
1387 3559 1442 3613 In
1491 3561 1748 3614 comitatu

196 3653 308 3692 vero
338 3641 682 3699 Cabilouensi
727 3645 915 3700 cellam
948 3647 1014 3701 de
1059 3646 1393 3705 Bellomonte
1441 3651 1492 3705 in
1543 3653 1750 3708 honore

197 3740 377 3786 sancta
415 3733 602 3788 Mariae
646 3745 1043 3805 constructam,
1091 3754 1210 3794 cum
1256 3743 1506 3798 omnibus
1534 3759 1652 3814 qua'
1685 3745 1748 3800 ad

198 3815 348 3884 ipsam
394 3824 642 3892 aspicere
689 3826 963 3893 videntur;
1013 3837 1216 3884 cortem
1278 3831 1439 3886 etiam
1494 3834 1751 3889 vocabulo

197 3903 440 3963 Juliacum
486 3927 614 3966 cum
647 3913 888 3970 ecclesiis
927 3926 982 3970 et
1013 3918 1171 3973 terris
1213 3919 1387 3976 eidem
1435 3921 1554 3978 loco
1581 3939 1751 3995 quon-

198 3994 304 4049 dam
348 3999 414 4053 ab
442 4001 700 4072 episcopo
729 4002 974 4061 Manassc
1018 4007 1227 4064 collatis
1247 4050 1261 4073 ,
1287 4018 1342 4064 et
1367 4025 1553 4067 omnes
1580 3994 1750 4069 eccle-

198 4084 296 4138 sias
316 4097 364 4140 et
391 4098 567 4144 terras
584 4131 598 4155 ,
625 4101 679 4146 et
701 4108 1032 4164 quaecunque
1060 4098 1398 4167 supradictus
1423 4099 1571 4155 locus
1597 4102 1750 4156 Vide-

199 4184 275 4230 tur
299 4180 494 4238 habere
543 4183 595 4238 in
619 4182 730 4250 jam
755 4186 898 4240 dicto
938 4189 1226 4255 comitatu;
1253 4190 1535 4246 ecclesiam
1564 4191 1748 4248 Sancti

197 4262 421 4337 Geugulll
452 4288 578 4327 cum
623 4273 735 4328 suis
780 4277 1108 4346 appendiciis
1152 4278 1237 4334 vel
1284 4280 1642 4350 pertinentiis.
1693 4282 1748 4337 ln

196 4356 488 4429 episcopatu
541 4377 670 4417 vero
719 4363 1188 4432 Augustodunensi
1248 4368 1438 4424 cellam
1493 4367 1750 4444 Ojadellis

1855 3201 1942 3246 tur
1983 3191 2137 3248 V'olta
2163 3193 2226 3249 in
2260 3192 2463 3246 honore
2510 3201 2710 3246 sancta:
2753 3190 2966 3254 crucis,
3013 3205 3425 3253 consecratum,

1852 3282 1991 3336 sicut
2035 3281 2398 3351 praedecessor
2436 3291 2556 3336 tuus
2601 3281 2756 3335 Odilo
2797 3281 2847 3334 in
2891 3281 3092 3351 praedio
3139 3290 3425 3350 parentum

1852 3387 2070 3425 suorqu
2117 3371 2420 3426 construxit
2465 3387 2586 3425 cum
2622 3372 2874 3426 oumibus
2903 3371 3016 3426 suis
3061 3371 3425 3440 pertinentiis.

1851 3461 2050 3516 Ccllam
2082 3461 2244 3514 etiam
2278 3460 2574 3515 Reiliacum
2607 3477 2727 3514 cutn
2773 3470 2925 3515 curte
2967 3467 3022 3515 et
3068 3461 3314 3517 omnibus
3356 3463 3424 3516 ad

1852 3567 1973 3605 ettm
2017 3549 2443 3620 pertinentibus;
2481 3550 2671 3605 cellam
2714 3549 2874 3604 etiam
2910 3549 2962 3604 in
2997 3550 3200 3605 honore
3224 3559 3437 3608 sancire.

1853 3638 2033 3694 Maria:
2060 3650 2458 3704 consecratam,
2482 3657 2598 3708 quue
2627 3649 2852 3695 vocatur
2874 3641 2939 3692 ad
2969 3639 3206 3695 Pentem.
3224 3640 3426 3696 Omnes

1851 3745 2066 3801 quoque
2101 3731 2358 3786 ecclesias
2388 3739 2441 3784 et
2475 3739 2677 3795 terras,
2727 3745 2818 3784 seu
2850 3744 3181 3800 quaecunque
3217 3731 3428 3785 videtur

1851 3820 2196 3891 supradictus
2229 3820 2378 3876 locus
2406 3819 2696 3875 Cluniacus
2733 3821 3008 3890 possidere
3039 3819 3092 3873 in
3130 3818 3244 3889 jam
3279 3819 3428 3876 dicto

1852 3911 2133 3966 comitatu.
2191 3910 2247 3964 ln
2301 3909 2614 3980 episcopatu
2662 3911 2826 3962 etiam
2876 3909 3192 3963 Nivernensi
3236 3906 3426 3963 cellam

1850 4016 1970 4073 qua:
1995 4001 2192 4057 dicitur
2225 4001 2407 4055 Sancti
2438 4000 2720 4054 Reveriani
2745 4015 2864 4053 cum
2894 4000 3145 4056 omnibus
3171 3999 3284 4058 suis
3302 4016 3426 4074 per-

1855 4090 2112 4146 tinentiis.
2142 4089 2438 4144 Ecclesiam
2487 4089 2650 4142 etiam
2681 4104 2800 4159 quae
2837 4089 3034 4144 dicitur
3063 4089 3426 4161 Superciaco.

1851 4197 2014 4252 quam
2045 4180 2432 4236 Frotimundus
2462 4179 2610 4236 dedit
2641 4196 2765 4235 cum
2811 4180 3062 4236 omnibus
3107 4181 3220 4236 suis
3262 4182 3431 4252 pe;ti-

1852 4273 2070 4330 nentiis.
2103 4273 2158 4329 ln
2192 4273 2503 4344 episcopatu
2548 4273 2711 4327 etiam
2749 4270 3043 4327 Vivarieusi
3093 4272 3283 4327 cellam
3331 4273 3430 4328 Mi-

1853 4382 2069 4421 zoscum
2101 4381 2221 4420 cum
2249 4364 2499 4420 omnibus
2527 4379 2647 4434 qua!
2676 4363 2749 4418 ibi
2785 4363 3074 4436 aspiciunt.
3129 4364 3331 4419 Cellam
3363 4365 3430 4419 de

201 4456 545 4505 constructam
588 4451 640 4506 in
671 4452 874 4509 honore
913 4466 1112 4513 sancta:
1156 4459 1249 4514 Dei
1289 4458 1577 4518 Genitricis
1623 4479 1743 4518 cum
1779 4471 1824 4528 υ
1851 4459 2134 4529 Rumpono
2161 4467 2372 4524 monle;
2405 4456 2594 4513 cellam
2645 4456 2710 4511 ad
2737 4456 2965 4522 FonleS;
3009 4455 3198 4512 εεηίιιη
3245 4457 3431 4512 monis

201 4539 428 4596 omnibus
470 4543 586 4598 suis
634 4546 993 4615 appendiciis;
1031 4549 1146 4605 illas
1186 4552 1350 4606 etiam
1397 4555 1652 4610 ecclesias
1700 4564 1754 4611 et

204 4634 360 4718 terras
399 4649 536 4704 quas
581 4635 882 4694 Teotardus
925 4641 1155 4697 clericus
1196 4645 1424 4700 contulit
1465 4647 1576 4718 jam
1608 4649 1753 4704 dicto

205 4714 455 4778 Cluniensi
477 4728 748 4782 coenobio.
763 4727 1153 4788 Coulirmamus
1167 4744 1346 4790 autem
1369 4746 1423 4792 et
1441 4714 1755 4795 corrobora-

205 4823 309 4864 tnus
331 4824 507 4869 nostra
531 4819 822 4886 apostolica
835 4825 1152 4880 auctoritate
1168 4825 1310 4880 illam
1326 4830 1752 4890 convenientiam

207 4914 349 4968 quam
381 4905 506 4963 fecit
535 4911 764 4966 domnus
791 4911 1082 4971 Walterius
1108 4917 1611 4990 Augustodunensis
1654 4922 1755 4978 Ec-

207 4990 366 5080 clesia:
390 4998 668 5070 episcopus
711 5002 778 5056 de
821 5007 1143 5061 monasterio
1171 5007 1312 5076 quod
1345 5008 1540 5064 dicitur
1582 5009 1757 5080 Magao

209 5075 383 5138 brense
407 5087 473 5139 ad
502 5103 649 5144 suam
677 5091 964 5149 ecclesiam
1007 5075 1314 5165 pertinente
1353 5113 1474 5152 cum
1503 5075 1755 5155 omnibus

211 5171 266 5204 Ωιι
291 5172 453 5204 :naoum
489 5181 882 5204 na_l3_-_n:l_---
915 5202 918 5203 ν
949 5184 1019 5204 ΙΙν
1039 5201 1057 5204 γ-
1098 5187 1108 5199 ι
1156 5186 1193 5203 οῖ
1221 5201 1269 5203 γη
1295 5202 1320 5203 η
1373 5202 1376 5203 ,
1637 5189 1668 5204 η

1854 4565 1976 4604 cum
2007 4549 2257 4625 omnibus
2283 4565 2402 4619 qua:
2439 4548 2642 4603 habere
2672 4547 2884 4603 videtur
2911 4547 3249 4616 supradictus
3281 4545 3432 4602 locus

1853 4641 2144 4697 Cluuiacus
2190 4641 2242 4694 in
2267 4639 2377 4709 jam
2427 4639 2570 4694 dicto
2615 4639 2949 4708 episcopatu.
3001 4637 3057 4691 ln
3106 4639 3426 4707 episc0patu

1855 4731 2095 4788 Uticensi
2121 4730 2508 4786 monasterium
2532 4730 2582 4782 in
2606 4729 2812 4783 honore
2827 4729 2997 4782 sancti
3023 4727 3166 4783 Petri
3186 4736 3237 4780 et
3255 4726 3432 4782 sam-tl
3467 4794 3489 4812 .

1856 4821 2137 4877 Saturnini
2184 4821 2456 4883 dicatum,
2509 4833 2671 4886 super
2718 4817 2888 4886 ripam
2944 4815 3188 4870 Rhodani
3235 4815 3428 4878 situm,

1855 4925 1976 4965 cum
2000 4918 2179 4965 castro
2204 4907 2506 4963 Colonellas
2527 4916 2582 4961 et
2607 4915 2758 4960 curte
2780 4904 3011 4968 Tulleta,
3033 4918 3155 4959 cum
3181 4903 3434 4960 omnibus

1855 5002 1922 5056 ad
1965 5017 2024 5056 se
2071 4998 2466 5072 pertinentibus
2512 5013 2577 5053 ex
2619 5007 2847 5065 utraque
2895 5002 3050 5066 parte
3087 4993 3342 5048 llutninis.
3376 4995 3433 5051 lu

1856 5088 2179 5145 Trecassino
2191 5088 2502 5158 episcopatu
2518 5085 2706 5142 cellam
2723 5086 2777 5140 in
2792 5087 2994 5141 honore
3010 5084 3185 5140 sancti
3201 5082 3434 5143 Amaudi

1862 5188 2220 5204 --_-.»---l----
2273 5177 2324 5202 Ι.-
2358 5176 2664 5202 Α..ξι.ι-.ρ...ο..
2701 5178 2947 5202 .-Αι-κτιιι.
2977 5177 3156 5202 ιλιι---
3189 5177 3238 5200 3-
3269 5176 3335 5200 ﬂ-
3367 5182 3429 5200 l’-
