4020 5392
1444 329 1455 339 .
1505 322 1662 356 περ...»

601 361 706 418 807

1928 359 2247 424 V'lCTORlS
2287 358 2325 421 ll
2367 354 2564 421 ΡΛΡΕ

2761 296 2880 328 κου’-’⁸.

3765 356 3860 423 808

599 481 808 528 curtem
838 468 1190 526 Valentiolam
1213 511 1227 536 ,
1273 480 1326 526 ct
1371 472 1548 527 omnia
1595 488 1716 544 qua:
1762 473 1974 529 videtur
2020 492 2181 546 supra
2213 483 2258 542 Α
2290 491 2572 542 conorutn,
2601 461 2996 547 titissarttmqtte
3025 473 3411 540 celebratione,
3435 473 3547 529 nisi
3578 475 3648 530 ab
3677 475 3857 530 abbate

601 564 776 616 dictus
804 561 954 618 locus
975 562 1266 618 Clnniacus
1292 571 1496 627 tenere,
1526 573 1580 618 et
1601 565 1744 634 quod
1777 565 1935 621 debet
1963 566 2181 632 habere,

599 653 854 709 videlicet
900 655 966 710 de
1010 654 1206 726 quibus
1239 654 1399 710 rebus
1429 655 1591 710 habet
1634 656 1980 712 donationem
2011 667 2064 712 et
2093 659 2184 713 de-

601 747 986 816 scriptionem;
1017 756 1179 816 atque
1207 747 1274 801 de
1303 746 1426 802 villa
1473 757 1528 802 et
1574 759 1757 804 castro
1787 750 2099 817 Sarrianis,
2131 761 2185 806 et

597 837 664 890 de
691 836 944 892 omnibus
991 853 1111 906 qua:
1141 837 1195 892 in
1227 839 1402 909 patria
1449 854 1568 908 quae
1613 849 1842 895 vocatur
1868 839 2179 906 Provincia,

595 927 779 982 habet.
810 927 866 982 In
895 927 1260 983 Valentinensi
1293 929 1605 999 episcopatu
1654 930 1758 984 hoc
1801 930 1941 1000 quod
1975 931 2184 985 videtur

596 1018 796 1074 habere
822 1018 1129 1075 Clnniensis
1159 1019 1310 1075 locns
1341 1020 1394 1074 in
1428 1021 1554 1074 villa
1580 1037 1699 1090 quae
1725 1021 1924 1076 dicitur
1949 1020 2106 1086 Ales,
2129 1030 2184 1076 et

596 1112 649 1166 in
678 1112 963 1169 Montesio.
998 1112 1381 1168 Monasterinm
1435 1111 1620 1168 Sancti
1652 1113 1889 1168 Marcelli
1918 1114 2058 1183 quod
2103 1114 2184 1169 di-

592 1206 735 1259 citur
770 1205 834 1259 ad
859 1205 1131 1260 Salcetnm
1165 1221 1284 1260 cum
1314 1206 1566 1260 omnibus
1592 1207 1927 1276 appendieiis
1955 1207 2034 1261 vel
2058 1221 2182 1276 pcr-

596 1299 838 1353 tinentiis
858 1299 990 1362 suis,
1015 1307 1065 1352 et
1089 1297 1266 1351 omnia
1290 1312 1410 1367 quae
1439 1298 1650 1352 videtur
1673 1298 1873 1352 habere
1894 1299 2008 1369 ipse
2029 1298 2181 1352 locus

592 1389 644 1441 in
674 1388 762 1442 illo
787 1389 1118 1458 episcopatu.
1145 1388 1198 1440 In
1229 1389 1544 1457 episcopatu
1584 1388 1876 1443 Viennensi
1908 1398 2181 1444 monaste-

591 1480 731 1534 rium
763 1481 902 1550 qnod
952 1489 1175 1533 vocatur
1205 1478 1636 1541 Taderniacnm,
1689 1496 1812 1533 cum
1876 1479 2010 1533 cella
2062 1493 2181 1548 qua:

590 1571 789 1625 dicitur
815 1570 1059 1625 Cansella
1081 1609 1096 1632 ,
1144 1578 1199 1623 et
1239 1569 1367 1622 villa
1405 1585 1526 1640 qua:
1571 1581 1800 1625 vocatur
1832 1571 2094 1635 Bracost,
2126 1576 2180 1624 et

587 1663 712 1716 villa
761 1676 880 1732 ane
921 1661 1120 1716 dicitur
1169 1660 1378 1725 Insula,
1421 1676 1541 1715 cum
1591 1661 1846 1716 omnibus
1893 1661 2174 1726 ecclesiis,

587 1751 727 1806 villis
755 1761 812 1805 ct
840 1751 999 1805 terris
1025 1766 1144 1821 quae
1172 1751 1387 1804 videtur
1413 1749 1612 1805 habere
1653 1747 1768 1820 jam
1814 1750 1991 1805 dictus
2022 1749 2174 1805 locus

2285 566 2524 633 ejusdem
2575 566 2672 622 loci
2727 568 2981 622 invitatus
3022 566 3213 632 fuerit,
3259 567 3440 621 venire
3487 565 3559 619 ad
3607 566 3852 634 agendum

2286 666 2604 727 prmsnmat;
2643 659 2735 712 sed
2763 658 2922 713 liceat
2951 659 3232 712 monachis
3255 657 3422 728 ipsius
3448 656 3559 710 loci
3585 657 3860 725 cujuscun-

2284 764 2389 819 que
2417 749 2691 806 voluerint
2715 751 3070 806 ordinationis
3092 750 3314 820 gradum
3341 749 3626 816 suscipere.
3651 747 3857 802 ubicun-

2287 854 2394 909 quc
2441 840 2534 894 libi
2581 840 2792 910 tuisque
2837 839 3242 894 successoribus
3283 836 3572 908 placuerit.
3637 834 3856 890 Abbates

2288 945 2520 1000 namque
2542 929 2632 998 qui
2656 930 3007 984 consecrandi
3031 938 3190 984 ernnt
3211 929 3276 983 de
3299 930 3412 998 ipsa
3441 927 3856 996 congregatione

2283 1034 2406 1074 cum
2452 1019 2682 1074 consilio
2727 1019 2954 1073 fratrum
3003 1018 3360 1073 communiter
3387 1013 3686 1086 eligantur,
3723 1013 3854 1069 etad

2283 1124 2380 1164 eos
2406 1111 2809 1164 consecrandos
2842 1123 3217 1179 quemcunque
3249 1107 3522 1161 voluerint
3556 1105 3851 1175 episcopum

2284 1202 2566 1257 advocent.
2599 1203 2958 1272 Quascnuque
3004 1216 3132 1256 vero
3183 1212 3354 1256 terras
3386 1214 3537 1253 nunc
3591 1207 3773 1260 tenes,
3806 1204 3852 1249 et
3909 1208 3912 1212 '

2282 1309 2418 1363 quas
2452 1304 2505 1348 tn
2556 1294 2738 1363 tuique
2779 1308 3121 1348 successores
3158 1290 3440 1361 acquirere
3469 1288 3779 1358 potueritis,
3806 1286 3848 1338 in

2281 1401 2597 1462 perpetuum
2645 1376 2998 1461 possidendas
3024 1387 3370 1443 concedimus
3418 1384 3601 1438 vobis.
3648 1382 3703 1438 Si
3746 1382 3850 1451 quis

2281 1493 2460 1536 autem
2491 1481 2782 1535 temerario
2825 1495 2958 1533 ausu
2991 1478 3156 1548 (quod
3208 1476 3321 1530 licri
3370 1491 3480 1528 non
3536 1471 3847 1541 credimus),

2281 1583 2467 1628 contra
2493 1571 2650 1640 hujus
2674 1579 2871 1625 nostrm
2894 1568 3200 1638 apostolica:
3215 1563 3653 1621 conﬁrmationis
3673 1562 3845 1617 seriem

2281 1667 2464 1722 venire
2506 1675 2598 1720 ant
2627 1679 2787 1735 agere
2821 1661 3145 1726 teutaverit,
3193 1661 3330 1715 sciat
3359 1675 3417 1714 se
3455 1652 3846 1712 domini'nostri

2279 1757 2644 1828 apostolorum
2673 1753 2932 1825 principis
2961 1751 3101 1806 Petri
3131 1749 3492 1804 anathematis
3538 1744 3753 1800 vinculo
3775 1745 3846 1799 ino'

589 1842 642 1895 in
674 1841 952 1896 nominato
975 1842 1311 1912 episcopatu.
1356 1840 1412 1894 ln
1456 1841 1774 1911 episcopatu
1825 1841 2166 1913 Lngdunensi
2199 1824 2244 1884 Β
2275 1824 2554 1912 nodatum,
2588 1856 2640 1902 et
2668 1824 2789 1901 cum
2819 1842 3034 1900 diabolo
3059 1843 3282 1913 ejusque
3322 1837 3690 1894 atrocissitnis
3713 1849 3846 1904 pom-

585 1933 775 1987 cellam
808 1935 978 1988 beata:
1010 1932 1188 1986 Mariae
1218 1949 1337 2003 qua:
1374 1933 1572 1987 dicitur
1615 1932 1914 1987 Taluzatis.
1960 1932 2167 1987 Cellam

585 2024 893 2088 Poliacnm,
923 2034 976 2078 ct
1002 2024 1247 2079 cellulam
1278 2023 1692 2088 Arthedunnm;
1735 2023 1922 2079 cellam
1955 2036 2169 2092 quoque

584 2116 996 2170 Anthertensem
1049 2131 1171 2169 cum
1220 2114 1496 2181 ecclesiis,
1553 2115 1724 2179 villis,
1775 2123 1831 2169 et
1883 2115 2044 2170 terris
2100 2113 2167 2167 ad

585 2208 756 2276 ipsam
790 2207 1202 2276 pertinentibus.
1227 2205 1429 2260 Cellatn
1459 2221 1673 2277 quoque
1703 2205 2055 2260 Saviniacum
2075 2246 2088 2268 ,
2113 2213 2167 2260 et

582 2309 790 2352 curtem
819 2297 1220 2362 Ambariacum,
1249 2308 1304 2352 et
1332 2297 1621 2352 ecclesiam
1666 2297 1851 2352 Sancti
1876 2297 2162 2363 Andreoli,

581 2397 638 2443 et
664 2389 952 2444 ecclesiam
984 2405 1104 2460 qute
1136 2398 1364 2444 vocatur
1406 2389 1820 2456 Adoratorium;
1861 2398 2067 2443 curtem
2099 2389 2165 2442 de

583 2481 863 2544 Romanis,
882 2479 1070 2535 cellam
1095 2479 1479 2546 Cavariacum;
1505 2480 1752 2535 cellulam
1781 2479 2158 2545 Lttviniacnm;

579 2573 763 2628 villam
796 2571 1140 2627 Tusciacnm.
1187 2571 1390 2628 Omnes
1429 2588 1646 2643 quoque
1688 2559 1981 2636 ecclesias,
2011 2570 2163 2626 villas

581 2673 638 2718 et
671 2672 844 2718 terras
869 2677 992 2734 qum
1021 2663 1352 2718 Wichardns
1402 2665 1640 2719 moriens
1674 2664 1848 2718 eidem
1897 2663 2012 2718 loco
2039 2661 2164 2717 Cln-
2211 2707 2219 2716 .

581 2755 755 2810 niensi
785 2755 1035 2819 contulit,
1063 2771 1184 2809 cmn
1215 2757 1464 2810 onmilnts
1510 2772 1628 2825 quae
1677 2755 1889 2810 videtur
1927 2752 2160 2827 [tenere]

580 2847 921 2915 supradictus
955 2848 1103 2901 locus
1135 2847 1185 2899 in
1213 2844 1325 2913 jam
1361 2847 1505 2902 dicto
1528 2847 1858 2918 episcopatu.
1893 2845 2164 2900 Monaste-

581 2937 721 3006 rium
746 2950 872 2990 vero
899 2935 1273 2991 Peterniacum
1307 2937 1372 2990 ah
1405 2936 1658 2991 Adelcide
1682 2935 2025 3006 imperatrice
2053 2934 2163 2988 Au-

582 3037 740 3097 gusta
772 3036 1162 3093 constructum,
1196 3037 1251 3082 et
1289 3042 1318 3081 a
1361 3027 1610 3082 Conrado
1660 3042 1812 3096 rege,
1843 3037 1895 3082 et
1925 3026 2035 3080 ﬁlio
2061 3039 2160 3079 suo

581 3116 868 3185 llodulpho
919 3133 1043 3188 rege
1071 3118 1244 3172 eidem
1285 3117 1561 3173 Cluniensi
1590 3119 1870 3184 ccenobio,
1903 3132 1997 3188 per
2023 3132 2160 3188 prm-

578 3217 733 3277 cepta
763 3207 956 3278 regalia
991 3209 1282 3272 traditum,
1330 3226 1452 3264 cum
1489 3211 1741 3265 omnibus
1785 3225 1904 3279 qua:
1947 3211 2160 3264 videtur

583 3298 783 3353 habere
831 3299 884 3352 in
935 3299 1272 3369 Burgundia,
1319 3309 1376 3354 et
1422 3317 1543 3356 eum
1590 3301 1840 3355 omnibus
1889 3317 2010 3371 qua:
2061 3301 2162 3371 ipsi

583 3389 915 3442 monasterio
945 3388 996 3441 in
1023 3389 1228 3443 Alsatia
1263 3391 1527 3444 dederunt
1551 3391 1906 3461 imperatores
1934 3391 2161 3461 Augusti

582 3479 832 3533 Ottones.
885 3478 1268 3533 Monasterinm
1300 3481 1442 3549 quod
1487 3481 1680 3534 dicitur
1711 3481 2010 3534 Ronnanunt
2039 3497 2161 3536 cum

582 3570 836 3624 omnibus
880 3571 946 3622 ad
999 3586 1058 3624 se
1102 3571 1496 3639 pertinentibus
1533 3571 1648 3639 jam
1700 3572 1841 3627 dicto
1887 3572 2160 3627 Cluniensi

587 3661 858 3728 cmuobio,
889 3670 943 3715 et
970 3663 1064 3716 tibi
1096 3662 1308 3730 tuisque
1355 3663 1757 3718 successoribus
1798 3664 1998 3718 habere
2027 3679 2162 3718 con-

582 3755 827 3808 cedinuts
867 3754 920 3808 in
971 3763 1314 3825 perpetuum.
1341 3753 1735 3809 Contirmamus
1765 3763 1820 3808 et
1845 3755 2162 3808 corrobora~

582 3862 703 3900 tnns
729 3846 887 3899 etiattt
923 3854 1105 3899 nostra
1137 3845 1433 3912 apostolica
1465 3844 1787 3898 auctoritate
1843 3844 1988 3899 illaut
2033 3859 2165 3899 con-

580 3939 912 3994 venientium
959 3955 1121 4010 quam
1160 3940 1290 3994 fecit
1335 3939 1564 3993 domnus
1632 3937 1782 4009 llngo
1833 3936 2164 3993 Geneveusis

583 4031 834 4088 Ecclesia:
847 4033 1153 4104 episcOpus,
1171 4032 1870 4087 landanteeteonscntiente
1884 4030 2164 4101 Rodulpho

583 4139 708 4194 rege
749 4133 804 4178 et
846 4125 1064 4178 domina
1126 4123 1379 4178 Adeleitle
1426 4123 1767 4193 imperatrice
1819 4123 1887 4176 de
1932 4121 2162 4176 ecclesia

584 4213 772 4266 Sancti
805 4211 1035 4267 Victoris
1082 4214 1365 4282 martyris,
1410 4229 1532 4266 cum
1575 4213 1826 4265 omnibus
1869 4211 1934 4265 ad
1992 4212 2161 4279 ipsam

587 4302 1002 4369 pertinentibus.
1039 4301 1163 4356 ll;ec
1201 4303 1380 4356 omnia
1413 4311 1571 4372 supra
1604 4303 1806 4372 scripta
1835 4303 1949 4355 loca
1975 4312 2027 4355 et
2051 4317 2165 4356 mo-

587 4392 820 4445 nastcria
846 4407 968 4445 cum
997 4392 1179 4453 cellis,
1225 4393 1509 4457 ecclesiis,
1543 4395 1816 4458 curtibns,
1857 4393 2028 4456 villis,
2065 4393 2162 4446 vil-

2271 1939 2354 2008 pis
2377 1977 2392 2003 ,
2419 1949 2582 2007 atque
2613 1951 2734 1990 cum
2765 1933 2903 1988 Juda
2937 1932 3202 1987 traditore
3235 1927 3450 1984 Domini
3476 1937 3534 1981 et
3566 1923 3840 1980 Salvatoris

2269 2029 2438 2084 nostri
2457 2027 2582 2082 Jcsu
2596 2025 2798 2082 Christi
2822 2025 2873 2079 in
2890 2031 3150 2078 aeternum
3175 2022 3351 2091 ignem
3369 2015 3836 2076 concremandum,

2269 2119 2534 2188 simulque
2550 2119 2601 2170 in
2619 2115 2924 2187 voraginem
2946 2121 3346 2180 tartarenmque
3361 2110 3532 2162 chaos
3549 2107 3834 2160 demersum

2267 2229 2388 2268 cum
2423 2202 2598 2282 impiis
2621 2208 3004 2263 deﬁciendum.
3037 2205 3138 2272 Qui
3173 2219 3302 2258 vero
3343 2211 3540 2256 custos
3572 2208 3627 2254 et
3673 2199 3839 2252 obser-

2267 2315 2426 2357 vator
2453 2297 2611 2370 hujits
2635 2299 2803 2354 nostri
2834 2296 3098 2368 privilegii
3129 2294 3422 2358 exstiterit,
3452 2288 3836 2359 benedictionis

2267 2395 2494 2466 gratiam
2542 2402 2596 2447 et
2629 2392 2798 2446 vitam
2844 2398 3101 2444 :cternam
3132 2403 3162 2442 a
3191 2386 3418 2440 Domino
3461 2388 3830 2452 consequatur.

2265 2489 2410 2544 Bene
2436 2485 2627 2540 valete.
2907 2559 2912 2562 ξ

2338 2581 2529 2634 Datum
2583 2593 2641 2630 ιιι
2689 2574 2813 2630 ldus
2857 2561 3046 2626 Jnnias
3095 2586 3192 2642 per
3254 2583 3445 2622 manus
3501 2561 3827 2620 llildebrandi

2264 2667 2558 2726 cardinalis
2622 2665 2935 2721 subdiaconi
3013 2671 3212 2716 sanctae
3287 2657 3603 2728 apostolica:
3675 2653 3823 2713 sedis,

2264 2774 2406 2812 anno
2431 2760 2604 2829 primo
2633 2757 2814 2810 domui
2847 2753 3078 2810 Victoris
3104 2751 3320 2807 secundi
3351 2764 3528 2820 papae,
3561 2744 3825 2802 indictione

2264 2863 2424 2903 nona.

3017 2931 3082 2988 ll.

2325 3027 2507 3083 Victor
2534 3026 2598 3082 11
2626 3027 2902 3081 canonicos
2935 3020 3299 3078 Ferrarirnses
3329 3018 3556 3073 tuendos
3584 3013 3781 3084 suscipit

2663 3112 2946 3165 eorumque
2978 3095 3112 3147 bona
3142 3093 3440 3160 conﬁrmat.

2841 3204 3034 3277 (Anno
3079 3199 3270 3270 loss.)

2554 3299 2815 3374 [UanLu
2836 3337 2851 3362 ,
2883 3295 3044 3349 Italia
3073 3309 3257 3356 sacra,
3290 3289 3362 3356 ll,
3393 3289 3552 3364 553.]

2337 3403 2544 3459 Vtcros
2569 3402 2882 3470 episcopus,
2907 3411 3095 3451 servus
3122 3408 3397 3448 servorum
3430 3390 3560 3455 Dei,
3586 3390 3815 3444 Οειιλωιο

2267 3494 2761 3564 archipresbytero,
2791 3498 2841 3542 et
2870 3487 3032 3541 LEU‘NI
3064 3484 3481 3543 archidiacono,
3514 3480 3814 3550 reliquisque

2265 3585 2539 3642 canonicis
2564 3582 2618 3637 S.
2646 3578 3008 3636 Ferrariensis
3039 3575 3291 3631 Ecclesiae
3317 3574 3539 3643 suisque
3566 3583 3814 3624 successo-

2266 3677 2414 3730 ribus
2437 3715 2452 3739 ,
2484 3675 2537 3729 in
2566 3681 2899 3744 perpetuum.

2337 3764 2392 3817 Si
2435 3743 2597 3830 justis
2641 3775 2918 3814 servorum
2969 3757 3065 3810 Dei
3111 3753 3464 3825 petitionibus
3517 3743 3813 3804 satisfeceri-

2266 3871 2417 3916 mns.
2469 3853 2845 3924 proculdubio
2893 3849 3188 3920 apostolica
3218 3853 3484 3918 praecepta
3537 3849 3806 3897 servamus.

2266 3945 2604 4015 Quapropter
2644 3941 2886 3996 inclinati
2929 3940 3177 4010 precibus
3214 3935 3447 3997 vestris,
3501 3933 3590 3986 tilii
3629 3925 3810 3984 charis-

2266 4043 2428 4105 simi,
2459 4039 2843 4094 conﬁrmamus
2883 4045 2938 4090 at
2963 4050 3046 4102 ,ue
3084 4031 3501 4086 correhoramus
3530 4025 3702 4085 vobis,
3732 4035 3808 4075 vc-

2266 4134 2505 4200 strisque
2544 4129 2953 4183 successoribus
2986 4123 3292 4184 canonicis,
3324 4118 3583 4190 quidquid
3614 4129 3700 4186 per
3725 4125 3804 4181 pa-

2266 4225 2446 4294 ginam
2485 4220 2852 4276 concessionis
2895 4226 2948 4271 et
2987 4214 3416 4269 conﬁrmationis
3456 4210 3600 4277 jnste
3642 4204 3803 4294 acqui-

2266 4292 2444 4374 sistis,
2487 4310 2565 4364 vel
2608 4307 2926 4378 acquisituri
2964 4305 3134 4365 estis,
3166 4312 3223 4356 ut
3254 4301 3422 4372 quieti
3461 4311 3516 4354 et
3551 4295 3713 4354 securi
3747 4292 3803 4344 ab

2265 4403 2409 4457 omni
2445 4402 2664 4456 lzesione
2704 4411 3020 4470 permanere
3061 4394 3282 4448 valeatis
3346 4391 3616 4446 Desiderio
3647 4388 3801 4454 itaque

587 4481 732 4541 lnlis,
765 4481 937 4536 servis
967 4491 1022 4535 et
1045 4482 1275 4545 ancillis,
1306 4483 1476 4546 silvis,
1501 4485 1690 4546 vineis,
1718 4485 1941 4554 campis,
1970 4486 2158 4554 pratis,
2189 4497 2239 4555 ι)
2265 4508 2328 4546 ac
2379 4490 2624 4562 petitioni
2675 4500 2902 4553 vestr-.13,
2953 4495 3010 4539 ttt
3061 4485 3325 4546 diximus,
3381 4481 3647 4542 inclinati,
3694 4488 3795 4532 vos.

586 4574 767 4643 aquis.
787 4588 1116 4642 aquarumve
1147 4575 1482 4639 decursibus,
1515 4585 1570 4630 et
1593 4578 1841 4631 omnibus
1865 4579 2024 4631 terris
2046 4579 2160 4632 cnl-

588 4661 657 4716 tis
677 4672 730 4716 et
752 4662 966 4717 incultis
984 4663 1049 4715 ad
1079 4664 1413 4732 supradictas
1431 4673 1724 4734 potestates
1741 4666 2158 4735 pertinentibus,

553 4755 687 4823 .ipsi
722 4752 838 4808 loco
865 4754 1158 4818 Cluniensi,
1193 4756 1394 4826 tihique
1421 4767 1474 4811 et
1498 4758 1603 4811 tuis
1643 4760 2041 4812 successoribus
2067 4775 2163 4827 per

587 4843 745 4911 hujus
769 4844 938 4898 nostri
966 4843 1228 4915 privilegii
1250 4845 1625 4899 auctoritatem
1657 4847 1884 4900 tenenda
1911 4857 1962 4902 et
1990 4849 2172 4917 possi-'

588 4936 758 4989 deuda
777 4935 1118 4990 concedimus
1142 4937 1192 4989 in
1213 4945 1559 5005 perpetuum:
1579 4938 1648 4990 ita
1669 4937 2058 5004 utaullnsdux,
2075 4931 2174 4992 ne?

587 5039 692 5056 θιιιι
713 5028 993 5056 ηηῖηηιιῆιισ
1035 5043 1206 5058 εἴη’-..Λ
1227 5028 1417 5058 σιΙίιιιοῖο
1445 5028 1688 5060 ηυδε-ιηιὶοιο
1727 5044 1897 5060 ,ιΛηιιΛ
1915 5030 2158 5062 ηιιηλΙῖΙιηΙ

2264 4591 2578 4652 vestrasque
2605 4593 2941 4635 successores
2968 4578 3068 4631 suh
3098 4585 3291 4628 nostra:
3315 4584 3486 4643 apost.
3509 4566 3798 4627 defensionis

2267 4671 2564 4724 munimine
2611 4668 2966 4737 snsc'pimns,
3006 4677 3059 4720 et
3098 4664 3235 4718 bona
3277 4665 3484 4725 omnia,
3523 4675 3635 4731 qua:
3672 4655 3793 4724 juste

2266 4763 2458 4826 habet,
2510 4760 2595 4816 vel
2647 4760 2894 4814 habitura
2949 4767 3033 4812 est
3084 4759 3197 4826 ipsa
3245 4755 3541 4817 canonica,
3579 4748 3792 4805 videlicet

2263 4851 2481 4914 villam,
2511 4865 2630 4920 qua:
2669 4845 2866 4902 dicitur
2905 4845 3263 4912 Qnartisana,
3294 4854 3348 4898 et
3387 4844 3598 4898 fundum
3633 4846 3791 4893 contra

2264 4941 2466 4995 Padum
2489 4981 2503 5002 ,
2535 4948 2590 4993 et
2621 4937 2796 4992 locum
2825 4937 3008 4989 Cncnli
3027 4977 3041 5001 ,
3071 4947 3124 4991 et
3153 4946 3313 5003 caput
3355 4937 3541 4997 lledzn,
3570 4926 3788 4986 Baniolo,

2263 5039 2310 5062 nl
2365 5029 2742 5062 Wnrlinlinnnl
2829 5037 2877 5062 nl
2937 5025 3155 5062 fundum
3209 5024 3448 5062 θῆραι-ΗΛ
3533 5032 3580 5062 ΔΙ
3626 5025 3791 5062 ('2'!an
