4020 5392
299 403 400 457 8υ9

1238 396 1592 452 EPISTOLJi
1638 395 1721 451 ΕΤ
1763 395 2149 451 DiPl.0}l.\T.\
2196 397 2600 457 PONTIFICIA.

3445 399 3548 452 820

299 512 564 577 reditate,
593 509 677 565 vel
709 507 844 564 alias
873 506 1196 576 acquisitutn
1228 519 1322 576 per
1353 507 1527 576 aliqua
1561 507 1872 560 chartarum
1904 517 1946 570 Α
1977 517 2060 560 est
2086 507 2324 573 domum,
2364 509 2518 578 juxta
2549 511 2794 565 eamdem
2831 509 3115 564 ecclesiam
3146 509 3328 575 sitam,
3365 525 3554 581 pcrpe.

299 601 644 665 munimina,
669 599 823 668 juxta
854 613 974 651 eam
1004 596 1166 650 etiam
1199 595 1450 650 videlicet
1480 605 1779 659 rationem,
1814 604 1872 648 ut

298 695 479 750 nullus
516 690 770 761 injuriam
813 688 1172 745 residentibus
1214 702 1376 756 super
1417 699 1590 741 terras
1634 689 1870 756 ipsorum

295 788 680 844 canonicorum
703 825 718 848 ,
749 782 958 839 colonis
979 822 993 847 ,
1023 779 1316 835 colonabus
1344 778 1521 833 facere
1549 787 1870 849 paaasumat,

298 899 397 938 nec
452 882 600 954 ipsos
646 880 759 948 jam
813 877 987 933 dictos
1039 874 1391 946 distringere,
1446 882 1540 926 aut
1583 874 1872 928 molestare

299 975 497 1030 amicat
540 973 606 1028 de
651 969 863 1027 cunctis
913 965 1258 1023 facultatibus
1299 978 1484 1018 eorum
1528 963 1645 1018 sine
1683 963 1874 1017 volun-

297 1076 409 1121 tate
433 1076 488 1122 et
531 1081 794 1121 consensu
819 1064 985 1133 ipsius
1004 1060 1246 1116 ecclesiae
1288 1056 1561 1130 prmsulis,
1607 1063 1870 1126 prmeepta

295 1156 727 1212 cooﬁrmationis
756 1155 1114 1209 corroborare
1141 1151 1510 1221 dignarentur.
1544 1156 1596 1202 et
1637 1148 1737 1200 sub
1778 1162 1874 1199 no-

297 1259 412 1304 stra
460 1244 776 1300 defensione
818 1243 1099 1297 duodecim
1143 1241 1391 1294 homines
1435 1239 1605 1308 ipsius
1637 1238 1872 1292 civitatis

297 1336 666 1406 recipereuius
686 1375 702 1399 ,
731 1333 823 1404 qui
854 1349 946 1387 eos
977 1331 1191 1401 navigio
1222 1331 1517 1394 ducerent,
1548 1343 1872 1398 quocunque

296 1440 433 1479 usus
462 1440 654 1478 eorum
695 1421 1080 1478 eanonicornm
1129 1421 1320 1484 fuerit,
1352 1421 1468 1474 sine
1497 1421 1644 1474 onmi
1675 1421 1868 1490 pretio.

294 1515 540 1581 Quorum
570 1513 744 1584 dignis
770 1511 1223 1582 postulationibus
1249 1512 1686 1575 consentientes,
1713 1518 1871 1581 prout

295 1605 444 1673 juste
481 1614 539 1660 et
572 1604 836 1675 legaliter-
871 1617 1188 1673 possumus,
1224 1605 1641 1667 conlirmamus,
1672 1612 1724 1657 et
1751 1617 1871 1657 cor-

295 1698 619 1752 roboramus
665 1697 780 1751 btet:
831 1697 1044 1760 omina,
1101 1709 1222 1764 qua:
1275 1709 1434 1766 supra
1489 1695 1758 1765 leguntur,
1812 1702 1872 1747 ut

296 1790 479 1858 quiete
531 1798 588 1842 et
649 1789 874 1857 pacilice
943 1796 1128 1841 tenere
1193 1801 1256 1840 ac
1316 1786 1593 1856 possidere
1657 1785 1869 1840 valeant

1975 600 2189 653 tualiter
2215 600 2339 670 jure
2385 602 2668 665 canonico,
2712 599 2986 671 antiquam
3032 602 3189 657 aliam
3231 619 3549 674 pauperum,

1973 694 2198 750 alteram
2259 695 2478 749 donnnn
2540 694 2788 765 hospitii,
2821 694 3104 749 ecclesiam
3172 710 3302 752 vero
3372 699 3544 751 sancti

1969 788 2192 842 Joannis
2249 788 2526 857 Baptistae,
2581 786 2734 852 juxta
2799 790 3018 842 domum
3080 787 3315 857 episcopi
3383 789 3549 843 vestri

1973 876 2195 941 dmnini,
2227 878 2610 932 declinationes
2642 892 2854 946 quoque
2881 887 3106 934 cunctas
3134 879 3303 950 plebis
3338 880 3550 936 Sancta

1975 969 2174 1035 Mariae,
2203 983 2323 1040 qua:
2346 969 2543 1024 dicitur
2571 971 2623 1024 in
2653 968 2846 1037 Baida,
2874 970 3014 1026 sicut
3048 988 3076 1027 a
3106 975 3364 1043 prtedicto
3382 977 3544 1032 Adcl-

1973 1059 2124 1114 lredo
2172 1059 2326 1114 vobis
2382 1061 2603 1116 concedi
2669 1061 2945 1126 videntur,
2986 1064 3273 1119 ecclesiam
3335 1081 3547 1137 quoque

1973 1151 2187 1206 Sancta:
2229 1150 2411 1206 Mariae
2438 1166 2560 1222 qua:
2587 1160 2812 1206 vocatur
2850 1153 2903 1208 in
2937 1152 3115 1209 Monte
3149 1155 3383 1221 Palensi,
3421 1175 3544 1213 cum

1971 1243 2329 1300 oblationibus
2353 1255 2405 1300 et
2427 1245 2675 1299 omnibus
2699 1247 2808 1301 suis
2823 1247 3185 1316 pertinentiis,
3207 1252 3546 1308 medietatem

1971 1335 2209 1389 omnium
2249 1335 2581 1390 decimarum
2613 1334 2777 1390 totius
2805 1336 2976 1399 plebis
3007 1337 3190 1394 Sancti
3220 1338 3386 1407 Petri,
3426 1359 3545 1413 qum

1973 1435 2194 1478 vocatur
2224 1423 2673 1488 lnbarbarorum;
2705 1434 2758 1480 et
2787 1437 2981 1482 cuncta
3017 1429 3212 1484 oliveta
3239 1431 3547 1488 Bononien-

1972 1518 2045 1573 sis
2076 1520 2336 1584 ecclcsite,
2367 1537 2486 1590 qua:
2514 1531 2638 1575 sunt
2670 1522 2721 1575 in
2751 1523 3020 1576 territorio
3050 1523 3261 1578 Gardte.

2040 1611 2260 1681 ltistiper
2285 1629 2497 1680 quoque
2527 1612 2788 1682 quidquid
2819 1613 2883 1668 de
2905 1612 3030 1682 jure
3058 1613 3296 1684 ejusdem
3343 1627 3543 1670 sancta:

1970 1700 2324 1758 Bononiensis
2377 1703 2619 1758 ecclesia:
2669 1719 2811 1760 nunc
2865 1706 3074 1761 habetis
3120 1707 3203 1760 vel
3249 1707 3396 1772 juste
3450 1723 3546 1760 vos

1973 1794 2253 1862 acquirere
2299 1807 2392 1846 seu
2421 1793 2584 1846 vestri
2634 1808 2975 1849 successores
3011 1796 3323 1865 potueritis;
3373 1803 3544 1851 totum

291 1896 414 1948 qua!
472 1891 636 1948 supra
689 1878 970 1948 leguntur,
1022 1877 1264 1931 ornnium
1321 1878 1596 1932 hominum
1653 1888 1870 1932 contra-
1901 1851 1944 1909 Β
1973 1883 2135 1936 etiam
2165 1882 2549 1937 dominicatum
2589 1882 2828 1950 ejusdem
2861 1885 3156 1950 canonieaa,
3177 1885 3290 1941 sive
3326 1897 3550 1941 cunctas

291 1971 529 2024 dictione
576 1977 802 2024 remota.
853 1967 1232 2036 Prreeipientes
1301 1967 1468 2037 igitur
1506 1967 1760 2036 jubemus
1811 1973 1870 2020 ut

293 2061 474 2115 nullus
521 2056 664 2124 dux,
711 2059 987 2123 marchio,
1033 2057 1504 2128 archiepiscopus,
1550 2059 1869 2129 episcopus,

292 2169 479 2207 comes
528 2160 582 2204 et
621 2151 954 2214 vicecomes,
997 2150 1248 2220 nullaque
1311 2165 1540 2220 magna,
1583 2151 1665 2205 vel
1705 2165 1868 2220 parva

292 2259 547 2313 persona,
583 2252 647 2298 de
693 2243 904 2298 cunctis
952 2244 1356 2312 prtenmninatis
1408 2244 1594 2309 rebus,
1647 2252 1756 2298 tam
1803 2243 1870 2296 de

292 2337 684 2392 ecclesiasticis
715 2353 876 2407 quam
907 2338 974 2394 de
1003 2337 1144 2404 suis,
1191 2354 1286 2394 eos
1330 2338 1606 2402 molestet,
1654 2340 1768 2394 sive
1815 2340 1868 2393 in

291 2430 492 2498 placito
519 2444 613 2484 eos
638 2430 956 2496 conturbet,
990 2431 1068 2484 vel
1099 2431 1317 2485 colonos
1339 2473 1353 2493 ,
1399 2431 1481 2483 vel
1527 2431 1747 2486 colonas
1791 2433 1872 2486 di-

290 2532 561 2594 stringere
581 2564 595 2586 ,
624 2538 717 2577 seu
745 2523 980 2592 aliquam
1011 2523 1277 2592 publicam
1308 2522 1637 2578 fuitetionem
1662 2527 1872 2580 solvere

291 2624 470 2683 cogat.
506 2611 659 2680 Quod
689 2613 780 2683 qui
817 2615 1108 2667 temerario
1137 2630 1270 2668 ausu
1313 2614 1540 2679 fecerit,
1583 2617 1684 2671 nisi
1731 2617 1870 2671 infra

290 2705 653 2773 quadraginta
697 2704 906 2758 dierum
951 2704 1180 2774 spatium
1225 2705 1620 2768 emendaverit,
1650 2707 1872 2760 anathe-

295 2798 458 2851 matis
487 2795 702 2851 vinculo
729 2795 1016 2865 obligetur,
1061 2805 1115 2850 et
1141 2797 1176 2848 ‘a
1223 2795 1500 2849 liminibus
1532 2796 1588 2849 S.
1623 2795 1872 2849 Ecclesiae

295 2887 564 2940 alienetur
593 2900 764 2955 usque
791 2886 858 2938 ad
888 2884 1103 2955 dignam
1136 2883 1582 2939 satisfactionem.
1613 2883 1713 2949 Qtll
1744 2897 1871 2938 vero

289 2989 479 3034 custos
513 2977 671 3046 hujus
715 2988 910 3032 nostra:
951 2978 1249 3033 sanctionis
1287 2977 1598 3043 exstiterit,
1641 2977 1868 3031 benedi—

291 3071 531 3125 ctionem
578 3078 633 3123 et
677 3068 902 3140 gratiam
944 3068 1328 3136 omnipotentis
1372 3067 1494 3132 Dei,
1525 3076 1580 3121 et
1623 3067 1684 3121 Β.
1726 3065 1872 3121 Petri

1973 1988 2058 2028 res
2083 1973 2307 2028 mobiles
2331 1982 2384 2028 et
2411 1973 2712 2028 immobiles
2736 1989 2857 2044 qute
2885 1975 2986 2030 diei
3017 1985 3071 2030 et
3111 1977 3377 2031 nominari
3405 1976 3550 2046 juste

1970 2074 2213 2135 possunt,
2237 2081 2298 2119 ea
2321 2066 2485 2120 etiam
2513 2065 2762 2121 videlicet
2788 2068 2996 2122 ratione
3019 2076 3074 2120 ut
3098 2068 3276 2123 nullus
3299 2068 3548 2136 injuriam

1973 2156 2331 2210 residentibus
2383 2172 2547 2226 super
2610 2167 2811 2212 terram
2868 2159 3104 2228 ipsorum
3161 2160 3548 2214 eanonicorutn

1969 2247 2176 2301 colonis
2235 2247 2640 2317 colonabusque
2688 2247 2867 2303 facere
2914 2259 3226 2319 praesumat,
3255 2266 3354 2304 nec
3405 2250 3550 2320 ipsos

1971 2338 2296 2408 distringere
2334 2347 2425 2391 aut
2457 2337 2744 2393 molestare
2769 2339 2968 2392 audeat
3004 2340 3069 2394 de
3108 2341 3318 2394 eunetis
3358 2356 3548 2394 eorum

1972 2428 2354 2492 facultatibus,
2420 2437 2689 2498 praecepto
2751 2429 3183 2483 continuationis
3240 2430 3550 2500 apostolica:

1971 2517 2113 2573 sedis
2157 2519 2382 2572 tuitioue
2419 2519 2836 2574 corroborantes
2881 2518 3158 2575 ﬁrmamus
3205 2520 3318 2575 hazc
3367 2522 3547 2576 omnia

1970 2627 2089 2681 qua:
2115 2627 2278 2681 supra
2309 2611 2580 2681 leguntur,
2627 2619 2686 2664 ut
2728 2611 2908 2680 quiete
2936 2620 2985 2666 et
3019 2611 3240 2680 pacifice
3273 2622 3457 2667 tenere
3491 2624 3549 2668 et

1971 2703 2266 2774 possidere,
2295 2702 2534 2756 oamium
2560 2701 2833 2755 hominum
2864 2702 3295 2757 contradictione
3318 2712 3550 2766 remota,

1971 2794 2183 2848 valeant
2235 2793 2600 2864 prmeipimus.
2653 2792 2914 2862 Optantes
2967 2793 3129 2863 igitur
3183 2791 3438 2862 jubemus
3493 2804 3555 2846 ut

1973 2883 2150 2938 nullus
2205 2884 2333 2946 dux,
2392 2881 2652 2945 marehio,
2708 2881 3172 2951 archiepiscopus,
3230 2885 3548 2952 cpiscopus,

1972 2989 2177 3036 comes,
2197 2972 2516 3036 vicecomes,
2543 2971 2792 3041 nullaque
2809 2987 3001 3042 magna
3017 2971 3095 3026 vel
3109 2988 3273 3042 parva
3298 2988 3546 3042 persona,

1971 3066 2038 3121 de
2061 3065 2272 3121 cunctis
2295 3064 2706 3135 prmnomiuatis
2733 3065 2908 3126 rebus,
2943 3075 3051 3118 tam
3078 3065 3143 3120 de
3164 3065 3550 3120 ecclesiasticis

289 3160 666 3231 apostolorum
711 3158 1000 3229 principis,
1049 3165 1106 3212 et
1163 3167 1400 3210 nostram
1447 3155 1674 3222 habeat,
1718 3165 1772 3210 et
1816 3155 1868 3208 in
1897 3189 1943 3254 Ο
1971 3172 2134 3226 quam
2167 3157 2232 3211 de
2262 3155 2391 3219 suis,
2424 3170 2518 3210 eos
2547 3156 2834 3209 molestare
2863 3154 2977 3208 sive
3001 3154 3054 3208 in
3080 3154 3277 3226 placito
3303 3170 3397 3210 eos
3419 3170 3550 3210 eon-

292 3258 479 3311 futuro
531 3263 794 3309 aeternam
847 3249 1260 3306 rctributionem
1315 3247 1602 3320 percipiat.
1659 3247 1867 3314 Amen,

287 3363 471 3402 amen.

362 3437 534 3490 Locus
562 3435 599 3505 τι·
630 3434 812 3505 sigilli.

359 3527 508 3580 Bene
542 3526 737 3579 valete.

365 3622 484 3673 Dat.
530 3635 581 3672 γι
628 3617 746 3672 Kal.
786 3614 940 3679 Julii,
986 3631 1126 3669 anno
1170 3611 1333 3676 1055,
1377 3627 1472 3682 per
1516 3627 1735 3666 manum
1783 3611 1873 3666 lli-

289 3711 554 3765 debrandi
591 3708 650 3763 S.
683 3707 750 3760 R.
784 3707 841 3763 Β.
876 3707 1026 3762 card.
1059 3704 1377 3760 subdiaconi
1407 3743 1421 3762 ,
1454 3703 1692 3758 Victoris
1719 3718 1870 3773 papa:

291 3802 334 3858 ll
371 3817 522 3856 anno
555 3816 606 3861 t,
639 3800 827 3853 indict.
859 3815 977 3852 \‘llt.

1044 3887 1108 3942 Ill

293 3984 529 4039 Victoris
565 3982 624 4035 Il
650 3997 798 4048 papae
825 3979 1148 4050 privilegium
1171 3995 1263 4047 pro
1287 3975 1502 4030 ecclesia
1530 3975 1869 4029 Bononiensi.

888 4070 1065 4142 (Anim
1101 4067 1277 4136 1055.)

320 4167 600 4238 [δυ-μηδ,
622 4162 813 4216 Annali
835 4161 1136 4230 Bologncsi,
1167 4158 1207 4225 l,
1247 4176 1305 4222 ιι,
1339 4154 1604 4226 Append.,
1635 4171 1686 4224 p.
1721 4155 1834 4227 92.]

361 4259 576 4312 Vtcrou
615 4254 922 4324 episcopus,
967 4266 1158 4306 servus
1201 4263 1482 4302 servorum
1528 4244 1645 4309 Dei,
1687 4244 1873 4299 Ρετιιο

291 4344 772 4416 archipresbytero
829 4342 1158 4411 reliquisque
1216 4338 1493 4394 canonicis
1549 4336 1874 4408 regulariter

293 4437 601 4494 viventibus
665 4443 866 4490 sancte
932 4429 1284 4488 Bononiensis
1343 4428 1586 4483 ecclesia:
1651 4427 1872 4498 suisque

290 4525 702 4584 successoribus
731 4524 782 4576 in
819 4530 1155 4592 perpetuum.

365 4614 424 4670 Si
445 4613 609 4682 justis
627 4626 906 4668 servorum
937 4607 1028 4664 Dei
1056 4606 1406 4679 petitionibus
1422 4605 1869 4673 satisiecerimus,

295 4706 483 4776 procul
524 4705 689 4759 dubio
733 4701 1026 4771 apostolica
1071 4710 1336 4770 praecepta
1381 4715 1680 4754 servamus.
1729 4699 1874 4766 Qua-

291 4807 516 4867 propter
540 4793 782 4850 inclinati
809 4791 1058 4861 precibus
1086 4789 1378 4851 Adelfredi,
1419 4787 1656 4856 ejusdem
1685 4789 1872 4844 Eccle-

293 4891 387 4944 size
415 4888 676 4960 episcopi,
707 4884 1030 4954 vestrisque,
1073 4881 1164 4935 lilii
1213 4881 1540 4944 charissiun,
1581 4881 1873 4936 conﬁrma-

294 4995 416 5034 mus
456 4989 619 5048 atque
653 4975 989 5032 roboramus,
1030 4971 1180 5024 vobis
1210 4969 1514 5037 vestrisque
1545 4968 1872 5023 successori-

291 5072 412 5138 bus,
437 5067 839 5136 eanonicujure
869 5062 1192 5125 viventibus,
1223 5060 1480 5131 quidquid
1501 5076 1598 5130 per
1619 5059 1870 5130 paginam

289 5157 662 5216 concessionis
680 5166 733 5211 et
757 5155 1187 5211 conﬁrmationis
1203 5152 1347 5221 juste
1373 5151 1441 5205 ab
1461 5165 1527 5205 eo
1554 5151 1637 5206 vel
1661 5152 1728 5204 ab
1751 5150 1872 5205 aliis

287 5247 658 5320 acquisivistis
683 5247 795 5300 sive
818 5241 1134 5312 acquisituri
1164 5242 1321 5304 estis,
1351 5247 1408 5292 ut
1429 5241 1596 5310 quieti
1618 5249 1671 5295 et
1693 5240 1869 5295 securi

1549 5340 1556 5343 ’
1596 5332 1871 5368 nnclnlnrin

287 5343 352 5368 ,ιι
411 5340 556 5368 Anu“:
630 5338 852 5368 las.-:no\n
907 5349 1223 5368 Ixnlunnnnrn
1288 5331 1510 5368 νοιιρηιῖο

1975 3246 2215 3310 turbare,
2242 3247 2323 3301 vel
2353 3247 2573 3303 colonos
2605 3262 2791 3302 eorum
2823 3246 3146 3316 distringere
3179 3261 3272 3301 seu
3311 3247 3548 3316 aliquam

1972 3337 2238 3408 publicam
2263 3337 2589 3394 iunctionem
2621 3336 2835 3392 solvere
2865 3347 3049 3407 cogat;
3079 3337 3222 3406 quod
3247 3337 3340 3407 qui
3369 3346 3545 3391 teme-

1976 3430 2122 3484 rario
2165 3445 2298 3486 ausu
2354 3430 2560 3494 fecerit,
2616 3428 2718 3484 nisi
2753 3428 2892 3483 inira
2941 3444 3009 3483 ιι
3058 3428 3267 3484 dierum
3315 3430 3547 3499 spatium

1972 3523 2361 3588 emendaverit,
2389 3523 2747 3577 anathematis
2768 3521 2980 3576 vinculo
2995 3521 3260 3592 obligetur
3280 3532 3334 3578 et
3360 3538 3390 3578 a
3414 3523 3554 3577 limi.

1974 3613 2131 3668 nibus
2165 3624 2367 3669 sancta:
2405 3613 2666 3669 Ecclesia:
2709 3613 2977 3668 alieuetur
3018 3629 3188 3684 usque
3219 3615 3287 3669 ad
3328 3615 3546 3684 dignam

1973 3707 2432 3773 satisfactiOnem;
2479 3707 2570 3776 qui
2615 3720 2742 3762 vero
2785 3717 2968 3761 custos
3006 3707 3165 3777 hujus
3201 3717 3394 3762 nostra:
3429 3724 3554 3761 san—-

1973 3802 2170 3856 ctionis
2205 3802 2498 3866 exstiterit,
2543 3801 2972 3856 benedictionem
3009 3812 3062 3856 et
3098 3802 3328 3872 gratiam
3375 3805 3553 3856 omni-

1972 3893 2209 3962 potentis
2248 3890 2362 3958 Dei,
2394 3902 2450 3946 et
2477 3893 2538 3949 Β.
2567 3891 2712 3947 Petri
2779 3892 3140 3962 apostolorum
3181 3893 3472 3962 Principis,
3498 3907 3554 3950 et

1975 3991 2212 4037 nostram
2247 3984 2445 4038 ....ciat
2468 3992 2522 4038 et
2552 3984 2604 4036 in
2641 3982 2822 4036 futuro
2845 3993 3106 4038 aeternam
3134 3985 3548 4041 retributionem

1972 4073 2256 4143 percipiat.

2044 4164 2178 4219 Data
2211 4205 2321 4228 ....,
2356 4165 2474 4221 Kal.
2501 4165 2650 4229 Julii,
2683 4183 2780 4235 per
2808 4182 3025 4221 manum
3054 4166 3400 4222 llildebrandi
3429 4183 3554 4223 san-

1974 4267 2073 4312 cl.e
2093 4257 2251 4312 Rom.
2280 4258 2447 4322 Eccl.,
2471 4259 2763 4314 cardinalts
2788 4259 3126 4327 subdiaconi,
3156 4275 3297 4315 anno
3321 4261 3554 4316 Victoris

1974 4347 2079 4404 PP.
2108 4347 2150 4401 ll
2179 4347 2373 4420 primo,
2405 4347 2699 4404 indictione
2727 4366 2846 4404 vm.

2722 4439 2812 4496 Ν.

1896 4529 1950 4590 D
1987 4531 2159 4604 Victor
2207 4530 2271 4586 11
2327 4533 2599 4600 conﬁrmat
2645 4541 2958 4602 prwreptum
3013 4534 3082 4588 de
3143 4509 3552 4604 possessionibus

2046 4602 2385 4656 Molianeusis
2418 4604 2720 4656 manauerii
2757 4619 2861 4656 non
2889 4602 3214 4658 inuadendis.

2575 4691 2764 4762 (Anno
2789 4692 2980 4757 1055.)

2293 4783 2578 4856 [Ueni-tul,
2616 4783 2779 4838 Italia
2799 4801 2974 4849 sacra,
2999 4784 3061 4845 ν.
3081 4784 3232 4856 514]

2042 4875 2249 4933 Via-ron
2279 4876 2581 4946 episcomis,
2613 4891 2799 4929 servus
2837 4889 3114 4930 servorum
3146 4877 3261 4930 Dei.

2041 4968 2376 5035 Prmcvptum
2425 4965 2593 5021 nostri
2648 4964 2976 5020 diiectissizui
3032 4965 3404 5032 tiliilleiurici,
3463 4965 3556 5024 Del

1973 5067 2142 5132 gratia
2193 5061 2556 5114 [tertianorum
2594 5057 2934 5128 imperatoris
2988 5057 3237 5129 Augusti,
3295 5075 3556 5135 magno-

1972 5165 2199 5213 scentes,
2238 5151 2424 5205 datum
2454 5149 2518 5202 ad
2550 5150 2916 5205 defensionem
2945 5157 2998 5205 et
3029 5151 3414 5210 ﬁrmitudinem
3447 5176 3564 5216 mo-

1972 5242 2194 5299 nasterii
2242 5239 2300 5296 S.
2351 5248 2406 5293 et
2449 5252 2720 5310 Perpetua!
2773 5237 2998 5309 τετείιίε
3047 5237 3253 5309 Ma‘i‘r'
3290 5251 3433 5315 q‘md
3479 5260 3568 5305 ⁸³⁸

2167 5331 2218 5366 in
2265 5329 2384 5366 lnnn
2424 5329 2514 5366 nni
2554 5329 2812 5366 “nlla-anc
2843 5329 3032 5364 ιΙῖιιῖΙιη
3093 5346 3191 5364 ειη-Λ
3222 5334 3416 5364 σιν-ἔστι...
3453 5353 3562 5362 ιη...

1973 5333 2133 5368 εἶμι-ιη
