4020 5392
504 299 596 355 δη
1493 351 1503 361 .
1778 296 2069 357 ῒιατοιιιε

2209 298 2405 357 ΡΜ)Ᾱί
3631 302 3719 360 ειξ

502 413 822 475 auctoritate
874 409 1083 475 dainus,
1142 408 1507 475 concedimus,
1570 420 1623 465 et
1681 412 2078 469 contirmamus.
2109 420 2158 476 Α
2186 412 2602 483 cessoribusque
2650 413 2754 468 tuis
2802 411 3271 479 eonﬁrmaremus,
3311 411 3461 469 sicuti
3489 428 3516 469 a
3545 419 3723 485 pmic-

502 506 698 560 {habito
741 518 965 559 summa:
992 512 1047 556 et
1075 501 1382 571 apostolicae
1431 500 1595 564 sedis,
1628 502 1710 554 cui
1747 502 1920 570 gratia
1964 500 2109 563 Dei,.

500 612 605 650 non
665 595 864 650 nostris
911 593 1138 658 meritis,
1188 592 1557 663 praesidemus,
1607 607 1791 646 cura‘n
1839 593 2077 646 omnium

502 689 864 743 Eeclcsiarum
893 701 1052 759 agere
1078 687 1354 751 debemus,
1378 686 1501 756 quia
1526 699 1592 739 ex
1616 686 1715 740 hoc
1742 685 2076 754 potissimum

498 782 633 837 lucri
684 780 961 852 praemium
998 796 1028 834 a
1060 778 1169 833 Deo
1206 777 1607 848 consequimur,
1654 778 1697 832 si
1752 775 2075 831 venerabilia

501 872 639 937 loca,
679 872 746 926 ad
774 871 977 926 cultum
1017 870 1112 925 Dei
1144 867 1414 933 ordinata,
1455 883 1551 938 per
1577 881 1677 922 nos
1706 869 1772 920 ad
1801 866 2075 922 meliorem

500 974 701 1020 statum
729 963 929 1018 fuerint
948 962 1226 1033 perducta.
1247 960 1315 1014 Et
1337 960 1454 1017 ideo
1484 968 1665 1013 notum
1694 972 1813 1013 esse
1834 956 2078 1011 volumus

497 1055 771 1119 omnibus,
817 1055 868 1108 in
897 1054 1111 1109 Christo
1141 1052 1226 1122 pie
1267 1052 1447 1105 vivere
1484 1048 1805 1114 volentibus,
1849 1046 2078 1116 qualiter

499 1159 600 1199 nos
629 1145 808 1199 omnia
838 1144 949 1198 hrec
974 1142 1130 1205 bona,
1158 1156 1279 1210 qua:
1317 1139 1462 1195 Roso
1488 1137 1843 1192 Tarvisicnsis
1871 1137 2077 1206 episcoo

494 1252 600 1307 pus
622 1236 701 1301 ad
725 1234 1008 1304 praefatum
1045 1232 1435 1289 monasterium
1478 1229 1720 1295 tradidit,
1749 1229 2075 1284 auctoritate

498 1327 559 1384 S.
590 1328 737 1384 Petri
768 1339 822 1382 et
859 1336 1064 1391 nostra,
1096 1326 1167 1381 ibi
1191 1335 1304 1380 rata
1331 1335 1388 1380 et
1409 1325 1462 1379 in
1493 1332 1803 1395 perpetuum
1834 1323 1941 1377 illic
1966 1332 2075 1387 stas

498 1420 649 1475 hilita
675 1421 1018 1476 decernimus
1041 1427 1094 1473 et
1133 1419 1537 1474 conﬁrmamus.
1577 1415 1843 1472 Praeterea
1878 1414 2072 1469 statui-

498 1513 746 1583 tuusjatu
783 1513 927 1569 dicto
958 1513 1389 1574 monasteriout,
1430 1522 1633 1563 remota
1681 1507 1920 1564 omnium
1947 1522 2074 1576 pra-

495 1620 683 1659 vorum
726 1603 1001 1659 hominum
1037 1601 1426 1671 inquietudine,
1470 1596 1848 1653 inviolabiliter
1895 1603 2075 1650 teneat

494 1698 611 1752 lucc
653 1697 791 1752 bona
854 1709 971 1763 qum
1030 1694 1189 1749 modo
1235 1692 1477 1763 legaliter
1520 1698 1682 1752 tenet,
1727 1690 1811 1743 vel
1858 1689 2073 1743 inantea

2180 502 2486 558 cessoribus
2546 503 2768 570 nostris,
2828 503 3075 559 videlicet
3132 501 3349 560 Nicolao
3401 513 3455 558 et
3499 506 3721 577 Agapita,

2177 593 2469 650 Benedicto
2512 604 2566 650 et
2611 594 2814 661 Leone,
2856 594 3015 666 hujus
3058 595 3212 650 alma:
3261 578 3556 667 apostolicae
3600 600 3724 661 sedis

2179 685 2464 765 episcopis,
2497 688 2767 741 decretum
2810 696 2889 741 est
2921 704 2934 741 :
2968 685 3207 740 inclinati
3231 688 3477 758 precibus
3521 689 3716 754 vestris,

2179 776 2473 845 apostolica
2521 777 2844 833 auctoritate
2890 779 3238 834 concedimus
3276 788 3332 834 et
3370 765 3725 836 conﬁrmamus

2177 881 2299 921 cum
2342 868 2595 923 omnibus
2629 868 2952 939 generaliter
2982 881 3143 939 atque
3173 870 3478 940 specialiter
3511 872 3573 926 ad
3595 888 3727 927 eum—

2177 954 2297 1011 dem
2327 955 2605 1035 praefatum
2653 958 3172 1030 archiepiscortatum
3210 971 3446 1015 vestrum
3476 959 3730 1031 pertinen-

2179 1046 2340 1111 tibus,
2384 1048 2590 1103 scilicet
2639 1049 2820 1104 omnia
2866 1063 2987 1119 qua:
3015 1049 3184 1104 vestri
3233 1060 3595 1107 antecessores
3630 1053 3726 1109 suis

2177 1138 2448 1196 laboribus
2497 1140 2886 1210 acquisierunt,
2935 1142 3018 1197 vel
3071 1142 3236 1197 etiam
3299 1158 3483 1198 amore
3533 1132 3724 1199 acterna:

2174 1233 2362 1302 patriae
2393 1233 2463 1288 ibi
2504 1247 2536 1287 a
2586 1232 3029 1291 Christicolarum
3090 1234 3339 1291 ﬁdelibus
3383 1236 3571 1307 largita
3618 1249 3727 1293 sunt

2175 1324 2258 1388 vel
2287 1324 2612 1393 largiuntur.
2637 1324 2769 1403 Cum
2807 1326 2914 1395 illis
2942 1327 3133 1392 etiam,
3158 1327 3249 1398 qui
3283 1328 3385 1383 hoc
3413 1335 3642 1398 tempore
3667 1330 3726 1382 ad

2175 1416 2371 1472 Christi
2395 1418 2551 1472 tidem
2579 1418 2823 1474 conversi
2844 1427 2991 1486 sunt,
3009 1428 3334 1488 provocante
3355 1428 3410 1474 et
3437 1428 3728 1490 protegente

2173 1513 2344 1581 gratia
2382 1511 2475 1567 Dci
2510 1511 2756 1568 videlicet
2800 1514 3080 1584 episcopos
3111 1515 3164 1568 in
3205 1514 3461 1569 omnibus
3503 1514 3728 1585 gentibus

2176 1594 2446 1657 Suconum
2471 1616 2563 1656 seu
2588 1603 2880 1668 Danorum,
2905 1601 3318 1674 Norwegorum,
3339 1603 3567 1665 lsladon,
3599 1603 3729 1658 Scri-

2174 1692 2445 1756 dcvinum,
2478 1690 2823 1747 Gronlandon
2852 1702 2908 1747 et
2933 1693 3308 1747 universarum
3347 1691 3725 1763 septentriona-

488 1786 634 1854 juste
658 1802 721 1841 ae
742 1785 981 1856 lcgaliter
1003 1783 1389 1853 acquisiturum
1412 1779 1752 1843 erit,scilicet
1772 1779 1824 1833 in
1845 1778 2071 1849 campis,
2107 1776 2148 1836 Β
2179 1782 2305 1838 lium
2332 1784 2634 1849 nationum,
2666 1799 2768 1840 nec
2798 1785 3089 1839 nonetiam
3132 1784 3190 1839 in
3222 1784 3326 1838 illis
3364 1784 3603 1853 partibus
3627 1782 3727 1838 Sla-

495 1881 551 1935 in
583 1880 769 1950 pratis,
798 1880 849 1934 in
876 1878 1108 1949 pascuis,
1132 1876 1183 1930 in
1208 1874 1379 1940 silvis,
1406 1874 1558 1943 aquis
1578 1886 1945 1943 aquarumque
1982 1871 2073 1925 de—

493 1974 763 2037 cursibus,
824 1972 876 2024 in
908 1967 1311 2039 piiscationtbns,
1347 1966 1398 2019 in
1433 1963 1772 2026 morendinis,
1828 1962 1994 2016 cultis
2019 1970 2074 2016 ct

494 2063 728 2125 incultis,
761 2069 816 2114 et
846 2059 990 2113 omni
1020 2074 1117 2114 usu
1147 2057 1236 2127 qui
1264 2055 1552 2125 aliquando
1584 2068 1650 2107 ex
1679 2053 1764 2107 his
1789 2051 2073 2122 provenire

492 2156 711 2230 poterit.
740 2153 960 2223 Insuper
991 2167 1115 2206 vero
1134 2145 1776 2222 prtecipientesjubemus
1811 2151 1868 2197 ut
1895 2142 2072 2197 nullus

492 2247 951 2320 archiepiscopus,
1005 2244 1309 2314 episcopus,
1360 2241 1488 2305 dux,
1545 2236 1810 2302 marchio,
1867 2250 2065 2298 comes,

493 2340 819 2402 vicecomes,
851 2350 948 2391 nec
971 2334 1146 2405 aliqua
1175 2346 1362 2402 magna
1398 2345 1495 2384 seu
1520 2342 1684 2403 parva
1706 2340 1963 2397 persona,
1989 2324 2071 2378 in-

492 2431 726 2501 fringere
751 2435 1040 2499 przesumat
1063 2422 1261 2493 scripta
1283 2418 1519 2492 praedicti
1547 2417 1859 2473 monasterii
1890 2415 1945 2470 S.
1972 2414 2065 2470 Dei

490 2520 766 2591 genitricis
817 2517 1001 2572 Mariae
1050 2512 1169 2585 qua:
1215 2511 1374 2585 modo
1427 2510 1591 2565 habet
1643 2507 1727 2563 vel
1786 2507 1838 2563 in
1888 2505 2068 2561 futuro

492 2612 735 2683 legaliter
762 2607 1091 2679 acquisicrit,
1121 2612 1214 2659 aut
1238 2602 1345 2658 ullo
1368 2600 1525 2657 modo
1546 2600 1660 2654 sine
1687 2597 1840 2669 legali
1863 2595 2067 2664 judicio

491 2707 818 2776 inquietare.
845 2702 902 2761 Si
933 2700 1052 2770 quis
1073 2708 1252 2753 autem
1283 2694 1569 2751 temerario
1594 2708 1727 2747 ausu
1755 2699 1941 2746 contra
1966 2692 2066 2746 hoc

477 2806 688 2870 nostrae
743 2791 1051 2865 apostolica:
1118 2787 1457 2844 auctoritatis
1510 2783 1845 2856 privilegium
1907 2796 2065 2853 agere

490 2887 913 2958 pnesumpserit,
939 2882 1076 2937 sciat
1123 2895 1182 2936 se
1225 2877 1610 2948 omnipotentis
1654 2876 1743 2931 Dei
1773 2883 2060 2945 potestate,

488 2990 543 3034 et
566 2979 707 3034 beati
741 2976 886 3033 Petri
924 2971 1151 3044 apostoli
1188 2979 1377 3026 nostra
1429 2967 1719 3039 apostolica
1745 2965 2063 3021 auctoritate

2175 1891 2363 1931 verum
2416 1892 2536 1946 qua:
2580 1886 2706 1931 sunt
2731 1892 2762 1931 a
2790 1875 3008 1931 [lumine
3049 1876 3395 1951 Peneusque
3440 1877 3505 1931 ad
3531 1875 3729 1930 ﬂuvium

2176 1965 2428 2036 Egidore.
2478 1966 2555 2022 lta
2604 1976 2663 2022 ut
2715 1969 2816 2024 sub
2868 1976 2958 2022 tua
3006 1980 3329 2037 tuorumque
3372 1981 3728 2043 successorum

2174 2059 2681 2129 llaumnaburgensis
2735 2046 2986 2117 Ecclesiae
3051 2060 3573 2132 archiepiscoporum
3631 2075 3728 2113 ma-

2172 2160 2335 2205 neant
2361 2161 2646 2222 potestate,
2674 2151 2755 2208 vel
2783 2152 3040 2222 quidquid
3069 2167 3100 2207 a
3132 2152 3310 2218 vobis,
3333 2151 3516 2207 divina
3539 2150 3728 2205 favente

2170 2244 2358 2313 gratia,
2376 2245 2443 2299 ab
2465 2258 2653 2300 errore
2671 2243 2907 2315 perﬁdia:
2926 2245 3047 2319 sive
3072 2244 3349 2299 hominum
3369 2244 3488 2299 sive
3507 2242 3726 2298 locorum

2170 2335 2235 2389 ad
2264 2336 2573 2407 religionem
2612 2334 2973 2391 Christianam
3016 2334 3227 2405 acquiri
3251 2342 3457 2405 potest,
3485 2333 3577 2388 tibi
3606 2332 3725 2386 tuis-

2169 2443 2275 2497 que
2303 2427 2705 2484 successoribus
2732 2428 3114 2499 pcrpetualiter
3140 2427 3429 2482 tenendum
3464 2424 3724 2481 inviolabi-

2168 2517 2399 2587 literque
2437 2519 2777 2573 retinendum
2815 2533 3116 2573 censemus.
3148 2516 3216 2571 Et
3258 2517 3483 2587 insuper
3506 2513 3726 2571 decerni-

2169 2624 2288 2662 mus
2312 2607 2515 2663 nullum
2553 2608 3106 2680 archiepiscoporum,
3136 2606 3224 2662 vel
3248 2606 3621 2662 Colonienscm
3653 2603 3727 2659 vel

2166 2701 2330 2757 aliutn
2360 2701 2674 2772 quemlibet,
2703 2702 2757 2756 in
2788 2710 2878 2755 tua
2903 2700 3122 2756 ditecesi
3148 2700 3309 2756 ullam
3331 2697 3439 2753 sibi
3463 2698 3728 2753 vendicate

2165 2800 2508 2863 potestatem.
2561 2790 2734 2862 Caput
2777 2806 2993 2862 quoque
3037 2801 3185 2846 tuum
3241 2790 3427 2856 mitra,
3471 2788 3608 2858 quod
3655 2795 3726 2840 cst

2166 2882 2372 2954 insigne
2422 2882 2817 2947 Rornattoruni,
2860 2882 3220 2952 permittimus
3281 2879 3552 2951 insigniri.
3592 2877 3726 2944 Quod

2165 2973 2211 3029 si
2236 2975 2356 3044 quis
2384 2974 2507 3031 huic
2536 2981 2735 3029 nostra:
2765 2973 3107 3028 auctoritatis
3146 2971 3429 3043 privilegio
3474 2967 3727 3026 contraire

490 3068 850 3126 anathematis
907 3064 1121 3122 vinculo
1173 3062 1508 3126 innodatum,
1558 3067 1612 3115 et
1668 3073 1704 3113 a
1748 3072 1911 3128 regno
1967 3054 2061 3110 Dei

2170 3068 2250 3125 vel
2292 3068 2350 3125 in
2395 3068 2576 3139 aliquo
2627 3067 2913 3123 tcntaverit
2959 3066 3087 3122 illud
3142 3073 3427 3135 temerare,
3460 3063 3728 3119 anathema

489 3164 803 3226 alienatum,
835 3158 937 3213 nisi
976 3155 1281 3226 resipuerit,
1306 3163 1363 3210 ct
1392 3152 1457 3209 ad
1494 3151 1810 3222 condignam
1850 3147 2065 3204 satisfa-

463 3239 724 3306 "etionem
771 3249 996 3304 venerit.
1040 3248 1262 3302 Atvere
1286 3244 1378 3315 qui
1421 3243 1736 3299 observator
1770 3237 2059 3300 exstiterit,

462 3330 715 3416 “gratiam
735 3353 790 3398 ct
814 3338 1237 3398 misericordiam
1258 3336 1531 3406 vitamque
1562 3342 1818 3388 aeternam
1843 3347 1872 3384 a
1897 3329 2061 3384 mise-

490 3434 940 3492 ricordiosissimo
992 3432 1218 3487 Domino
1273 3428 1383 3484 Deo
1430 3434 1616 3482 nostro
1652 3422 1909 3493 consequi
1946 3435 2060 3475 me-

488 3541 642 3586 reatu
652 3546 693 3583 r.
821 3562 829 3571 -
1798 3552 1801 3553 ν

558 3622 748 3677 Datum
782 3635 834 3677 tv
857 3618 1034 3675 Nonas
1058 3613 1328 3678 Octobris,
1358 3626 1455 3682 per
1479 3620 1696 3665 manum
1715 3602 2061 3660 llildebrandi

486 3713 542 3770 S.
592 3714 846 3769 Romanae
889 3709 1142 3766 Ecclesiae
1195 3701 1484 3762 cardinalis
1522 3694 1857 3759 sitbdiaconi,
1918 3707 2061 3747 anno

489 3807 663 3876 primo
691 3802 873 3860 domni
912 3800 1141 3857 Victoris
1167 3812 1317 3869 papae
1349 3794 1412 3859 ll,
1448 3788 1738 3845 indictione
1763 3799 1859 3839 vttt
1890 3783 1987 3855 (2).

457 3893 463 3897 ’
819 3902 827 3909 ’
1242 3885 1303 3940 ν.

495 3987 669 4043 "iclor
732 3986 792 4040 11
851 3983 1155 4042 Mali-crto,
1210 3972 1596 4044 arcliiepiswpo
1635 3966 2054 4044 Δῌιι-ηιιῃρτρρηξὶ,

731 4036 997 4127 mitra—aque
1034 4036 1185 4104 usuin
1225 4036 1403 4101 tribuit
1436 4055 1484 4099 et
1512 4036 1783 4116 priuilegia
1810 4036 2060 4092 Ecclesia:

552 4125 670 4194 eius
697 4125 1015 4189 corroborat.

558 4206 559 4209 Q
1078 4213 1256 4282 (Anno
1287 4206 1463 4275 1055.)

659 4309 1026 4378 [Lernaeam
1071 4302 1362 4368 Hamburg.
1410 4294 1671 4359 Urkund.,
1701 4293 1741 4358 ι,
1767 4292 1880 4363 '77.]

568 4402 763 4461 Vtﬂon
789 4400 833 4454 ιι
857 4400 1160 4468 episcopus,
1191 4407 1380 4448 servus
1404 4404 1683 4446 servorum
1719 4389 1833 4451 Dei,
1863 4382 2058 4439 dilecto

2166 3161 2255 3216 sit.
2283 3158 2388 3228 Qui
2413 3175 2545 3216 vero
2565 3159 2961 3229 observaverit,
2984 3157 3209 3231 gratiam
3230 3169 3288 3211 et
3311 3153 3727 3211 benedictionem

2163 3260 2529 3321 consequatur
2550 3235 2583 3305 εἱ
2607 3234 2831 3307 Βοηίίηο
2850 3249 2977 3304 Jesu
3016 3249 3254 3304 Christo.

2232 3342 2366 3400 Data
2393 3361 2447 3399 tv
2473 3344 2741 3400 Kalendas
2770 3343 3105 3408 Novembris,
3130 3357 3226 3414 per
3242 3355 3433 3395 manus
3459 3323 3723 3399 Friderici,

2163 3447 2364 3493 sanctae
2400 3437 2656 3491 Romanae
2695 3434 2948 3491 Ecclesiae
2989 3433 3317 3498 conccllarii,
3350 3447 3499 3487 anno
3543 3428 3724 3484 domini

2165 3529 2397 3585 Victoris
2429 3528 2471 3585 ll
2500 3542 2652 3600 papa:
2680 3529 2876 3598 primo,
2903 3526 3194 3582 indictione
3220 3541 3336 3580 vut.
3410 3554 3416 3561 ~

2173 3712 2348 3768 Victor
2381 3708 2444 3765 II
2474 3711 2751 3764 canonicos
2776 3708 3005 3763 ecclesia
3028 3706 3088 3762 S.
3136 3705 3323 3762 Maria:
3352 3705 3566 3761 Pisana.‘
3593 3714 3724 3756 taetr-

2394 3784 2486 3836 dos
2512 3781 2725 3850 suscipit
2759 3790 2804 3833 et
2843 3794 3021 3850 eorum
3057 3779 3189 3850 bona
3208 3777 3506 3845 conﬁrmat.

2753 3850 2930 3921 (Anno
2965 3848 3147 3919 1055.)

2456 3941 2746 4015 [UGnELLt,
2772 3939 2934 3996 Italia
2956 3956 3140 4005 sacra,
3176 3937 3271 4003 ιιι,
3296 3935 3458 4009 359.}

2233 4036 2439 4093 Vtcroa
2462 4034 2767 4104 episcopus,
2795 4046 2985 4087 servus
3013 4042 3294 4086 servorum
3331 4028 3449 4092 Dei,
3486 4023 3725 4083 charissi-

2159 4127 2264 4183 mis
2291 4127 2346 4183 in
2378 4124 2595 4181 Christo
2631 4122 2756 4178 tiliis
2798 4123 3029 4188 nostris,
3068 4121 3343 4178 canonicis
3398 4130 3597 4175 sancta:
3638 4117 3722 4172 Dei

2159 4213 2437 4290 genitricis
2486 4224 2542 4269 et
2587 4220 2861 4285 perpetuae
2913 4212 3137 4285 virginis
3185 4210 3386 4277 Maria,
3443 4208 3721 4276 vestrisqac

2159 4303 2586 4371 successoribus,
2618 4304 2673 4358 in
2700 4313 3040 4374 perpetuum.
3276 4314 3281 4321 '
3579 4339 3585 4345 .

2227 4395 2394 4452 Justis
2426 4403 2479 4453 et
2510 4394 2924 4451 rationabilibus
2952 4391 3303 4464 petitionibus
3325 4392 3614 4449 benevolus
3638 4387 3718 4443 de-

484 4494 743 4552 confratri
761 4488 1303 4557 nostroAnstnsnro,
1321 4480 1616 4564 venerabili
1651 4475 2056 4546 archiepiscopo
2089 4458 2134 4517 Ι)
2160 4491 2318 4546 betur
2361 4501 2679 4553 consensus,
2725 4501 2847 4555 qum
2883 4486 3026 4542 enim
3066 4484 3264 4540 dmum
3312 4482 3555 4554 religioni
3598 4477 3720 4533 mh"

488 4582 1002 4654 llammaburgensis
1037 4578 1307 4641 Ecclesiae,
1354 4573 1448 4629 tibi
1486 4572 1698 4642 tuisque
1725 4570 2056 4625 successori-

483 4680 585 4734 bus
612 4678 665 4732 in
694 4684 1028 4747 perpetuum.

553 4767 814 4826 Convenit
838 4763 1137 4837 apostolico
1160 4756 1509 4815 moderamiui
1537 4755 1627 4825 pia
1656 4752 1914 4824 religione
1938 4751 2058 4822 μοι..

484 4861 717 4916 lenlibus
746 4855 990 4917 benivola
1018 4852 1388 4921 compassioue
1416 4859 1732 4902 succurrere
1756 4853 1810 4899 et
1834 4858 2060 4912 poscen-

488 4952 617 5005 tium
640 4949 834 5006 anitnis
859 4945 1023 5001 alacri
1044 4942 1326 4999 devotione
1355 4937 1633 5008 impertire
1658 4950 1956 4991 assensum.
1981 4934 2061 4989 Ex

2163 4572 2430 4641 auferunt,
2464 4577 2518 4631 in
2542 4576 2783 4631 futurum
2806 4584 2983 4630 autem
3015 4573 3231 4628 utilitati
3283 4572 3557 4629 hominum
3596 4565 3718 4623 mul-

2165 4677 2277 4724 tum
2324 4667 2628 4730 conferunt,
2675 4664 2915 4737 profecto
2950 4664 3290 4721 concedenda
3340 4673 3394 4720 et
3439 4658 3716 4731 expetenda

2159 4768 2301 4815 sunt.
2365 4755 2707 4826 Quapropter
2771 4764 2956 4810 notum
3002 4769 3125 4810 esse
3181 4752 3428 4808 volumus
3487 4745 3719 4806 omnibus

2160 4850 2361 4907 Christi
2421 4848 2687 4912 ﬁdelibus,
2741 4847 3105 4919 praesentibus
3152 4845 3359 4901 Scilicet
3414 4851 3468 4898 et
3512 4837 3716 4899 futuris,

2160 4941 2393 5012 qualiter
2439 4938 2637 4995 fratres
2689 4937 2999 4993 Pisanensis
3053 4936 3311 4992 Ecclesiae
3362 4935 3429 4987 de
3473 4927 3716 4985 canonica
