4020 5392
251 191 357 248 825

1211 175 1569 234 Εριδϊοιηε
1608 172 1691 227 ΕΤ
1741 166 2127 226 υιιιίωιλτλ
2176 164 2576 222 ΡΟΧΤὶΡᾸΟιᾹ.

3403 156 3511 211 δη

256 303 562 374 apostolica:
592 297 770 363 sedis,
807 310 928 350 cum
982 293 1087 344 υνυ
1133 299 1354 343 auctore
1379 329 1393 349 .
1445 287 1569 340 licet
1597 281 1798 354 indigni
1817 322 1833 347 ,
1864 291 1908 346 Α
1940 279 2283 348 providentes
2305 277 2534 346 singula,
2565 272 2826 342 quidquid
2845 272 2991 340 juste
3017 287 3190 326 emunt
3214 269 3526 325 oeferretur

256 394 636 464 pnesidemus,
689 395 1021 445 annuentes,
1072 381 1288 434 eosdem
1340 377 1536 430 fratres
1583 375 1683 430 sob
1733 387 1832 424 no-

255 500 427 542 stram
473 483 843 540 defensionem
893 472 1509 543 suseipimus,datoque
1560 466 1836 536 privilegio

255 579 440 632 omnia
473 578 587 631 haee
612 573 772 637 bona,
828 580 932 624 tam
969 569 1019 620 in
1050 565 1273 619 decimis
1303 577 1462 632 quant
1511 559 1561 614 iu
1597 556 1834 627 praediis,

255 686 376 739 qua:
407 669 594 722 eadem
642 661 953 734 praescripta
1001 656 1261 710 canonica
1313 667 1452 706 nunc
1488 649 1609 718 jure
1646 647 1836 709 teuuit,

257 761 338 814 vel
379 761 434 812 in
480 757 718 810 futurutn
761 753 907 822 juste
954 749 1285 817 acquisitura
1331 746 1468 807 erit,
1519 740 1839 795 auctoritate

257 851 347 905 Dei
378 851 662 916 sanctique
686 844 834 898 Petri
863 839 1229 896 concessimus
1270 845 1325 890 et
1376 830 1834 888 confirmavimus.

258 946 435 1013 Super
470 944 583 996 haec
615 955 740 993 vero
769 953 954 1007 pacem
986 948 1225 1004 quietam
1275 940 1330 984 et
1370 927 1717 984 securitatem
1765 924 1839 976 ci-

256 1038 374 1091 dem
409 1033 814 1105 prteriominatze
828 1027 1102 1084 canonica:
1124 1025 1382 1091 bonisque
1407 1021 1520 1073 suis
1539 1018 1838 1086 cupiente,

256 1129 550 1181 statuiimts
578 1136 632 1181 et
669 1121 1112 1179 conﬁrmavimus
1153 1119 1264 1188 ipsa
1311 1114 1495 1168 eadem
1527 1110 1842 1164 auctoritate

256 1222 379 1283 Dei,
435 1218 720 1286 sanctique
769 1215 911 1269 Petri
961 1222 1017 1266 et
1065 1220 1282 1270 nostra,
1313 1218 1371 1259 ut
1421 1205 1563 1258 nulla
1614 1217 1840 1269 persona

257 1327 422 1381 parva
453 1326 550 1364 seu
583 1323 772 1378 magna
820 1307 1034 1368 audeat,
1063 1302 1140 1354 vel
1189 1308 1480 1369 [\l'tL‘slllllzll
1527 1295 1658 1357 vim,
1691 1294 1843 1344 dam-

258 1421 419 1466 num,
453 1401 540 1455 vel
586 1399 884 1454 molestiam
930 1395 1090 1448 ullam
1123 1392 1322 1445 inferre
1344 1430 1357 1449 ,
1384 1396 1478 1440 aut
1523 1384 1842 1444 molestare.

257 1496 336 1549 vel
381 1494 682 1563 quidquam
718 1490 783 1542 de
809 1487 964 1542 bonis
1005 1486 1118 1538 suis
1147 1482 1248 1536 sibi
1295 1480 1500 1547 absque
1528 1476 1679 1545 legali
1704 1474 1846 1541 judi-

256 1588 340 1638 «io
365 1594 468 1638 aut
500 1581 802 1636 canonicali
829 1591 1111 1645 usurpare.
1141 1572 1293 1639 Quod
1322 1573 1364 1624 si
1397 1569 1538 1638 quis,
1563 1565 1706 1635 quod
1739 1579 1842 1618 non

1935 371 2192 432 ecclesiw.
2213 372 2597 423 conlirmamus
2621 376 2675 419 et
2695 367 3110 420 corroboramus
3135 362 3251 427 tibi,
3270 372 3327 416 ut
3361 375 3525 437 negtio

1938 463 2134 516 exinde
2183 477 2305 514 cum
2372 459 2568 512 audeat
2594 458 2884 521 devestire,
2927 454 3011 509 Vel
3061 454 3372 518 molestare,
3427 451 3526 506 seu

1940 555 2175 623 aliquam
2211 550 2634 620 inquietudinem
2672 548 2748 601 illi
2783 548 3006 610 inferre,
3059 547 3109 599 id
3132 555 3217 600 est
3241 546 3530 600 civitatem

1940 648 2261 701 Escutanam
2312 661 2377 699 es
2429 646 2639 712 integro
2689 657 2814 694 cum
2867 641 2980 708 ipsa
3036 654 3132 694 sua
3172 639 3419 707 portione
3460 640 3526 691 de

1942 740 2270 794 monasterio
2315 738 2500 792 Sancti
2543 734 2754 804 Auge-li,
2787 734 2928 800 quod
2964 733 3016 786 ἱι·
3047 732 3162 799 ipsa
3188 732 3409 788 civitate
3441 741 3530 784 est

1941 842 2332 894 constructum,
2361 839 2411 882 ct
2429 837 2662 883 monaste.
2673 828 2810 880 rium
2827 827 3036 879 Sancte
3051 824 3232 878 Maria:
3251 825 3304 878 in
3332 830 3521 888 sancto

1946 934 2126 977 monte
2180 925 2435 992 positum,
2486 937 2608 976 cum
2650 921 2904 975 omnibus
2940 919 3083 987 jttste
3120 918 3220 972 sibi
3247 917 3524 986 pertinen-

1947 1015 2106 1066 tibus.
2147 1014 2228 1066 vel
2281 1030 2400 1080 qua:
2453 1013 2505 1066 iu
2552 1023 2713 1066 antea
2776 1011 3078 1080 aliquorum
3125 1008 3270 1076 justa
3301 1009 3532 1063 datioue.

1946 1105 2188 1169 logaliter
2216 1103 2484 1172 pertinere
2507 1111 2778 1170 poterunt.
2808 1102 3124 1161 Castellum,
3155 1101 3297 1167 quod
3322 1099 3524 1154 dicitur

1945 1197 2142 1250 'l'tioue
2179 1212 2300 1249 cum
2334 1196 2660 1248 monasterio
2695 1193 2879 1247 Sancti
2904 1193 3178 1247 Laurentii
3202 1207 3326 1246 cum
3355 1192 3531 1246 omnia

1947 1287 2046 1341 lius
2093 1285 2432 1356 pertinentiis
2487 1286 2621 1347 suis,
2677 1295 2884 1338 curtem
2945 1285 3014 1336 de
3051 1296 3228 1337 massa
3256 1295 3379 1337 cuin
3409 1281 3528 1351 ipso

1946 1378 2075 1447 l’ojo
2096 1380 2162 1431 de
2189 1375 2324 1430 valle
2371 1375 2570 1440 lucida,
2601 1384 2811 1430 curtem
2856 1375 2921 1427 de
2950 1373 3150 1437 Monte,
3198 1387 3408 1428 curtem
3456 1377 3525 1426 de

1947 1471 2178 1527 l’azano.
2238 1468 2379 1521 sicut
2433 1467 2485 1519 in
2553 1465 2760 1520 cartula
2809 1463 3086 1530 Maynardi
3129 1463 3224 1516 filii
3283 1461 3528 1531 Sigolplii

1950 1561 2202 1623 habetur,
2232 1573 2286 1614 et
2316 1559 2531 1630 legitur.
2553 1558 2745 1614 Castra
2806 1572 2928 1626 qua:
2967 1557 3224 1610 dicuntur
3254 1554 3530 1617 Sculcula,

256 1686 545 1746 optamus,
577 1673 732 1741 hujus
759 1678 956 1724 nostra:
986 1663 1354 1721 concessionis
1381 1671 1434 1715 et
1477 1655 1844 1713 conlirmatio-
1878 1635 1920 1693 Β
1955 1656 2196 1708 Μιιιτὶερ.
2239 1652 2552 1721 Spinctula;
2583 1705 2596 1714 ,
2621 1660 2829 1704 curtem
2885 1649 2953 1704 de
3000 1648 3152 1713 llica,
3203 1656 3409 1702 curtem
3464 1646 3533 1698 de

260 1768 339 1820 nis
370 1763 719 1835 privilegium
775 1759 1067 1829 infringere
1098 1752 1533 1824 pra-sumpserit,
1568 1749 1846 1806 nostrioue

259 1857 503 1910 mandati
549 1856 832 1907 immemor
863 1851 1116 1903 damnum
1147 1845 1225 1899 vel
1255 1844 1558 1897 molestiam
1586 1840 1664 1893 eis
1697 1849 1841 1892 mtu-

261 1951 412 2012 lerit,
469 1956 566 2001 aut
615 1945 681 1996 de
715 1943 871 1997 bonis
921 1939 1321 2009 prmnominata-
1357 1934 1632 1988 canonica:
1687 1928 1843 1998 quid-

260 2055 416 2107 quam
477 2037 579 2090 sibi
633 2032 998 2100 usurpaverit,
1053 2029 1155 2082 nisi
1200 2026 1482 2095 resipiscat
1524 2021 1846 2090 dignamque

260 2129 505 2183 (tuenda:
531 2125 958 2180 satisfactionem
997 2121 1211 2181 fecerit,
1239 2117 1452 2171 vinculo
1485 2112 1848 2168 anathematis

263 2221 556 2275 iiniodetur
605 2217 697 2286 qui
748 2230 878 2268 vero
923 2222 1135 2273 custos,
1171 2220 1225 2262 ct
1260 2209 1577 2263 observator
1624 2203 1850 2258 exstite-

261 2315 363 2376 rit,
394 2310 696 2380 apostolica
727 2306 1101 2362 benedictione
1130 2302 1419 2372 repleatur,
1452 2308 1508 2354 et
1537 2297 1848 2353 miscricor-

261 2403 399 2454 diam
431 2400 493 2454 in
525 2398 754 2453 Domino
783 2398 892 2451 Deo
921 2402 1302 2464 consequatur.
1334 2392 1528 2444 Amen.

329 2494 384 2546 lu
415 2490 642 2562 plumbo
672 2493 785 2544 tunc
811 2487 1015 2542 circum
1046 2487 1188 2539 circa
1208 2481 1367 2536 verba
1383 2489 1504 2535 sunt
1528 2477 1805 2546 exsculpta
1831 2493 1843 2530 :

329 2582 557 2636 Victoris
590 2580 647 2633 Η
683 2589 878 2633 sancta:
909 2577 1160 2630 [latitante
1196 2584 1242 2628 ct
1298 2570 1604 2625 universalis
1634 2584 1803 2638 νίψω.

574 2672 728 2726 Iesus
755 2669 994 2722 Christus
1013 2710 1026 2729 ,
1055 2664 1271 2730 Pctrus,
1310 2661 1532 2716 Paulus.

739 2766 889 2816 Antio
921 2758 1096 2822 JlLi’,
1132 2759 1284 2814 I‘ont.
1319 2755 1368 2810 Ι.

1007 2853 1117 2908 \'l|.

279 2951 445 3003 νενιον
487 2948 542 3002 ll
580 2948 828 3004 Ecclesia:
896 2944 1174 3000 Asculum:
1211 2942 1562 3010 possessiones
1601 2951 1648 2993 et
1696 2955 1853 3004 privi-

367 3021 531 3094 legia,
577 3031 777 3086 petente
819 3017 1090 3072 fiernurde
1128 3017 1388 3081 episcopo,
1421 3013 1720 3079 confirmat.

867 3113 1045 3176 (Anno
1080 3106 1261 3177 l055.)

585 3205 875 3280 [[ἶῡιιειιι.
919 3203 1078 3256 Italic:
1110 3217 1284 3266 sacra,
1341 3199 1379 3264 Ι,
1411 3193 1562 3266 $49.]

335 3308 548 3364 Vtetca
573 3307 876 3376 episcopus,
904 3319 1090 3357 servus
1123 3316 1403 3354 servorum
1446 3298 1560 3361 Dei,
1598 3295 1856 3348 Bruttiano

271 3401 510 3456 secundo
561 3399 817 3469 episcopo
875 3396 1114 3452 ecclesiae
1176 3402 1232 3447 et
1284 3391 1628 3460 episcopatus
1668 3387 1725 3441 S.
1763 3385 1853 3438 Dei

272 3493 555 3563 genitricis
617 3490 841 3559 virginis
913 3487 1110 3552 Marini,
1188 3494 1244 3539 et
1306 3481 1602 3538 beatissimi
1653 3476 1855 3534 Christi

275 3586 530 3658 martyris
560 3584 807 3652 Enngdii,
841 3581 1026 3652 posita:
1052 3581 1100 3632 in
1131 3579 1389 3645 comitatu
1418 3574 1684 3628 Esculano
1714 3571 1855 3624 intra

274 3680 575 3740 civitatem,
609 3678 928 3742 cunctisque
971 3672 1084 3727 suis
1131 3667 1538 3725 successoribus
1595 3662 1858 3719 canonice

278 3773 395 3825 illuc
427 3769 759 3826 intrantibus
791 3767 842 3820 in
877 3776 1218 3836 perpetuum.

344 3865 478 3930 Quia
530 3862 712 3914 divina
755 3859 1006 3929 largitate
1042 3857 1232 3926 gratiae
1262 3855 1320 3908 Β.
1355 3854 1538 3917 Petro,
1588 3850 1860 3921 apostolo-

283 3973 391 4007 runt
435 3953 688 4024 principi.
719 3949 1298 4021 regere,dispensare,
1353 3955 1408 4000 et
1439 3947 1507 3998 ab
1548 3943 1692 3998 omni
1733 3958 1858 4010 pra-

283 4062 463 4098 \orttnt
506 4043 852 4098 infestatione
899 4039 1204 4103 defensare,
1248 4039 1422 4092 omnis
1449 4037 1737 4091 conuuissa
1779 4043 1862 4086 est

286 4118 538 4203 Ecclesia,
589 4146 644 4190 ut
685 4134 836 4202 cujus
870 4141 1110 4203 pascitur
1139 4131 1383 4185 doctrina
1431 4128 1546 4196 ejus
1588 4126 1861 4180 muniatur

285 4243 334 4280 et
360 4230 543 4296 tutela,
570 4229 822 4283 convenit
851 4228 1070 4294 ηοξ,ηυί
1105 4225 1221 4295 cjtts
1252 4224 1370 4278 vice
1391 4221 1721 4292 apostolatus
1743 4219 1861 4272 fitti-

1947 1749 2202 1811 Cariauo,
2259 1756 2468 1800 curtem
2517 1745 2584 1798 de
2628 1745 2786 1807 Core,
2828 1751 3036 1796 curtem
3085 1741 3154 1795 de
3197 1739 3528 1798 Belenterio,

1945 1851 2152 1895 curtem
2186 1841 2251 1895 de
2275 1837 2635 1902 Flaminiauo,
2682 1847 2890 1892 curtem
2922 1837 2989 1891 de
3032 1836 3154 1905 Api,
3206 1843 3417 1889 curtem
3463 1834 3532 1888 de

1947 1931 2264 1998 Tarracina,
2320 1940 2530 1986 curtem
2564 1932 2631 1984 de
2684 1930 2907 1998 Bapiuo,
2961 1939 3168 1983 curtem
3222 1928 3287 1982 de
3331 1925 3534 1980 Vuasto

1947 2024 2259 2087 Pomarese,
2287 2033 2494 2086 curtem
2523 2023 2589 2076 de
2613 2021 2778 2085 Saxa,
2802 2034 3009 2074 curtem
3044 2020 3110 2074 de
3139 2017 3290 2082 Salli,
3323 2027 3532 2072 curtem

1948 2117 2015 2171 de
2042 2116 2289 2179 Patarea,
2322 2126 2529 2168 curtem
2577 2115 2644 2169 de
2680 2112 3034 2184 Villamagua,
3073 2123 3128 2166 et
3179 2112 3357 2165 omnia
3413 2125 3536 2179 quze

1950 2206 2566 2279 pracdictocpisCopatui,
2587 2215 2693 2259 tam
2717 2206 2768 2258 in
2783 2206 3212 2274 supradictorunt
3231 2213 3535 2258 castrorum

1951 2317 2110 2369 quam
2143 2309 2350 2354 curtem
2402 2300 2467 2354 de
2515 2298 2836 2353 Montariolo
2867 2298 3013 2351 intus
3033 2297 3312 2351 civitatem
3341 2295 3532 2364 Spole-

1952 2405 2158 2456 tauam,
2183 2403 2392 2448 curtem
2433 2394 2498 2445 de
2535 2393 2860 2446 Paternoiu
2896 2391 3014 2445 loco
3069 2391 3159 2459 qui
3193 2390 3361 2443 Ponte
3391 2389 3526 2444 dici-

1953 2495 2060 2547 tur,
2087 2495 2293 2538 curleut
2345 2485 2411 2538 de
2460 2484 2643 2538 Primo
2663 2500 2848 2550 -casu,
2881 2475 3144 2537 Gualduui
3176 2482 3243 2536 tle
3272 2481 3533 2551 Lagitine,

1955 2580 2006 2631 in
2037 2575 2286 2630 Nursiam
2315 2581 2531 2641 casam,
2558 2585 2612 2630 et
2639 2578 2846 2630 curtem
2876 2574 3016 2628 infra
3050 2574 3224 2626 locum
3277 2572 3373 2624 ubi
3405 2572 3534 2626 olim

1954 2671 2050 2723 luit
2083 2669 2274 2722 civitas
2303 2685 2315 2719 :
2345 2672 2554 2722 curtem
2580 2667 2645 2720 de
2668 2665 2790 2720 Sala
2821 2667 2874 2719 in
2901 2665 3090 2719 eadem
3120 2662 3336 2725 Nursia,
3371 2661 3536 2718 Coal-

1965 2761 2081 2813 Jum
2127 2759 2192 2812 de
2236 2758 2424 2820 Fesso,
2463 2766 2670 2811 curtem
2719 2755 2940 2819 Savelli,
2987 2756 3038 2810 in
3095 2755 3356 2808 comitatu
3404 2755 3535 2807 item

1958 2850 2241 2912 hsculano.
2292 2851 2342 2904 in
2382 2849 2498 2903 loco
2561 2849 2651 2917 qui
2693 2863 2832 2917 aqua
2884 2848 3102 2911 dicitur,
3149 2846 3430 2900 castellum
3468 2847 3537 2899 de

1957 2943 2121 3005 Luco,
2144 2952 2195 2997 et
2227 2941 2420 2994 turrim
2450 2941 2516 2992 de
2549 2939 2794 3000 Fotiano.
2825 2949 2878 2994 ct
2923 2936 3111 3004 Pojum
3135 2937 3202 2990 de
3233 2936 3528 3004 Quintode-

1957 3034 2118 3097 cinno,
2151 3043 2358 3087 curtem
2399 3030 2767 3094 Mauannam,
2826 3046 2948 3083 eum
3011 3029 3203 3084 saliuis
3247 3028 3382 3094 suis,
3411 3042 3535 3082 cas-

1959 3126 2142 3178 tellum
2172 3125 2238 3180 de
2282 3124 2483 3188 Murro,
2517 3132 2757 3178 castrum
2807 3121 3242 3185 Fundaniauum,
3300 3130 3542 3176 montem

1957 3218 2154 3271 I’urum
2186 3231 2308 3270 cum
2352 3214 2572 3270 forcstis
2618 3222 2672 3268 et
2700 3213 2871 3276 silvis,
2919 3202 3040 3266 cum
3086 3211 3216 3280 Pojo
3255 3211 3397 3280 quod
3424 3209 3541 3264 cla-

1960 3308 2250 3363 matorium
2288 3305 2506 3359 dicitur.
2539 3304 2702 3375 Plage
2737 3319 2857 3357 cum
2896 3311 3079 3357 castro
3113 3299 3372 3366 Liisiano,
3402 3300 3541 3354 Villa

1959 3413 2153 3468 magna
2184 3414 2304 3452 cum
2348 3395 2475 3463 Pojo
2526 3405 2581 3450 et
2619 3394 2862 3458 castello,
2903 3394 3254 3457 CicilFanum,
3299 3392 3536 3446 Mo..tem

1960 3491 2204 3555 Calvum,
2263 3487 2580 3556 Bajauum,’
2617 3495 2852 3541 castrum
2908 3485 2973 3539 de
3029 3483 3258 3547 Gualdo,
3330 3493 3540 3536 curtem

1959 3581 2152 3651 Agelli,
2193 3587 2430 3634 castrum
2488 3577 2869 3643 Ligauianmn,
2929 3583 3138 3629 curtem
3169 3572 3540 3642 I’upilianam,

1960 3682 2168 3727 curtem
2207 3670 2264 3721 Β.
2309 3668 2594 3738 Stephani,
2635 3676 2844 3720 curtem
2899 3665 2964 3718 de
3015 3664 3270 3726 Paterno,
3346 3673 3400 3716 et
3443 3677 3537 3716 cas

1961 3772 2129 3817 strum
2185 3761 2251 3813 de
2291 3758 2557 3828 Spelunca
2588 3772 2708 3810 cum
2775 3758 2886 3826 ipsa
2925 3763 3079 3809 curto
3133 3757 3197 3808 de
3230 3754 3540 3819 Valeriano,

1962 3864 2166 3908 curtem
2207 3852 2270 3905 de
2303 3851 2543 3913 Boliauo,
2578 3848 3096 3903 montem-Androm
3138 3847 3324 3917 Pojum
3349 3847 3536 3902 Silvrs-

1965 3958 2095 4009 ttttit,
2126 3944 2268 4014 quod
2320 3953 2400 3998 est
2427 3951 2553 3996 ante
2602 3941 2883 3995 castellum
2929 3933 3250 4006 Cusian'unt,
3292 3927 3394 3996 nee
3437 3958 3542 3995 non

1962 4049 2016 4094 et
2047 4047 2282 4092 castrum
2317 4035 2382 4089 de
2412 4033 2690 4105 Spinetulo
2731 4048 2852 4088 cum
2885 4044 3036 4088 curte
3071 4049 3188 4098 sua,
3221 4049 3340 4103 qua)
3378 4033 3544 4088 Frau-

1964 4131 2108 4186 cisca
2135 4129 2356 4192 dicitur,
2423 4135 2628 4180 curtem
2690 4118 3024 4190 Fassianam,
3048 4133 3257 4178 curtem
3291 4126 3546 4196 prostitu-

1966 4221 2093 4285 lam,
2119 4218 2305 4288 l’ojum
2328 4217 2712 4278 Valcnterium,
2731 4214 3012 4270 castellum
3029 4214 3095 4270 de
3120 4215 3335 4282 Ottavo,
3359 4215 3548 4284 Pojinn

288 4322 458 4388 ginutr
481 4320 738 4379 culmine.
771 4318 995 4388 singulis
1028 4318 1282 4371 Ecclesiae
1318 4313 1479 4383 jllSL'e
1509 4312 1863 4383 protectionis
1896 4328 1939 4384 ι)
1966 4313 2368 4376 Caminaldum,
2402 4319 2607 4364 curtem
2639 4309 3032 4371 Cervinariam,
3070 4319 3278 4362 curtem
3305 4307 3551 4363 Clit-isia-

291 4428 476 4465 manus
504 4411 803 4480 porrigere,
842 4421 1131 4478 quatenus,
1163 4409 1304 4476 quod
1345 4407 1450 4459 illis
1480 4405 1546 4458 ad
1589 4404 1863 4458 tutaminis

292 4505 499 4572 prolicit
525 4503 920 4564 fulcimentum,
957 4517 1055 4553 nos
1077 4498 1329 4568 expediat
1348 4514 1376 4550 a
1402 4498 1587 4551 debito
1615 4494 1864 4566 quodde-

294 4596 474 4647 lieums
497 4595 766 4647 omnibus.
785 4591 1013 4644 Proinde
1029 4601 1216 4659 rogatu
1235 4587 1414 4640 domui
1438 4584 1863 4658 supranominati

295 4685 564 4747 Bernardi,
591 4683 833 4754 episcopi
865 4683 924 4737 S.
959 4681 1210 4736 Ecclesia:
1234 4678 1533 4744 Esculame,
1559 4677 1865 4747 apostolica:

297 4777 626 4829 auctoritatis
695 4773 972 4828 munimen
1039 4770 1432 4832 concedentes,
1489 4780 1544 4824 et
1606 4786 1702 4839 per
1745 4783 1865 4823 eam

300 4870 512 4934 pra-fato
536 4869 810 4938 episcopo,
839 4865 1152 4934 cunctisque
1200 4862 1318 4932 ejus
1339 4863 1746 4918 successoribus
1773 4877 1864 4915 ea-

299 4959 486 5011 noiiiee
528 4958 652 5013 inihi
706 4956 1067 5020 intronizatis,
1118 4969 1240 5024 quae
1269 4953 1336 5006 ad
1366 4955 1624 5010 honorem
1649 4954 1742 5007 Dei
1777 4969 1867 5024 ge«

305 5049 506 5104 uitricis
569 5063 892 5121 semperque
945 5047 1166 5118 virginis
1231 5043 1412 5101 Mariae
1468 5055 1551 5100 est
1594 5046 1868 5113 dedicata,

305 5155 397 5193 nec
428 5140 480 5193 in
511 5139 778 5198 inferioris
835 5138 1166 5195 liberalitatis
1222 5140 1619 5208 prmsrriptum,
1651 5141 1745 5195 sed
1775 5145 1865 5197 ob-

305 5229 577 5296 staculum,
624 5246 677 5288 et
728 5229 898 5284 totius
926 5227 1278 5296 protectionis
1307 5227 1573 5298 clypeum,
1607 5230 1869 5302 privilegii

309 5321 562 5376 munimen
625 5321 990 5383 conferimus,
1069 5330 1126 5376 ut
1188 5318 1422 5374 ecclesia
1468 5338 1588 5392 qua:
1666 5323 1869 5378 nomini

1968 4421 2112 4467 nam.
2155 4413 2361 4458 curtem
2395 4401 2458 4454 de
2490 4399 2729 4462 Vivaria,
2760 4407 2968 4452 curtem
3007 4396 3063 4452 S.
3096 4390 3310 4462 Felicis,
3356 4396 3448 4466 Ptj
3475 4415 3544 4451 llll

1967 4500 2032 4553 de
2060 4496 2299 4566 l’ignole,
2330 4504 2539 4549 curtem
2591 4493 2648 4545 S.
2682 4493 2915 4552 Martini,
2945 4501 3185 4545 castrum
3233 4473 3298 4545 de
3327 4476 3547 4554 Curato,

1968 4608 2087 4646 cum
2124 4588 2254 4656 Pojo
2291 4587 2535 4649 llcliceti,
2573 4594 2628 4639 ct
2677 4581 2969 4646 Clslinulzc,
3003 4592 3210 4636 curtem
3233 4578 3540 4650 P0piliano,

1968 4689 2175 4735 curtem
2202 4678 2609 4738 Laurctiauam,
2660 4684 2866 4728 curtem
2917 4672 3310 4735 Maltinianam,
3349 4672 3543 4726 castels

1969 4774 2077 4826 lam
2107 4768 2345 4830 Castelli,
2374 4766 2426 4819 in
2451 4765 2774 4826 Frundaria,
2815 4773 3026 4818 curtem
3060 4759 3312 4826 Porilem,
3340 4772 3550 4819 curtem

1971 4865 2217 4921 Dianam,
2250 4867 2458 4913 curtem
2483 4851 2714 4923 Quarto,
2751 4855 3047 4910 Castellum
3080 4853 3146 4908 de
3186 4853 3556 4925 Postmontcs,

1969 4963 2180 5010 curtem
2206 4947 2585 5018 Capitlnulam,
2610 4954 2822 5001 curtem
2858 4936 3388 5010 Paternionisfcmn
3434 4949 3564 5022 l’ojo

1976 5040 2289 5112 Avignouis,
2337 5037 2622 5092 castellum
2675 5039 2742 5093 tle
2789 5035 3259 5095 Callonnatacum
3291 5041 3404 5096 suis
3442 5059 3567 5096 cur-

1975 5133 2138 5198 illius,
2168 5137 2376 5188 curtem
2400 5131 2614 5184 Cluiani
2681 5146 2804 5185 cum
2832 5146 2934 5187 suo
2965 5129 3211 5198 castello,
3241 5145 3449 5189 curtem
3501 5137 3568 5189 de

1973 5225 2188 5288 Casule,
2214 5233 2266 5278 ct
2292 5222 2574 5276 castellum
2614 5221 2682 5276 de
2709 5221 2865 5276 Vina.
3249 5235 3254 5244 ·

2046 5319 2170 5373 [late
2195 5315 2374 5370 omnia
2401 5329 2562 5383 supra
2594 5316 2869 5369 nominata
2893 5332 3018 5375 cum
3045 5316 3294 5389 plebibus
3321 5330 3375 5374 et
3398 5318 3572 5378 eccle-
