4020 5392
466 247 572 308 815

1717 237 2029 295 VICTORIS
2073 236 2111 291 ll
2154 234 2354 291 ΡᾹΡᾸΞ

3561 281 3563 283 ,
3613 231 3714 291 816

480 357 661 432 gratis,
691 354 931 428 pascuis,
982 352 1176 415 vineis.
1228 351 1462 416 olivetis,
1507 350 1667 406 cultis
1705 359 1760 405 ct
1799 349 2038 412 incultis,
2075 355 2118 409 Α
2148 346 2416 400 ctoritatis
2452 343 2810 414 privilegium,
2839 357 2960 398 cum
2983 344 3233 399 omnibus
3263 343 3420 400 rebus
3461 353 3521 400 et
3546 345 3716 400 iacul-

479 449 650 521 aquis,
706 443 1051 510 tuolendinis,
1098 443 1368 514 piscariis,
1397 439 1807 512 piscatiouibus,
1855 439 2044 494 salinis

480 550 843 610 aquarumque
864 535 1201 599 decursibus,
1229 549 1327 588 nec
1352 549 1456 588 non
1482 541 1537 588 et
1563 532 1849 596 armentis,
1879 543 2044 600 equo-

479 641 703 698 rumque
727 625 968 690 forestis,
1013 641 1117 680 seu
1151 625 1399 679 omnibus
1440 622 1586 691 juste
1614 623 1718 678 sibi
1768 623 2043 692 pertinen-

481 719 643 786 .ibus,
673 719 726 773 in
762 717 1027 786 integrum
1074 714 1491 778 conﬁrmamus,
1541 722 1705 782 atque
1752 710 2041 781 apostolica

480 809 810 865 auctoritate
843 807 1278 862 corroboramus.
1313 803 1558 859 Decimas
1583 803 1767 866 etiam,
1811 815 1906 855 seu
1937 799 2046 870 pri-

483 901 679 968 mitias,
733 908 792 955 ct
825 909 1047 955 cunctas
1087 897 1389 952 oblationes
1437 895 1677 949 ﬁdelium
1720 893 1966 948 vivorum
1991 900 2046 946 et

483 1003 813 1052 mortuorum
840 993 1011 1048 eidem
1037 991 1364 1062 episcopatui
1381 988 1526 1057 juste
1573 998 1628 1044 et
1647 987 1906 1043 canonice
1928 1001 2049 1056 per.

483 1087 712 1142 .iuentes
740 1083 857 1149 tibi,
876 1082 1028 1153 juxta
1060 1082 1375 1136 canonicam
1402 1079 1792 1134 institutionem
1814 1076 1915 1132 SS.
1948 1077 2049 1132 Pa-

483 1192 640 1239 .rum,
667 1175 1031 1232 concedimus.
1077 1171 1184 1227 Nec
1231 1187 1334 1225 non
1379 1179 1436 1226 et
1489 1169 1618 1224 illud
1649 1167 1933 1224 statuendo
1958 1169 2051 1222 de-

484 1269 772 1333 :ernimus,
799 1282 866 1322 ne
889 1266 1082 1334 aliquis
1107 1264 1414 1334 episcopus,
1447 1262 1678 1331 alicujus
1719 1260 2044 1314 auctoritate

485 1359 564 1416 vel
589 1367 856 1430 potestate
896 1356 1168 1420 suffultus,
1193 1355 1388 1409 audeat
1431 1355 1635 1422 absque
1676 1350 1890 1406 licentia
1920 1349 2049 1404 inibi

497 1459 625 1504 uxta
675 1447 883 1519 praefati
918 1444 1153 1516 cpisc0pi
1202 1442 1591 1506 ordinationes,
1643 1454 1739 1494 seu
1785 1439 2056 1494 constitu-

484 1542 655 1604 tiones
677 1540 888 1609 aliquas
912 1538 1112 1601 facere,
1137 1535 1221 1591 vel
1241 1534 1445 1604 judicia
1477 1534 1780 1603 disponere,
1812 1547 1907 1587 seu
1941 1529 2051 1585 cle-

484 1633 645 1697 ricos,
674 1628 1131 1699 autpresbyteros
1185 1625 1390 1697 synodo
1429 1624 1791 1695 qualicunque
1830 1622 2052 1678 distrin-

2149 439 2349 494 tatibus
2397 438 2509 492 suis
2563 452 2699 505 quas
2748 438 2905 491 modo
2948 435 3095 506 juste
3146 436 3345 491 habere
3390 435 3628 500 videtur,
3668 446 3721 491 ct

2147 532 2424 600 deinceps,
2452 528 2748 584 auxiliante
2777 528 3024 591 Domino,
3053 529 3167 583 sive
3197 546 3227 582 a
3259 528 3500 597 regibus,
3551 528 3671 583 sive
3691 545 3719 581 a

2145 621 2512 690 cujuscunque
2540 619 2818 690 dignitatis
2873 629 2930 675 et
2985 619 3193 675 ordinis
3250 620 3565 675 hominibus
3607 633 3725 674 esse

2149 716 2364 787 poterit.
2405 716 2551 770 Sane
2585 715 2638 769 in
2669 715 2787 785 ipso
2822 713 3026 784 majore
3063 713 3224 770 altari
3273 729 3429 768 nova:
3479 712 3722 769 ecclesia:

2156 809 2503 881 prohibemus
2547 806 2707 862 alicui
2741 807 3004 862 sacerdoti
3040 807 3261 861 missam
3289 804 3596 868 celebrare,
3623 803 3724 858 nisi

2150 918 2310 974 quem
2359 916 2458 956 vos
2493 900 2767 970 vestrique
2823 912 3163 954 successores
3197 897 3493 963 voluerint,
3523 897 3664 952 sicut
3696 912 3725 949 a

2149 997 2550 1067 praedecessore
2596 1001 2783 1048 nostro
2803 991 2985 1048 Leone
3011 991 3163 1048 vobis
3183 1001 3268 1047 est
3297 990 3728 1053 conﬁrmatum;

2151 1090 2326 1158 ipsum
2363 1101 2496 1141 vero
2547 1084 2937 1140 monasterium
2983 1083 3036 1139 in
3093 1084 3380 1154 integrum,
3431 1082 3579 1138 sicut
3619 1083 3729 1153 jam

2153 1176 2518 1247 praediximus,
2547 1174 2896 1230 concedimus
2939 1183 2995 1231 et
3041 1173 3471 1240 conﬁrmamus;
3528 1189 3593 1229 ea
3636 1190 3725 1229 ra-

2154 1270 2318 1334 tione,
2366 1275 2426 1320 nt
2469 1267 2721 1320 omnibus
2756 1266 2945 1322 diebus
2984 1267 3110 1322 vitae
3157 1275 3351 1321 vestrae
3399 1267 3506 1320 sub
3546 1276 3726 1321 nostra

2153 1359 2379 1423 ditione,
2403 1355 2487 1410 vel
2514 1355 2797 1426 regimine,
2835 1356 2990 1411 sicuti
3028 1356 3182 1410 vobis
3231 1356 3536 1412 secundum
3565 1357 3727 1412 Deum

2157 1447 2331 1502 visum
2365 1444 2530 1500 fuerit
2553 1447 2862 1517 disponere,
2887 1448 3109 1500 omnino
3134 1447 3422 1516 pertineat.
3467 1446 3608 1502 Cum
3636 1462 3720 1502 au-

2159 1547 2264 1592 tem
2310 1536 2491 1591 divina
2548 1537 2836 1593 vocatione
2887 1537 2953 1590 de
3011 1533 3270 1606 pratsenti
3334 1536 3439 1592 hac
3493 1536 3618 1592 luce
3666 1536 3729 1592 ad

2159 1631 2443 1685 Dominum
2483 1629 2868 1700 migraveritis,
2919 1628 3207 1682 statuimus
3246 1627 3314 1681 de
3346 1627 3571 1698 propria
3597 1644 3727 1684 con-

485 1693 638 1793 geret
666 1719 752 1774 vel
789 1693 1056 1787 inligare.
1098 1693 1408 1770 Statuentes
1446 1693 1609 1785 igitur
1643 1711 1934 1783 apostolica
1961 1726 2055 1764 au-

2159 1722 2493 1792 eregatione,
2533 1735 2694 1790 quam
2733 1719 2836 1774 sibi
2883 1717 3211 1772 unanimitas
3259 1718 3470 1787 prmiati
3538 1732 3718 1773 mona-

484 1811 748 1876 ctoritate,
782 1825 902 1880 quia
928 1807 1192 1863 servanda
1213 1814 1296 1862 est
1323 1806 1391 1860 ab
1410 1806 1680 1870 omnibus,
1701 1814 1756 1858 et
1783 1804 1836 1858 in
1871 1803 2051 1858 omni-

485 1916 580 1956 nus
600 1899 910 1964 statuimus,
938 1905 993 1952 et.
1012 1897 1111 1951 sub
1140 1897 1485 1950 anathemate
1519 1892 1963 1963 constringimus,
1997 1899 2056 1946 ut

484 1991 679 2048 nullus.
706 1992 1025 2061 imperator,
1083 1988 1198 2043 sive
1240 2002 1355 2051 rex,
1404 1986 1589 2042 nullus
1625 1986 1754 2049 dux,
1797 1984 1880 2040 vel
1911 1999 2054 2038 mar-

483 2082 636 2148 chio,
661 2095 868 2148 comes,
894 2080 1218 2143 vicecomes,
1241 2077 1531 2140 eastaldus,
1573 2075 1658 2130 vel
1687 2075 1914 2145 quilibet
1961 2090 2058 2144 pu-

485 2173 621 2230 blice
641 2173 844 2244 pariter
885 2179 1125 2235 exactor,
1166 2183 1263 2223 seu
1307 2165 1596 2237 cujuslibet
1648 2165 1881 2221 hominis
1928 2178 2057 2234 per-

483 2281 638 2330 sena,
693 2265 1060 2334 cujuscunque
1123 2260 1195 2316 sit
1235 2259 1442 2314 ordinis
1475 2258 1562 2313 vel
1611 2256 1913 2328 dignitatis,
1961 2270 2057 2310 seu

485 2357 785 2427 religionis,
819 2355 959 2410 hanc
980 2351 1367 2424 pragmaticam
1409 2348 1676 2421 privilegii
1719 2352 2056 2404 sanctionem

487 2449 685 2503 audeat
716 2445 1012 2517 refragarc,
1035 2442 1121 2498 vel
1143 2442 1196 2498 in
1219 2455 1491 2512 quoquam
1518 2439 1893 2511 confringere;
1916 2436 2058 2508 quod

488 2542 580 2614 qui
630 2538 918 2595 tentaverit
967 2552 997 2590 a
1049 2536 1111 2590 Β.
1142 2535 1326 2598 Petro,
1373 2531 1741 2604 apostolorum
1784 2529 2054 2600 principe.

485 2635 830 2689 anathemate
881 2630 1062 2685 divino
1108 2641 1397 2698 percussus
1460 2625 1721 2690 intereat,
1782 2622 1907 2692 quia
1962 2621 2058 2677 Dei

485 2725 836 2787 Genitriccm,
864 2722 1021 2790 eique
1046 2716 1368 2772 famulantes
1403 2713 1676 2770 oii‘eudere
1725 2729 1832 2768 non
1877 2711 2061 2766 timuit

491 2820 766 2887 Deumque
811 2816 913 2870 hoc
963 2812 1236 2882 inspicere
1283 2824 1383 2880 pro
1404 2808 1572 2862 nihilo
1609 2806 1802 2872 duxit;
1836 2818 2057 2860 conser-

485 2919 639 2966 vator
672 2922 799 2962 vero
827 2903 1199 2961 benedictione
1237 2897 1486 2956 sutIultus
1532 2895 1828 2967 apostolica
1879 2909 1910 2948 a
1945 2895 2058 2948 Deo

492 2999 860 3070 omnipotente
886 2997 1052 3051 vitam
1081 3001 1446 3063 consequatur
1465 2998 1754 3044 aeternam.

561 3087 795 3144 Victoris
861 3087 1047 3156 primae
1117 3083 1261 3136 sedis
1323 3078 1558 3150 episcopi
1617 3086 1673 3132 et
1736 3073 2059 3130 universalis

495 3200 649 3256 papae
678 3183 742 3238 ιι.

561 3276 718 3332 Jssus
743 3273 1033 3330 Cuntsrus.
1059 3269 1294 3324 Per-nus.
1325 3265 1554 3322 Paucos.

567 3371 702 3425 Data
761 3383 814 3423 tv
870 3366 1009 3421 Non.
1035 3362 1299 3424 Januarii,
1347 3377 1442 3430 per
1483 3372 1674 3413 manus
1716 3353 2064 3410 Hildebrandi

496 3461 553 3517 S.
589 3461 653 3516 ll.
684 3460 745 3515 Ε.
790 3455 1104 3515 subdiaconi
1139 3455 1256 3509 vice
1295 3449 1584 3506 llermandi
1627 3446 1938 3517 apostolica:
1983 3459 2070 3499 se-

500 3555 584 3611 dis
607 3547 1098 3614 archicancellarii,
1125 3563 1210 3600 an.
1235 3545 1409 3616 primo
1436 3543 1498 3597 D.
1543 3538 1774 3595 Victoris
1809 3552 1963 3608 papa:
2003 3535 2066 3599 ll,

496 3649 660 3704 indie.
701 3661 819 3700 vui.
853 3643 1045 3698 Datum
1076 3639 1263 3694 Romte
1311 3636 1364 3690 in
1407 3634 1500 3689 Dei
1551 3630 1772 3687 nomine
1812 3628 2067 3685 feliciter.

495 3739 692 3794 Amen.

1228 3857 1355 3914 Vill.

576 3982 754 4037 Victor
775 3980 834 4034 II
891 3977 1114 4034 abbatiw
1155 3968 1488 4110 Ani/islavirtnsi
1511 3965 1641 4037 jura
1662 3974 1709 4019 et
1729 3959 2003 4033 privilegia

1145 4059 1240 4096 con
1287 4057 1395 4094 rma
1427 4079 1442 4094 .

1145 4057 1442 4096 connrmat.

1061 4155 1235 4226 (Anno
1259 4148 1550 4218 1055—57.)

505 4292 908 4366 [Wunnr‘vvyru
969 4284 1120 4366 lyova
1169 4282 1428 4366 [Subsidia
1467 4270 2067 4366 Διίῑριειῃν.Αςοεητμξξξῖ

573 4344 863 4436 Meas,
896 4344 961 4436 ex
986 4353 1363 4436 lib_ro_Sal_ico
1403 4344 2070 4436 mcm’branaccopbb‘qtia:

575 4411 972 4488 Ἀῖιῖἱιτιῖιῖέπὶεῑε.
1004 4425 1094 4479 tot.
1130 4424 1183 4484 t.
1217 4431 1272 4476 ct
1300 4435 1368 4476 ex
1403 4419 1546 4474 bulla
1572 4414 1906 4488 autographa
1933 4411 2067 4466 Mar-

575 4503 672 4559 tini
702 4500 767 4556 γ.
798 4497 904 4555 ΡΡ.
928 4513 1017 4552 an.
1045 4491 1228 4566 1426.]

576 4633 784 4690 Vtcron
830 4629 1135 4701 episc0pus,
1179 4637 1368 4678 servus
1386 4633 1661 4676 servorum
1704 4615 1821 4683 Dei,
1866 4614 2074 4670 dilectze

518 4728 572 4782 in
597 4725 815 4782 Christo
842 4720 963 4777 tiliae
997 4719 1286 4779 Maurum,
1319 4713 1580 4784 religiosa:
1604 4707 1889 4764 abbatissae
1914 4722 2074 4762 vene-

502 4816 690 4872 rabilis
725 4810 1038 4870 mouasterii
1088 4807 1275 4864 Sancti
1322 4803 1568 4866 Fabiani,
1625 4799 1946 4868 Sanctaeque
1979 4796 2082 4852 Fe-

505 4909 742 4974 Iicitatis,
772 4905 918 4979 quod
962 4901 1264 4974 appellatur
1313 4894 1588 4967 Helgonis,
1635 4893 1799 4948 situm
1854 4891 1911 4944 in
1938 4903 2075 4959 pago

503 4995 772 5064 Helizaze,
817 4995 1032 5064 tuisque
1084 4982 1824 5048 successoribus,abbatissis
1884 4994 2075 5050 perpe-

504 5103 652 5148 tuam
681 5090 736 5144 in
759 5087 986 5143 Domino
1013 5082 1262 5140 salutem.
1517 5072 1525 5076 ’

575 5180 844 5249 Congruis
875 5174 1108 5244 etjustis
1136 5168 1488 5243 petitionibus
1507 5167 1685 5224 divina
1724 5164 2076 5220 miseratione

506 5265 840 5342 praestandus
883 5271 979 5328 est,
1005 5261 1244 5317 effectus.
1300 5258 1640 5328 Quapropter
1671 5253 1869 5311 vestris
1908 5253 2071 5308 incli-

505 5359 616 5392 ...ιὶ
644 5349 1120 5392 ἰηιρνρραςίηιιίὶιηιι
1157 5348 1300 5392 inxln
1341 5346 1586 5392 osamnis]
1611 5345 2072 5392 nrmdecessorum

2157 1811 2309 1867 sterii
2374 1809 2693 1865 ancillarum
2739 1806 2832 1862 Dei
2875 1807 3217 1863 concorditer
3239 1807 3488 1877 elegerit,
3533 1808 3732 1877 absque

2157 1903 2524 1973 cujuscunque
2580 1901 2814 1958 hominis
2848 1901 3235 1956 contrarietate
3293 1899 3378 1954 vel
3421 1901 3727 1969 obstaculo,

2159 1995 2277 2051 ﬁeri
2309 1993 2660 2053 abbatissam.
2693 1999 2984 2064 praestante
3016 1990 3270 2046 videlicet
3295 1991 3456 2046 nobis
3509 2002 3566 2046 et
3602 2007 3718 2047 suc-

2158 2086 2466 2142 cessoribus
2516 2083 2717 2138 nostris
2762 2082 3070 2138 aunualiter
3134 2093 3246 2139 tres
3291 2099 3507 2153 pannos
3569 2083 3731 2139 lineos

2156 2176 2451 2248 pontilicali
2485 2175 2609 2231 usui
2659 2183 2834 2245 aptos.
2868 2174 3020 2240 Quod
3055 2176 3100 2230 si
3141 2176 3197 2230 in
3239 2176 3486 2242 biennio,
3541 2186 3637 2231 aut
3679 2179 3732 2232 in

2159 2268 2392 2322 triennio
2459 2266 2787 2335 persolutum
2835 2281 2942 2321 non
3007 2267 3188 2332 fuerit,
3232 2268 3485 2324 volumus
3540 2277 3601 2322 ut
3681 2269 3730 2322 iu

2161 2371 2358 2430 quarto
2399 2375 2542 2413 anno
2588 2373 2784 2414 census
2825 2358 2939 2428 ipse
2989 2357 3057 2412 de
3110 2359 3382 2428 prmdictis
3424 2360 3589 2414 annis
3637 2361 3732 2414 sub

2163 2453 2474 2524 integritate
2496 2449 3224 2520 solummodo‘persolvatur,
3263 2464 3365 2506 nec
3403 2465 3436 2504 a
3467 2465 3732 2507 successo-

2160 2545 2309 2600 ribus
2352 2542 2550 2598 nostris
2592 2541 2798 2611 aliquid
2838 2540 3091 2610 amplius,
3142 2542 3302 2596 modo
3349 2541 3620 2610 quolibet,
3649 2557 3729 2595 re-

2160 2634 2431 2706 quiratur.
2475 2631 2812 2702 Quapropter
2835 2630 3086 2700 praesenti
3127 2630 3345 2685 decreto
3378 2629 3633 2699 iubemus
3678 2639 3732 2684 ut

2159 2725 2336 2779 nullus
2369 2725 2778 2794 imperatorum,
2835 2721 2922 2777 vel
2970 2737 3179 2792 regmn,
3231 2731 3324 2776 aut
3351 2723 3734 2791 cujuscumque

2163 2816 2440 2886 dignitatis
2498 2813 2584 2868 vel
2611 2813 2818 2869 ordinis
2867 2812 3028 2868 homo
3073 2813 3291 2879 audeat,
3341 2815 3442 2868 sub
3502 2813 3733 2884 quolibet

2160 2907 2500 2974 obtentu,vel
2525 2906 2832 2973 occasione,
2862 2905 3142 2976 praefatum
3176 2905 3731 2976 monasterium,quod

2087 3029 2132 3092 ε
2161 3015 2261 3070 pro
2285 3013 2468 3054 amore
2492 2999 2770 3052 beatorum
2802 2997 3163 3066 apostolorum
3197 2995 3341 3051 Petri
3371 3006 3428 3051 et
3475 2996 3645 3062 Pauli,
3675 3011 3733 3049 ac

2168 3092 2496 3161 sempiterna
2531 3089 2736 3144 scilicet
2760 3089 2954 3145 animae
2979 3105 3089 3144 sua:
3117 3090 3578 3156 remuneratione,
3603 3105 3729 3159 pra:-

2166 3185 2326 3240 lihata
2356 3183 2738 3253 gloriosissima
2785 3182 3095 3252 imperatrix
3140 3181 3410 3236 Richarda
3457 3199 3563 3252 una
3617 3197 3728 3236 cum

2168 3281 2490 3335 charissimo
2545 3277 2656 3332 lilio
2699 3284 2888 3332 nostro
2943 3275 3136 3330 Carolo
3185 3276 3533 3331 screnissimo
3579 3277 3732 3344 impe-

2169 3379 2348 3423 ratore
2382 3370 2644 3436 Augusto,
2677 3374 2730 3421 et
2773 3365 2916 3435 quod
2944 3366 3102 3421 beato
3128 3363 3290 3419 Petro
3323 3367 3558 3436 principi
3613 3381 3733 3435 ape-

2169 3460 2426 3515 stolorum
2452 3473 2550 3527 per
2578 3457 2886 3512 donationis
2911 3457 3161 3526 paginam
3185 3456 3730 3521 obtulerunt,iuquie~

2173 3559 2307 3614 tare,
2341 3547 2426 3604 vei
2472 3548 2814 3617 aliquatenus
2860 3547 3170 3612 molestare,
3220 3556 3313 3600 aut
3341 3546 3407 3600 ad
3433 3546 3529 3615 jus
3563 3561 3726 3608 suum,

2171 3641 2254 3694 vel
2284 3639 2541 3703 alienum,
2566 3637 2882 3702 transferre,
2928 3638 3022 3692 sed
3049 3651 3221 3706 neque
3253 3637 3306 3691 in
3340 3637 3647 3692 hominibus
3669 3649 3729 3688 ac

2174 3731 2515 3785 facultatibus
2559 3729 2675 3802 ejus
2731 3729 2908 3798 aliqua
2963 3730 3396 3783 contradictione
3451 3740 3547 3783 aut
3590 3729 3729 3782 inva-

2174 3821 2326 3876 sione
2350 3835 2562 3891 quoque
2591 3828 2832 3889 tempore
2878 3818 3056 3874 facere
3082 3829 3389 3888 przrsumat.
3435 3819 3544 3876 Sed
3581 3820 3730 3873 liceat

2168 3911 2282 3980 jam
2320 3909 2479 3964 dictis
2505 3907 2712 3963 ancillis
2742 3907 2835 3962 Dei
2856 3923 2977 3962 cum
3019 3908 3292 3963 abbatissa
3317 3907 3532 3978 prepria
3565 3907 3614 3959 in
3645 3904 3724 3958 Dei

2173 3998 2557 4068 omnipotentis
2587 3997 2810 4052 servitio
2839 3997 3022 4066 quiete
3072 3997 3276 4062 vivere,
3323 4013 3388 4052 ac
3426 3999 3527 4052 sub
3561 3996 3728 4050 defen-

2176 4091 2328 4145 sione
2365 4097 2566 4145 sanctae
2617 4088 2926 4156 apostolicae
2972 4089 3080 4152 cui,
3112 4088 3222 4143 Deo
3258 4097 3502 4150 auctore,
3553 4089 3730 4140 desero

2174 4181 2351 4235 vimus
2405 4179 2684 4244 Ecclesia,
2721 4179 2986 4235 securiter
3030 4194 3364 4249 permanere.
3425 4178 3481 4233 Si
3536 4192 3722 4241 autem,

2177 4273 2318 4345 quod
2341 4273 2482 4329 absit
2535 4281 2596 4329 et
2647 4272 2762 4328 fieri
2814 4289 2919 4327 non
2966 4272 3266 4337 credimus,
3316 4270 3513 4340 aliquis
3551 4277 3723 4324 contra

2101 4370 2148 4429 D
2175 4368 2276 4424 hoc
2304 4377 2546 4423 nostrum
2577 4365 2927 4437 apostolicum
2949 4363 3278 4434 privilegium
3302 4363 3484 4416 venire
3502 4360 3732 4416 tacereve

2177 4474 2310 4515 ausu
2365 4458 2652 4513 temerario
2702 4456 3016 4519 tentaverit,
3077 4454 3316 4524 perpetui
3375 4448 3717 4507 anathematis

2177 4550 2389 4606 vinculo
2427 4549 2736 4611 innodatus,
2778 4563 2842 4602 ac
2877 4554 3133 4616 perpetua
3177 4544 3403 4608 ultione,
3460 4542 3563 4596 nisi
3595 4537 3727 4593 resi—

2175 4643 2370 4715 puerit,
2427 4650 2642 4696 maneat
2689 4640 3095 4694 condemnatus.
3137 4637 3238 4704 Qui
3303 4650 3431 4690 vero
3477 4643 3652 4688 custos
3675 4637 3724 4681 ct

2174 4734 2493 4788 observator
2522 4727 2812 4792 exstiterit,
2857 4725 3250 4781 benedictionis
3294 4724 3522 4795 gratiam
3552 4730 3604 4774 ct
3633 4717 3723 4772 mi-

2176 4823 2525 4881 sericordiam
2549 4837 2579 4875 a
2603 4818 2830 4874 Domino
2860 4818 2969 4872 Deo
2994 4815 3248 4885 consequi
3273 4822 3562 4876 mercatur,
3590 4817 3644 4862 ut
3675 4808 3722 4860 in

2177 4911 2383 4968 caelesti
2401 4911 2530 4967 sede
2551 4908 2827 4981 glorietur.

2910 4995 2981 5050 IX

2253 5135 2476 5190 Victoris
2511 5133 2570 5188 11
2609 5128 3061 5269 ρτξυὶιρρῗμιιὲωεᾘ
3098 5127 3335 5210 libertate
3370 5118 3660 5178 monasterii
3729 5113 3738 5120 ’

2703 5309 2883 5381 (Anno
2923 5302 3203 5374 mss-57.)
