4020 5392
277 375 375 431 827

1238 380 1598 438 ειηετομε
1639 379 1726 435 ET
1769 377 2159 434 DIPLOMATA
2199 379 2601 440 PONTIFICIA.

3420 380 3525 438 818

281 495 439 565 pibns
475 496 621 567 regni
653 496 880 553 salutem
917 507 974 552 et
1003 497 1354 567 apostolicam
1404 499 1850 554 benedictionem.
1885 505 1924 557 Α
1961 514 2170 554 luamus
2194 499 2441 554 Rulando
2467 500 2702 570 praefata
2741 502 2982 558 ecclesia
3007 503 3279 575 episcOpo,
3303 503 3529 574 suisque

353 586 701 658 l’riviiegium
743 589 1052 658 apoSIolictc
1089 599 1144 642 et
1183 589 1436 644 Romana:
1485 589 1737 644 Ecclesia:
1765 603 1858 640 au-

284 677 847 748 ctoritateantiquitus
859 681 1250 750 conscriptum,
1274 689 1328 736 et
1355 681 1642 736 multorum
1669 681 1861 749 sapius

285 773 638 827 attestatione
664 775 1057 828 auctorizatum
1085 789 1248 843 super
1285 774 1590 828 coenobium
1612 772 1860 844 Elyense,

287 865 432 934 quod
467 865 685 935 gloriosi
721 876 924 921 sanctze
978 865 1235 922 Ecclesia:
1286 867 1475 920 Patres
1526 864 1614 933 piu
1670 861 1863 916 allectu

290 952 437 1021 larga
501 969 663 1008 manu
716 956 1150 1019 constituerunt,
1213 964 1406 1009 vestra!
1463 954 1563 1023 pia:
1623 950 1896 1021 petitioni

289 1045 571 1100 succincte
602 1061 945 1109 renovamus,
979 1062 1044 1101 ac
1069 1055 1327 1117 perpetua
1358 1044 1653 1100 stabilitate
1687 1041 1868 1094 firma-

289 1150 435 1199 mus,
467 1137 581 1191 imo
606 1136 876 1198 ﬁrmatum
907 1138 1333 1194 conclamamus.

361 1230 684 1288 Mandamus
726 1248 858 1302 ergo
902 1244 958 1288 et
1003 1231 1126 1300 jure
1178 1229 1476 1302 apostolico
1527 1225 1873 1298 prtecipimus

295 1323 524 1378 liberam
555 1339 674 1380 esse
697 1327 1004 1391 ecclesiam,
1033 1335 1090 1380 et
1127 1327 1308 1382 omnia
1341 1340 1461 1394 qua:
1492 1322 1564 1378 ibi
1595 1319 1875 1376 continen-

296 1425 386 1468 tur
409 1417 492 1469 vel
521 1416 790 1486 adjacent,
820 1418 904 1472 vel
936 1418 1276 1486 adjicientur,
1301 1417 1472 1481 cellis,
1501 1413 1681 1478 terris,
1709 1410 1875 1480 agris,

297 1506 540 1575 pascuis,
578 1507 880 1577 paludibus,
916 1509 1089 1570 silvis,
1121 1507 1516 1568 venationibus,
1558 1503 1734 1573 aquis,
1767 1499 1871 1569 pis-

297 1598 632 1666 t-atinnibus,
666 1599 1038 1666 libertatibus,
1087 1601 1326 1656 servitiis
1367 1599 1599 1662 debitis,
1630 1593 1879 1655 decimis,

299 1705 492 1754 censu,
546 1693 962 1764 capitationibus
988 1735 1003 1759 ,
1057 1693 1266 1763 legibus
1290 1734 1304 1756 ,
1359 1687 1840 1747 consuetudinibus
1865 1721 1880 1747 ,

302 1795 596 1837 causarum
668 1784 1122 1846 discussionibns,
1179 1782 1645 1843 correctionihus,
1702 1789 1885 1831 cmen-

305 1877 640 1942 dationibus,
707 1880 819 1934 sive
910 1877 1339 1941 ecclesiasticis,
1417 1876 1530 1930 sive
1615 1869 1886 1926 maculari.

308 1966 430 2030 bus,
461 1975 518 2021 et
563 1967 784 2023 omnino
825 1981 1162 2038 qntrcunqne
1193 1966 1410 2036 scriptis
1439 1964 1520 2018 vel
1552 1961 1890 2018 testamentis

309 2056 478 2125 ipsius
507 2056 610 2112 loci
645 2057 726 2112 vel
759 2057 1068 2112 testimonio
1111 2058 1373 2110 honorum
1405 2054 1682 2108 hominum
1713 2066 1889 2106 reme-

311 2149 512 2201 morari
545 2157 792 2213 possunt,
824 2164 945 2219 qua:
991 2164 1021 2203 a
1063 2148 1284 2219 regibus
1314 2145 1398 2198 Vel
1432 2145 1500 2200 ab
1535 2144 1716 2213 aliquo
1762 2142 1894 2196 tide-

309 2239 442 2294 lium
471 2239 678 2293 sanctis
704 2241 757 2294 in
794 2241 885 2295 illo
914 2239 1243 2296 monasterio
1269 2238 1464 2294 collata
1511 2235 1593 2290 vel
1632 2249 1892 2291 concessa

311 2339 458 2393 sunt,
487 2343 598 2398 quo
627 2344 786 2384 nemo
811 2346 874 2384 es
908 2331 991 2384 his
1022 2331 1342 2384 subtrahere
1369 2327 1453 2383 vel
1476 2328 1778 2381 dimiuucre
1801 2336 1894 2380 aut

309 2419 627 2490 disperdere
673 2421 855 2492 aliqua
910 2421 1198 2476 occasione
1240 2419 1448 2489 judicio
1504 2418 1584 2471 vel
1627 2426 1894 2488 potestate

314 2521 632 2581 prtesumat,
667 2527 767 2567 nec
811 2513 1096 2583 episcopus
1145 2512 1229 2566 vel
1277 2509 1508 2579 alicujus
1537 2509 1748 2564 ordinis
1795 2508 1894 2562 mi-

314 2602 488 2656 nister
519 2616 579 2657 se
611 2603 956 2658 intromittat.
1008 2602 1065 2658 Si
1097 2604 1219 2673 quis
1246 2618 1376 2658 vero
1402 2599 1754 2674 malignitatis
1782 2599 1893 2672 spi-

317 2695 422 2748 ritu
447 2704 754 2751 commotus
779 2697 918 2751 hanc
940 2695 1242 2751 libertatem
1271 2696 1375 2751 loci
1406 2695 1552 2751 illius
1579 2695 1891 2765 infringere,

319 2799 678 2860 nostrumque
728 2790 1068 2861 privilegium
1121 2801 1471 2845 contemnere
1527 2788 1612 2843 vel
1663 2787 1896 2857 atzjicere

317 2882 572 2947 voluerit,
605 2898 635 2937 a
665 2883 774 2938 Deo
808 2893 861 2936 et
893 2883 961 2939 ab
991 2881 1246 2938 omnibus
1295 2881 1497 2936 sanctis
1521 2878 1639 2948 ejus
1668 2879 1738 2932 sit
1764 2893 1898 2931 con-

319 2974 611 3029 demnatus
640 2984 698 3028 et
721 2992 748 3028 a
784 2975 940 3030 nobis
987 2974 1042 3029 in
1073 2982 1336 3045 quantum
1368 2972 1493 3026 licet
1528 2967 1900 3024 excommuni-

316 3074 498 3130 catns,
521 3074 576 3119 et
601 3079 631 3118 a
655 3066 930 3120 consortio
955 3064 1197 3121 omnium
1221 3061 1452 3118 ﬁdelium
1468 3067 1774 3124 seaaratns,
1796 3056 1896 3112 nisi

320 3157 631 3228 resipiscat.

1081 3267 1151 3322 Χ.

327 3403 486 3476 Belia
520 3403 750 3460 Victoris
776 3403 837 3459 11
845 3447 860 3471 ,
891 3421 995 3476 qua
1018 3403 1262 3459 Rolando
1294 3395 1907 3476 episcopoﬁerrariemi.

398 3474 623 3615 ginqua
660 3469 934 3542 Ecetesia‘,
977 3476 1152 3530 omnia
1198 3469 1333 3541 jura'
1373 3489 1436 3526 ac
1471 3469 1740 3540 privilegia
1778 3482 1911 3520 con~

447 3555 601 3600 rmat.

932 3657 1111 3728 (Anno
1143 3655 1326 3726 was.)

612 3769 961 3844 [Housman
1000 3769 1176 3839 Antiq.
1208 3766 1360 3832 Παλ,
1394 3764 1478 3833 Vl,
1506 3765 1660 3838 225.]

411 3905 617 3961 Vtcron
641 3907 951 3976 episcopus,
981 3915 1171 3958 servus
1197 3914 1478 3956 servorum
1504 3898 1622 3954 Dei.

414 3995 608 4051 Notum
641 3996 714 4050 sit
756 3995 1006 4050 omnibus
1035 3992 1268 4058 Christi,
1297 3991 1604 4059 nostrisque
1650 3985 1915 4048 ﬁdelibus,

343 4096 454 4140 tam
506 4085 700 4139 futuris
747 4100 908 4154 quam
954 4083 1332 4154 praesentibus,
1387 4080 1620 4151 qualiter
1666 4091 1764 4130 nos
1792 4090 1920 4130 con-

348 4177 683 4231 firmavimus
715 4175 998 4246 privilegio
1050 4183 1250 4228 nostra:
1293 4169 1633 4226 auctoritatis
1680 4164 1922 4222 Rulando

349 4268 711 4323 Ferrariensis
740 4267 988 4322 Ecclesia:
1017 4267 1294 4337 episcopo,
1326 4265 1544 4333 suisque
1583 4257 1917 4316 successori-

351 4362 472 4424 hus,
502 4374 691 4414 omnes
734 4371 823 4413 res
850 4358 1086 4428 ejusdem
1115 4357 1356 4413 ecclesia:
1399 4355 1622 4410 mobiles
1650 4361 1706 4408 et
1735 4353 1926 4408 immo-

353 4450 514 4513 biles,
560 4450 698 4504 sicut
731 4447 889 4502 modo
943 4447 1010 4501 ad
1054 4462 1294 4516 praesens
1342 4445 1456 4514 ipsa
1503 4443 1728 4499 ecclesia
1782 4442 1926 4512 juste

355 4549 523 4600 tenet,
552 4540 635 4596 vel
659 4545 822 4610 queat
845 4536 898 4591 in
929 4505 1166 4591 futurum
1184 4538 1329 4607 jnste
1353 4505 1598 4606 l-cgaliter
1621 4505 1924 4603 acquirere,
1955 4505 2006 4566 D

351 4639 408 4685 et
458 4639 519 4683 ut
563 4630 762 4684 amissa
814 4640 1158 4696 recuperare,
1207 4636 1261 4680 et
1309 4640 1428 4695 qua:
1474 4634 1621 4679 tenet
1683 4620 1930 4678 securius

354 4720 536 4774 valeat
577 4721 874 4790 possidere.
906 4717 1171 4772 Omnibus
1214 4716 1616 4782 dcnuntiamus,
1670 4723 1730 4767 ut
1777 4711 1932 4783 quid-

354 4815 483 4884 quid
507 4813 826 4886 Gregorius,
849 4812 1139 4882 dissipator
1163 4811 1342 4882 potius
1370 4824 1532 4879 quam
1561 4819 1735 4865 rector
1764 4809 1934 4878 ipsius

356 4905 620 4968 ecclesiae,
653 4903 862 4960 chartis
899 4913 992 4957 aut
1032 4900 1581 4973 snperscriptionibns
1609 4898 1930 4968 composuit,

357 4994 442 5049 vel
474 4994 638 5050 scribi
675 4995 906 5065 rogavit,
949 4993 1082 5048 nihil
1123 4994 1176 5048 in
1222 5002 1485 5046 aeternum
1516 4990 1718 5055 valeat;
1751 4988 1845 5042 sed
1883 4996 1940 5041 et

356 5087 566 5160 plebes,
607 5087 955 5154 monasteria,
997 5087 1251 5154 capellas,
1301 5093 1500 5147 curtcs,
1549 5083 1722 5150 villas,
1770 5083 1937 5151 ripas,

357 5177 584 5222 cautella
647 5179 891 5222 nnlmlpe-
929 5178 1212 5222 nisrarinq.
1270 5176 1457 5222 silvas-
1487 5184 1544 5222 et
1586 5175 1766 5222 omnia
1825 5187 1945 5222 ante

1961 592 2385 656 successoribus,
2411 606 2568 645 omne
2601 592 2903 648 districtum
2925 594 3164 648 omnium
3199 592 3527 650 castellano—

1965 699 2081 737 rum
2123 699 2363 750 suorum,
2397 699 2697 747 servorum,
2724 695 2886 754 atque
2920 686 3162 740 omnium
3192 701 3379 740 eorum
3442 684 3532 754 qni

1965 792 2128 844 super
2155 785 2356 830 terram
2389 790 2540 831 suam
2574 775 2832 838 resident,
2883 784 2988 829 tam
3020 774 3339 829 clericormn
3373 789 3533 843 quam

1967 868 2253 932 laicorum,
2284 868 2422 922 sicut
2445 868 2632 922 eadem
2659 867 3025 922 lt'errariensis
3047 866 3274 921 ecclesia
3307 865 3372 920 ad
3403 879 3536 935 pra:-

1968 972 2096 1012 seus
2145 957 2292 1027 juste
2343 966 2527 1012 tenere
2581 957 2830 1020 videtur;
2882 957 3071 1010 eodem
3125 955 3330 1010 scilicet
3379 954 3541 1008 modo

1969 1050 2358 1106 conﬁrmamus
2398 1051 2478 1106 eis
2518 1049 2726 1121 plebem
2765 1049 2948 1104 Sancti
2995 1047 3276 1117 Stephani,
3306 1061 3426 1116 qute
3461 1055 3544 1100 est

1972 1142 2076 1198 sita
2117 1142 2171 1197 in
2201 1141 2537 1207 Vicoventia,
2562 1156 2684 1196 cum
2713 1140 2940 1196 ecclesia
2969 1139 3155 1194 Sancti
3179 1137 3376 1193 Leonis
3421 1152 3542 1190 cum

1973 1235 2225 1290 omnibus
2259 1235 2370 1289 suis
2398 1234 2764 1304 pertinentiis;
2807 1232 3138 1287 nominative
3173 1239 3353 1286 autem
3384 1225 3544 1281 Vico.

1975 1324 2246 1387 ventiam,
2298 1323 2627 1394 Corrigiam,
2681 1323 3111 1386 Vicumvariam,
3165 1329 3221 1374 et
3266 1317 3546 1382 dimiditnn

1977 1415 2157 1471 Castri
2183 1415 2426 1485 Rupinte,
2457 1422 2516 1470 et
2541 1413 2867 1468 monasteria
2911 1411 3230 1467 Sanctorum
3273 1405 3554 1462 Bartholn-

1981 1511 2124 1574 ma-i,
2172 1508 2448 1565 Laurentii
2501 1517 2554 1563 et
2585 1507 2840 1573 Vicentii,
2879 1519 3003 1560 cum
3031 1503 3156 1557 villa
3206 1516 3326 1572 qua:
3354 1499 3554 1554 dicitur

1984 1601 2394 1666 monasteriolo,
2424 1615 2656 1669 cumque
2681 1597 2910 1654 ecclesia
2943 1594 3129 1651 Sancti
3167 1591 3365 1648 Leonis
3399 1587 3556 1658 juxta

1985 1699 2163 1753 vicum
2220 1695 2573 1758 Aventinum,
2616 1707 2738 1746 cum
2785 1689 3034 1744 omnibus
3073 1685 3220 1755 justo
3253 1681 3554 1752 acquisitis,

1984 1791 2235 1862 justeque
2260 1787 2516 1855 deinceps
2549 1782 2914 1853 acquirendis,
2958 1788 3018 1833 ut
3053 1788 3107 1832 et
3135 1775 3316 1832 clerici
3349 1781 3405 1830 et
3440 1787 3558 1826 tuo-

1993 1882 2148 1936 nachi
2179 1880 2347 1949 ipsius
2361 1877 2704 1948 episcopatus
2723 1874 2829 1929 sint
2851 1873 2949 1928 sub
2971 1884 3158 1927 eorum
3185 1867 3556 1937 episcoporum

1993 1974 2349 2036 ordinatione,
2386 1967 2788 2024 consecratione
2814 1972 2869 2021 et
2915 1962 3182 2018 districtu.
3211 1958 3279 2013 Et
3308 1971 3467 2012 nemo
3495 1968 3564 2009 ex

1995 2065 2099 2120 hiis
2129 2063 2262 2119 scad
2289 2058 2657 2130 alicujus,nisi
2684 2057 2748 2112 ad
2757 2054 2955 2124 judicia
2974 2045 3569 2122 propriiepiscopicon-

1993 2163 2186 2208 vertat.
2209 2153 2290 2208 Ad
2328 2153 2430 2207 hoc
2451 2150 2617 2220 igitur
2637 2145 3016 2203 confirmamus
3029 2141 3298 2214 praedicta
3323 2134 3565 2192 ecclesia:

1997 2255 2169 2300 terras
2201 2243 2348 2309 illas,
2394 2257 2514 2312 qua:
2559 2239 2661 2295 sibi
2702 2239 2755 2292 in
2802 2235 2930 2292 For.
2961 2275 2972 2288 .
3004 2275 3016 2286 .
3047 2273 3062 2287 .
3089 2273 3102 2286 .
3134 2271 3148 2284 .
3181 2269 3194 2284 .
3226 2238 3280 2284 et
3313 2227 3364 2282 in
3415 2225 3571 2296 plebe

1996 2337 2183 2392 Sancti
2223 2333 2483 2405 Stephani
2517 2334 2569 2387 in
2600 2330 2815 2402 Galigo,
2847 2329 2901 2383 in
2932 2324 3087 2398 plebe
3133 2320 3320 2378 Sancti
3355 2314 3569 2377 Donati,

1995 2447 2060 2485 ac
2089 2428 2273 2485 Sancti
2301 2426 2538 2498 Georgii.
2561 2437 2612 2481 et
2637 2425 2964 2481 Sanctorum
2990 2415 3214 2477 Gervasi
3238 2424 3292 2469 et
3312 2409 3570 2473 Protasii,

1995 2539 2092 2595 per
2136 2527 2479 2576 sacramenta
2521 2517 2840 2571 ministrata:
2877 2520 3002 2568 sunt
3033 2521 3272 2580 tempore
3317 2503 3401 2560 sui
3436 2517 3576 2573 prte-

1997 2611 2320 2674 decessoris,
2365 2625 2488 2666 cum
2528 2607 2669 2662 villis
2719 2605 2858 2668 istis,
2899 2615 3128 2672 quarum
3159 2595 3375 2652 nomina
3407 2597 3571 2645 sunt:

1997 2705 2376 2772 Quartixiana,
2421 2699 2592 2768 Caput
2625 2695 2690 2751 de
2736 2693 2904 2757 Beda,
2954 2699 3008 2744 et
3049 2683 3476 2772 Contrapadum,
3519 2687 3577 2772 et

2001 2766 2222 2850 iimdum
2291 2791 2381 2863 qui
2410 2766 2610 2845 dicitur
2636 2782 2835 2847 Carali,
2886 2789 2946 2834 ut
2980 2777 3157 2833 nullus
3186 2775 3389 2842 absque
3416 2766 3574 2840 legali

1994 2888 2198 2959 judicio
2227 2884 2528 2940 molestiam
2559 2878 2662 2934 sibi
2715 2875 2930 2931 inierat.
2979 2870 3202 2940 Insuper
3245 2865 3411 2922 etiam
3448 2878 3577 2918 con-

2002 2951 2280 3034 iirmamus
2318 2974 2420 3029 sibi
2471 2969 2753 3025 duodecim
2796 2963 3044 3020 homines
3095 2957 3265 3029 ipsius
3313 2951 3578 3014 civitatis,

2002 3070 2094 3139 qui
2131 3082 2254 3122 cum
2306 3064 2422 3118 sine
2465 3057 2638 3131 pretio
2703 3057 2928 3126 ejusque
2973 3060 3320 3107 successores
3369 3040 3583 3110 navigio

1931 3169 1976 3232 ο
2010 3131 2230 3222 ducant,
2271 3165 2594 3227 quocunque
2619 3161 2750 3204 usus
2787 3155 3193 3201 anteeessorum
3225 3137 3341 3206 ejus
3368 3134 3490 3190 fuit.
3523 3131 3582 3186 Si

2009 3251 2132 3323 quis
2155 3225 2320 3320 igitur
2342 3245 2470 3308 dux,
2494 3238 2759 3300 marchio,
2787 3233 3246 3304 archiepiscopus,
3274 3225 3583 3297 episcopus,

2011 3356 2214 3403 comes,
2260 3337 2580 3401 vicecomes,
2610 3331 2695 3386 vel
2723 3329 2902 3401 aliqua
2939 3339 3132 3395 magna
3162 3332 3436 3394 parvaque
3462 3330 3584 3386 per-

2013 3448 2163 3498 sona,
2190 3437 2378 3485 contra
2420 3427 2522 3482 hoc
2551 3435 2797 3479 nostrum
2841 3415 3182 3489 privilegium
3228 3414 3410 3467 facere
3455 3422 3590 3478 pra:-

2015 3525 2326 3596 sumpserit,
2364 3520 2449 3576 vel
2497 3518 2792 3588 infringere
2843 3509 3156 3574 teutavcrit,
3187 3505 3292 3562 nisi
3337 3499 3590 3557 emenda.

2015 3589 2155 3675 verit
2184 3625 2237 3671 et
2269 3614 2336 3669 ad
2379 3613 2596 3683 dignam
2639 3605 3064 3664 satisfactionem
3109 3596 3340 3660 venerit,
3381 3589 3594 3646 vinculo

2016 3706 2378 3766 anathematis
2408 3680 2717 3767 innodctnr,
2741 3707 2798 3753 et
2823 3711 2851 3750 a
2886 3694 3149 3750 limitibus
3179 3695 3380 3752 sancta;
3411 3680 3596 3738 Eccle-

2017 3804 2113 3857 siae
2137 3805 2441 3867 separetur.
2466 3792 2567 3858 Qui
2601 3799 2782 3844 autem
2807 3795 2991 3842 custos
3016 3789 3072 3838 et
3091 3778 3411 3835 observator
3438 3771 3596 3840 hujus

2018 3863 2220 3948 nostra;
2257 3882 2635 3958 prteceptionis
2683 3876 2988 3940 exstiterit,
3037 3869 3390 3944 apostolicam
3436 3863 3595 3918 henc-

2021 3982 2332 4046 dictionem,
2365 3987 2420 4034 et
2462 3969 2893 4030 misericordiam
2938 3983 2968 4020 a
3001 3963 3227 4020 Domino
3266 3959 3374 4014 Deo
3409 3965 3600 4010 conse-

2021 4084 2236 4148 quatur.

2753 4196 2843 4252 XI.

2037 4344 2216 4398 Victor
2253 4340 2314 4396 Il
2349 4340 2676 4400 Brunoncm,
2719 4331 2958 4386 abbatem
3003 4326 3346 4400 Dervenscm,
3377 4314 3606 4372 Tebaldc

2265 4420 2280 4442 '
2543 4398 2723 4462 comiti
2753 4398 3102 4458 commendat.

2565 4560 2754 4630 (Anno
2794 4550 3073 4622 1055-57.)

2177 4699 2450 4771 [Matutam
2483 4691 2676 4748 Annal.
2713 4690 2828 4744 ard.
2862 4687 2922 4744 S.
2948 4684 3170 4749 Bened.,
3194 4681 3284 4744 IV,
3313 4675 3465 4747 557.]

2109 4833 2318 4888 thron
2345 4829 2654 4898 episcopus,
2686 4836 2877 4878 servus
2901 4829 3186 4873 servorum
3217 4810 3336 4876 Dei,
3362 4805 3613 4862 Τειιλιοο

2040 4925 2223 4982 comiti
2252 4917 2602 4992 apostolicam
2636 4910 3087 4970 benedictionem.

2111 4989 2460 5070 Conﬁdentes
2499 5005 2642 5077 quod
2683 5001 2850 5073 gloria
2894 5015 2953 5054 se
2991 5006 3174 5054 vestra
3215 4993 3268 5046 in
3320 4989 3618 5047 amicorum

2045 5120 2266 5165 suorum
2317 5101 2529 5158 solatiis
2579 5097 2771 5154 devota
2823 5109 3039 5161 semper
3089 5086 3376 5154 exhibeat,
3433 5098 3622 5140 eorum

2155 5202 2167 5214 ο
2234 5211 2356 5218 ---,--
2403 5193 2491 5216 .I!I°
2534 5194 2621 5212 ..9-
2679 5200 2860 5210 ----..-ι..
2902 5199 2956 5208 ο-

2967 5203 3034 5206 μ--
3057 5201 3068 5203 -
3089 5179 3280 5204 -..ΑΙ-..ιι
3311 5177 3585 5200 -a.-._l-_..---
