4020 5392
514 180 609 241 829

1788 184 2097 244 VlCTORlS
2137 185 2177 241 ll
2216 183 2407 244 ΡΑῘΣΕ

3645 193 3731 250 8ὶο

513 294 757 353 invenire
785 308 997 366 semper
1022 305 1326 360 mereatur,
1352 304 1407 351 et
1434 297 1575 368 apud
1615 313 1828 364 omnes,
1856 315 2094 367 qnocun-
2121 307 2165 364 Λ
2196 302 2344 356 nium
2374 301 2669 365 obtulistis,
2704 301 2924 373 dignum
2947 300 3307 372 jndicavimus
3339 318 3566 360 annuere
3585 310 3735 376 preci-

510 399 616 454 que
649 400 870 457 necesse
902 385 1086 448 Fuerit,
1117 385 1304 454 gloriae
1337 396 1529 442 vestrm
1569 387 1760 461 solatia
1792 404 2094 459 consequa-

512 488 598 532 tnr
623 492 688 531 ac
720 492 971 559 magnam
1005 477 1060 530 in
1088 480 1242 533 vobis
1268 479 1695 559 consolationem
1726 482 1996 546 inveniat;
2038 490 2092 537 et

507 585 578 625 ue
615 553 831 623 cuidam
879 567 1073 636 injuste
1101 570 1274 637 possit
1321 569 1601 627 aﬂlictioni
1652 553 1736 626 vel
1787 571 2089 643 gravamiui

508 657 812 731 subiacere,
850 657 1268 739 magniﬁcentiae
1294 670 1490 725 vestrae
1516 661 1782 717 celsitudo
1799 662 2084 732 disponat.

507 752 782 819 Quantum
822 736 1087 829 praeterea
1114 752 1535 809 sollicitudinem
1568 754 1714 809 circa
1761 754 2087 809 monasteria

507 844 834 925 exhibeatis,
861 860 1027 915 super
1051 844 1766 920 religiosisirreligiosisque
1790 830 2085 909 monachis,

506 944 563 989 et
587 950 751 1006 quam
794 936 1140 1010 omnipotens
1170 938 1311 992 Deus
1336 939 1477 1004 apud
1507 939 1755 994 homines
1783 938 1909 995 inde
1936 940 2088 993 vobis

506 1024 738 1102 gloriam
789 1026 1083 1103 concessit,
1128 1034 1190 1081 ut
1237 1027 1339 1103 sub
1379 1027 1605 1083 tuitioue
1641 1035 1820 1085 vestra
1868 1028 2088 1100 religio-

505 1116 650 1173 siora
690 1117 994 1195 consistant
1036 1102 1308 1185 emnohia,
1339 1120 1482 1193 quod
1530 1120 1843 1178 misericors
1887 1121 2028 1179 Dens
2053 1138 2082 1177 a

510 1223 621 1278 quo
650 1193 842 1286 cuncta
870 1193 1009 1265 bona
1049 1210 1345 1279 procedunt
1372 1211 1693 1283 multiplicet
1727 1212 1882 1279 vobis
1913 1228 2084 1284 usque

502 1299 561 1352 in
608 1298 747 1352 diem
778 1298 1200 1376 retributionis,
1252 1300 1513 1369 prmdicto
1554 1300 1662 1357 tilio
1708 1312 1895 1359 nostro
1946 1303 2085 1359 refe-

503 1388 1079 1469 reute,,_cognovimus.
1102 1463 1106 1467 θ
1129 1389 1313 1448 Eidem
1345 1406 1560 1461 quoque
1594 1392 1949 1458 monasterio,
1996 1391 2081 1448 cui

499 1488 724 1548 praeest,
749 1487 1013 1550 quantum
1042 1480 1242 1551 profuit
1264 1491 1458 1538 vestra:
1495 1482 1716 1553 pietatis
1746 1483 2081 1555 magnitudo,

501 1571 840 1630 obsecrando
879 1580 936 1629 et
982 1573 1261 1643 arguendo
1308 1573 1528 1638 fratres,
1559 1584 1615 1631 et
1645 1575 1698 1630 in
1726 1575 1883 1631 villas
1914 1586 1969 1631 et
1994 1592 2082 1631 ec-

2193 392 2294 446 bus
2326 393 2518 448 vestris
2544 401 2890 463 vestrumque
2913 408 3010 463 per
3032 394 3214 449 omnia
3244 393 3465 466 implere
3486 394 3732 455 aﬂ‘ectum.

2191 483 2589 540 Conlirmamns
2632 485 2819 554 igitur,
2858 494 3023 556 atque
3078 486 3360 543 beatorum
3398 489 3736 559 apostolorum

2195 562 2339 631 Petri
2378 586 2434 632 et
2479 576 2629 632 Pauli
2678 579 3001 634 auctoritate
3036 579 3211 650 ipsum
3261 581 3633 636 monasterium
3676 584 3735 637 ita

2190 669 2502 738 specialiter
2548 671 2991 737 oorroboramns,
3028 681 3296 743 quatenus
3326 673 3467 728 inter
3498 675 3672 743 primze
3693 686 3739 728 rt

2191 757 2500 827 apostolicae
2543 759 2688 814 sedis
2717 761 3024 828 pontiﬁcem
3061 770 3113 816 et
3156 763 3480 817 venerabilis
3506 763 3602 819 loci
3631 764 3740 817 Viu-

2188 849 2496 905 docinensis
2544 850 2795 904 abbatem
2820 851 2965 905 nulla
2985 850 3353 922 cujuscunque
3376 852 3648 920 dignitatis
3668 854 3739 907 vel

2187 940 2393 994 ordinis
2424 955 2651 1010 persona
2702 941 2804 1004 sit,
2837 941 3013 996 media
3063 942 3345 997 habeatur.
3378 943 3528 1010 Quod
3554 943 3595 997 si
3622 942 3742 996 forte

2186 1031 2473 1100 contigerit
2537 1029 2771 1101 legatum
2823 1030 3079 1085 Romanae
3120 1030 3404 1096 Ecclesia),
3447 1031 3739 1102 prtedictum

2185 1118 2327 1176 beati
2357 1119 2502 1176 Petri
2549 1121 2726 1178 locum
2754 1122 3005 1187 visitare,
3041 1122 3112 1176 ibi
3144 1137 3266 1177 cum
3313 1123 3461 1178 omni
3501 1122 3742 1176 charitate

2186 1212 2516 1282 suscipiatur
2543 1252 2557 1278 ,
2599 1221 2655 1268 et
2699 1213 2751 1268 in
2779 1223 3041 1283 quantum
3069 1213 3401 1284 possibilitas
3432 1214 3532 1269 loci
3558 1213 3740 1283 penni-

2184 1303 2350 1366 serit,
2412 1317 2532 1374 quae
2582 1304 2795 1374 corpori
2845 1313 3005 1358 erunt
3051 1304 3360 1360 necessaria
3410 1304 3462 1359 ei
3506 1303 3742 1358 submini-

2183 1402 2428 1449 strentur
2462 1409 2492 1449 a
2535 1393 2817 1452 fratribus.
2848 1393 2966 1464 Ipse
3006 1410 3138 1450 vero
3178 1395 3233 1449 in
3261 1394 3452 1450 eodem
3482 1393 3597 1449 loco
3624 1392 3744 1448 nihil

2182 1499 2280 1556 per
2301 1498 2360 1540 se
2389 1484 2472 1539 vel
2501 1484 2776 1556 corrigere
2803 1485 3017 1553 audeat,
3046 1484 3131 1540 vel
3158 1486 3451 1540 occasione
3480 1483 3744 1555 legationis

2184 1582 2449 1632 rectorem
2480 1575 2585 1631 loci
2630 1577 2744 1631 sive
2781 1573 2979 1634 fratres
3009 1575 3298 1631 molestare
3317 1584 3625 1644 praesumat.
3650 1572 3744 1629 Sed

501 1684 516 1715 ι
537 1663 699 1741 lesias
737 1679 861 1722 cum
893 1662 1243 1729 molendinis,
1286 1678 1520 1745 cumque
1550 1665 1721 1720 variis
1759 1666 1924 1722 rebus
1953 1666 2078 1721 red-
2111 1644 2155 1703 Β
2184 1666 2230 1721 si
2259 1666 2388 1736 quid
2429 1666 2626 1721 viderit
2668 1665 3050 1736 corrigendum
3083 1680 3233 1737 papae
3257 1665 3457 1720 litteris
3484 1664 3744 1720 notiticare

500 1756 705 1820 dendo,
730 1767 785 1810 et
829 1746 994 1811 etiam
1034 1754 1086 1809 in
1136 1756 1564 1811 reconstrueudo
1606 1765 1800 1827 pontes
1837 1756 1906 1812 ad
1937 1754 2078 1811 idem

500 1847 808 1904 rwnobium
839 1846 1195 1923 pertinentes,
1228 1859 1390 1915 super
1417 1846 1617 1917 quibus
1662 1845 1847 1917 plures
1891 1847 2081 1903 hetau-

499 1950 611 2001 tur,
640 1939 878 2005 maxime
907 1937 1075 1993 maris
1099 1936 1303 1993 insulas
1325 1938 1657 2003 habitantes,
1689 1938 1900 1994 scilicet
1927 1938 2075 1994 Scoti

497 2037 555 2079 et
587 2026 770 2098 Angli,
803 2027 1254 2107 et_qnalitervos
1285 2026 1469 2096 injusti
1498 2034 1732 2107 arguunt
1760 2037 1820 2083 ut
1851 2029 2080 2083 desista-

499 2122 593 2185 tis,
643 2136 767 2175 cum
804 2104 1139 2197 laerymans,
1183 2104 1296 2199 tum
1339 2120 1582 2191 gaudens
1617 2104 1772 2176 nobis
1810 2129 2079 2191 prasente

494 2211 794 2289 multorum
837 2212 1187 2275 attestatione
1232 2214 1499 2267 narravit.
1540 2210 1692 2268 Unde
1724 2212 1916 2268 uberes
1949 2227 2077 2283 gra-

498 2306 607 2360 tias
645 2303 947 2375 rel'ercntes
986 2304 1240 2381 petimus,
1268 2320 1496 2376 quaeque
1525 2306 1886 2363 admonentur
1925 2307 2077 2364 vobis

495 2414 531 2450 ει
560 2396 736 2470 bonis
763 2397 1019 2467 operibus
1055 2396 1295 2479 praeditis
1345 2396 1575 2453 libenter
1621 2399 1836 2460 audite.
1883 2398 2077 2453 devote

446 2522 447 2525 η
495 2490 759 2563 agite,in
790 2490 1052 2549 memoria
1098 2498 1401 2565 reservate;
1457 2489 1670 2560 quiasi
1716 2505 1814 2558 pro
1845 2491 1954 2546 Deo
1992 2491 2076 2546 lo-

498 2591 736 2653 quentes
751 2582 978 2648 auditis,
1010 2597 1109 2653 pro
1139 2582 1291 2637 vobis
1313 2591 1535 2643 orantes
1560 2581 1910 2652 Omnipotens
1932 2583 2073 2638 idem

494 2660 769 2743 exaudiet.
793 2674 1023 2747 Propter
1052 2676 1153 2733 hoc
1175 2675 1519 2746 omnipotens
1548 2675 1690 2732 Dens
1718 2676 1891 2732 bonos
1915 2690 2077 2745 quos-

493 2783 601 2840 que
634 2766 713 2832 ad
754 2767 1075 2837 populorum
1109 2767 1371 2836 regimina
1419 2768 1691 2839 perducit,
1738 2775 1797 2827 ut
1836 2782 1933 2838 per
1981 2782 2075 2823 eos

493 2860 750 2916 erunibus
775 2859 972 2928 quibus
1004 2860 1208 2930 praelati
1228 2859 1446 2926 fuerint,
1477 2860 1615 2915 dona
1644 2877 1756 2917 sua:
1787 2861 2074 2930 potestatis

495 2952 796 3022 impendat.
831 2950 1018 3006 Facite
1046 2952 1188 3020 quod
1231 2950 1326 3010 Dei.
1356 2959 1459 3015 est.
1491 2963 1543 3006 et
1575 2952 1716 3008 Deus
1743 2950 1904 3010 faciet
1930 2953 2073 3023 quod
2102 2990 2148 3052 ε

491 3056 737 3123 Vestrum
776 3053 879 3101 est.
908 3045 1267 3123 Omnipotens
1312 3046 1456 3100 Deus
1486 3060 1580 3100 sna
1606 3061 1710 3119 vos
1737 3045 2076 3115 protectione

493 3120 618 3191 enim
649 3138 773 3192 [iliis
801 3145 856 3191 et
877 3120 1023 3192 omni
1058 3137 1221 3192 domo
1256 3144 1436 3192 vestra
1465 3138 1533 3191 ab
1559 3137 1704 3195 omni
1745 3137 2075 3194 adversitatc

494 3238 713 3305 tueatur
738 3237 902 3297 atque
943 3228 1234 3293 custodiat,
1267 3227 1527 3298 vobisque
1555 3236 1610 3283 et
1640 3228 1925 3298 praesentis
1951 3227 2075 3283 vitae

491 3320 911 3392 prosperitatem
940 3329 994 3377 et
1022 3319 1265 3382 lzetitiam
1291 3319 1489 3379 futurae
1508 3321 1792 3377 concedat.

1244 3430 1357 3487 XII.

523 3527 681 3583 Bulia
722 3525 943 3582 Victoria
984 3524 1047 3580 11
1090 3541 1187 3595 pro
1227 3521 1672 3580 Vindocinonense
1700 3524 2035 3581 monasterio.

1039 3639 1219 3710 (Anno
1250 3636 1535 3708 l055c57.)

576 3750 747 3831 [δαίμ
773 3754 995 3817 Cluith,
1028 3762 1157 3843 tom.
1191 3751 1330 3817 Vill,
1365 3751 1618 3813 lustrum.
1646 3793 1663 3817 ,
1700 3769 1819 3829 pag.
1852 3753 2003 3826 418.]

468 3938 472 3942 .
562 3867 773 3929 Vicron
813 3870 1123 3940 episcopus,
1169 3884 1360 3925 servus
1413 3883 1693 3925 servorum
1749 3870 1841 3925 Dei
1871 3911 1887 3933 ,
1926 3868 2072 3928 Gtt:-

490 3974 668 4019 ιιιευο,
717 3963 1010 4020 venerabili
1064 3963 1244 4018 comiti
1289 3963 1744 4034 Andegavorum,
1784 3972 1839 4019 et
1881 3965 2071 4036 Agneti

491 4051 781 4107 vomitissae
808 4051 1020 4121 conjugi
1050 4050 1168 4121 ejus
1190 4090 1205 4116 ,
1230 4050 1458 4106 salutem
1498 4061 1553 4106 et
1591 4051 1941 4123 apostolicam
1984 4052 2074 4107 be-

488 4145 877 4203 medietihnem.

552 4236 816 4292 Omnibus
847 4236 982 4290 votis
1019 4250 1139 4304 qua:
1165 4234 1231 4290 de
1252 4250 1390 4304 puro
1410 4233 1630 4303 etjnsto
1652 4234 1922 4289 desiderio
1951 4250 2073 4305 pro.

2182 1755 2393 1822 licebit,
2443 1755 2497 1811 in
2541 1755 2692 1826 cujus
2728 1756 2895 1812 solius
2931 1765 3196 1827 potestate
3229 1757 3401 1827 ipsius
3450 1755 3742 1811 monasterii

2181 1847 2450 1905 ordinatio
2505 1847 2620 1902 sive
2667 1848 2934 1903 correctio
2983 1848 3235 1905 universa
3268 1848 3538 1903 consistit.
3586 1847 3747 1902 Abbas

2181 1946 2359 1993 autem
2402 1937 2493 2007 qui
2550 1937 2846 1995 alodiarius
2881 1937 3135 1994 Romanae
3178 1938 3439 1997 Ecclesia!
3486 1938 3744 2000 noscitur,

2182 2030 2249 2083 ad
2284 2028 2569 2084 concilium
2619 2038 2880 2095 coactus,
2934 2044 3035 2085 nec
3085 2030 3297 2096 veniat,
3350 2044 3456 2086 nec
3502 2038 3742 2092 vocetur,

2179 2123 2320 2192 quod
2368 2123 2438 2178 ab
2459 2123 2575 2192 ipso
2605 2122 2912 2192 apostolicae
2941 2122 3087 2178 sedis
3133 2137 3345 2179 summo
3374 2122 3627 2194 pontiﬁce
3652 2135 3745 2175 non

2178 2212 2343 2269 fuerit
2377 2212 2748 2280 celebratum,
2817 2213 2913 2269 sed
2981 2222 3210 2269 matrem
3257 2228 3413 2269 suam
3472 2213 3745 2268 Romanam

2177 2305 2478 2363 Ecclesium
2509 2318 2607 2375 per
2627 2320 2687 2360 se
2712 2304 2793 2361 vel
2824 2319 2921 2375 per
2950 2305 3196 2360 nuntium
3227 2321 3382 2361 suum
3408 2304 3629 2359 visitare
3652 2312 3749 2356 stu.

2178 2397 2334 2462 deat,
2368 2396 2548 2467 ibique
2574 2395 2798 2467 singulis
2831 2396 2987 2451 annis
3011 2410 3232 2452 censum
3260 2436 3275 2461 ,
3300 2395 3588 2450 duodecim
3614 2392 3746 2448 scili-

2177 2497 2264 2562 cet
2308 2487 2509 2543 solidos
2551 2503 2663 2543 sua:
2706 2498 2937 2543 monetae
2984 2489 3052 2542 ad
3077 2487 3455 2543 concinnanda
3485 2482 3745 2540 luminaria

2176 2588 2301 2639 ante
2330 2578 2637 2638 venerabile
2688 2593 2891 2650 corpus
2933 2578 3233 2637 beatissimi
3277 2577 3427 2636 Petri
3468 2575 3744 2648 persolvat.

2175 2675 2445 2731 Praeterea
2474 2674 2763 2732 statuimus
2783 2682 2857 2737 ut,
2887 2671 3138 2729 defuncto
3167 2671 3361 2730 abbate
3391 2668 3747 2742 congregatio-

2177 2766 2262 2821 nis
2292 2766 2481 2836 ipsius,
2507 2780 2791 2825 successor
2814 2763 2863 2820 ei
2890 2763 3123 2833 eligatur
3149 2765 3218 2820 de
3243 2763 3434 2819 eadem
3468 2774 3745 2830 congrega-

2176 2862 2355 2926 tione,
2385 2860 2430 2917 si
2458 2860 2653 2932 dignus
2679 2858 2994 2930 praelatione
3024 2857 3349 2915 inveniatur.
3372 2855 3530 2921 Quod
3552 2854 3595 2908 si
3620 2847 3744 2921 apud

2177 2968 2272 3009 eos
2300 2968 2407 3008 non
2433 2951 2594 3008 fuerit
2623 2950 2873 3007 inventus
2898 2990 2912 3016 ,
2938 2949 3081 3019 quod
3110 2948 3289 3013 absit,
3337 2962 3366 3000 a
3388 2945 3643 3015 Cluniaco
3673 2940 3745 2995 vel

2177 3063 2208 3103 a
2257 3046 2440 3117 Majori
2473 3044 2841 3108 monasterio,
2894 3042 2983 3120 vel
3025 3042 3386 3111 umlecnnqne
3452 3038 3640 3093 melius
3665 3050 3745 3104 po-

2180 3139 2409 3215 tnerint,
2470 3139 2722 3193 monacht
2766 3136 2867 3191 sibi
2918 3135 3121 3213 eligant
3172 3135 3421 3189 abbatem
3471 3130 3743 3187 secundum

2178 3233 2272 3288 Dei
2300 3233 2546 3287 timorem
2597 3238 2652 3286 et
2687 3229 2829 3285 beati
2860 3227 3134 3283 Benedicti
3190 3225 3464 3298 regulam;
3503 3224 3673 3307 tamen
3700 3221 3743 3272 in

2175 3324 2420 3396 eligendo
2469 3322 2569 3378 sibi
2616 3332 2833 3393 pastore
2859 3321 3017 3375 trium
3048 3317 3302 3374 abbatum
3347 3316 3576 3376 consilio
3606 3322 3744 3367 utau-

2180 3424 2267 3469 tnr
2294 3456 2308 3480 ,
2341 3430 2476 3484 quos
2524 3413 2887 3486 religiosiores
2912 3414 2963 3465 in
2995 3409 3189 3465 vicinis
3219 3404 3352 3463 locis
3383 3406 3628 3462 invenire
3665 3418 3747 3473 po-

2179 3504 2400 3560 tuerint.
2454 3502 2928 3558 Consecrationem
2977 3516 3143 3565 vero,
3203 3515 3271 3554 ne
3317 3499 3504 3553 statim
3533 3496 3745 3551 Romam

2177 3597 2361 3652 venire
2398 3595 2654 3665 fatigetur
2676 3634 2690 3661 ,
2740 3593 2946 3649 electus
2980 3606 3008 3646 a
3034 3586 3353 3647 Carnotensi
3391 3586 3620 3659 prrcsule
3642 3583 3747 3638 sine

2174 3690 2319 3744 omni
2351 3687 2706 3759 snbjectione,
2756 3684 2837 3740 vel
2865 3683 3105 3754 qualibet
3140 3681 3445 3745 exactione,
3475 3676 3744 3745 suscipiat.

2175 3783 2221 3836 si
2250 3779 2442 3851 praesul
2488 3779 2627 3833 idem
2657 3776 2919 3834 canonice
2943 3774 3314 3845 episcopatum
3346 3769 3673 3840 susceperit,
3699 3773 3747 3817 et

2176 3872 2219 3931 si
2251 3887 2375 3942 erga
2428 3870 2578 3924 illum
2622 3869 2761 3925 beati
2808 3867 2952 3924 Petri
3004 3866 3180 3922 locum
3213 3880 3272 3920 se
3307 3862 3625 3918 malevolum
3651 3871 3743 3911 non

2175 3962 2484 4019 exhibuerit
2528 3959 2614 4015 vel
2661 3966 3003 4029 suspectum,
3053 3954 3290 4025 alioquin
3333 3953 3399 4007 ad
3450 3966 3550 4006 nos
3582 3947 3659 4002 vel
3686 3945 3744 3998 ad

2176 4065 2394 4110 nostros
2443 4066 2786 4107 successores
2823 4056 3067 4104 recurrat
3095 4055 3151 4101 et
3182 4063 3213 4101 a
3243 4045 3371 4100 sede
3411 4042 3554 4098 beati
3581 4038 3743 4104 Petri,

2174 4148 2328 4216 cujus
2369 4155 2453 4201 est
2491 4144 2662 4215 juris,
2709 4141 2956 4197 baculum
3003 4148 3059 4195 et
3096 4137 3559 4194 consecrationem
3589 4128 3744 4184 susci-

2176 4240 2307 4309 piat.
2357 4235 2618 4293 Ordinato
2661 4250 2790 4290 vero
2830 4234 3024 4288 abbate
3050 4272 3065 4297 ,
3102 4230 3373 4302 quomodo
3418 4227 3500 4281 vel
3529 4222 3744 4295 qualiter

483 4308 688 4382 cedunt
712 4369 729 4392 ,
777 4340 1097 4384 succurrere
1138 4341 1236 4382 nos
1262 4327 1458 4380 debere
1482 4326 1596 4397 ipsa
1621 4325 1914 4395 apostolica
1944 4341 2070 4387 ceu,—
2102 4326 2146 4396 Ῑ)
2176 4308 2338 4382 fuerit
2388 4326 2526 4381 facta
2556 4325 2829 4379 ordinatio
2859 4323 3112 4378 studeant
3179 4330 3286 4374 tam
3327 4319 3550 4372 ahbatcs
3595 4322 3740 4381 quam

491 4432 618 4473 sura
668 4431 965 4471 movemur.
1010 4415 1227 4485 Quanto
1280 4413 1424 4470 enim
1455 4415 1700 4485 quisque
1743 4414 1881 4471 alius
1919 4414 2074 4471 cﬂ’ert

489 4507 680 4563 nudos
722 4506 920 4563 mentis
968 4507 1034 4561 ad
1080 4506 1275 4563 divina:
1302 4507 1537 4577 speciem
1567 4506 2072 4575 contemplationis,

488 4609 642 4662 tanto
699 4614 800 4660 nos
844 4599 962 4670 ejus
1004 4598 1356 4653 intentionem
1413 4598 1707 4654 studiosius
1750 4598 1994 4653 animare
2021 4608 2071 4652 et

490 4685 732 4746 exaltare
747 4688 1029 4757 debemus,
1052 4700 1110 4745 ut
1139 4692 1204 4745 ad
1235 4690 1379 4746 illum
1405 4692 1494 4762 qui
1522 4699 1606 4747 est
1626 4691 1834 4746 fructus
1858 4697 1912 4745 et
1933 4705 2073 4745 mer-

488 4798 580 4841 ces
631 4780 1171 4853 operumbormrum
1221 4783 1389 4853 possit
1436 4777 1721 4853 pervenire
1746 4781 2070 4838 desiderium

488 4874 713 4934 bonum.
750 4870 839 4930 At
863 4871 985 4940 vos,
1020 4875 1110 4935 ﬁlii
1135 4876 1473 4942 charissimi,
1503 4876 1630 4947 quia
1663 4875 1979 4932 decrevistis
2007 4875 2074 4929 ab

487 4956 815 5023 auctoritate
880 4964 1026 5024 sedis
1081 4966 1364 5035 Romanae,
1418 4971 1503 5022 eui
1563 4969 1672 5025 Deo
1722 4969 2072 5038 praesidemus

486 5048 757 5120 auctore,
821 5059 1042 5128 supplici
1108 5058 1390 5115 devotione
1435 5059 1715 5131 petere-et
1759 5060 2028 5131 postulare
2055 5102 2069 5126 ,

482 5132 757 5213 quatenus
795 5142 1098 5226 apostolica
1151 5147 1350 5202 virtute
1403 5149 1890 5216 coutirmaremus,
1939 5161 1993 5206 et
2041 5168 2069 5204 a

488 5228 1007 5297 cunctishominum
1048 5242 1331 5307 personis,
1366 5239 1467 5297 nisi
1506 5256 1534 5295 a
1572 5242 1686 5302 solo
1716 5242 1901 5310 primae
1931 5243 2072 5302 sedis

490 5318 784 5392 pontiﬁce,
819 5326 1049 5385 liberum
1097 5328 1397 5387 faceremus
1427 5325 1815 5388 monasterium
1857 5318 2071 5389 sancta:

2172 4420 2339 4475 etiam
2367 4416 2618 4472 monachi
2648 4414 2886 4483 ejusdem
2923 4412 3022 4468 loci
3051 4427 3201 4481 papa:
3240 4408 3436 4464 litteris
3475 4404 3739 4460 intimare.

2176 4519 2234 4564 nt
2261 4520 2348 4563 aut
2376 4507 2627 4562 emendet
2650 4546 2665 4572 ,
2695 4505 2738 4560 si
2765 4518 2900 4573 opus
2939 4502 3103 4557 fuerit
3136 4497 3527 4555 emendandum
3548 4534 3563 4559 ,
3591 4499 3679 4545 aut
3699 4487 3737 4542 si

2174 4602 2339 4658 fuerit
2366 4600 2659 4656 secundum
2691 4606 2934 4653 nostrum
2956 4593 3235 4651 decretum
3259 4590 3401 4647 facta
3420 4586 3614 4644 electio
3637 4586 3740 4638 site

2175 4694 2474 4756 ordinatio,
2529 4693 2670 4746 bono
2704 4688 2881 4745 studio
2926 4686 3353 4758 congratnletur.
3411 4680 3539 4735 lllud
3589 4676 3737 4733 etiam

2172 4785 2517 4858 przecipimus
2544 4792 2601 4836 ut
2619 4797 2802 4837 comes
2822 4777 3228 4849 Andegavensis
3265 4773 3334 4831 ab
3346 4771 3490 4839 (ιιιιιιὶ
3517 4777 3740 4858 tempore

2175 4854 2246 4934 sit
2274 4877 2487 4940 adiutor
2521 4884 2572 4931 ct
2605 4873 2858 4947 defensor
2899 4867 3309 4943 Vindocinensis
3339 4860 3643 4920 monasterii
3677 4854 3737 4908 ad

2177 4971 2432 5029 honorem
2474 4965 2781 5039 apostolicae
2821 4963 3003 5026 sedis;
3048 4962 3161 5030 ipse
3194 4969 3371 5014 tamen
3415 4954 3495 5008 vel
3529 4948 3741 5021 quilibet

2175 5078 2550 5120 successorum
2587 5058 2786 5119 nullam
2809 5056 3144 5112 exactionem
3170 5051 3286 5107 sive
3311 5042 3739 5103 consuetudinem

2174 5152 2502 5207 monasterio
2532 5150 2612 5204 vel
2646 5145 2961 5204 monasterii
3001 5144 3162 5199 rebus
3192 5141 3433 5203 inferat,
3465 5150 3561 5191 nec
3592 5135 3642 5185 in
3669 5128 3740 5183 eis

2175 5242 2374 5311 aliquid
2438 5231 2720 5295 vindicare
2771 5243 3090 5308 pracsnmat,
3151 5240 3348 5300 praeter
3393 5222 3738 5300 patrocinium

2176 5337 2383 5392 solum.
2418 5337 2559 5392 anod
2605 5337 2652 5390 ei
2694 5336 2759 5390 ad
2808 5336 3067 5392 honorem
3093 5328 3407 5392 apostolicae
3436 5324 3574 5382 sedis
3598 5329 3649 5375 et
3676 5317 3737 5370 ad
