4020 5392
258 3656 269 3663 ο
346 3632 597 3686 omnibus
648 3630 1170 3686 consuetudinibus.

334 213 440 272 82!

1307 215 1667 274 EPiSTOLzE
1708 217 1798 274 ET
1840 217 2233 275 DIPLOMATA
2275 218 2683 278 PONTIFICIA.

3472 218 3627 275 ’δὶα

334 329 471 384 nulli
522 343 795 403 personae,
842 329 944 385 nisi
993 328 1110 386 solo
1160 328 1404 387 Romano
1442 332 1723 403 pontiﬁci,
1756 333 1917 389 liccat
1944 337 1992 399 Α
2022 335 2298 399 nantibus,
2331 336 2449 393 sine
2494 336 2713 392 licentia
2741 332 3178 393 forestariorum.
3205 332 3261 389 Si
3300 348 3429 390 vero
3454 334 3627 393 abbas

334 429 665 491 potestatem
718 420 954 492 aliquant
1001 430 1095 476 aut
1145 422 1571 479 dominationem
1622 439 1919 490 exercere,

332 522 430 569 aut
470 513 944 569 excommunicare
967 554 983 582 ,
1033 528 1130 569 seu
1159 514 1514 579 interdicere,
1545 515 1758 571 etiamsi
1792 515 1924 571 Car-

335 605 581 660 notensis
626 612 720 659 aut
760 604 1166 676 Andegavensis
1187 606 1363 676 patria
1392 621 1492 676 pro
1510 606 1687 677 culpis
1709 606 1926 677 quibus-

335 697 472 753 libet
535 700 1112 763 excommunicentur,
1161 699 1615 755 excommunicati
1662 707 1840 754 tamen
1880 698 1924 756 'a

335 789 627 844 monachis
659 804 768 844 non
818 790 1205 860 suscipiantur.
1236 788 1345 846 Nos
1379 799 1560 846 autem
1586 791 1768 845 omnia
1799 805 1925 861 qua!

335 881 408 935 ibi
449 897 479 936 a
512 880 666 936 vobis
705 880 792 936 vel
837 881 906 936 ab
934 880 1055 936 aliis
1081 881 1354 937 hominum
1392 882 1639 952 personis
1667 896 1838 953 usque
1869 882 1922 937 in

331 981 662 1040 prmsentem
716 972 860 1026 diem
919 960 1107 1029 oblata
1150 960 1312 1039 sunt,
1364 983 1552 1028 nostra
1601 972 1925 1029 auctoritate

333 1059 620 1116 ﬁrmamus
639 1100 655 1127 ,
681 1069 740 1116 ut
769 1062 821 1116 in
852 1072 1171 1134 perpetuum
1200 1062 1372 1119 eidem
1404 1062 1526 1119 loco
1549 1064 1666 1119 sine
1691 1064 1923 1118 diutina.

335 1150 484 1207 tione
522 1153 609 1206 vel
640 1153 926 1224 cujuslibet
950 1154 1341 1210 retractatione
1367 1156 1679 1226 persistant.
1717 1155 1774 1210 Si
1804 1157 1925 1226 quis

332 1257 466 1301 vero
496 1254 689 1300 contra
724 1244 899 1299 locum
950 1245 1100 1301 illum
1143 1246 1444 1303 molestiam
1473 1247 1585 1302 litis
1611 1263 1710 1318 pro
1732 1247 1918 1319 aliqui-

333 1334 436 1389 bus
504 1337 667 1390 rebus
717 1334 918 1390 inferre
962 1336 1229 1403 voluerit,
1279 1336 1585 1392 nullatenus
1639 1337 1809 1391 abbas
1841 1335 1925 1392 vel

330 1425 541 1482 tratres
570 1425 619 1480 ei
646 1426 1041 1496 respondeant,
1090 1436 1383 1498 antequam
1410 1426 1712 1481 Romanum
1746 1426 1926 1497 ponti-

332 1515 495 1571 ﬁcem
525 1516 847 1582 consulant,
874 1520 998 1587 quia
1032 1518 1295 1590 quidquid
1317 1519 1434 1574 sine
1479 1527 1664 1575 nostro
1695 1520 1777 1575 vel
1803 1534 1926 1575 suc-

331 1621 616 1664 cessorum
654 1616 963 1668 nostrorum
974 1608 1182 1678 judicio
1202 1610 1480 1667 deﬁnitum
1504 1611 1586 1666 vel
1608 1611 1923 1667 distractum

331 1698 500 1755 fuerit
523 1741 539 1764 ,
596 1700 810 1756 irritum
842 1704 967 1757 erit.
1002 1703 1073 1757 Ea
1098 1718 1227 1759 vero
1256 1719 1377 1774 quae
1401 1704 1466 1758 ad
1498 1702 1780 1774 praefatum
1805 1718 1924 1775 per-
1959 1695 2000 1753 Β

336 1793 510 1850 tinent
544 1794 934 1849 monasterium
963 1835 979 1857 ,
1003 1803 1059 1849 et
1086 1794 1247 1850 beato
1274 1794 1437 1850 Petro
1464 1796 1516 1849 in
1545 1795 1927 1865 patrimonium

334 1898 496 1955 super
520 1885 691 1956 ipsius
724 1885 895 1940 altare
916 1901 945 1939 a
967 1885 1237 1943 Gaul'redo
1263 1888 1462 1943 comite
1488 1888 1924 1957 Andegavorutu,

330 1983 388 2030 et
424 1975 493 2029 ab
547 1975 757 2045 Agnete
808 1977 1085 2032 comitissa
1134 1976 1252 2046 ejus
1292 1977 1523 2049 conjuge
1550 1978 1733 2032 oblata
1757 1986 1924 2041 sunt,

333 2068 423 2123 hic
458 2068 666 2138 scripta
698 2079 997 2143 noscuntur
1026 2072 1090 2125 ad
1121 2070 1484 2141 cognitionem
1514 2070 1837 2125 futurorum.
1870 2069 1925 2123 ltt

335 2174 471 2230 pago
504 2157 883 2214 Vindocincnsi
913 2158 1143 2214 ecclesia
1185 2161 1370 2215 Sancti
1402 2160 1607 2215 Nicolai
1641 2161 1707 2214 de
1736 2159 1928 2214 Ferra-

335 2252 438 2306 ria.
469 2251 715 2306 Ecclesia
742 2251 808 2307 de
858 2252 1093 2306 Pruneto
1118 2292 1133 2317 ,
1165 2266 1289 2307 cum
1335 2251 1604 2306 universis
1631 2261 1921 2307 consuetu-

337 2343 578 2399 dinibus.
625 2342 885 2398 Medietas
910 2343 1154 2399 ecclesiae
1198 2343 1414 2399 Sanctae
1446 2343 1627 2398 Mariae
1652 2344 1793 2413 apud
1824 2343 1927 2398 Vil-

339 2436 442 2490 lam
490 2436 753 2508 episcopi.
803 2420 1045 2492 Ecclesia
1088 2436 1274 2493 Sancti
1332 2436 1597 2508 Stephani
1648 2438 1787 2508 apud
1817 2447 1927 2492 sta-

338 2545 527 2599 gnum.
566 2529 821 2585 Ecclesiae
851 2537 1082 2599 quatuor
1101 2545 1237 2600 quas
1263 2529 1599 2585 Tbedoricus
1637 2529 1924 2598 episcopus

339 2620 693 2677 Carnotensis
749 2620 895 2676 dedit
944 2622 1274 2676 monasterio
1318 2620 1704 2677 Vimlocinensi
1743 2634 1927 2674 amore

341 2712 475 2775 Dei.
529 2723 586 2768 et
639 2714 1028 2784 supplicatione
1082 2712 1337 2769 Gaufredi
1398 2712 1652 2776 comitis,
1698 2710 1925 2766 ecclesia

342 2805 553 2862 scilicet
604 2804 790 2862 Sancti
844 2804 1035 2872 Beati,
1070 2806 1301 2863 ecclesia
1358 2804 1543 2862 Sancti
1590 2803 1816 2861 Joannis
1860 2805 1928 2858 de

341 2894 805 2959 Castrodnnensi,
845 2896 1079 2952 ecclesia
1128 2895 1196 2953 de
1248 2896 1551 2961 Balneolis,
1597 2896 1827 2951 ecclesia
1861 2897 1926 2951 de

345 2983 631 3043 Villarebla
657 3028 673 3052 ,
708 2986 938 3042 ecclesia
991 2987 1331 3043 Anscherici.
1374 2986 1431 3041 In
1483 2988 1796 3057 episcopatu
1826 2985 1930 3042 Ce-

2022 426 2266 497 przedicti
2293 425 2395 482 loci
2433 436 2490 482 et
2533 442 2720 483 comes
2752 425 3175 484 Vinducinensis
3191 424 3335 482 alter
3360 425 3627 499 adversus

2023 517 2257 572 alterum
2279 558 2295 582 ,
2334 517 2420 573 vel
2449 517 2676 587 quilibet
2705 520 2865 575 homo
2885 525 3079 576 eorum
3107 517 3385 588 querelam
3416 516 3628 573 habue-

2025 608 2127 670 rit,
2160 623 2264 661 non
2317 608 2370 662 in
2395 609 2549 663 curia
2575 610 2793 665 comitis
2816 650 2834 677 ,
2866 625 2969 667 nec
2996 624 3053 664 tu
3083 607 3323 678 qualibet
3348 608 3454 663 alia
3482 607 3627 679 judi-

2024 699 2168 754 cium
2196 697 2488 765 eﬂiciatur,
2536 700 2633 755 sed
2685 700 2740 755 in
2789 702 2939 757 curia
2972 699 3192 758 abbatis
3231 714 3330 770 pro
3356 699 3629 771 dignitate

2025 790 2127 846 loci
2185 791 2523 861 querimonia
2578 792 2693 862 ipsa
2752 793 2974 847 ﬁniatur
3059 792 3139 847 Ha
3190 798 3367 845 tamen
3423 800 3485 845 ιιι
3529 806 3629 859 pro

2025 896 2211 937 amore
2234 897 2460 937 summa:
2482 881 2786 948 Trinitatis,
2824 884 2874 937 in
2899 887 3052 954 cujus
3082 880 3308 938 nomine
3335 890 3393 936 et
3414 881 3628 936 honore

2025 973 2417 1028 monasterium
2444 973 2616 1043 ipsum
2631 981 3003 1029 constructum
3028 982 3134 1035 est,
3152 969 3376 1027 dimidia
3400 984 3527 1039 pars
3542 968 3623 1027 lo-

2026 1064 2101 1118 ris
2127 1064 2252 1119 facti
2286 1078 2383 1119 nec
2405 1072 2680 1135 quaeratur
2697 1063 2766 1118 ab
2791 1062 2990 1133 aliqua,
3018 1077 3120 1118 nec
3145 1063 3400 1119 domatur.
3419 1059 3476 1114 Si
3499 1061 3623 1131 quis

2027 1166 2206 1211 autem
2236 1156 2395 1226 hujus
2430 1157 2600 1211 nostri
2633 1157 2884 1228 prtecepti
2921 1164 3162 1212 scteuter
3190 1151 3426 1210 violator
3454 1152 3620 1207 exsti-

2028 1248 2154 1302 terit
2178 1286 2194 1312 ,
2225 1246 2317 1302 vel
2341 1246 2407 1302 de
2448 1247 2835 1318 suprascriplis
2878 1248 3040 1304 rebus
3086 1242 3476 1302 Vindocihcnsi
3507 1257 3622 1299 mo-

2028 1339 2267 1394 nasterio
2316 1339 2613 1410 quidquam
2670 1339 3052 1405 subtraxerit,
3103 1336 3491 1393 maledictilttne
3519 1331 3616 1386 Dei

2026 1431 2237 1496 Patris,
2268 1441 2326 1487 et
2368 1431 2523 1497 Filii,
2554 1441 2609 1485 ct
2636 1432 2876 1503 Spiritus
2921 1431 3095 1487 sancti
3120 1431 3455 1495 damnetur»
3485 1440 3623 1480 con-

2028 1525 2287 1581 fundatur
2312 1568 2327 1592 ,
2357 1534 2566 1595 pereat,
2593 1526 2659 1581 ad
2685 1524 2840 1594 cujus
2868 1524 3128 1579 honorem
3150 1531 3208 1578 et
3235 1537 3433 1576 nomen
3467 1517 3625 1576 lutcus

2028 1619 2146 1689 ipse
2191 1626 2537 1675 constructus
2578 1626 2699 1685 est,
2739 1616 2931 1671 deinde
2955 1616 3118 1670 etiam
3150 1614 3285 1669 iram
3328 1612 3422 1667 Dei
3449 1607 3620 1666 chi-

2032 1714 2179 1769 tricis
2224 1721 2278 1767 et
2320 1712 2605 1767 beatorum
2636 1708 3004 1779 apostolorum
3029 1706 3174 1763 Petri
3221 1714 3277 1761 et
3306 1703 3457 1759 Pauli
3497 1708 3621 1758 om—

2030 1804 2288 1873 niumque
2334 1811 2644 1858 sanctorum
2683 1801 2962 1867 incurrat,
3004 1808 3061 1855 et
3091 1806 3275 1853 nostra
3319 1793 3622 1866 apostolica

2030 1895 2352 1951 auctoritate
2405 1894 2477 1949 sit
2544 1892 3085 1954 excommunicatus,
3137 1897 3194 1943 et
3251 1884 3616 1942 attatbematis

2034 1986 2249 2041 vinculo
2276 1986 2585 2050 inttodatus,
2609 1980 2683 2038 ut'
2712 1997 2993 2054 nunquam
3028 1995 3253 2052 regnum
3282 1977 3378 2033 Dei
3404 1976 3615 2039 videat,

2030 2076 2124 2133 sed
2174 2091 2295 2130 cunt
2352 2075 2570 2131 diabolo
2627 2071 2847 2129 etJuda
2881 2071 3195 2139 traditore,
3255 2067 3617 2149 omnibusque

2030 2166 2212 2238 impiis
2251 2167 2320 2221 sit
2347 2166 2638 2221 damnatus
2681 2162 2735 2219 in
2763 2173 3059 2227 aeternum,
3083 2170 3138 2216 et
3162 2162 3217 2216 in
3241 2157 3479 2215 tenebris
3505 2172 3619 2211 ma-

2030 2268 2162 2315 neat
2186 2267 2242 2312 et
2266 2258 2457 2313 umbra
2485 2257 2709 2322 mortis,
2756 2263 2813 2311 et
2844 2256 2897 2310 itt
2937 2253 3187 2309 incendio
3222 2249 3519 2315 sulfurato,
3560 2247 3617 2303 in

2031 2349 2233 2420 frigore
2273 2349 2364 2403 illo
2405 2356 2643 2403 tartareo
2674 2352 2677 2357 ‘
2712 2347 2801 2402 ubi
2853 2356 2938 2402 est
2980 2345 3138 2400 ﬂetus
3167 2351 3223 2399 et
3249 2342 3452 2398 stridor
3479 2342 3616 2397 den-

2031 2442 2163 2494 tium
2197 2438 2415 2511 (Matth.
2460 2452 2557 2492 vttt
2578 2478 2594 2504 ,
2634 2437 2751 2507 l2),
2791 2435 2895 2490 nisi
2925 2435 3067 2504 quod
3091 2432 3265 2489 eidem
3288 2432 3405 2487 loco
3430 2432 3618 2486 abstu-

2032 2532 2094 2586 lit
2116 2532 2275 2602 digna
2296 2529 2672 2585 satisfactione
2691 2527 2963 2583 emendet.
2990 2524 3090 2592 Qui
3115 2539 3249 2599 vero
3264 2530 3619 2579 conservator

2030 2630 2085 2677 et
2117 2620 2405 2675 inviolator
2428 2618 2705 2673 exstiterit
2734 2615 2895 2685 hujus
2926 2624 3128 2669 nostrae
3155 2612 3465 2683 apostolicae
3486 2625 3617 2666 cou-

2031 2713 2355 2769 lirmationis
2384 2720 2439 2765 et
2468 2710 2712 2765 tuitinnis
2732 2749 2748 2775 ,
2805 2709 2908 2764 iste
2957 2706 3308 2763 benedicatur
3336 2702 3483 2758 omni
3529 2702 3621 2756 be-

2031 2805 2365 2867 nedictione,
2409 2810 2471 2857 ut
2522 2810 2730 2873 partem
2796 2800 2994 2856 habeat
3050 2799 3104 2854 itt
3155 2812 3321 2869 regno
3368 2795 3459 2850 Dei
3491 2809 3615 2849 cum

2030 2898 2235 2954 satu-tis
2282 2905 2336 2951 et
2380 2894 2603 2960 electis,
2632 2903 2688 2948 et
2730 2892 2962 2964 gaudeat
2992 2890 3174 2945 lanitia
3207 2887 3537 2958 sempiterna
3562 2887 3614 2939 itt

2032 2991 2123 3045 illa
2164 2990 2284 3043 luce
2316 2996 2371 3042 et
2397 2986 2650 3042 claritate
2674 2984 2932 3040 ctelorum
2974 2982 3062 3037 ubi
3094 2992 3176 3036 est
3232 2996 3393 3053 omne
3415 2982 3613 3035 bonum

348 3066 668 3135 nontanensi
748 3077 980 3135 ecclesia
1038 3077 1223 3150 Sancti
1286 3078 1511 3135 Joannis
1559 3079 1811 3150 Baptista:
1860 3077 1928 3134 de
1955 3048 1999 3108 Ο
2032 3082 2084 3135 in
2117 3079 2312 3135 srccnla
2362 3077 2705 3132 saeculorum.
2748 3077 2942 3129 Amen.
2979 3073 3213 3148 Victoris
3242 3072 3432 3143 prima:
3471 3071 3618 3126 sedis

344 3169 479 3227 Villa
502 3172 600 3226 Dei
625 3180 731 3237 ,et
759 3171 881 3225 villa
914 3172 1028 3244 ipsa
1058 3185 1181 3228 cum
1209 3161 1371 3228 terris
1400 3181 1455 3229 et
1489 3172 1641 3228 silvis
1668 3212 1685 3231 .
1714 3181 1769 3227 et
1791 3172 1929 3235 vica-

345 3264 421 3318 ria
446 3304 461 3331 ,
503 3271 563 3319 et
613 3254 1094 3319 consuetudinibus
1133 3264 1423 3319 universis.
1468 3263 1636 3317 Terra
1673 3263 1740 3318 de
1781 3261 1929 3316 Pinis

342 3365 396 3411 et
425 3373 548 3427 qua:
574 3364 658 3411 est
682 3357 752 3411 ibi
783 3353 938 3424 juxta
968 3357 1189 3411 dimidia
1214 3356 1443 3411 ecclesia
1469 3355 1683 3411 Sanctae
1706 3354 1887 3410 Mariae
1911 3396 1926 3420 ,

343 3450 573 3507 ecclesia
623 3449 809 3505 Sancti
841 3450 1116 3505 Michaelis
1138 3449 1204 3504 de
1230 3448 1452 3505 littlseto
1478 3490 1493 3515 ,
1541 3457 1598 3503 et
1625 3458 1771 3503 terra
1805 3463 1927 3503 cum

346 3553 535 3613 stagno
559 3581 574 3605 ,
599 3548 655 3594 et
696 3540 1021 3596 molendinis
1068 3555 1190 3595 cum
1229 3540 1448 3604 boscis,
1494 3547 1549 3595 et
1583 3538 1787 3593 vicaria
1813 3580 1829 3605 ,
1874 3546 1926 3592 et

1229 3630 1490 3685 medietas
1561 3629 1807 3685 ecclesia:
1866 3628 1932 3683 de

346 3717 560 3779 Torcio.
606 3723 663 3778 In
706 3724 1015 3796 episcopatu
1042 3724 1422 3795 Andegavensi
1479 3723 1710 3778 ecclesia
1743 3721 1929 3776 Sancti

351 3813 627 3868 Saturnini
650 3822 705 3870 et
748 3814 918 3869 curtis
940 3821 1048 3870 tota
1068 3855 1083 3879 ,
1111 3824 1167 3869 et
1189 3813 1321 3868 silva
1363 3829 1482 3885 qua:
1508 3800 1711 3868 dicitur.
1745 3812 1930 3877 Latcz,

350 3913 402 3957 et
428 3912 573 3958 terra
596 3902 763 3969 silvai,
781 3905 825 3960 si
850 3904 983 3958 silva
1008 3905 1173 3960 fuerit
1195 3903 1678 3974 exstirpata.Apud
1694 3890 1933 3959 castrum

349 3990 692 4048 Credonense
711 3987 936 4051 ecclesia
954 3994 1140 4049 Sancti
1164 3993 1457 4050 Clementis
1482 3992 1796 4054 etuniversa
1820 3992 1936 4062 ejus

350 4081 627 4151 parochia,
662 4082 904 4139 ecclesiae
943 4085 1047 4138 vici
1076 4078 1430 4150 Meduanilis;
1473 4084 1704 4138 ecclesia
1747 4084 1934 4138 Sancti

352 4170 573 4229 ioannis
607 4187 769 4243 super
799 4173 1056 4246 Ligerim,
1092 4183 1147 4229 et
1173 4175 1358 4230 decem
1387 4183 1441 4229 et
1482 4189 1674 4229 novent
1709 4176 1934 4244 arpenni

353 4263 628 4319 vinearum
664 4274 721 4320 et
764 4266 873 4320 duo
929 4265 1220 4320 ntolendini
1249 4284 1265 4332 ;
1299 4265 1529 4321 ecclesia
1560 4266 1746 4321 Sancti
1788 4266 1936 4322 Petri

354 4354 418 4412 de
442 4355 681 4413 Maziaco
709 4364 764 4411 et
784 4356 954 4412 curtis
977 4365 1120 4422 tota;
1146 4357 1373 4434 ecclesia
1398 4359 1582 4414 Sancti
1607 4358 1755 4413 Meda
1766 4358 1843 4413 rdi
1870 4362 1936 4413 de

355 4447 650 4505 Caviriaco.
684 4450 739 4506 In
764 4451 1070 4521 episcopatu
1100 4452 1401 4508 Pictavensi
1432 4454 1659 4509 ecclesia
1682 4454 1748 4509 de
1770 4453 1935 4510 Olon.’

355 4550 440 4592 na.
492 4540 548 4594 ln
579 4541 892 4612 episcopatu
937 4540 1263 4598 Sanctonico
1286 4545 1514 4600 ecclesia
1560 4545 1741 4601 Sancti
1769 4536 1940 4602 Geor-1

358 4628 425 4697 gii
462 4638 516 4685 et
544 4631 703 4686 tertia
750 4647 875 4701 pars
903 4624 1140 4700 ejusdem
1165 4622 1494 4689 insulae-cum
1517 4624 1939 4690 consuetudini;

360 4718 456 4776 bus
485 4722 775 4778 universis.
805 4722 861 4776 In
889 4733 1070 4780 castro
1091 4721 1339 4779 Oleronis
1365 4710 1592 4780 ecclesia
1620 4715 1694 4779 BQ
1714 4725 1935 4790 Mariae;

360 4813 583 4868 ecclesia
621 4812 775 4867 Podii
828 4813 1076 4881 rebellis;
1134 4815 1363 4871 ecclesia
1418 4817 1485 4872 de
1534 4804 1934 4885 Blosmeriaco;

361 4902 580 4961 ecclesia
645 4905 829 4961 Sancti
883 4905 1161 4963 Saturnini
1195 4916 1245 4963 et
1282 4916 1423 4962 terra
1472 4908 1529 4962 S.
1573 4909 1773 4963 Aniani
1816 4925 1937 4965 cum

362 4996 541 5054 salinis
567 5004 623 5054 et
642 4998 1050 5069 piscationibus,
1076 5008 1131 5057 et
1158 4999 1410 5055 omnibus
1435 5001 1935 5058 consuetudinibus.

2030 3172 2269 3245 episcopi
2301 3180 2355 3228 et
2388 3168 2712 3226 universalis
2744 3183 2895 3239 papa:
2914 3167 2957 3221 ll
2990 3167 3155 3222 breve
3186 3172 3419 3237 signum.

2620 3262 2913 3323 aixnt.
3020 3292 3091 3337 κὴ

2102 3359 2258 3413 Bulla
2299 3358 2524 3412 Victoris
2577 3356 2728 3428 papa!
2755 3355 2819 3411 Il
2845 3373 2941 3427 pro
2978 3356 3190 3411 ecclesia
3229 3354 3335 3411 SS.
3384 3353 3618 3410 Simonis

2647 3446 2653 3451 ’
2696 3445 2945 3501 ειΙυιΙω.
3072 3486 3077 3487 κ
3126 3489 3132 3496 .

2604 3540 2622 3608 (
2651 3537 2808 3592 Anno
2845 3538 3005 3592 1057.
3033 3539 3050 3608 )

2215 3629 2585 3705 [llemsccws,
2612 3631 2997 3701 Antiquitamm
3017 3628 3412 3700 goslariensium

2633 3722 2727 3777 lib.
2762 3739 2802 3790 I,
2828 3738 2881 3792 p.
2912 3719 3029 3792 65.]
3630 3784 3643 3795 ,

2042 3830 2047 3838 ·
2105 3818 2311 3873 Vtcron
2334 3815 2641 3887 episcopus,
2666 3828 2855 3868 servus
2895 3828 3176 3867 servorum
3220 3810 3337 3876 Dei,
3367 3809 3620 3865 omnibus

2034 3903 2237 3967 Christi
2262 3907 2533 3961 ﬁdelibus.

2040 4022 2059 4029 ·
2108 3999 2293 4055 Sancti
2322 3995 2583 4068 propositi
2625 4005 2808 4050 votum
2857 4011 2961 4049 non
2988 3993 3161 4049 solum
3210 3993 3394 4048 divino
3424 3991 3620 4048 eﬁ'ectu

2039 4091 2313 4161 impletur,
2336 4084 2428 4145 sed
2455 4086 2620 4143 etiam
2660 4087 2896 4142 humano
2923 4083 3180 4155 suﬁ‘ragio
3200 4082 3506 4152 adiuvatur.
3538 4082 3623 4137 Sit

2038 4193 2218 4240 autem
2250 4191 2437 4237 notum
2468 4179 2721 4234 omnibus
2763 4176 2821 4231 S.
2855 4175 3109 4232 Ecclesia:
3157 4174 3303 4240 ﬁliis,
3335 4181 3444 4229 tam
3476 4189 3619 4244 pran-

2039 4274 2282 4331 setttibus
2302 4285 2463 4342 quam
2485 4267 2703 4333 futuris,
2726 4282 2853 4338 quia
2880 4266 3022 4321 lilius
3038 4274 3222 4321 noster
3247 4262 3620 4323 cltarissintus.

1966 4356 2016 4451 β
2040 4367 2309 4421 secundus
2330 4362 2616 4418 Heinricus
2671 4361 2966 4431 imperator
3006 4358 3303 4431 Augustus,
3329 4355 3621 4427 quamdam

2040 4456 2347 4520 ecclesiam,
2379 4470 2408 4509 a
2441 4470 2502 4511 se
2548 4454 2787 4509 funditus
2824 4458 3214 4513 constructam,
3262 4448 3316 4502 itt
3360 4448 3620 4503 honorent

2043 4546 2121 4619 [in
2145 4543 2373 4616 honore]
2397 4553 2599 4599 sancta:
2637 4544 2727 4598 Dei
2758 4541 3041 4615 genitricis
3069 4538 3296 4610 virginis
3339 4535 3522 4592 Mariae
3567 4544 3625 4589 et

2041 4637 2322 4691 beatorum
2375 4633 2741 4703 apostolorum
2798 4632 3038 4688 Simonis
3087 4638 3143 4686 et
3190 4628 3360 4693 .ludzc,
3392 4625 3622 4698 positam

2041 4729 2160 4783 loco
2187 4726 2457 4793 Goslaria,
2475 4727 2566 4781 ubi
2598 4725 2794 4782 fratres
2812 4736 2937 4781 sunt
2954 4727 3054 4782 sub
3074 4723 3337 4779 canonica
3367 4722 3627 4791 degentes

2040 4819 2247 4889 regula,
2286 4817 2485 4886 quibus
2519 4816 2813 4888 praeposuit
2854 4814 3215 4871 Guntlterium
3247 4811 3629 4868 cancellariunt

2041 4926 2222 4977 suum,
2247 4922 2353 4965 tant
2399 4927 2499 4981 pro
2558 4909 2754 4963 animae
2798 4922 2908 4961 sua:
2957 4919 3177 4973 sumque
3238 4907 3484 4976 conjugis
3525 4902 3636 4956 Au-

2041 5008 2212 5072 gusta),
2264 4999 2387 5054 lilia:
2451 5008 2652 5056 nostra:
2710 4997 2939 5067 Agnetis
3010 4994 3276 5063 remedio,
3323 5011 3486 5065 quam
3538 5008 3639 5063 pro
