4020 5392
501 252 610 309 823
1808 272 2029 334 VlCTOl

2196 278 2232 333 ΙΙ
2274 278 2354 334 I‘A
2366 278 2472 337 ΡᾸΞ
3637 284 3728 347 821

500 368 660 423 sistat
680 367 753 425 ab
770 370 919 428 omni
942 371 1066 440 jure
1087 384 1143 430 et
1170 377 1428 435 dominio.
1483 381 1552 435 ab
1596 383 1744 439 omni
1787 384 2001 442 laesione
2030 395 2082 442 et
2110 392 2160 453 Λ
2450 444 2456 449 ,
2911 391 3048 449 XIV.

501 458 777 525 inol’estta,
800 477 1064 535 suamque
1115 468 1475 539 integritatem
1507 470 1713 531 habens
1742 475 1796 529 in
1830 478 2081 547 omnilnia
2223 474 2556 550 Priritegmm
2600 480 2820 536 Victoris
2845 479 2906 536 Il
2959 500 3057 552 pro
3092 485 3405 539 urouasterio
3435 482 3697 543 Fuldcnu'.

498 553 664 607 rebus
692 563 748 627 et
775 553 1305 629 facultatibus,’quas
1354 565 1516 619 modo
1545 565 1707 620 habet
1735 567 1787 620 in
1821 569 2080 637 praedicto
2774 573 2952 645 (Αηῐιθ
2975 573 3155 641 1057ο)

497 641 615 696 loco
641 620 890 700 Goslaria
918 645 973 701 in
1006 620 1169 717 Egeln
1192 620 1269 705 uin
1307 649 1549 708 Jereslcb
1586 664 1639 709 et
1663 655 1715 710 in
1744 620 2079 722 statim
2427 663 2699 736 inuam,
2722 620 3099 737 οὲἆῖῦξρῖξιῖι.
3120 620 3308 734 ἔνιά..
3340 628 3517 744 asa].

494 733 547 785 in
575 731 1043 805 Summeusteten,
1072 748 1129 796 et
1154 741 1206 795 in
1259 741 1592 810 Slanstetcn,
1620 756 1676 801 et.
1712 747 1767 803 in
1795 747 2070 813 Valeutro.

489 834 546 881 et
575 825 630 882 in
660 827 970 895 Aldendoﬂ’,
1001 839 1055 887 et
1085 832 1139 888 in
1162 834 1569 906 Dingelstetein,
1592 839 1724 895 etin
1759 839 2070 908 Borestortl‘,

491 925 547 971 et
572 917 626 972 iu
653 916 1027 989 Ogtkersleve,
1062 931 1118 979 et
1148 924 1199 979 in
1222 924 1465 992 Balbria,
1485 938 1540 983 et
1570 929 1622 984 in
1662 928 2065 996 Walchesleve,

474 1016 548 1063 et
583 1010 637 1065 iu
670 1010 1058 1084 llerlingerode
1095 1016 1221 1072 aliis
1265 1016 1543 1093 [aliisque]
1587 1037 1803 1093 quoque
1852 1021 1986 1080 locis
2012 1034 2068 1082 et

487 1102 653 1167 villis,
678 1113 732 1159 et
759 1121 1092 1179 quaecunque
1115 1110 1172 1165 in
1196 1122 1518 1182 perpetuum
1541 1115 1792 1172 habitura
1818 1126 1923 1184 est,
1950 1119 2067 1176 sive

488 1191 601 1245 sint
652 1192 868 1249 mobilia
912 1195 1029 1252 sive
1059 1198 1376 1256 immobilia.

559 1282 712 1349 Quod
739 1286 936 1341 donum
975 1289 1047 1344 de
1084 1292 1331 1348 manibus
1360 1295 1599 1364 praedicti
1629 1297 1934 1353 charissimi
1967 1298 2060 1356 lilii

488 1376 661 1430 nostri
704 1375 932 1449 Augusti
973 1383 1328 1452 suscipientes
1384 1389 1750 1448 decrevimus.
1814 1406 1911 1460 per
1958 1392 2062 1449 hoc

470 1477 690 1535 nostra:
734 1471 1042 1539 apostolica:
1088 1477 1427 1534 auctoritatis
1494 1480 1857 1551 privilegium,
1898 1500 2059 1542 omne

480 1561 778 1620 munimen.
805 1577 967 1620 omne
997 1566 1163 1622 robur
1187 1570 1542 1640 apostolicum
1590 1574 1765 1630 eidem
1812 1577 2060 1635 ecclesia:

481 1646 698 1703 Sancta:
728 1650 910 1709 Maria:
958 1663 1015 1710 et
1054 1668 1365 1717 sanctorum
1415 1666 1784 1735 apostolorum
1817 1667 2055 1727 Simonis

2249 755 2453 811 Vic'ron
2475 756 2784 826 episcopus,
2807 772 2997 831 servus
3023 773 3305 816 servorum
3326 761 3437 825 Dei,
3463 762 3732 824 Εαιωτο

2172 847 2262 913 pio
2285 854 2341 900 et
2363 846 2617 917 religioso
2641 848 2822 903 abbati
2852 851 3165 913 monasterii
3196 849 3501 911 Salvatoris
3527 854 3726 921 Domini

2171 936 2341 991 nostri
2369 934 2497 993 Iesu
2527 937 2767 1004 Christi,
2791 948 2844 994 et
2875 938 3059 996 Sancti
3090 941 3350 998 Bonifacii
3371 982 3386 1009 ,
3415 944 3732 1014 quodsiunu

2168 1036 2249 1082 cst
2271 1027 2323 1082 in
2352 1027 2471 1083 loco
2498 1030 2589 1098 qui
2622 1039 2846 1087 vocatur
2868 1031 3163 1100 Bochonia,
3188 1033 3343 1103 juxta
3370 1039 3541 1110 ripam
3568 1039 3733 1095 numi-

2167 1116 2252 1172 uis
2303 1119 2448 1187 quod
2478 1127 2702 1175 vocatur
2735 1120 2901 1177 Fulda
2921 1161 2937 1187 ,
2963 1134 3018 1180 et
3046 1137 3144 1193 per
3174 1134 3226 1181 te
3272 1126 3410 1182 idem
3446 1130 3731 1186 venerabili

2158 1209 2499 1264 vtuonasterio
2525 1210 2748 1280 suisque
2776 1213 3213 1279 successoribus,
3244 1215 3298 1269 in
3330 1226 3665 1287 perpetuum.

2232 1295 2499 1354 Convenit
2554 1300 2852 1369 apostolico
2911 1305 3267 1359 moderamini
3324 1306 3412 1376 pia
3483 1307 3729 1380 religione

2161 1387 2486 1457 pollentibus
2512 1390 2765 1446 benevola
2802 1392 3175 1462 compassione
3202 1410 3525 1454 succurrere
3555 1408 3610 1453 ct
3636 1413 3724 1469 po-

2159 1479 2434 1534 scentibus
2477 1481 2625 1550 juste
2670 1493 2725 1538 et
2766 1485 3016 1555 religiose
3043 1486 3531 1546 alacridevotioue
3553 1506 3728 1546 asseu-

2158 1585 2278 1625 sum
2309 1572 2600 1640 impertiri.
2632 1572 2709 1629 Ex
2740 1575 2843 1631 hoc
2868 1576 3012 1633 enim
3043 1576 3178 1632 lucri
3221 1579 3562 1647 potissimum
3596 1596 3727 1650 prie-

2158 1661 2324 1716 mium
2354 1676 2384 1715 a
2423 1663 2709 1719 conditore
2733 1666 2976 1721 omnium
2995 1706 3011 1731 ,
3041 1667 3174 1730 Deo,
3202 1669 3391 1739 procul
3417 1669 3588 1727 dubio
3606 1687 3724 1741 pro-

474 1747 534 1794 ει
580 1740 731 1797 Juthn
779 1747 1126 1807 contribuere
1179 1762 1236 1807 ει
1287 1733 1616 1824 condo—nare,
1648 1769 1728 1824 ιη,
1757 1759 1963 1834 integra
1997 1762 2050 1817 ίη
2088 1733 2129 1791 Β
2161 1769 2452 1821 meremur,
2483 1755 2528 1811 si
2556 1757 2882 1813 venerabilia
2914 1758 3030 1817 loca
3059 1770 3360 1832 opportune
3386 1763 3637 1819 ordinata
3660 1764 3725 1819 ad

398 1879 407 1891 ,
478 1831 591 1886 suis
617 1836 779 1889 rebus
826 1838 1048 1908 suisque
1094 1844 1525 1912 possessionibus
1551 1859 1833 1916 constans,
1870 1831 1923 1907 in
1951 1867 2049 1907 sre-

473 1922 592 1976 enla
621 1925 1059 1985 mdium-metuat
1088 1933 1153 1988 ab
1208 1933 1553 2006 imperatore,
1589 1939 1674 1995 vel
1714 1956 1745 1996 a
1775 1957 1921 2014 rege,
1969 1944 2050 2001 vel

476 2016 548 2068 ab
581 2015 759 2085 aliqua
790 2031 1019 2087 persona
1064 2023 1278 2091 publica
1321 2027 1401 2083 vel
1449 2030 1657 2098 privata
1708 2032 2046 2104 dispendium

468 2109 555 2161 vel
599 2108 1002 2195 tletriiiienttttn.
1052 2112 1280 2184 Dignum
1334 2125 1513 2174 tamen
1569 2120 1823 2178 duximus
1871 2125 2044 2183 eidem

469 2197 794 2254 charissima
845 2200 956 2257 lilio
1004 2214 1194 2260 nostra
1227 2218 1455 2277 augusto
1491 2210 1716 2281 ejusque
1761 2229 2045 2274 successo-

434 2286 619 2342 uribus
642 2288 1050 2348 advocationem
1089 2294 1259 2364 ipsius
1288 2300 1428 2354 sacri
1480 2300 1581 2355 loci
1608 2317 1672 2358 ea
1705 2305 1916 2361 ratione
1952 2322 2040 2361 re-

462 2376 735 2448 linquere,
757 2391 813 2435 ut
843 2398 1060 2455 semper
1084 2386 1140 2440 in
1171 2398 1439 2457 potestate
1470 2392 1705 2451 habeant
1735 2397 1807 2452 ibi
1833 2414 2041 2468 prmgro-

463 2473 597 2527 sitos
625 2475 920 2530 secundum
948 2476 1119 2533 Deum
1148 2481 1421 2549 ordinare,
1444 2500 1551 2541 non
1581 2496 1761 2544 autem
1785 2505 1852 2546 cx
1880 2492 2040 2550 bonis

460 2566 595 2635 ipsis
618 2569 788 2626 alicus
812 2569 1068 2647 [aliquid]
1098 2575 1150 2631 iu
1177 2578 1454 2648 proprium
1482 2580 1634 2648 dare,
1666 2598 1761 2639 seu
1790 2584 1843 2640 in
1875 2586 2039 2643 bene-

466 2660 648 2717 ilcium
680 2663 939 2723 tribuere.
971 2668 1041 2723 At
1068 2670 1112 2726 si
1139 2681 1326 2728 contra
1356 2675 1770 2744 prohibitionem
1793 2690 2033 2737 nostram

459 2753 746 2824 quisquam
771 2770 963 2812 eorum
989 2764 1280 2818 tcutaverit
1304 2779 1492 2835 agere.
1525 2765 1753 2823 liberum
1778 2769 2032 2840 jubemus

455 2857 579 2898 esse
622 2847 911 2917 prmposilo
959 2855 1014 2904 ct
1045 2854 1346 2918 canonicis,
1397 2855 1489 2926 qui
1544 2856 1614 2911 ibi
1647 2873 1745 2928 pro
1789 2868 2031 2933 tempore

452 2937 683 3004 iuerint,
703 2940 782 2994 sic
803 2941 1114 2998 omnimodo
1139 2944 1205 2999 ad
1236 2945 1536 3003 Romanam
1557 2948 1853 3007 Ecclesium
1878 2954 2031 3009 dein-

452 3042 583 3098 ceps
600 3028 891 3100 respicere,
908 3041 965 3084 ut
982 3032 1115 3086 nihil
1138 3044 1386 3090 metuant
1400 3037 1466 3092 de
1480 3038 1740 3107 imperiali
1762 3040 1842 3096 vel
1861 3043 2024 3112 regali

446 3124 775 3180 conditione.
806 3126 1102 3197 Episcopus
1131 3137 1309 3184 autem
1347 3130 1398 3184 in
1429 3129 1582 3200 cujus
1616 3133 1833 3189 dimcesi
1873 3135 2027 3193 istius

448 3213 695 3269 ccclesim
717 3225 1219 3273 eonstructum~est
1258 3222 1647 3277 monasterium
1678 3223 1810 3280 nihil
1862 3226 1915 3281 in
1961 3242 2024 3285 eo

451 3307 649 3361 haheat
687 3307 833 3376 juris
858 3317 954 3363 aut
1008 3311 1291 3377 potestatis
1346 3320 1546 3380 printer
1592 3314 2021 3373 ecclesiasticum

444 3399 711 3467 regimen,
741 3409 795 3453 ct
820 3401 1115 3455 secundum
1143 3405 1402 3458 canonica
1446 3403 1690 3461 instituta
1736 3410 2018 3480 episcopa-

446 3488 548 3542 lem
592 3498 933 3559 potcstatem.
975 3490 1276 3548 Statuimus
1340 3494 1506 3565 igitur
1551 3498 1844 3566 apostolica
1891 3514 2022 3555 cen-

441 3593 589 3643 sura,
624 3581 725 3634 sub
776 3580 938 3635 divini
980 3582 1169 3652 judieii
1214 3586 1595 3651 obtestatione,
1627 3598 1686 3643 ut
1736 3590 1880 3645 nulla
1916 3606 2016 3662 po-

443 3678 609 3725 testas
642 3670 949 3739 imperialis.
969 3672 1049 3729 vel
1097 3672 1240 3744 regia
1284 3674 1682 3741 ecclesiastica.
1736 3680 1819 3737 vel
1846 3696 2014 3737 saecu-

436 3757 589 3823 laris,
649 3760 736 3816 vel
788 3761 1039 3830 quaelibet
1069 3764 1349 3821 hominum
1398 3781 1627 3837 persona
1673 3788 1866 3844 magna
1927 3776 2011 3832 vel

434 3865 624 3919 parva,
657 3850 1025 3925 cujuscunque
1051 3857 1125 3912 sit
1151 3873 1313 3922 sexus
1356 3863 1440 3917 vel
1463 3866 1662 3930 aetatis,
1687 3876 1877 3923 contra
1905 3869 2009 3924 hoc

434 3946 958 4016 nostrreapostolicze
997 3947 1161 4022 [abest
1190 3954 1518 4027 apostolicm]
1549 3958 2007 4017 corroboratiouis

432 4034 772 4107 privilegium
809 4040 993 4095 venire
1046 4052 1335 4112 pertcutet.
1396 4045 1649 4117 Quisquis
1696 4064 1824 4103 vero
1861 4066 2006 4119 qure-

428 4141 637 4195 qnzeve,
653 4129 793 4198 quod
821 4129 988 4191 absit!
1014 4133 1196 4200 fuerit,
1213 4150 1383 4206 usque
1403 4138 1469 4192 ad
1493 4138 1814 4210 condignam
1837 4142 2000 4198 satis-

430 4218 753 4286 tactionem,
786 4223 957 4278 nostri
1018 4227 1299 4296 apostolici
1347 4230 1712 4286 anathematis
1776 4230 2000 4288 vulnere

427 4314 647 4368 saueius
699 4315 919 4372 existat.
974 4317 1074 4384 Qui
1136 4334 1266 4375 vero
1317 4320 1387 4375 ab
1444 4320 1530 4376 his
1588 4322 1877 4392 prohibitis
1938 4339 1998 4380 se

2154 1846 2432 1903 meliorem
2459 1846 2661 1909 fuerint
2689 1850 2806 1905 sine
2828 1851 2991 1906 dubio
3011 1862 3209 1907 statum
3238 1855 3521 1925 perducta.
3545 1855 3725 1927 Igitur,

2150 1937 2277 2007 quia
2308 1937 2624 2008 postulastis
2652 1955 2682 1995 a
2722 1941 2910 2007 nobis,
2939 1941 3278 1999 decrevimus
3304 1952 3491 2000 nostra
3518 1954 3721 2016 aposto~

2151 2028 2250 2084 lica
2282 2030 2644 2100 praeceptione
2674 2034 3034 2090 reconcedere
3075 2050 3140 2091 ac
3176 2036 3571 2095 recouiirmare
3603 2054 3721 2110 pcr-

2148 2116 2439 2187 petualitcr
2463 2120 2617 2174 vobis
2644 2121 2950 2193 vestrisque
2970 2125 3376 2182 successoribus
3401 2128 3718 2199 prtedictuut

2147 2210 2538 2267 monasterium
2572 2211 2873 2271 Salvatoris
2905 2215 3114 2271 Domini
3146 2217 3316 2273 nostri
3336 2216 3472 2275 Jesu
3499 2219 3718 2288 Christi,

2143 2308 2198 2354 et
2236 2300 2421 2357 Saneti
2448 2302 2734 2369 Bonifacii,
2761 2305 2924 2361 situm
2946 2306 3000 2362 in
3022 2307 3141 2364 loco
3161 2310 3254 2378 qui
3270 2321 3501 2371 vocatur
3521 2311 3725 2368 Boche-

2144 2393 2251 2456 nia,
2277 2394 2432 2465 juxta
2474 2396 2646 2467 ripam
2673 2399 2909 2454 ﬂuiniuis
2939 2400 3083 2470 quod
3116 2402 3321 2456 dicitur
3349 2401 3525 2460 Fulda
3545 2445 3564 2471 ,
3600 2422 3715 2461 cum

2139 2487 2392 2543 omnibus
2421 2491 2583 2544 rebus
2615 2489 2905 2547 mobilibus
2931 2502 2987 2547 et
3012 2493 3379 2563 immobilibus
3410 2496 3520 2552 sibi
3556 2498 3716 2568 perti-

2139 2576 2410 2642 nentibus,
2437 2593 2572 2646 quas
2609 2595 2754 2634 nunc
2794 2581 2955 2636 habet
2985 2582 3120 2638 etin
3159 2581 3366 2651 futuro,
3404 2585 3523 2643 Deo
3571 2588 3717 2641 auxi-

2138 2669 2323 2736 liante,
2375 2672 2999 2729 habebit.Concedimus
3042 2675 3207 2730 etiam
3244 2685 3409 2747 atque
3456 2679 3718 2736 donamus

2133 2762 2309 2829 vobis,
2341 2762 2665 2829 charissime
2713 2778 2779 2821 ac
2831 2766 3182 2824 dilectissime
3242 2767 3351 2834 fdi.
3406 2773 3715 2843 vestrisque

2133 2856 2542 2911 successoribus
2588 2856 2877 2913 abbatibus
2918 2858 2973 2912 in
3018 2869 3360 2929 perpetuum,
3384 2878 3488 2934 pro
3524 2880 3714 2937 magno

2131 2953 2318 2999 nostro
2360 2959 2549 3010 amore
2588 2945 2862 3018 nimiaque
2901 2949 3190 3005 dilectione
3237 2966 3399 3022 quam
3431 2954 3586 3010 circa
3616 2971 3705 3010 vos

2130 3031 2391 3090 habemus
2415 3043 2472 3089 et
2504 3034 2703 3090 habere
2722 3036 2977 3109 deinceps
3009 3039 3285 3108 cupimus,
3317 3045 3707 3100 monasterium

2130 3119 2313 3177 Sancti
2359 3123 2589 3178 Andreae
2632 3125 2891 3194 apostoli,
2939 3129 3082 3197 quod
3130 3138 3358 3185 vocatur
3398 3130 3703 3196 Exztiulum,

2125 3210 2286 3291 situm
2321 3210 2507 3267 lloune
2542 3213 2694 3283 juxta
2732 3216 3017 3270 ecclesiam
3061 3215 3276 3273 Sanctae
3309 3219 3400 3274 Dei
3430 3222 3707 3291 genitricis

2122 3286 2305 3355 ararim
2348 3315 2565 3371 semper
2605 3302 2846 3373 virginis,
2877 3320 2997 3375 qua:
3044 3317 3269 3363 vocatur
3314 3308 3392 3362 Ad
3424 3286 3697 3380 ﬁresepc,

2122 3405 2242 3444 cum
2266 3393 2925 3460 omnibusmansionihus,
2951 3399 3257 3464 caminatis,
3276 3399 3425 3456 cellis
3456 3403 3700 3471 vinariis,

2119 3491 2171 3541 et
2216 3484 2469 3553 coquina,
2508 3501 2631 3541 cum
2680 3488 2876 3554 vineis,
2914 3488 3109 3555 hortis,
3147 3491 3491 3563 diversisque
3540 3511 3700 3565 gene-

2117 3571 2265 3629 ribus
2310 3589 2615 3644 pomorum,
2665 3591 2787 3631 cum
2846 3589 3000 3633 curte
3047 3591 3103 3634 et
3150 3591 3311 3649 puteo
3381 3594 3437 3637 et
3477 3586 3698 3642 introitu

2112 3678 2211 3734 per
2235 3673 2443 3735 portam
2471 3666 2728 3739 majorem
2773 3684 2803 3722 a
2835 3668 2921 3723 via
2969 3670 3218 3739 publica,
3258 3682 3314 3728 et
3351 3691 3476 3729 cum
3520 3677 3693 3731 oumi-

2110 3755 2212 3809 bus
2266 3756 2334 3810 ad
2391 3757 2531 3812 idem
2585 3761 2974 3816 monasterium
3039 3765 3364 3834 generaliter
3422 3777 3693 3839 pertinen-

2111 3844 2283 3911 tibus,
2331 3857 2437 3902 tam
2496 3848 2638 3907 intra
2675 3866 2837 3920 quam
2893 3862 3049 3910 extra
3110 3854 3299 3911 urbem
3359 3857 3521 3925 sitis,
3574 3875 3691 3932 qua:

2105 3936 2155 3992 ei
2172 3937 2320 4008 juste
2347 3952 2410 3994 ac
2430 3949 2579 3995 recte
2605 3943 2878 4011 pertinere
2903 3944 3312 4017 dignoscuntur.
3335 3947 3689 4007 Prohibemus

2104 4037 2286 4084 autem
2338 4045 2553 4087 omnem
2605 4033 2892 4102 cujuslibet
2944 4028 3200 4095 Ecclesiae
3251 4043 3589 4098 sacerdotem
3635 4044 3688 4100 in

2102 4118 2244 4175 idem
2307 4130 2548 4181 vestrum
2610 4124 2877 4183 Fuldcnse
2939 4130 3326 4186 monasterium
3394 4134 3687 4202 quamlibet

2100 4206 2360 4265 ditionem
2405 4211 2630 4278 habere,
2661 4213 2743 4269 vel
2768 4218 3164 4286 auctoritatem,
3209 4230 3406 4295 praeter
3443 4236 3683 4280 nostram

2098 4301 2449 4370 apostolicam
2480 4306 2661 4360 sedem
2682 4346 2698 4372 ,
2740 4310 3051 4379 specialiter
3078 4313 3391 4384 episcopum
3436 4315 3493 4370 in
3530 4313 3680 4384 cujus

425 4407 765 4472 custodierit,
797 4416 852 4465 et
877 4409 1135 4479 quidquid
1167 4414 1254 4468 hic
1284 4413 1482 4484 legitur
1511 4414 1713 4471 illihate
1744 4417 1995 4472 observa-
2021 4411 2072 4474 D
2097 4392 2316 4484 (ῙῘΨθθδί
2349 4405 2719 4453 consumtum
2758 4416 2878 4457 esse
2926 4402 3160 4471 Videtur,
3213 4406 3289 4461 ita
3336 4416 3413 4473 ut,
3460 4408 3564 4463 nisi
3612 4409 3679 4464 ab

426 4498 569 4551 verit
616 4499 831 4568 plenam
863 4516 900 4554 a
932 4502 1087 4558 nobis
1136 4504 1337 4561 habeat
1371 4508 1832 4577 benedictionem,
1881 4520 1937 4565 et
1964 4526 1994 4566 a

423 4589 535 4644 Dea
563 4592 944 4661 sempiternam
971 4593 1220 4650 salutem.

487 4681 684 4738 Datum
742 4700 774 4737 ν
805 4686 879 4740 ld.
908 4685 1029 4742 Jan.
1049 4730 1064 4753 ,
1098 4704 1184 4759 per
1222 4705 1417 4746 manus
1460 4693 1719 4749 Arihonis
1740 4694 1857 4749 vice
1885 4693 1997 4748 An.

412 4772 576 4828 nornis
613 4775 1106 4842 archicancellarii,
1139 4779 1396 4837 Romanae
1450 4782 1705 4839 Ecclesiae
1754 4792 1811 4839 et
1835 4783 1993 4839 Colo-

414 4862 616 4918 niensis
656 4866 1068 4938 archiepiscopi,
1114 4884 1256 4925 anno
1280 4887 1409 4928 vero
1450 4873 1745 4944 (secundo)
1807 4874 1997 4934 domui

415 4969 564 5023 papa:
588 4955 816 5013 Victoris
844 4958 1109 5024 ll,indict.
1140 4977 1179 5016 χ
1208 4963 1308 5033 (5i.

445 5358 456 5374 Ι
483 5288 539 5357 (5
559 5286 815 5374 .Appeusn
841 5304 923 5348 est
953 5297 1077 5374 huic
1104 5298 1387 5374 diplomati
1424 5303 1648 5373 rarioris
1679 5316 1817 5359 noue
1839 5306 1980 5361 bulta

2099 4483 2295 4540 abbate
2343 4489 2659 4543 monaStcrii
2712 4488 2876 4547 fuerit
2915 4492 3201 4560 invitatus,
3241 4510 3345 4555 nec
3390 4498 3675 4554 missarum

2097 4573 2355 4630 solemnia
2386 4578 2583 4637 ibidem
2613 4580 2893 4639 celebrare
2922 4596 3235 4654 praesumat.
3278 4587 3424 4643 Dona
3454 4598 3675 4667 vero,_et

2094 4667 2396 4724 oblationes
2433 4672 2784 4745 decimasque
2825 4675 3084 4742 ﬁdelium,
3128 4678 3334 4748 absque
3363 4679 3524 4735 ullius
3550 4694 3671 4751 per-

2095 4772 2240 4815 sonae
2266 4763 2673 4831 contrarietate,
2701 4765 2958 4823 firmitate
2979 4777 3235 4838 perpetua
3268 4769 3367 4839 ipsi
3398 4780 3669 4827 mortaste-

2094 4850 2175 4904 rio
2232 4861 2451 4920 vestro,
2502 4856 2798 4912 secundum
2852 4859 3310 4929 praedecessorum
3361 4869 3665 4915 nostrorum

2089 4941 2369 5013 privilegia
2390 4984 2405 5010 ,
2434 4947 2827 5007 conﬁrmamus
2844 4959 2899 5005 et
2931 4949 3374 5009 eorrohoramus.
3410 4950 3665 5008 Decerni-

2088 5048 2209 5087 mus
2225 5046 2385 5089 etiam
2415 5051 2481 5092 ne
2509 5038 2671 5094 alieni
2698 5055 2942 5111 personae
2964 5055 3171 5110 magna:
3194 5041 3277 5098 vel
3299 5057 3476 5112 parva:
3503 5042 3665 5098 liccat

2122 5122 2325 5193 liquam
2355 5126 2462 5180 vim
2510 5127 2592 5183 vel
2630 5131 3057 5193 controversiam
3088 5130 3294 5187 inferre
3335 5133 3509 5189 eidem
3543 5149 3658 5189 mo-

2162 5316 2339 5372 Mtera
2361 5335 2551 5374 uanam
2578 5323 2855 5374 mitratum
2897 5339 3168 5374 euenitque.
3201 5326 3406 5374 clavem
3449 5341 3480 5374 ε
3520 5326 3660 5374 ι’(υΙιι
