4020 5392
213 313 315 371 δυ

206 534 445 591 unquam
486 517 613 573 illuc
658 515 866 586 ingredi
905 523 1229 586 praesumat,
1261 524 1447 570 nostra
1487 514 1784 585 apostolica

205 612 583 670 interdicimus
608 608 949 670 auctoritate,
971 618 1026 662 et
1046 621 1114 662 ne
1126 608 1248 676 quis
1270 621 1506 677 unquam
1529 606 1784 676 placitum

205 707 278 760 ibi
315 703 513 758 habeat
542 701 623 754 vel
654 700 707 755 in
738 699 953 754 caeteris
976 697 1095 765 ejus
1134 698 1286 761 locis,
1334 714 1435 753 nec
1464 712 1653 753 servos
1684 713 1785 754 nec

202 795 432 850 colonos
481 792 548 846 ad
597 789 814 860 aliquod
849 788 1129 843 servitium
1159 789 1521 861 constringat,
1557 788 1660 843 nisi
1696 788 1783 842 cui

202 886 376 940 abbas
403 883 472 937 ad
507 881 793 936 utilitatem
820 893 931 934 sum
960 879 1301 935 necessitatis
1328 894 1610 935 assensum
1644 894 1784 948 pra:-

201 978 404 1033 buerit.
430 975 672 1048 Eligeudi
697 990 911 1045 quoque
938 975 1188 1029 abbatem
1222 974 1360 1040 sibi,
1395 974 1615 1046 quando
1640 988 1782 1045 opus

201 1069 391 1134 fuerit,
420 1065 620 1122 fratres
645 1066 785 1120 inter
804 1080 863 1121 se
885 1074 1207 1136 potestatem
1234 1065 1467 1121 habeant
1488 1065 1785 1122 secundum

201 1158 444 1229 regulam
491 1155 666 1212 sancti
696 1146 997 1221 Benedicti,
1026 1156 1143 1211 sine
1169 1155 1331 1213 ullius
1354 1157 1787 1214 contradictione

197 1265 471 1320 personae.

267 1338 543 1394 Caeterum
585 1353 717 1394 vero
758 1338 861 1395 hoc
899 1338 1266 1393 deliberantes
1311 1339 1653 1395 decernimus
1700 1348 1784 1403 ut,

196 1432 459 1504 congruis
481 1433 837 1501 temporibus,
874 1440 1073 1488 nostrm
1122 1432 1469 1488 sollicitudini
1524 1434 1785 1489 ecclesia-

197 1528 356 1581 stica:
412 1526 695 1580 iutimetur
718 1525 952 1596 qualiter
976 1526 1166 1596 religio
1198 1527 1499 1582 tntmastica
1546 1525 1782 1597 regulari

195 1622 391 1677 habitu
436 1621 710 1692 dirigatur
753 1620 1150 1691 concordiaque
1205 1621 1550 1675 convenienti
1611 1618 1786 1675 eccle-

194 1712 426 1767 siastico
445 1712 624 1766 studio
657 1712 1015 1782 maneipetnr.
1042 1726 1110 1766 ne
1134 1711 1292 1776 forte,
1324 1711 1465 1782 quod
1488 1711 1655 1766 absit!
1683 1709 1782 1765 sub

1175 306 1533 366 εριδτυιλε
1575 308 1661 363 ET
1706 305 2094 363 DIPLOMATA
2139 304 2539 362 PONTlFlClA.

206 428 449 487 nasterio
496 427 550 483 in
601 426 761 482 rebus
807 440 873 479 ac
931 423 1151 479 familiis
1186 423 1336 494 ejus;
1369 433 1423 480 et
1469 439 1538 479 ne
1584 422 1782 478 femina
1817 431 1860 485 Α

3360 301 3469 360 8ὶο

2632 418 2745 475 κν.

1894 513 2118 568 Victoris
2191 511 2253 566 II
2316 512 2641 582 privilegium
2707 527 2802 571 pro
2872 508 3104 566 Ecclesia
3152 507 3464 566 Trcrircmr.

2480 604 2659 672 (Anno
2693 601 2877 672 1057.)

1957 693 2263 768 [ticurues,
2289 690 2466 749 Codex
2485 685 2702 765 diplom.
2731 689 2896 746 Rhea.
2929 690 3139 759 uasat,
3164 709 3217 764 p.
3249 691 3396 764 liii]

1962 785 2168 843 Vtc'ron
2193 787 2481 856 episcopus
2501 826 2519 851 ,
2548 798 2736 839 servus
2761 798 3041 838 servorum
3088 782 3180 840 Dei
3204 825 3219 847 ,
3250 783 3346 840 tibi
3383 784 3471 840 tli-

1888 880 2030 936 leeto
2072 876 2332 933 confratri
2367 891 2432 947 ac
2468 883 2671 931 sauctte
2714 872 3054 929 Trevirensis
3088 873 3342 929 Ecclesia:
3381 888 3469 929 aro

1886 974 2235 1045 clticpiscopo
2266 973 2480 1042 tuisque
2506 971 2913 1028 successoribus
2941 971 2995 1025 iu
3024 978 3368 1041 perpetuum.

1954 1064 2123 1121 Justis
2147 1080 2213 1120 ac
2245 1064 2474 1120 Domino
2510 1063 2727 1134 placitis
2753 1062 3107 1134 petitionibus
3146 1058 3471 1117 aﬂectnosus

1886 1157 2106 1213 debetur
2128 1156 2371 1213 ell'ectus.
2402 1157 2540 1224 Quid
2568 1156 2780 1212 enimio
2794 1154 3206 1226 prtesentia‘rmu
3223 1162 3330 1209 tam
3355 1152 3472 1223 jus-

1887 1259 2020 1314 tum,
2040 1259 2148 1303 tam
2166 1250 2272 1305 Deo
2297 1250 2572 1321 placitum,
2597 1264 2758 1319 quam
2784 1258 2837 1302 ct
2861 1246 3173 1302 rcverendis
3193 1259 3259 1301 ac
3271 1244 3375 1315 piis
3398 1243 3475 1300 lo-

1885 1342 1965 1398 cis
1988 1342 2054 1397 ad
2078 1340 2288 1397 laudem
2308 1349 2362 1397 et
2393 1341 2616 1413 gloriam
2648 1338 2883 1396 nominis
2904 1337 3073 1408 ipsius
3093 1336 3271 1393 debita
3287 1343 3475 1391 aucto-

1888 1435 2044 1498 ritas,
2099 1433 2401 1490 reverentia
2455 1431 2662 1497 simul,
2718 1428 3370 1497 acutilitas,vindicetur
3416 1437 3475 1483 et

1885 1525 2281 1580 conservetur?
2322 1524 2664 1595 Quapropter
2711 1522 2814 1591 piae
2868 1509 3219 1577 sollicitudini
3267 1528 3371 1575 tua:
3418 1520 3471 1572 in

1885 1615 2256 1670 conﬁrmando
2304 1629 2367 1683 ac
2415 1612 2800 1683 perpetualiter
2831 1611 3113 1668 retinendo
3151 1610 3241 1679 jus
3269 1619 3470 1664 sancta:

1887 1708 2225 1763 Trevirensis
2292 1705 2547 1763 Ecclesia:
2592 1705 2684 1761 tibi
2734 1704 3099 1776 temporalilcr
3132 1702 3472 1760 conuulsisso

197 1804 365 1872 hujus
390 1803 657 1873 privilegii
689 1802 932 1868 obtentu,
966 1802 1177 1857 animus
1204 1817 1533 1873 gressusque
1561 1800 1783 1857 reetitu-
1816 1770 1858 1829 Β
1888 1797 2177 1869 plurimum
2222 1798 2659 1868 congratulantur
2684 1838 2700 1862 ,
2749 1797 3067 1853 charissima
3112 1795 3268 1851 nobis
3320 1809 3385 1850 ac
3417 1794 3469 1849 in

193 1896 344 1952 diuis
357 1906 553 1951 vestrae
570 1913 601 1950 a
618 1911 802 1950 norma
818 1895 1040 1964 iustitia!
1057 1894 1398 1965 aliquomodo
1414 1902 1778 1964 retorquatur.

193 1988 564 2043 Concedimus
588 1987 753 2041 etiam
782 1985 905 2051 tibi,
924 2001 1084 2057 quem
1111 1986 1252 2042 bene
1275 1986 1546 2041 eruditum
1570 1995 1625 2041 et
1645 1985 1783 2041 bene

193 2077 543 2146 eloquentem
589 2077 763 2130 virum
810 2091 932 2131 esse
986 2075 1265 2139 novimus,
1313 2074 1627 2130 dulcissime
1683 2074 1780 2139 Illi,

194 2168 506 2237 prtedicare
566 2167 786 2221 verlmm
844 2164 936 2220 Dei
993 2166 1350 2227 auctoritate,
1399 2165 1577 2221 sancti
1633 2164 1781 2220 Petri

195 2258 430 2328 apostoli
482 2258 597 2323 Dei,
639 2266 696 2312 et
741 2265 925 2311 nostra
970 2255 1088 2325 ejus
1119 2257 1336 2328 indigne
1364 2257 1580 2321 vicarii,
1612 2265 1669 2311 et
1702 2265 1781 2322 ut,

192 2359 308 2406 tatu
330 2364 432 2404 vos
461 2363 624 2419 quam
649 2362 993 2405 successores
1017 2347 1201 2413 vestri,
1228 2356 1357 2404 ante
1394 2346 1531 2402 alios
1556 2347 1783 2402 abbates

191 2441 383 2498 Gallia:
409 2456 508 2496 seu
530 2440 836 2497 Germania:
858 2442 1145 2512 primatum
1166 2440 1386 2497 sedendi
1412 2441 1465 2495 in
1493 2440 1641 2495 omni
1665 2439 1784 2495 locu

188 2538 576 2598 conventuqne
603 2537 784 2583 nostra
805 2529 1098 2600 apostolica
1120 2529 1443 2585 auctoritate
1466 2530 1783 2584 obtineatis.

185 2620 381 2674 Abbas
407 2634 568 2684 vero,
596 2634 703 2675 non
732 2620 834 2674 nisi
861 2637 891 2674 a
924 2629 1109 2674 nostra
1136 2620 1432 2690 apostolica
1461 2620 1590 2677 sede
1621 2621 1787 2676 henc-

188 2712 443 2775 dicatur,
484 2726 522 2767 a
570 2727 678 2782 qua
733 2710 977 2768 benedici
1031 2712 1213 2775 debet,
1259 2718 1334 2776 et,
1381 2711 1427 2767 si
1500 2713 1554 2766 in
1599 2711 1786 2783 aliquo

189 2800 429 2856 crimine
450 2810 742 2856 accusatus
763 2800 943 2865 fuerit,
965 2801 1033 2857 de
1060 2801 1250 2856 eadem
1276 2810 1456 2856 nostra
1489 2801 1785 2873 apostolica

190 2893 321 2950 sede
355 2900 572 2948 tantum
613 2892 877 2963 judicium
905 2902 1201 2964 exspectet.
1235 2891 1404 2949 Usum
1433 2909 1647 2965 quoque
1671 2893 1788 2950 dal-

189 2983 412 3038 maticze
441 2993 501 3039 et
525 2983 914 3050 sandaliornm,
943 2983 1240 3039 secundum
1267 2991 1415 3055 quod
1437 2987 1506 3040 ab
1537 2995 1787 3041 anteces-

190 3071 417 3128 soribus
447 3071 651 3128 nostris
680 3073 830 3127 vobis
859 3088 1176 3128 concessum
1207 3082 1292 3130 est
1310 3114 1326 3138 ,
1355 3075 1704 3131 concedimus
1731 3082 1786 3131 et

191 3162 612 3219 conﬁrmamus.
660 3163 829 3235 Igitur
863 3164 1192 3237 generaliter
1231 3166 1535 3222 addendum
1563 3165 1785 3237 dignum

192 3255 456 3311 duximus
512 3264 596 3322 ut,
654 3256 950 3327 quidquid,
1006 3256 1335 3313 auctoritate
1381 3266 1786 3313 antecessoruin

191 3346 567 3416 quorumlibet
595 3355 904 3403 nostrorum
933 3364 1117 3419 regum
1147 3357 1202 3406 et
1236 3349 1649 3419 imperatorum,
1681 3350 1783 3420 ipsi

191 3455 382 3499 vestro
421 3440 677 3498 Fuldensi
714 3441 1045 3496 monasterio
1087 3450 1299 3497 constat
1349 3440 1515 3497 fuisse
1559 3456 1783 3498 conces-

192 3549 340 3599 sum,
372 3533 447 3587 sit
477 3532 642 3587 etiam
683 3541 868 3586 nostra
895 3530 1191 3602 apostolica
1218 3533 1541 3589 auctoritate
1566 3546 1664 3602 per
1688 3533 1790 3588 hoc

194 3631 454 3677 rostrum
489 3620 833 3691 privilegium
862 3620 1242 3677 confirmatum
1273 3634 1438 3692 atque
1467 3623 1791 3678 corrobora-

192 3722 335 3776 tum,
359 3720 669 3766 statuentes
694 3710 986 3781 apostolica
1015 3727 1267 3776 censura,
1288 3714 1391 3767 sub
1414 3712 1579 3767 divini
1597 3710 1787 3779 judicii

191 3798 585 3863 obtestatione,
620 3814 689 3855 ne
711 3799 833 3869 quis
859 3815 1094 3870 unquam
1132 3810 1444 3856 nostrorum
1472 3803 1788 3870 postdeces-

191 3906 382 3946 eorum
407 3891 722 3959 pontificum
746 3892 1137 3955 Romanorum,
1164 3908 1369 3962 regum,
1399 3892 1620 3958 ducum,
1644 3908 1790 3948 mar-

190 3982 483 4044 chiouum,
524 3981 804 4047 comitum,
836 3989 892 4036 et
920 3990 1179 4051 przeterea
1219 3982 1776 4053 archiepiscotiorum,

192 4072 603 4143 episcoporum,
622 4083 716 4127 aut
740 4072 1030 4143 cujuslibet
1053 4074 1328 4143 dignitatis
1341 4075 1426 4130 vel
1449 4075 1780 4131 conditionis

190 4162 505 4228 hominum,
528 4173 717 4219 contra
743 4164 844 4219 hoc
865 4171 1107 4219 nostrum
1133 4163 1472 4234 privilegium
1494 4164 1787 4234 quidquam

192 4256 402 4310 audeat
444 4263 735 4310 attentare.
766 4254 919 4322 Quod
948 4256 995 4310 si
1024 4256 1146 4324 quis
1180 4254 1621 4324 prmsumpserit,
1653 4254 1790 4309 sciat

192 4359 254 4400 se
304 4344 488 4400 nostri
542 4345 908 4400 anathematis
957 4344 1174 4400 uinculo
1227 4358 1399 4415 usque
1452 4345 1519 4400 ad
1571 4344 1787 4416 dignam

1882 1890 2100 1947 Christo
2153 1891 2449 1947 reverende
2508 1889 2783 1946 confrater
2825 1905 2889 1945 ac
2935 1888 3258 1959 coepiscopo
3302 1878 3472 1943 Ebet‘.

1884 1982 2072 2047 harde,
2100 1982 2254 2053 juxta
2303 1990 2447 2037 tuam
2484 1983 2883 2052 suggestionem
2921 1995 2984 2035 ac
3019 1978 3299 2051 privilegia
3330 1992 3469 2048 pra:-

1882 2071 2230 2131 decessorum
2261 2082 2570 2130 nostrorum
2610 2072 2834 2132 Joannis
2874 2072 3122 2129 videlicet
3148 2069 3264 2126 XIII
3290 2084 3468 2142 papze,

1882 2180 1948 2220 ac
2002 2164 2273 2220 Benedicti
2325 2163 2458 2228 \‘Il,
2512 2162 2685 2219 beatm
2737 2178 2950 2234 quoque
2998 2162 3275 2217 memoriae
3325 2161 3470 2217 Lce-

1880 2260 1971 2324 uis
2001 2256 2068 2313 IX
2093 2272 2188 2326 per
2207 2254 2367 2324 hujus
2392 2256 2563 2311 nostri
2588 2254 2851 2326 privilegii
2880 2254 3263 2310 auctoritatem
3287 2256 3474 2306 decer-

1886 2351 2067 2405 nimus
2114 2364 2180 2404 ac
2228 2348 2613 2404 confirmamus
2656 2348 2750 2403 tibi
2786 2349 2996 2418 tuisque
3024 2356 3147 2419 post
3180 2356 3232 2403 te
3260 2361 3476 2403 succes-

1885 2441 2101 2497 soribus
2151 2440 2441 2511 primatum
2488 2438 2677 2496 Galliae
2724 2439 2993 2509 Belgicae,
3042 2440 3146 2495 hoc
3185 2438 3368 2503 modo,
3415 2446 3478 2491 ut

1887 2534 2319 2605 quandocunque
2347 2549 2377 2587 a
2408 2543 2592 2589 nostra
2621 2534 2905 2603 principali
2937 2548 3002 2589 ac
3022 2532 3317 2602 apostolica
3344 2528 3475 2585 sedc

1884 2624 2164 2696 presbyter
2193 2622 2276 2678 vel
2303 2624 2562 2679 diaconus
2591 2622 2673 2676 vel
2702 2623 3067 2679 subdiaconus
3086 2661 3102 2687 ,
3132 2621 3214 2677 vel
3245 2620 3474 2690 quilibet

1885 2713 2193 2771 ordinarius
2229 2714 2438 2784 legatus
2476 2729 2573 2783 pro
2599 2712 2981 2769 ecclesiasticae
3009 2712 3258 2769 utilitatis
3280 2726 3468 2774 causa,

1888 2822 1981 2862 seu
2042 2806 2344 2876 peragenda
2406 2805 2612 2877 synodo
2665 2805 2719 2861 in
2772 2804 3001 2861 Galliam
3053 2802 3472 2860 Germaniamve

1886 2898 2127 2954 directus
2157 2898 2344 2962 fuerit,
2394 2906 2449 2951 tu
2486 2897 2668 2967 tuique
2695 2911 3041 2952 successores
3069 2905 3191 2966 post
3222 2897 3469 2950 eumdem

1887 2987 2242 3059 apostolicum
2274 2985 2506 3058 legatum
2554 2987 2784 3056 primum
2832 2987 2975 3042 inter
3012 2985 3147 3042 alios
3190 2982 3474 3055 pontifices

1888 3079 2065 3136 locum
2116 3078 2428 3142 obtineatis,
2468 3087 2523 3134 et
2567 3077 2611 3133 si
2662 3077 2862 3133 missus
2916 3077 3176 3131 Romana:
3220 3074 3475 3131 Ecclesia:

1889 3170 2160 3234 defuerit,
2212 3169 2464 3225 similiter
2511 3176 2639 3240 post
2694 3168 3074 3239 imperatorem
3124 3167 3239 3224 sive
3290 3181 3472 3236 regem

1889 3262 2111 3319 sedendi
2164 3263 2596 3333 sententiamque
2646 3263 2853 3318 dicendi
2880 3302 2896 3327 ,
2932 3277 2995 3317 ac
3029 3260 3285 3332 synodale
3324 3260 3475 3331 judi-

1889 3354 2032 3410 cium
2061 3353 2322 3409 canonice
2363 3352 2736 3424 promulgandi
2769 3352 3057 3422 primatum
3082 3350 3349 3413 habeatis,
3386 3358 3477 3403 ut-

1887 3456 2016 3518 pote
2050 3448 2102 3503 iu
2134 3446 2239 3502 illis
2269 3446 2512 3515 partibus
2539 3446 2725 3501 vicarii
2759 3454 2960 3501 nostra:
2986 3444 3132 3500 sedis
3159 3443 3470 3513 apostolica:

1889 3542 2084 3596 merito
2118 3538 2419 3595 constituti.
2457 3536 2640 3608 Neque
2674 3538 2893 3609 dignum
2937 3545 3023 3593 est
3069 3545 3128 3592 ut
3179 3536 3324 3593 illius
3369 3534 3471 3591 Ec-

1889 3631 2070 3686 clesiae
2098 3629 2292 3701 praesul
2334 3630 2516 3699 aliquo
2546 3638 2789 3696 tempore
2829 3629 3040 3684 caneris
3067 3644 3172 3683 non
3204 3627 3473 3683 habeatur

1889 3723 2166 3794 praelatus,
2196 3722 2349 3793 cujus
2376 3721 2549 3778 honor
2576 3722 2631 3777 in
2661 3721 2766 3777 illis
2791 3721 3034 3792 partibus
3061 3721 3162 3775 sub
3189 3720 3305 3789 ipso
3331 3733 3465 3788 apo-

1890 3816 2150 3871 stolorutn
2235 3814 2478 3885 principe
2541 3814 2755 3869 exstitit
2821 3812 3146 3883 primittvus.
3211 3811 3279 3866 Et
3337 3825 3464 3864 cum
3545 3838 3560 3851 ο

1889 3905 2126 3973 ejusdem
2152 3906 2406 3962 Ecclesia.-
2421 3906 2570 3960 arclti
2578 3905 2859 3977 praesulem
2876 3906 3094 3960 beatum
3113 3902 3461 3962 Eucherium.

1890 3996 2100 4052 scilicet
2130 4010 2159 4050 a
2195 3996 2355 4053 beato
2400 3996 2561 4050 Petro
2607 3995 2975 4064 apostolorum
3022 3995 3268 4065 principe
3306 3995 3463 4048 novi-

1891 4100 2012 4139 mus
2078 4084 2440 4140 ordinandum
2471 4125 2487 4151 ,
2527 4084 2669 4138 sicut
2718 4093 2774 4139 et
2836 4084 3052 4139 beatum
3096 4082 3468 4153 Apollinarem

1890 4172 2163 4228 Ravenna:
2187 4174 2448 4239 civitatis,
2499 4174 2703 4245 placuit
2750 4175 2906 4230 nobis
2950 4173 3048 4228 tibi
3097 4173 3248 4229 fratri
3279 4184 3469 4229 nostro

1891 4265 2207 4321 Eberhardo
2253 4274 2455 4322 sancta:
2503 4265 2842 4321 Trevirensis
2896 4264 3151 4320 Ecclesia:
3198 4264 3467 4334 archiepi-

1891 4371 2075 4425 δεῦρο,
2123 4356 2441 4426 cunctisque
2482 4364 2608 4426 post
2654 4365 2708 4412 te
2741 4356 3147 4412 successoribus
3191 4356 3298 4411 tuis
3338 4369 3473 4424 per-

192 4435 631 4492 satisfactionem
666 4436 1028 4492 insolabiliter
1072 4436 1407 4492 innodatum.
1455 4436 1557 4505 Qui
1601 4447 1782 4494 autem
1815 4449 1861 4506 ι)
1890 4446 2124 4510 mittere,
2154 4456 2422 4516 quatenus
2454 4450 2596 4503 sicut
2621 4447 2674 4502 in
2719 4446 2880 4503 unius
2905 4446 3051 4502 beati
3078 4446 3222 4503 pctri
3254 4446 3469 4503 sciliccc

192 4527 284 4595 pio
317 4526 521 4581 intuitu
549 4542 607 4583 se
634 4527 975 4591 custodierit,
999 4536 1055 4581 et
1080 4542 1146 4581 ne
1171 4526 1225 4581 in
1256 4524 1434 4596 aliquo
1462 4526 1785 4596 infringatur

193 4634 225 4674 a
254 4635 317 4674 se
336 4619 740 4682 observaverit,
774 4618 1165 4674 benedictionis
1186 4617 1418 4688 gratiam
1447 4626 1504 4672 et
1527 4626 1783 4688 peccato-

198 4727 316 4766 rum
368 4725 591 4766 suorum
637 4710 1030 4766 absolutionem
1074 4726 1103 4765 a
1161 4695 1483 4766 retributore
1530 4709 1781 4765 omnium

194 4801 466 4856 bonorum
507 4800 616 4858 De:
641 4800 902 4872 consequi
932 4809 1207 4856 mereatur
1235 4814 1295 4856 ut
1329 4801 1381 4855 in
1410 4799 1621 4857 caelesti
1650 4799 1783 4856 sede

197 4892 491 4963 glorietur.

412 4981 499 5048 (S.
525 4998 578 5051 p.
606 4985 678 5053 s.)
906 4983 968 5041 Β.
1006 4983 1072 5039 ν.

267 5071 469 5127 Datum
502 5087 535 5125 v
574 5072 698 5128 ldus
744 5073 929 5134 Febr.,
979 5089 1077 5144 per
1109 5088 1303 5129 manus
1341 5071 1617 5137 Aribonis,
1662 5070 1781 5125 vice

195 5165 465 5227 Anuonis,
497 5176 696 5221 sancta:
723 5166 979 5222 Romana:
1004 5175 1058 5222 et
1085 5162 1396 5236 apostolica:
1423 5163 1568 5220 sedis
1595 5162 1780 5227 archi-

196 5254 510 5286 ηα-ιηοίΙιι-ιῖἓ
592 5264 643 5286 Λα
696 5255 1031 5286 ΡηΙΑηῗιι-ιηζα
1080 5252 1472 5286 .-ΑΙ-εοηῖοηηηῖ
1546 5268 1687 5286 onnn
1739 5267 1776 5286 ll

1886 4533 2112 4604 apoStuli
2175 4534 2561 4601 ordinatione,
2626 4535 3044 4601 benedictione,
3116 4536 3410 4591 directione
3445 4575 3476 4600 ,.

1885 4627 2135 4696 gentibus
2179 4627 2246 4682 ad
2275 4627 2671 4698 praedicandum
2700 4626 2899 4683 Christi
2944 4627 3288 4698 Evangelium
3326 4626 3461 4681 alia-

1887 4734 2004 4773 rum
2056 4718 2335 4775 civitatum
2391 4718 2775 4789 prtedicatores
2845 4719 3080 4789 aequales
3120 4719 3479 4783 exstiterunt,

1885 4808 1957 4867 ila
1989 4819 2042 4864 ct
2078 4810 2131 4863 in
2172 4810 2462 4864 missarum
2519 4808 2801 4865 soletuniis
2828 4810 3168 4866 celebrandis
3197 4809 3251 4863 in
3295 4810 3475 4877 arquim

1884 4901 2048 4955 tando
2101 4915 2222 4954 cum
2278 4914 2446 4954 nacco
2502 4914 2600 4969 per
2646 4899 2911 4955 stationes
2957 4916 3024 4956 ac
3068 4899 3214 4956 οιιιιιί
3264 4899 3481 4955 honoro

1881 4984 2117 5055 mquales
2146 4983 2401 5039 existant.
2446 4982 2593 5039 Crux
2628 4992 2754 5037 ante
2782 4993 2831 5038 te
2860 4983 3005 5040 sicut
3031 4995 3157 5041 ante
3181 4982 3473 5039 Ravenna-

1884 5085 1989 5132 tem
2034 5076 2199 5132 eliam
2250 5073 2709 5142 archipracsulcm,
2756 5072 2846 5127 ubi
2892 5086 3137 5142 geratur,
3171 5072 3478 5130 cardinales

1881 5184 2096 5239 quoque
2125 5164 2429 5237 presbyteri
2459 5167 2530 5219 tui
2562 5175 2614 5221 te
2656 5165 2827 5223 fratre
2856 5177 3049 5224 nostro
3091 5165 3308 5223 missam
3336 5166 3480 5223 cclcc

1880 5260 2074 5286 I...nnln
2122 5254 2426 5286 tlulmnl:n:o
2459 5269 2521 5286 an
2550 5256 2758 5286 ΑἷηΛΛηῖ
2810 5271 2915 5286 ..μοι
2975 5274 3095 5286 ειη-κ
3148 5257 3479 5286 ...Διοιινιηιῖη
