  <div class='ocr_page' id='page_1' title='image "/cluster/home/n/w/nwhite01/storage/ocr_20150623/143/hvd.32044015471816/417.png"; bbox 0 0 4020 5392; ppageno 0'>
   <div class='ocr_carea' id='block_1_1' title="bbox 610 292 713 346">
    <p class='ocr_par' dir='ltr' id='par_1_1' title="bbox 610 292 713 346">
     <span class='ocr_line' id='line_1_1' title="bbox 610 292 713 346; baseline 0 -1"><span class='ocrx_word' id='word_1_1' title='bbox 610 292 713 346; x_wconf 70' lang='grc' dir='ltr'><strong>8ἓῖ</strong></span> 
     </span>
    </p>
   </div>
   <div class='ocr_carea' id='block_1_2' title="bbox 616 403 2258 480">
    <p class='ocr_par' dir='ltr' id='par_1_2' title="bbox 616 403 2258 480">
     <span class='ocr_line' id='line_1_2' title="bbox 616 403 2258 480; baseline 0.007 -19"><span class='ocrx_word' id='word_1_2' title='bbox 616 406 717 461; x_wconf 81' lang='lat' dir='ltr'><strong>nisi</strong></span> <span class='ocrx_word' id='word_1_3' title='bbox 802 403 940 461; x_wconf 86' lang='lat' dir='ltr'><strong>forte</strong></span> <span class='ocrx_word' id='word_1_4' title='bbox 987 417 1206 478; x_wconf 90' lang='lat' dir='ltr'><strong>propter</strong></span> <span class='ocrx_word' id='word_1_5' title='bbox 1247 408 1351 465; x_wconf 89' lang='lat' dir='ltr'><strong>hoc</strong></span> <span class='ocrx_word' id='word_1_6' title='bbox 1406 409 1665 466; x_wconf 88' lang='lat' dir='ltr'><strong>canonica</strong></span> <span class='ocrx_word' id='word_1_7' title='bbox 1709 414 1921 469; x_wconf 86' lang='lat' dir='ltr'><strong>vocatio</strong></span> <span class='ocrx_word' id='word_1_8' title='bbox 1975 431 2005 469; x_wconf 87' lang='lat' dir='ltr'><strong>a</strong></span> <span class='ocrx_word' id='word_1_9' title='bbox 2055 418 2182 472; x_wconf 89' lang='lat' dir='ltr'><strong>sede</strong></span> <span class='ocrx_word' id='word_1_10' title='bbox 2212 422 2258 480; x_wconf 80' lang='grc' dir='ltr'><strong>Α</strong></span> 
     </span>
    </p>
   </div>
   <div class='ocr_carea' id='block_1_3' title="bbox 614 498 2190 573">
    <p class='ocr_par' dir='ltr' id='par_1_3' title="bbox 614 498 2190 573">
     <span class='ocr_line' id='line_1_3' title="bbox 614 498 2190 573; baseline 0.006 -21"><span class='ocrx_word' id='word_1_11' title='bbox 614 498 909 571; x_wconf 89' lang='lat' dir='ltr'><strong>apostolica</strong></span> <span class='ocrx_word' id='word_1_12' title='bbox 966 499 1118 555; x_wconf 80' lang='lat' dir='ltr'><strong>vobis</strong></span> <span class='ocrx_word' id='word_1_13' title='bbox 1146 501 1403 566; x_wconf 79' lang='lat' dir='ltr'><strong>.venerit;</strong></span> <span class='ocrx_word' id='word_1_14' title='bbox 1457 500 1659 573; x_wconf 83' lang='lat' dir='ltr'><strong>legatos</strong></span> <span class='ocrx_word' id='word_1_15' title='bbox 1709 513 1916 561; x_wconf 89' lang='lat' dir='ltr'><strong>vestros</strong></span> <span class='ocrx_word' id='word_1_16' title='bbox 1976 507 2045 561; x_wconf 83' lang='lat' dir='ltr'><strong>ad</strong></span> <span class='ocrx_word' id='word_1_17' title='bbox 2091 521 2190 561; x_wconf 90' lang='lat' dir='ltr'><strong>nos</strong></span> 
     </span>
    </p>
   </div>
   <div class='ocr_carea' id='block_1_4' title="bbox 613 596 2189 669">
    <p class='ocr_par' dir='ltr' id='par_1_4' title="bbox 613 596 2189 669">
     <span class='ocr_line' id='line_1_4' title="bbox 613 596 2189 669; baseline 0.008 -26"><span class='ocrx_word' id='word_1_18' title='bbox 613 600 935 662; x_wconf 84' lang='lat' dir='ltr'><strong>nostrosque</strong></span> <span class='ocrx_word' id='word_1_19' title='bbox 987 606 1328 649; x_wconf 86' lang='lat' dir='ltr'><strong>successores</strong></span> <span class='ocrx_word' id='word_1_20' title='bbox 1375 597 1540 649; x_wconf 91' lang='lat' dir='ltr'><strong>semel</strong></span> <span class='ocrx_word' id='word_1_21' title='bbox 1602 596 1868 663; x_wconf 78' lang='lat' dir='ltr'><strong>mittatis,</strong></span> <span class='ocrx_word' id='word_1_22' title='bbox 1911 614 2004 669; x_wconf 93' lang='lat' dir='ltr'><strong>per</strong></span> <span class='ocrx_word' id='word_1_23' title='bbox 2053 614 2189 669; x_wconf 87' lang='lat' dir='ltr'><strong>quos</strong></span> 
     </span>
    </p>
   </div>
   <div class='ocr_carea' id='block_1_5' title="bbox 609 672 2189 761">
    <p class='ocr_par' dir='ltr' id='par_1_5' title="bbox 609 672 2189 761">
     <span class='ocr_line' id='line_1_5' title="bbox 609 672 2189 761; baseline 0.007 -27"><span class='ocrx_word' id='word_1_24' title='bbox 609 682 765 739; x_wconf 88' lang='lat' dir='ltr'><strong>vobis</strong></span> <span class='ocrx_word' id='word_1_25' title='bbox 811 685 878 739; x_wconf 78' lang='lat' dir='ltr'><strong>de</strong></span> <span class='ocrx_word' id='word_1_26' title='bbox 924 685 1125 740; x_wconf 87' lang='lat' dir='ltr'><strong>nostris</strong></span> <span class='ocrx_word' id='word_1_27' title='bbox 1172 686 1492 742; x_wconf 89' lang='lat' dir='ltr'><strong>utilitatibus</strong></span> <span class='ocrx_word' id='word_1_28' title='bbox 1533 672 1755 757; x_wconf 83' lang='lat' dir='ltr'><strong>agendis</strong></span> <span class='ocrx_word' id='word_1_29' title='bbox 1809 689 1916 744; x_wconf 91' lang='lat' dir='ltr'><strong>illis</strong></span> <span class='ocrx_word' id='word_1_30' title='bbox 1963 692 2015 744; x_wconf 92' lang='lat' dir='ltr'><strong>in</strong></span> <span class='ocrx_word' id='word_1_31' title='bbox 2066 704 2189 761; x_wconf 88' lang='lat' dir='ltr'><strong>par-</strong></span> 
     </span>
    </p>
   </div>
   <div class='ocr_carea' id='block_1_6' title="bbox 617 775 2187 851">
    <p class='ocr_par' dir='ltr' id='par_1_6' title="bbox 617 775 2187 851">
     <span class='ocr_line' id='line_1_6' title="bbox 617 775 2187 851; baseline 0.008 -24"><span class='ocrx_word' id='word_1_32' title='bbox 617 775 762 831; x_wconf 86' lang='lat' dir='ltr'><strong>tibus</strong></span> <span class='ocrx_word' id='word_1_33' title='bbox 816 779 1226 844; x_wconf 89' lang='lat' dir='ltr'><strong>remandemus,</strong></span> <span class='ocrx_word' id='word_1_34' title='bbox 1273 796 1335 834; x_wconf 91' lang='lat' dir='ltr'><strong>ac</strong></span> <span class='ocrx_word' id='word_1_35' title='bbox 1380 794 1605 851; x_wconf 84' lang='lat' dir='ltr'><strong>semper</strong></span> <span class='ocrx_word' id='word_1_36' title='bbox 1644 782 1803 837; x_wconf 91' lang='lat' dir='ltr'><strong>tertio</strong></span> <span class='ocrx_word' id='word_1_37' title='bbox 1843 797 1984 837; x_wconf 90' lang='lat' dir='ltr'><strong>anno</strong></span> <span class='ocrx_word' id='word_1_38' title='bbox 2027 798 2187 839; x_wconf 75' lang='lat' dir='ltr'><strong>exce-</strong></span> 
     </span>
    </p>
   </div>
   <div class='ocr_carea' id='block_1_7' title="bbox 609 870 2188 945">
    <p class='ocr_par' dir='ltr' id='par_1_7' title="bbox 609 870 2188 945">
     <span class='ocr_line' id='line_1_7' title="bbox 609 870 2188 945; baseline 0.006 -23"><span class='ocrx_word' id='word_1_39' title='bbox 609 877 722 938; x_wconf 89' lang='lat' dir='ltr'><strong>pta,</strong></span> <span class='ocrx_word' id='word_1_40' title='bbox 770 879 829 923; x_wconf 90' lang='lat' dir='ltr'><strong>ut</strong></span> <span class='ocrx_word' id='word_1_41' title='bbox 870 870 1070 925; x_wconf 89' lang='lat' dir='ltr'><strong>dictum</strong></span> <span class='ocrx_word' id='word_1_42' title='bbox 1115 880 1217 935; x_wconf 88' lang='lat' dir='ltr'><strong>est,</strong></span> <span class='ocrx_word' id='word_1_43' title='bbox 1277 873 1536 927; x_wconf 84' lang='lat' dir='ltr'><strong>canonica</strong></span> <span class='ocrx_word' id='word_1_44' title='bbox 1590 874 1891 937; x_wconf 88' lang='lat' dir='ltr'><strong>vocatione,</strong></span> <span class='ocrx_word' id='word_1_45' title='bbox 1927 890 2024 929; x_wconf 88' lang='lat' dir='ltr'><strong>vos</strong></span> <span class='ocrx_word' id='word_1_46' title='bbox 2086 876 2188 945; x_wconf 88' lang='lat' dir='ltr'><strong>ipsi</strong></span> 
     </span>
    </p>
   </div>
   <div class='ocr_carea' id='block_1_8' title="bbox 612 962 2189 1035">
    <p class='ocr_par' dir='ltr' id='par_1_8' title="bbox 612 962 2189 1035">
     <span class='ocr_line' id='line_1_8' title="bbox 612 962 2189 1035; baseline 0.003 -18"><span class='ocrx_word' id='word_1_47' title='bbox 612 962 1210 1019; x_wconf 58' lang='lat' dir='ltr'><strong>llomamwisilalionis</strong></span> <span class='ocrx_word' id='word_1_48' title='bbox 1266 964 1438 1035; x_wconf 84' lang='lat' dir='ltr'><strong>gratia</strong></span> <span class='ocrx_word' id='word_1_49' title='bbox 1466 965 1666 1035; x_wconf 87' lang='lat' dir='ltr'><strong>absque</strong></span> <span class='ocrx_word' id='word_1_50' title='bbox 1697 965 1992 1021; x_wconf 89' lang='lat' dir='ltr'><strong>inevitabili</strong></span> <span class='ocrx_word' id='word_1_51' title='bbox 2027 982 2189 1021; x_wconf 90' lang='lat' dir='ltr'><strong>causa</strong></span> 
     </span>
    </p>
   </div>
   <div class='ocr_carea' id='block_1_9' title="bbox 611 1055 2189 1127">
    <p class='ocr_par' dir='ltr' id='par_1_9' title="bbox 611 1055 2189 1127">
     <span class='ocr_line' id='line_1_9' title="bbox 611 1055 2189 1127; baseline 0.004 -20"><span class='ocrx_word' id='word_1_52' title='bbox 611 1055 864 1111; x_wconf 83' lang='lat' dir='ltr'><strong>veniatis.</strong></span> <span class='ocrx_word' id='word_1_53' title='bbox 915 1055 1038 1109; x_wconf 89' lang='lat' dir='ltr'><strong>Pari</strong></span> <span class='ocrx_word' id='word_1_54' title='bbox 1090 1071 1324 1127; x_wconf 80' lang='lat' dir='ltr'><strong>namque</strong></span> <span class='ocrx_word' id='word_1_55' title='bbox 1390 1055 1549 1112; x_wconf 88' lang='lat' dir='ltr'><strong>modo</strong></span> <span class='ocrx_word' id='word_1_56' title='bbox 1591 1058 1862 1113; x_wconf 84' lang='lat' dir='ltr'><strong>sancimus</strong></span> <span class='ocrx_word' id='word_1_57' title='bbox 1905 1073 2094 1114; x_wconf 91' lang='lat' dir='ltr'><strong>omnes</strong></span> <span class='ocrx_word' id='word_1_58' title='bbox 2136 1059 2189 1114; x_wconf 91' lang='lat' dir='ltr'><strong>in</strong></span> 
     </span>
    </p>
   </div>
   <div class='ocr_carea' id='block_1_10' title="bbox 609 1145 2188 1218">
    <p class='ocr_par' dir='ltr' id='par_1_10' title="bbox 609 1145 2188 1218">
     <span class='ocr_line' id='line_1_10' title="bbox 609 1145 2188 1218; baseline 0.003 -18"><span class='ocrx_word' id='word_1_59' title='bbox 609 1146 885 1217; x_wconf 85' lang='lat' dir='ltr'><strong>parocbiis</strong></span> <span class='ocrx_word' id='word_1_60' title='bbox 927 1145 1032 1201; x_wconf 87' lang='lat' dir='ltr'><strong>tuis</strong></span> <span class='ocrx_word' id='word_1_61' title='bbox 1074 1145 1331 1217; x_wconf 84' lang='lat' dir='ltr'><strong>degentes</strong></span> <span class='ocrx_word' id='word_1_62' title='bbox 1382 1147 1498 1204; x_wconf 90' lang='lat' dir='ltr'><strong>sive</strong></span> <span class='ocrx_word' id='word_1_63' title='bbox 1542 1148 1884 1204; x_wconf 74' lang='lat' dir='ltr'><strong>ordinatione</strong></span> <span class='ocrx_word' id='word_1_64' title='bbox 1948 1164 2012 1204; x_wconf 92' lang='lat' dir='ltr'><strong>ac</strong></span> <span class='ocrx_word' id='word_1_65' title='bbox 2061 1164 2188 1218; x_wconf 85' lang='lat' dir='ltr'><strong>pro-</strong></span> 
     </span>
    </p>
   </div>
   <div class='ocr_carea' id='block_1_11' title="bbox 610 1235 2190 1309">
    <p class='ocr_par' dir='ltr' id='par_1_11' title="bbox 610 1235 2190 1309">
     <span class='ocr_line' id='line_1_11' title="bbox 610 1235 2190 1309; baseline 0.003 -19"><span class='ocrx_word' id='word_1_66' title='bbox 610 1235 853 1292; x_wconf 90' lang='lat' dir='ltr'><strong>motione</strong></span> <span class='ocrx_word' id='word_1_67' title='bbox 895 1236 1179 1307; x_wconf 77' lang='lat' dir='ltr'><strong>cujuslibet</strong></span> <span class='ocrx_word' id='word_1_68' title='bbox 1206 1237 1561 1293; x_wconf 80' lang='lat' dir='ltr'><strong>ecclesiastici</strong></span> <span class='ocrx_word' id='word_1_69' title='bbox 1593 1240 1793 1309; x_wconf 88' lang='lat' dir='ltr'><strong>gradus</strong></span> <span class='ocrx_word' id='word_1_70' title='bbox 1827 1254 1856 1293; x_wconf 89' lang='lat' dir='ltr'><strong>a</strong></span> <span class='ocrx_word' id='word_1_71' title='bbox 1892 1239 2043 1295; x_wconf 89' lang='lat' dir='ltr'><strong>vobis</strong></span> <span class='ocrx_word' id='word_1_72' title='bbox 2070 1255 2190 1309; x_wconf 82' lang='lat' dir='ltr'><strong>per-</strong></span> 
     </span>
    </p>
   </div>
   <div class='ocr_carea' id='block_1_12' title="bbox 611 1329 2192 1405">
    <p class='ocr_par' dir='ltr' id='par_1_12' title="bbox 611 1329 2192 1405">
     <span class='ocr_line' id='line_1_12' title="bbox 611 1329 2192 1405; baseline 0.003 -21"><span class='ocrx_word' id='word_1_73' title='bbox 611 1329 873 1400; x_wconf 89' lang='lat' dir='ltr'><strong>cipientes</strong></span> <span class='ocrx_word' id='word_1_74' title='bbox 914 1330 1089 1383; x_wconf 88' lang='lat' dir='ltr'><strong>eidem</strong></span> <span class='ocrx_word' id='word_1_75' title='bbox 1136 1330 1348 1385; x_wconf 88' lang='lat' dir='ltr'><strong>matrici</strong></span> <span class='ocrx_word' id='word_1_76' title='bbox 1375 1331 1632 1387; x_wconf 75' lang='lat' dir='ltr'><strong>Ecclesia:</strong></span> <span class='ocrx_word' id='word_1_77' title='bbox 1661 1330 1882 1405; x_wconf 80' lang='lat' dir='ltr'><strong>ejusque</strong></span> <span class='ocrx_word' id='word_1_78' title='bbox 1924 1334 2192 1405; x_wconf 64' lang='lat' dir='ltr'><strong>archiepi«</strong></span> 
     </span>
    </p>
   </div>
   <div class='ocr_carea' id='block_1_13' title="bbox 609 1419 2191 1494">
    <p class='ocr_par' dir='ltr' id='par_1_13' title="bbox 609 1419 2191 1494">
     <span class='ocr_line' id='line_1_13' title="bbox 609 1419 2191 1494; baseline 0.004 -21"><span class='ocrx_word' id='word_1_79' title='bbox 609 1434 775 1488; x_wconf 78' lang='lat' dir='ltr'><strong>scopo</strong></span> <span class='ocrx_word' id='word_1_80' title='bbox 825 1419 1022 1494; x_wconf 79' lang='lat' dir='ltr'><strong>debere</strong></span> <span class='ocrx_word' id='word_1_81' title='bbox 1069 1420 1329 1476; x_wconf 80' lang='lat' dir='ltr'><strong>canonice</strong></span> <span class='ocrx_word' id='word_1_82' title='bbox 1392 1421 1607 1492; x_wconf 85' lang='lat' dir='ltr'><strong>placere</strong></span> <span class='ocrx_word' id='word_1_83' title='bbox 1634 1464 1648 1488; x_wconf 93' lang='lat'><strong>,</strong></span> <span class='ocrx_word' id='word_1_84' title='bbox 1696 1424 1920 1494; x_wconf 87' lang='lat' dir='ltr'><strong>obsequi</strong></span> <span class='ocrx_word' id='word_1_85' title='bbox 1963 1439 2027 1479; x_wconf 91' lang='lat' dir='ltr'><strong>ac</strong></span> <span class='ocrx_word' id='word_1_86' title='bbox 2069 1424 2191 1494; x_wconf 85' lang='lat' dir='ltr'><strong>jure</strong></span> 
     </span>
    </p>
   </div>
   <div class='ocr_carea' id='block_1_14' title="bbox 606 1492 2190 1589">
    <p class='ocr_par' dir='ltr' id='par_1_14' title="bbox 606 1492 2190 1589">
     <span class='ocr_line' id='line_1_14' title="bbox 606 1492 2190 1589; baseline 0.004 -23"><span class='ocrx_word' id='word_1_87' title='bbox 606 1492 1190 1584; x_wconf 50' lang='lat' dir='ltr'><strong>obedire.&#39;.Siquidem</strong></span> <span class='ocrx_word' id='word_1_88' title='bbox 1241 1515 1459 1571; x_wconf 75' lang='lat' dir='ltr'><strong>decreto</strong></span> <span class='ocrx_word' id='word_1_89' title='bbox 1510 1517 1651 1571; x_wconf 87' lang='lat' dir='ltr'><strong>beati</strong></span> <span class='ocrx_word' id='word_1_90' title='bbox 1699 1492 1992 1573; x_wconf 72' lang='lat' dir='ltr'><strong>Clementis</strong></span> <span class='ocrx_word' id='word_1_91' title='bbox 2039 1492 2190 1589; x_wconf 77' lang='lat' dir='ltr'><strong>papa:</strong></span> 
     </span>
    </p>
   </div>
   <div class='ocr_carea' id='block_1_15' title="bbox 611 1590 3828 1681">
    <p class='ocr_par' dir='ltr' id='par_1_15' title="bbox 611 1590 3828 1681">
     <span class='ocr_line' id='line_1_15' title="bbox 611 1590 3828 1681; baseline 0.002 -22"><span class='ocrx_word' id='word_1_92' title='bbox 611 1621 774 1676; x_wconf 81' lang='lat' dir='ltr'><strong>super</strong></span> <span class='ocrx_word' id='word_1_93' title='bbox 809 1607 911 1661; x_wconf 92' lang='lat' dir='ltr'><strong>hoc</strong></span> <span class='ocrx_word' id='word_1_94' title='bbox 939 1604 1010 1662; x_wconf 85' lang='lat' dir='ltr'><strong>ita</strong></span> <span class='ocrx_word' id='word_1_95' title='bbox 1039 1590 1258 1663; x_wconf 83' lang='lat' dir='ltr'><strong>cautum</strong></span> <span class='ocrx_word' id='word_1_96' title='bbox 1285 1608 1519 1663; x_wconf 87' lang='lat' dir='ltr'><strong>videtur.</strong></span> <span class='ocrx_word' id='word_1_97' title='bbox 1551 1608 1608 1662; x_wconf 90' lang='lat' dir='ltr'><strong>Si</strong></span> <span class='ocrx_word' id='word_1_98' title='bbox 1637 1625 1764 1665; x_wconf 88' lang='lat' dir='ltr'><strong>vero</strong></span> <span class='ocrx_word' id='word_1_99' title='bbox 1790 1610 2057 1681; x_wconf 81' lang='lat' dir='ltr'><strong>episcopis</strong></span> <span class='ocrx_word' id='word_1_100' title='bbox 2082 1627 2188 1664; x_wconf 90' lang='lat' dir='ltr'><strong>non</strong></span> <span class='ocrx_word' id='word_1_101' title='bbox 2291 1606 2528 1661; x_wconf 65' lang='lat' dir='ltr'><strong>versit-ali</strong></span> <span class='ocrx_word' id='word_1_102' title='bbox 2557 1607 2916 1661; x_wconf 81' lang='lat' dir='ltr'><strong>Ecclesiarum</strong></span> <span class='ocrx_word' id='word_1_103' title='bbox 2942 1618 3196 1677; x_wconf 85' lang='lat' dir='ltr'><strong>tanquam</strong></span> <span class='ocrx_word' id='word_1_104' title='bbox 3224 1609 3422 1663; x_wconf 91' lang='lat' dir='ltr'><strong>nostris</strong></span> <span class='ocrx_word' id='word_1_105' title='bbox 3454 1609 3669 1679; x_wconf 81' lang='lat' dir='ltr'><strong>reliquis</strong></span> <span class='ocrx_word' id='word_1_106' title='bbox 3690 1625 3828 1663; x_wconf 86' lang='lat' dir='ltr'><strong>mem-</strong></span> 
     </span>
    </p>
   </div>
   <div class='ocr_carea' id='block_1_16' title="bbox 607 1696 3826 1771">
    <p class='ocr_par' dir='ltr' id='par_1_16' title="bbox 607 1696 3826 1771">
     <span class='ocr_line' id='line_1_16' title="bbox 607 1696 3826 1771; baseline 0.001 -19"><span class='ocrx_word' id='word_1_107' title='bbox 607 1697 914 1753; x_wconf 79' lang='lat' dir='ltr'><strong>obedieriut</strong></span> <span class='ocrx_word' id='word_1_108' title='bbox 964 1714 1155 1754; x_wconf 85' lang='lat' dir='ltr'><strong>omnes</strong></span> <span class='ocrx_word' id='word_1_109' title='bbox 1204 1700 1502 1771; x_wconf 80' lang='lat' dir='ltr'><strong>presbyteri</strong></span> <span class='ocrx_word' id='word_1_110' title='bbox 1529 1741 1544 1766; x_wconf 97' lang='lat'><strong>,</strong></span> <span class='ocrx_word' id='word_1_111' title='bbox 1589 1699 1840 1764; x_wconf 90' lang='lat' dir='ltr'><strong>diaconi,</strong></span> <span class='ocrx_word' id='word_1_112' title='bbox 1890 1716 1955 1756; x_wconf 89' lang='lat' dir='ltr'><strong>ac</strong></span> <span class='ocrx_word' id='word_1_113' title='bbox 1998 1700 2186 1771; x_wconf 83' lang='lat' dir='ltr'><strong>reliqui</strong></span> <span class='ocrx_word' id='word_1_114' title='bbox 2288 1696 2404 1751; x_wconf 84' lang='lat' dir='ltr'><strong>bris</strong></span> <span class='ocrx_word' id='word_1_115' title='bbox 2442 1696 2807 1752; x_wconf 86' lang='lat' dir='ltr'><strong>consulamus.</strong></span> <span class='ocrx_word' id='word_1_116' title='bbox 2842 1698 2896 1751; x_wconf 93' lang='lat' dir='ltr'><strong>ln</strong></span> <span class='ocrx_word' id='word_1_117' title='bbox 2922 1713 3026 1768; x_wconf 91' lang='lat' dir='ltr'><strong>qua</strong></span> <span class='ocrx_word' id='word_1_118' title='bbox 3053 1699 3255 1767; x_wconf 86' lang='lat' dir='ltr'><strong>utique,</strong></span> <span class='ocrx_word' id='word_1_119' title='bbox 3284 1700 3327 1753; x_wconf 90' lang='lat' dir='ltr'><strong>si</strong></span> <span class='ocrx_word' id='word_1_120' title='bbox 3361 1700 3446 1769; x_wconf 90' lang='lat' dir='ltr'><strong>pia</strong></span> <span class='ocrx_word' id='word_1_121' title='bbox 3475 1710 3532 1755; x_wconf 91' lang='lat' dir='ltr'><strong>et</strong></span> <span class='ocrx_word' id='word_1_122' title='bbox 3558 1699 3826 1754; x_wconf 59' lang='lat' dir='ltr'><strong>neces-aria</strong></span> 
     </span>
    </p>
   </div>
   <div class='ocr_carea' id='block_1_17' title="bbox 605 1778 3825 1866">
    <p class='ocr_par' dir='ltr' id='par_1_17' title="bbox 605 1778 3825 1866">
     <span class='ocr_line' id='line_1_17' title="bbox 605 1778 3825 1866; baseline 0.001 -25"><span class='ocrx_word' id='word_1_123' title='bbox 605 1790 793 1847; x_wconf 84' lang='lat' dir='ltr'><strong>clerici</strong></span> <span class='ocrx_word' id='word_1_124' title='bbox 858 1796 1039 1848; x_wconf 81' lang='lat' dir='ltr'><strong>cuncti</strong></span> <span class='ocrx_word' id='word_1_125' title='bbox 1068 1787 1106 1859; x_wconf 84' lang='grc'><strong>,’</strong></span> <span class='ocrx_word' id='word_1_126' title='bbox 1140 1790 1441 1866; x_wconf 63' lang='lat' dir='ltr'><strong>omnesque</strong></span> <span class='ocrx_word' id='word_1_127' title='bbox 1491 1796 1762 1866; x_wconf 58' lang='lat' dir='ltr'><strong>principes</strong></span> <span class='ocrx_word' id='word_1_128' title='bbox 1809 1804 1915 1849; x_wconf 70' lang='lat' dir='ltr'><strong>iam</strong></span> <span class='ocrx_word' id='word_1_129' title='bbox 1964 1794 2185 1862; x_wconf 61' lang='lat' dir='ltr'><strong>majoris</strong></span> <span class='ocrx_word' id='word_1_130' title='bbox 2219 1778 2257 1836; x_wconf 77' lang='grc' dir='ltr'>Β</span> <span class='ocrx_word' id='word_1_131' title='bbox 2289 1788 2649 1843; x_wconf 80' lang='lat' dir='ltr'><strong>sollicitudine</strong></span> <span class='ocrx_word' id='word_1_132' title='bbox 2682 1790 2940 1844; x_wconf 79' lang='lat' dir='ltr'><strong>debemus</strong></span> <span class='ocrx_word' id='word_1_133' title='bbox 2969 1805 3191 1860; x_wconf 83' lang='lat' dir='ltr'><strong>operam</strong></span> <span class='ocrx_word' id='word_1_134' title='bbox 3242 1800 3487 1845; x_wconf 87' lang='lat' dir='ltr'><strong>nostram</strong></span> <span class='ocrx_word' id='word_1_135' title='bbox 3535 1793 3690 1846; x_wconf 85' lang='lat' dir='ltr'><strong>etiam</strong></span> <span class='ocrx_word' id='word_1_136' title='bbox 3729 1792 3825 1844; x_wconf 91' lang='lat' dir='ltr'><strong>lon-</strong></span> 
     </span>
    </p>
   </div>
   <div class='ocr_carea' id='block_1_18' title="bbox 607 1880 2185 1958">
    <p class='ocr_par' dir='ltr' id='par_1_18' title="bbox 607 1884 2185 1958">
     <span class='ocr_line' id='line_1_18' title="bbox 607 1884 2185 1958; baseline 0.002 -20"><span class='ocrx_word' id='word_1_137' title='bbox 607 1884 814 1941; x_wconf 88' lang='lat' dir='ltr'><strong>ordinis</strong></span> <span class='ocrx_word' id='word_1_138' title='bbox 845 1902 1006 1957; x_wconf 87' lang='lat' dir='ltr'><strong>quam</strong></span> <span class='ocrx_word' id='word_1_139' title='bbox 1057 1886 1329 1943; x_wconf 86' lang='lat' dir='ltr'><strong>inferioris</strong></span> <span class='ocrx_word' id='word_1_140' title='bbox 1360 1897 1521 1958; x_wconf 82' lang='lat' dir='ltr'><strong>atque</strong></span> <span class='ocrx_word' id='word_1_141' title='bbox 1569 1888 1757 1958; x_wconf 86' lang='lat' dir='ltr'><strong>reliqui</strong></span> <span class='ocrx_word' id='word_1_142' title='bbox 1805 1886 1981 1958; x_wconf 80' lang='lat' dir='ltr'><strong>populi</strong></span> <span class='ocrx_word' id='word_1_143' title='bbox 2015 1887 2185 1941; x_wconf 89' lang='lat' dir='ltr'><strong>tribus</strong></span> 
     </span>
    </p>
   </div>
   <div class='ocr_carea' id='block_1_19' title="bbox 2280 1880 3828 1958">
    <p class='ocr_par' dir='ltr' id='par_1_19' title="bbox 2288 1880 3828 1953">
     <span class='ocr_line' id='line_1_19' title="bbox 2288 1880 3828 1953; baseline 0.003 -22"><span class='ocrx_word' id='word_1_144' title='bbox 2288 1880 2524 1948; x_wconf 73' lang='lat' dir='ltr'><strong>giuquis,</strong></span> <span class='ocrx_word' id='word_1_145' title='bbox 2551 1889 2605 1932; x_wconf 90' lang='lat' dir='ltr'><strong>et</strong></span> <span class='ocrx_word' id='word_1_146' title='bbox 2640 1895 2743 1933; x_wconf 78' lang='lat' dir='ltr'><strong>non</strong></span> <span class='ocrx_word' id='word_1_147' title='bbox 2777 1881 3147 1951; x_wconf 69' lang='lat' dir='ltr'><strong>qiizrreutibus</strong></span> <span class='ocrx_word' id='word_1_148' title='bbox 3174 1881 3314 1937; x_wconf 91' lang='lat' dir='ltr'><strong>ultro</strong></span> <span class='ocrx_word' id='word_1_149' title='bbox 3344 1883 3652 1953; x_wconf 78' lang='lat' dir='ltr'><strong>porrigere;</strong></span> <span class='ocrx_word' id='word_1_150' title='bbox 3691 1883 3828 1938; x_wconf 84' lang='lat' dir='ltr'><strong>multo</strong></span> 
     </span>
    </p>
   </div>
   <div class='ocr_carea' id='block_1_20' title="bbox 607 1968 3828 2049">
    <p class='ocr_par' dir='ltr' id='par_1_20' title="bbox 607 1968 3828 2049">
     <span class='ocr_line' id='line_1_20' title="bbox 607 1968 3828 2049; baseline 0 -20"><span class='ocrx_word' id='word_1_151' title='bbox 607 1984 660 2030; x_wconf 86' lang='lat' dir='ltr'><strong>et</strong></span> <span class='ocrx_word' id='word_1_152' title='bbox 688 1970 881 2048; x_wconf 66' lang='lat' dir='ltr'><strong>linguas</strong></span> <span class='ocrx_word' id='word_1_153' title='bbox 906 1968 1010 2033; x_wconf 90' lang='lat' dir='ltr'><strong>non</strong></span> <span class='ocrx_word' id='word_1_154' title='bbox 1042 1980 1553 2049; x_wconf 85' lang='lat' dir='ltr'><strong>obtemperaverint,</strong></span> <span class='ocrx_word' id='word_1_155' title='bbox 1604 1996 1633 2032; x_wconf 90' lang='lat' dir='ltr'><strong>a</strong></span> <span class='ocrx_word' id='word_1_156' title='bbox 1670 1980 1944 2034; x_wconf 86' lang='lat' dir='ltr'><strong>liminibus</strong></span> <span class='ocrx_word' id='word_1_157' title='bbox 1986 1989 2185 2034; x_wconf 84' lang='lat' dir='ltr'><strong>sancta:</strong></span> <span class='ocrx_word' id='word_1_158' title='bbox 2287 1974 2457 2045; x_wconf 84' lang='lat' dir='ltr'><strong>magis</strong></span> <span class='ocrx_word' id='word_1_159' title='bbox 2512 1974 2829 2043; x_wconf 84' lang='lat' dir='ltr'><strong>propinquis</strong></span> <span class='ocrx_word' id='word_1_160' title='bbox 2878 1975 3132 2043; x_wconf 86' lang='lat' dir='ltr'><strong>sequela,</strong></span> <span class='ocrx_word' id='word_1_161' title='bbox 3189 1976 3384 2031; x_wconf 87' lang='lat' dir='ltr'><strong>merito</strong></span> <span class='ocrx_word' id='word_1_162' title='bbox 3437 1991 3560 2031; x_wconf 91' lang='lat' dir='ltr'><strong>eain</strong></span> <span class='ocrx_word' id='word_1_163' title='bbox 3609 1977 3828 2031; x_wconf 84' lang='lat' dir='ltr'><strong>debemus</strong></span> 
     </span>
    </p>
   </div>
   <div class='ocr_carea' id='block_1_21' title="bbox 608 2066 3825 2137">
    <p class='ocr_par' dir='ltr' id='par_1_21' title="bbox 608 2066 3825 2137">
     <span class='ocr_line' id='line_1_21' title="bbox 608 2066 3825 2137; baseline -0 -17"><span class='ocrx_word' id='word_1_164' title='bbox 608 2066 703 2121; x_wconf 82' lang='lat' dir='ltr'><strong>Dei</strong></span> <span class='ocrx_word' id='word_1_165' title='bbox 753 2066 1005 2122; x_wconf 74' lang='lat' dir='ltr'><strong>Ecclesia:</strong></span> <span class='ocrx_word' id='word_1_166' title='bbox 1052 2068 1210 2123; x_wconf 81' lang='lat' dir='ltr'><strong>alieni</strong></span> <span class='ocrx_word' id='word_1_167' title='bbox 1262 2076 1460 2135; x_wconf 87' lang='lat' dir='ltr'><strong>erunt;</strong></span> <span class='ocrx_word' id='word_1_168' title='bbox 1505 2069 1718 2123; x_wconf 84' lang='lat' dir='ltr'><strong>dicente</strong></span> <span class='ocrx_word' id='word_1_169' title='bbox 1776 2069 2045 2125; x_wconf 86' lang='lat' dir='ltr'><strong>Domino:</strong></span> <span class='ocrx_word' id='word_1_170' title='bbox 2081 2067 2184 2132; x_wconf 80' lang='lat' dir='ltr'><strong>Qui</strong></span> <span class='ocrx_word' id='word_1_171' title='bbox 2287 2066 2621 2135; x_wconf 69' lang='lat' dir='ltr'><strong>exigentibus</strong></span> <span class='ocrx_word' id='word_1_172' title='bbox 2662 2082 2977 2136; x_wconf 73' lang='lat' dir='ltr'><strong>prorogare;</strong></span> <span class='ocrx_word' id='word_1_173' title='bbox 3008 2068 3135 2136; x_wconf 87' lang='lat' dir='ltr'><strong>quia</strong></span> <span class='ocrx_word' id='word_1_174' title='bbox 3178 2068 3301 2123; x_wconf 88' lang='lat' dir='ltr'><strong>dum</strong></span> <span class='ocrx_word' id='word_1_175' title='bbox 3334 2076 3551 2137; x_wconf 86' lang='lat' dir='ltr'><strong>tempus</strong></span> <span class='ocrx_word' id='word_1_176' title='bbox 3581 2068 3825 2127; x_wconf 83' lang='lat' dir='ltr'><strong>habemus.</strong></span> 
     </span>
    </p>
   </div>
   <div class='ocr_carea' id='block_1_22' title="bbox 608 2156 3825 2233">
    <p class='ocr_par' dir='ltr' id='par_1_22' title="bbox 608 2156 3825 2233">
     <span class='ocr_line' id='line_1_22' title="bbox 608 2156 3825 2233; baseline 0 -21"><span class='ocrx_word' id='word_1_177' title='bbox 608 2176 695 2214; x_wconf 76' lang='lat' dir='ltr'><strong>ros</strong></span> <span class='ocrx_word' id='word_1_178' title='bbox 739 2161 887 2214; x_wconf 81' lang='lat' dir='ltr'><strong>audit</strong></span> <span class='ocrx_word' id='word_1_179' title='bbox 937 2178 1017 2216; x_wconf 85' lang='lat' dir='ltr'><strong>me</strong></span> <span class='ocrx_word' id='word_1_180' title='bbox 1050 2164 1221 2228; x_wconf 83' lang='lat' dir='ltr'><strong>audit,</strong></span> <span class='ocrx_word' id='word_1_181' title='bbox 1248 2171 1293 2217; x_wconf 79' lang='lat' dir='ltr'><strong>et</strong></span> <span class='ocrx_word' id='word_1_182' title='bbox 1339 2164 1428 2233; x_wconf 84' lang='lat' dir='ltr'><strong>qui</strong></span> <span class='ocrx_word' id='word_1_183' title='bbox 1467 2180 1553 2218; x_wconf 80' lang='lat' dir='ltr'><strong>vos</strong></span> <span class='ocrx_word' id='word_1_184' title='bbox 1600 2164 1792 2233; x_wconf 65' lang='lat' dir='ltr'><strong>sptrnit</strong></span> <span class='ocrx_word' id='word_1_185' title='bbox 1841 2180 1921 2217; x_wconf 82' lang='lat' dir='ltr'><strong>me</strong></span> <span class='ocrx_word' id='word_1_186' title='bbox 1968 2162 2180 2231; x_wconf 68' lang='lat' dir='ltr'><strong>spernit.</strong></span> <span class='ocrx_word' id='word_1_187' title='bbox 2287 2158 2353 2208; x_wconf 91' lang='lat' dir='ltr'><strong>ad</strong></span> <span class='ocrx_word' id='word_1_188' title='bbox 2373 2172 2560 2209; x_wconf 88' lang='lat' dir='ltr'><strong>omnes</strong></span> <span class='ocrx_word' id='word_1_189' title='bbox 2596 2156 2853 2210; x_wconf 84' lang='lat' dir='ltr'><strong>debemus</strong></span> <span class='ocrx_word' id='word_1_190' title='bbox 2898 2157 3095 2211; x_wconf 90' lang='lat' dir='ltr'><strong>bonum</strong></span> <span class='ocrx_word' id='word_1_191' title='bbox 3138 2159 3378 2227; x_wconf 89' lang='lat' dir='ltr'><strong>operari,</strong></span> <span class='ocrx_word' id='word_1_192' title='bbox 3412 2160 3649 2214; x_wconf 77' lang='lat' dir='ltr'><strong>maxime</strong></span> <span class='ocrx_word' id='word_1_193' title='bbox 3676 2168 3825 2213; x_wconf 83' lang='lat' dir='ltr'><strong>autem</strong></span> 
     </span>
    </p>
   </div>
   <div class='ocr_carea' id='block_1_23' title="bbox 607 2246 3826 2325">
    <p class='ocr_par' dir='ltr' id='par_1_23' title="bbox 607 2246 3826 2325">
     <span class='ocr_line' id='line_1_23' title="bbox 607 2246 3826 2325; baseline -0.001 -20"><span class='ocrx_word' id='word_1_194' title='bbox 607 2251 756 2306; x_wconf 85' lang='lat' dir='ltr'><strong>Inter</strong></span> <span class='ocrx_word' id='word_1_195' title='bbox 794 2252 909 2308; x_wconf 76' lang='lat' dir='ltr'><strong>lizec</strong></span> <span class='ocrx_word' id='word_1_196' title='bbox 937 2268 1152 2323; x_wconf 90' lang='lat' dir='ltr'><strong>quoque</strong></span> <span class='ocrx_word' id='word_1_197' title='bbox 1189 2255 1371 2310; x_wconf 82' lang='lat' dir='ltr'><strong>omnia</strong></span> <span class='ocrx_word' id='word_1_198' title='bbox 1415 2271 1534 2325; x_wconf 71' lang='lat' dir='ltr'><strong>quae</strong></span> <span class='ocrx_word' id='word_1_199' title='bbox 1564 2256 1628 2309; x_wconf 91' lang='lat' dir='ltr'><strong>ad</strong></span> <span class='ocrx_word' id='word_1_200' title='bbox 1676 2255 2019 2323; x_wconf 65' lang='lat' dir='ltr'><strong>smpedictain</strong></span> <span class='ocrx_word' id='word_1_201' title='bbox 2053 2254 2185 2307; x_wconf 84' lang='lat' dir='ltr'><strong>T.re-</strong></span> <span class='ocrx_word' id='word_1_202' title='bbox 2287 2248 2352 2303; x_wconf 90' lang='lat' dir='ltr'><strong>ad</strong></span> <span class='ocrx_word' id='word_1_203' title='bbox 2380 2249 2704 2303; x_wconf 90' lang='lat' dir='ltr'><strong>domesticos</strong></span> <span class='ocrx_word' id='word_1_204' title='bbox 2729 2246 2849 2302; x_wconf 83' lang='lat' dir='ltr'><strong>fidei</strong></span> <span class='ocrx_word' id='word_1_205' title='bbox 2875 2247 3460 2321; x_wconf 79' lang='lat' dir='ltr'><strong>(Galat.vi,l0),juxta</strong></span> <span class='ocrx_word' id='word_1_206' title='bbox 3496 2251 3826 2321; x_wconf 81' lang='lat' dir='ltr'><strong>magisterium</strong></span> 
     </span>
    </p>
   </div>
   <div class='ocr_carea' id='block_1_24' title="bbox 610 2340 3825 2415">
    <p class='ocr_par' dir='ltr' id='par_1_24' title="bbox 610 2340 3825 2415">
     <span class='ocr_line' id='line_1_24' title="bbox 610 2340 3825 2415; baseline -0.001 -18"><span class='ocrx_word' id='word_1_207' title='bbox 610 2358 890 2400; x_wconf 84' lang='lat' dir='ltr'><strong>verensem</strong></span> <span class='ocrx_word' id='word_1_208' title='bbox 922 2345 1216 2401; x_wconf 86' lang='lat' dir='ltr'><strong>Ecclesiam</strong></span> <span class='ocrx_word' id='word_1_209' title='bbox 1263 2347 1402 2401; x_wconf 87' lang='lat' dir='ltr'><strong>intra</strong></span> <span class='ocrx_word' id='word_1_210' title='bbox 1433 2354 1487 2402; x_wconf 91' lang='lat' dir='ltr'><strong>et</strong></span> <span class='ocrx_word' id='word_1_211' title='bbox 1528 2355 1678 2400; x_wconf 77' lang='lat' dir='ltr'><strong>extra</strong></span> <span class='ocrx_word' id='word_1_212' title='bbox 1710 2347 1979 2401; x_wconf 87' lang='lat' dir='ltr'><strong>civitatem</strong></span> <span class='ocrx_word' id='word_1_213' title='bbox 2021 2346 2184 2415; x_wconf 77' lang='lat' dir='ltr'><strong>perti-</strong></span> <span class='ocrx_word' id='word_1_214' title='bbox 2286 2340 2392 2395; x_wconf 88' lang='lat' dir='ltr'><strong>divi</strong></span> <span class='ocrx_word' id='word_1_215' title='bbox 2438 2340 2665 2410; x_wconf 82' lang='lat' dir='ltr'><strong>apostoli</strong></span> <span class='ocrx_word' id='word_1_216' title='bbox 2717 2340 2889 2395; x_wconf 83' lang='lat' dir='ltr'><strong>Pauli.</strong></span> <span class='ocrx_word' id='word_1_217' title='bbox 2933 2340 2999 2395; x_wconf 91' lang='lat' dir='ltr'><strong>Ut</strong></span> <span class='ocrx_word' id='word_1_218' title='bbox 3039 2340 3184 2395; x_wconf 91' lang='lat' dir='ltr'><strong>enim</strong></span> <span class='ocrx_word' id='word_1_219' title='bbox 3238 2341 3351 2410; x_wconf 91' lang='lat' dir='ltr'><strong>ipse</strong></span> <span class='ocrx_word' id='word_1_220' title='bbox 3400 2350 3710 2406; x_wconf 84' lang='lat' dir='ltr'><strong>attestatur,</strong></span> <span class='ocrx_word' id='word_1_221' title='bbox 3751 2341 3825 2408; x_wconf 90' lang='lat' dir='ltr'><strong>qui</strong></span> 
     </span>
    </p>
   </div>
   <div class='ocr_carea' id='block_1_25' title="bbox 600 2432 3826 2494">
    <p class='ocr_par' dir='ltr' id='par_1_25' title="bbox 600 2432 3826 2494">
     <span class='ocr_line' id='line_1_25' title="bbox 600 2432 3826 2494; baseline 0.001 -4"><span class='ocrx_word' id='word_1_222' title='bbox 600 2451 740 2491; x_wconf 88' lang='lat' dir='ltr'><strong>nere</strong></span> <span class='ocrx_word' id='word_1_223' title='bbox 769 2438 1021 2491; x_wconf 84' lang='lat' dir='ltr'><strong>videntur</strong></span> <span class='ocrx_word' id='word_1_224' title='bbox 1053 2456 1065 2492; x_wconf 91' lang='lat'><strong>:</strong></span> <span class='ocrx_word' id='word_1_225' title='bbox 1098 2438 1147 2493; x_wconf 90' lang='lat' dir='ltr'><strong>id</strong></span> <span class='ocrx_word' id='word_1_226' title='bbox 1178 2448 1258 2493; x_wconf 91' lang='lat' dir='ltr'><strong>est</strong></span> <span class='ocrx_word' id='word_1_227' title='bbox 1289 2439 1549 2494; x_wconf 81' lang='lat' dir='ltr'><strong>ecclesias</strong></span> <span class='ocrx_word' id='word_1_228' title='bbox 1577 2454 1699 2494; x_wconf 90' lang='lat' dir='ltr'><strong>cum</strong></span> <span class='ocrx_word' id='word_1_229' title='bbox 1727 2439 1994 2493; x_wconf 73' lang='lat' dir='ltr'><strong>universis</strong></span> <span class='ocrx_word' id='word_1_230' title='bbox 2025 2439 2184 2492; x_wconf 90' lang='lat' dir='ltr'><strong>rebus</strong></span> <span class='ocrx_word' id='word_1_231' title='bbox 2286 2448 2505 2487; x_wconf 85' lang='lat' dir='ltr'><strong>suorum</strong></span> <span class='ocrx_word' id='word_1_232' title='bbox 2532 2443 2583 2487; x_wconf 87' lang='lat' dir='ltr'><strong>ct</strong></span> <span class='ocrx_word' id='word_1_233' title='bbox 2616 2432 2850 2487; x_wconf 72' lang='lat' dir='ltr'><strong>maxime</strong></span> <span class='ocrx_word' id='word_1_234' title='bbox 2877 2433 3298 2487; x_wconf 84' lang='lat' dir='ltr'><strong>domesticorum</strong></span> <span class='ocrx_word' id='word_1_235' title='bbox 3324 2449 3515 2488; x_wconf 83' lang='lat' dir='ltr'><strong>curam</strong></span> <span class='ocrx_word' id='word_1_236' title='bbox 3540 2449 3643 2488; x_wconf 89' lang='lat' dir='ltr'><strong>non</strong></span> <span class='ocrx_word' id='word_1_237' title='bbox 3673 2433 3826 2493; x_wconf 76' lang='lat' dir='ltr'><strong>habet.</strong></span> 
     </span>
    </p>
   </div>
   <div class='ocr_carea' id='block_1_26' title="bbox 610 2523 3826 2597">
    <p class='ocr_par' dir='ltr' id='par_1_26' title="bbox 610 2523 3826 2597">
     <span class='ocr_line' id='line_1_26' title="bbox 610 2523 3826 2597; baseline 0.001 -16"><span class='ocrx_word' id='word_1_238' title='bbox 610 2528 713 2581; x_wconf 83' lang='lat' dir='ltr'><strong>sibi</strong></span> <span class='ocrx_word' id='word_1_239' title='bbox 761 2528 1135 2591; x_wconf 85' lang='lat' dir='ltr'><strong>attineniihus,</strong></span> <span class='ocrx_word' id='word_1_240' title='bbox 1176 2544 1271 2585; x_wconf 90' lang='lat' dir='ltr'><strong>seu</strong></span> <span class='ocrx_word' id='word_1_241' title='bbox 1304 2532 1628 2586; x_wconf 86' lang='lat' dir='ltr'><strong>monasteria</strong></span> <span class='ocrx_word' id='word_1_242' title='bbox 1661 2539 1767 2585; x_wconf 88' lang='lat' dir='ltr'><strong>tam</strong></span> <span class='ocrx_word' id='word_1_243' title='bbox 1798 2530 2181 2586; x_wconf 86' lang='lat' dir='ltr'><strong>monachorum</strong></span> <span class='ocrx_word' id='word_1_244' title='bbox 2289 2523 2445 2577; x_wconf 76' lang='lat' dir='ltr'><strong>ﬁdem</strong></span> <span class='ocrx_word' id='word_1_245' title='bbox 2476 2525 2711 2596; x_wconf 77' lang='lat' dir='ltr'><strong>negavit.</strong></span> <span class='ocrx_word' id='word_1_246' title='bbox 2756 2534 2811 2579; x_wconf 85' lang='lat' dir='ltr'><strong>et</strong></span> <span class='ocrx_word' id='word_1_247' title='bbox 2836 2533 2918 2579; x_wconf 86' lang='lat' dir='ltr'><strong>cst</strong></span> <span class='ocrx_word' id='word_1_248' title='bbox 2944 2524 3146 2579; x_wconf 80' lang='lat' dir='ltr'><strong>inﬁdeli</strong></span> <span class='ocrx_word' id='word_1_249' title='bbox 3190 2525 3424 2580; x_wconf 85' lang='lat' dir='ltr'><strong>deterior</strong></span> <span class='ocrx_word' id='word_1_250' title='bbox 3452 2526 3507 2597; x_wconf 87' lang='grc' dir='ltr'><strong>(Ι</strong></span> <span class='ocrx_word' id='word_1_251' title='bbox 3542 2525 3672 2580; x_wconf 86' lang='lat' dir='ltr'><strong>Tim.</strong></span> <span class='ocrx_word' id='word_1_252' title='bbox 3694 2528 3826 2593; x_wconf 79' lang='lat' dir='ltr'><strong>v,8).</strong></span> 
     </span>
    </p>
   </div>
   <div class='ocr_carea' id='block_1_27' title="bbox 605 2615 3827 2693">
    <p class='ocr_par' dir='ltr' id='par_1_27' title="bbox 605 2615 3827 2693">
     <span class='ocr_line' id='line_1_27' title="bbox 605 2615 3827 2693; baseline -0.001 -21"><span class='ocrx_word' id='word_1_253' title='bbox 605 2635 771 2689; x_wconf 88' lang='lat' dir='ltr'><strong>quam</strong></span> <span class='ocrx_word' id='word_1_254' title='bbox 801 2620 1071 2691; x_wconf 78' lang='lat' dir='ltr'><strong>virginum</strong></span> <span class='ocrx_word' id='word_1_255' title='bbox 1101 2622 1167 2675; x_wconf 93' lang='lat' dir='ltr'><strong>de</strong></span> <span class='ocrx_word' id='word_1_256' title='bbox 1197 2622 1392 2691; x_wconf 89' lang='lat' dir='ltr'><strong>quibus</strong></span> <span class='ocrx_word' id='word_1_257' title='bbox 1420 2638 1487 2677; x_wconf 82' lang='lat' dir='ltr'><strong>ex</strong></span> <span class='ocrx_word' id='word_1_258' title='bbox 1514 2622 1797 2693; x_wconf 79' lang='lat' dir='ltr'><strong>praeceptis</strong></span> <span class='ocrx_word' id='word_1_259' title='bbox 1820 2622 1933 2677; x_wconf 85' lang='lat' dir='ltr'><strong>sive</strong></span> <span class='ocrx_word' id='word_1_260' title='bbox 1968 2621 2197 2690; x_wconf 56' lang='lat' dir='ltr'><strong>scriptis;</strong></span> <span class='ocrx_word' id='word_1_261' title='bbox 2286 2616 2366 2670; x_wconf 87' lang='lat' dir='ltr'><strong>Ad</strong></span> <span class='ocrx_word' id='word_1_262' title='bbox 2399 2616 2569 2671; x_wconf 87' lang='lat' dir='ltr'><strong>instar</strong></span> <span class='ocrx_word' id='word_1_263' title='bbox 2622 2616 2890 2685; x_wconf 87' lang='lat' dir='ltr'><strong>siquidem</strong></span> <span class='ocrx_word' id='word_1_264' title='bbox 2929 2615 3159 2671; x_wconf 79' lang='lat' dir='ltr'><strong>visibilis</strong></span> <span class='ocrx_word' id='word_1_265' title='bbox 3192 2616 3357 2686; x_wconf 81' lang='lat' dir='ltr'><strong>ignis,</strong></span> <span class='ocrx_word' id='word_1_266' title='bbox 3409 2617 3694 2672; x_wconf 85' lang='lat' dir='ltr'><strong>invisibilis</strong></span> <span class='ocrx_word' id='word_1_267' title='bbox 3724 2617 3827 2671; x_wconf 82' lang='lat' dir='ltr'><strong>elia-</strong></span> 
     </span>
    </p>
   </div>
   <div class='ocr_carea' id='block_1_28' title="bbox 609 2707 3827 2782">
    <p class='ocr_par' dir='ltr' id='par_1_28' title="bbox 609 2707 3827 2782">
     <span class='ocr_line' id='line_1_28' title="bbox 609 2707 3827 2782; baseline -0.001 -17"><span class='ocrx_word' id='word_1_268' title='bbox 609 2725 794 2781; x_wconf 80' lang='lat' dir='ltr'><strong>regum</strong></span> <span class='ocrx_word' id='word_1_269' title='bbox 822 2726 913 2766; x_wconf 89' lang='lat' dir='ltr'><strong>seu</strong></span> <span class='ocrx_word' id='word_1_270' title='bbox 946 2712 1327 2782; x_wconf 87' lang='lat' dir='ltr'><strong>imperatorum</strong></span> <span class='ocrx_word' id='word_1_271' title='bbox 1361 2714 1477 2770; x_wconf 84' lang='lat' dir='ltr'><strong>sive</strong></span> <span class='ocrx_word' id='word_1_272' title='bbox 1500 2714 1813 2770; x_wconf 89' lang='lat' dir='ltr'><strong>eoriimdem</strong></span> <span class='ocrx_word' id='word_1_273' title='bbox 1839 2712 2183 2768; x_wconf 80' lang='lat' dir='ltr'><strong>fuiulatornm</strong></span> <span class='ocrx_word' id='word_1_274' title='bbox 2287 2709 2418 2763; x_wconf 88' lang='lat' dir='ltr'><strong>ritas</strong></span> <span class='ocrx_word' id='word_1_275' title='bbox 2463 2709 2650 2779; x_wconf 87' lang='lat' dir='ltr'><strong>paucis</strong></span> <span class='ocrx_word' id='word_1_276' title='bbox 2685 2707 2773 2781; x_wconf 73' lang='grc'><strong>[[.·</strong></span> <span class='ocrx_word' id='word_1_277' title='bbox 2806 2707 3000 2779; x_wconf 86' lang='lat' dir='ltr'><strong>spatia]</strong></span> <span class='ocrx_word' id='word_1_278' title='bbox 3035 2708 3295 2763; x_wconf 89' lang='lat' dir='ltr'><strong>viciniora</strong></span> <span class='ocrx_word' id='word_1_279' title='bbox 3346 2708 3451 2763; x_wconf 88' lang='lat' dir='ltr'><strong>sibi</strong></span> <span class='ocrx_word' id='word_1_280' title='bbox 3505 2709 3717 2779; x_wconf 91' lang='lat' dir='ltr'><strong>corripit</strong></span> <span class='ocrx_word' id='word_1_281' title='bbox 3738 2750 3751 2769; x_wconf 85' lang='lat'><strong>,</strong></span> <span class='ocrx_word' id='word_1_282' title='bbox 3784 2716 3827 2761; x_wconf 87' lang='lat' dir='ltr'><strong>et</strong></span> 
     </span>
    </p>
   </div>
   <div class='ocr_carea' id='block_1_29' title="bbox 607 2799 3827 2875">
    <p class='ocr_par' dir='ltr' id='par_1_29' title="bbox 607 2799 3827 2875">
     <span class='ocr_line' id='line_1_29' title="bbox 607 2799 3827 2875; baseline -0 -22"><span class='ocrx_word' id='word_1_283' title='bbox 607 2803 930 2858; x_wconf 81' lang='lat' dir='ltr'><strong>auctoritate</strong></span> <span class='ocrx_word' id='word_1_284' title='bbox 976 2805 1040 2857; x_wconf 90' lang='lat' dir='ltr'><strong>ad</strong></span> <span class='ocrx_word' id='word_1_285' title='bbox 1070 2819 1126 2858; x_wconf 89' lang='lat' dir='ltr'><strong>se</strong></span> <span class='ocrx_word' id='word_1_286' title='bbox 1152 2800 1426 2873; x_wconf 81' lang='lat' dir='ltr'><strong>pertineat</strong></span> <span class='ocrx_word' id='word_1_287' title='bbox 1458 2820 1518 2858; x_wconf 91' lang='lat' dir='ltr'><strong>ac</strong></span> <span class='ocrx_word' id='word_1_288' title='bbox 1554 2805 1827 2875; x_wconf 88' lang='lat' dir='ltr'><strong>pertinere</strong></span> <span class='ocrx_word' id='word_1_289' title='bbox 1857 2805 2074 2867; x_wconf 91' lang='lat' dir='ltr'><strong>debent,</strong></span> <span class='ocrx_word' id='word_1_290' title='bbox 2121 2818 2185 2859; x_wconf 90' lang='lat' dir='ltr'><strong>ac</strong></span> <span class='ocrx_word' id='word_1_291' title='bbox 2288 2803 2411 2858; x_wconf 89' lang='lat' dir='ltr'><strong>inde</strong></span> <span class='ocrx_word' id='word_1_292' title='bbox 2443 2803 2713 2873; x_wconf 82' lang='lat' dir='ltr'><strong>gradatim</strong></span> <span class='ocrx_word' id='word_1_293' title='bbox 2763 2803 2832 2857; x_wconf 87' lang='lat' dir='ltr'><strong>ad</strong></span> <span class='ocrx_word' id='word_1_294' title='bbox 2876 2801 3251 2873; x_wconf 79' lang='lat' dir='ltr'><strong>longinquiora</strong></span> <span class='ocrx_word' id='word_1_295' title='bbox 3302 2816 3361 2857; x_wconf 87' lang='lat' dir='ltr'><strong>se</strong></span> <span class='ocrx_word' id='word_1_296' title='bbox 3413 2802 3676 2857; x_wconf 78' lang='lat' dir='ltr'><strong>extendit.</strong></span> <span class='ocrx_word' id='word_1_297' title='bbox 3708 2799 3827 2866; x_wconf 73' lang='lat' dir='ltr'><strong>Qria~</strong></span> 
     </span>
    </p>
   </div>
   <div class='ocr_carea' id='block_1_30' title="bbox 605 2891 3828 2965">
    <p class='ocr_par' dir='ltr' id='par_1_30' title="bbox 605 2891 3828 2965">
     <span class='ocr_line' id='line_1_30' title="bbox 605 2891 3828 2965; baseline 0.001 -23"><span class='ocrx_word' id='word_1_298' title='bbox 605 2891 864 2961; x_wconf 88' lang='lat' dir='ltr'><strong>quidquid</strong></span> <span class='ocrx_word' id='word_1_299' title='bbox 910 2895 1134 2949; x_wconf 91' lang='lat' dir='ltr'><strong>omnino</strong></span> <span class='ocrx_word' id='word_1_300' title='bbox 1185 2894 1269 2948; x_wconf 91' lang='lat' dir='ltr'><strong>illa</strong></span> <span class='ocrx_word' id='word_1_301' title='bbox 1324 2895 1436 2964; x_wconf 88' lang='lat' dir='ltr'><strong>ipsa</strong></span> <span class='ocrx_word' id='word_1_302' title='bbox 1487 2895 1715 2950; x_wconf 77' lang='lat' dir='ltr'><strong>ecclesia</strong></span> <span class='ocrx_word' id='word_1_303' title='bbox 1743 2896 1830 2950; x_wconf 80' lang='lat' dir='ltr'><strong>ubi</strong></span> <span class='ocrx_word' id='word_1_304' title='bbox 1866 2905 1931 2961; x_wconf 82' lang='lat' dir='ltr'><strong>et</strong></span> <span class='ocrx_word' id='word_1_305' title='bbox 1970 2910 2184 2965; x_wconf 89' lang='lat' dir='ltr'><strong>quoque</strong></span> <span class='ocrx_word' id='word_1_306' title='bbox 2286 2901 2507 2964; x_wconf 86' lang='lat' dir='ltr'><strong>propter</strong></span> <span class='ocrx_word' id='word_1_307' title='bbox 2554 2892 2848 2948; x_wconf 87' lang='lat' dir='ltr'><strong>secundum</strong></span> <span class='ocrx_word' id='word_1_308' title='bbox 2889 2891 3291 2962; x_wconf 78' lang='lat' dir='ltr'><strong>suggestionem</strong></span> <span class='ocrx_word' id='word_1_309' title='bbox 3338 2897 3517 2955; x_wconf 92' lang='lat' dir='ltr'><strong>tuam,</strong></span> <span class='ocrx_word' id='word_1_310' title='bbox 3548 2902 3722 2946; x_wconf 88' lang='lat' dir='ltr'><strong>noster</strong></span> <span class='ocrx_word' id='word_1_311' title='bbox 3762 2903 3828 2943; x_wconf 83' lang='lat' dir='ltr'><strong>rc-</strong></span> 
     </span>
    </p>
   </div>
   <div class='ocr_carea' id='block_1_31' title="bbox 606 2966 3827 3065">
    <p class='ocr_par' dir='ltr' id='par_1_31' title="bbox 606 2966 3827 3065">
     <span class='ocr_line' id='line_1_31' title="bbox 606 2966 3827 3065; baseline -0.002 -28"><span class='ocrx_word' id='word_1_312' title='bbox 606 2984 801 3038; x_wconf 89' lang='lat' dir='ltr'><strong>nicrito</strong></span> <span class='ocrx_word' id='word_1_313' title='bbox 830 2987 1064 3055; x_wconf 83' lang='lat' dir='ltr'><strong>possidet</strong></span> <span class='ocrx_word' id='word_1_314' title='bbox 1092 3003 1155 3041; x_wconf 89' lang='lat' dir='ltr'><strong>ae</strong></span> <span class='ocrx_word' id='word_1_315' title='bbox 1184 2988 1464 3057; x_wconf 83' lang='lat' dir='ltr'><strong>possidere</strong></span> <span class='ocrx_word' id='word_1_316' title='bbox 1491 2989 1651 3043; x_wconf 86' lang='lat' dir='ltr'><strong>debet</strong></span> <span class='ocrx_word' id='word_1_317' title='bbox 1679 3008 1691 3042; x_wconf 93' lang='lat'><strong>:</strong></span> <span class='ocrx_word' id='word_1_318' title='bbox 1724 2989 1847 3059; x_wconf 86' lang='lat' dir='ltr'><strong>quia</strong></span> <span class='ocrx_word' id='word_1_319' title='bbox 1877 2966 1947 3065; x_wconf 83' lang='lat' dir='ltr'><strong>ita</strong></span> <span class='ocrx_word' id='word_1_320' title='bbox 1979 2988 2184 3042; x_wconf 80' lang='lat' dir='ltr'><strong>inveni-</strong></span> <span class='ocrx_word' id='word_1_321' title='bbox 2285 2982 2674 3038; x_wconf 88' lang='lat' dir='ltr'><strong>verendissime</strong></span> <span class='ocrx_word' id='word_1_322' title='bbox 2693 2981 2967 3038; x_wconf 80' lang='lat' dir='ltr'><strong>eonfrater</strong></span> <span class='ocrx_word' id='word_1_323' title='bbox 2994 2990 3044 3036; x_wconf 89' lang='lat' dir='ltr'><strong>et</strong></span> <span class='ocrx_word' id='word_1_324' title='bbox 3068 2981 3383 3050; x_wconf 89' lang='lat' dir='ltr'><strong>coepiscope</strong></span> <span class='ocrx_word' id='word_1_325' title='bbox 3401 2979 3708 3041; x_wconf 86' lang='lat' dir='ltr'><strong>Humberte,</strong></span> <span class='ocrx_word' id='word_1_326' title='bbox 3730 2980 3755 3011; x_wconf 70' lang='lat'><strong>&#39;</strong></span> <span class='ocrx_word' id='word_1_327' title='bbox 3775 2978 3827 3029; x_wconf 87' lang='lat' dir='ltr'><strong>ad</strong></span> 
     </span>
    </p>
   </div>
   <div class='ocr_carea' id='block_1_32' title="bbox 607 3070 3828 3151">
    <p class='ocr_par' dir='ltr' id='par_1_32' title="bbox 607 3070 3828 3151">
     <span class='ocr_line' id='line_1_32' title="bbox 607 3070 3828 3151; baseline -0.004 -19"><span class='ocrx_word' id='word_1_328' title='bbox 607 3094 729 3133; x_wconf 92' lang='lat' dir='ltr'><strong>mus</strong></span> <span class='ocrx_word' id='word_1_329' title='bbox 776 3078 828 3132; x_wconf 92' lang='lat' dir='ltr'><strong>in</strong></span> <span class='ocrx_word' id='word_1_330' title='bbox 863 3076 1157 3150; x_wconf 78' lang='lat' dir='ltr'><strong>privilegiis</strong></span> <span class='ocrx_word' id='word_1_331' title='bbox 1203 3081 1658 3151; x_wconf 66' lang='lat' dir='ltr'><strong>praedecessorum</strong></span> <span class='ocrx_word' id='word_1_332' title='bbox 1712 3092 2049 3139; x_wconf 87' lang='lat' dir='ltr'><strong>nostrorum;</strong></span> <span class='ocrx_word' id='word_1_333' title='bbox 2100 3081 2183 3135; x_wconf 68' lang='lat' dir='ltr'><strong>id-</strong></span> <span class='ocrx_word' id='word_1_334' title='bbox 2211 3123 2255 3151; x_wconf 51' lang='grc' dir='ltr'><strong>τ,</strong></span> <span class='ocrx_word' id='word_1_335' title='bbox 2288 3074 2521 3144; x_wconf 86' lang='lat' dir='ltr'><strong>aliquam</strong></span> <span class='ocrx_word' id='word_1_336' title='bbox 2554 3072 2906 3142; x_wconf 89' lang='lat' dir='ltr'><strong>temporalem</strong></span> <span class='ocrx_word' id='word_1_337' title='bbox 2946 3072 3223 3126; x_wconf 62' lang='lat' dir='ltr'><strong>memoriae</strong></span> <span class='ocrx_word' id='word_1_338' title='bbox 3250 3071 3529 3126; x_wconf 85' lang='lat' dir='ltr'><strong>decessori</strong></span> <span class='ocrx_word' id='word_1_339' title='bbox 3566 3080 3735 3125; x_wconf 89' lang='lat' dir='ltr'><strong>nostro</strong></span> <span class='ocrx_word' id='word_1_340' title='bbox 3754 3070 3828 3121; x_wconf 84' lang='lat' dir='ltr'><strong>ilo-</strong></span> 
     </span>
    </p>
   </div>
   <div class='ocr_carea' id='block_1_33' title="bbox 604 3162 3827 3234">
    <p class='ocr_par' dir='ltr' id='par_1_33' title="bbox 604 3162 3827 3234">
     <span class='ocr_line' id='line_1_33' title="bbox 604 3162 3827 3234; baseline 0.003 -11"><span class='ocrx_word' id='word_1_341' title='bbox 604 3167 756 3224; x_wconf 87' lang='lat' dir='ltr'><strong>circo</strong></span> <span class='ocrx_word' id='word_1_342' title='bbox 786 3170 958 3224; x_wconf 90' lang='lat' dir='ltr'><strong>eidem</strong></span> <span class='ocrx_word' id='word_1_343' title='bbox 1002 3170 1256 3227; x_wconf 77' lang='lat' dir='ltr'><strong>Ecclesia:</strong></span> <span class='ocrx_word' id='word_1_344' title='bbox 1282 3172 1397 3227; x_wconf 65' lang='lat' dir='ltr'><strong>haec</strong></span> <span class='ocrx_word' id='word_1_345' title='bbox 1427 3173 1603 3226; x_wconf 87' lang='lat' dir='ltr'><strong>omnia</strong></span> <span class='ocrx_word' id='word_1_346' title='bbox 1629 3188 1751 3227; x_wconf 89' lang='lat' dir='ltr'><strong>cum</strong></span> <span class='ocrx_word' id='word_1_347' title='bbox 1788 3173 2036 3227; x_wconf 87' lang='lat' dir='ltr'><strong>omnibus</strong></span> <span class='ocrx_word' id='word_1_348' title='bbox 2059 3174 2186 3226; x_wconf 87' lang='lat' dir='ltr'><strong>atti-</strong></span> <span class='ocrx_word' id='word_1_349' title='bbox 2210 3162 2255 3184; x_wconf 65' lang='grc' dir='ltr'>υ</span> <span class='ocrx_word' id='word_1_350' title='bbox 2288 3167 2435 3220; x_wconf 76' lang='lat' dir='ltr'><strong>mino</strong></span> <span class='ocrx_word' id='word_1_351' title='bbox 2464 3165 2645 3229; x_wconf 69' lang='lat' dir='ltr'><strong>Leoni.</strong></span> <span class='ocrx_word' id='word_1_352' title='bbox 2673 3174 2727 3220; x_wconf 79' lang='lat' dir='ltr'><strong>el</strong></span> <span class='ocrx_word' id='word_1_353' title='bbox 2753 3164 2956 3234; x_wconf 72' lang='lat' dir='ltr'><strong>iugiter</strong></span> <span class='ocrx_word' id='word_1_354' title='bbox 2989 3163 3040 3218; x_wconf 75' lang='grc' dir='ltr'><strong>Ῐη</strong></span> <span class='ocrx_word' id='word_1_355' title='bbox 3073 3171 3257 3218; x_wconf 61' lang='lat' dir='ltr'><strong>SMC”</strong></span> <span class='ocrx_word' id='word_1_356' title='bbox 3283 3162 3533 3218; x_wconf 61' lang='lat' dir='ltr'><strong>Romam</strong></span> <span class='ocrx_word' id='word_1_357' title='bbox 3559 3170 3613 3216; x_wconf 70' lang='grc' dir='ltr'>ει</span> <span class='ocrx_word' id='word_1_358' title='bbox 3643 3167 3827 3229; x_wconf 71' lang='grc' dir='ltr'><strong>³Ρ⁰⁸¹⁰·</strong></span> 
     </span>
    </p>
   </div>
   <div class='ocr_carea' id='block_1_34' title="bbox 608 3254 3826 3332">
    <p class='ocr_par' dir='ltr' id='par_1_34' title="bbox 608 3254 3826 3332">
     <span class='ocr_line' id='line_1_34' title="bbox 608 3254 3826 3332; baseline -0.001 -25"><span class='ocrx_word' id='word_1_359' title='bbox 608 3261 864 3316; x_wconf 68' lang='lat' dir='ltr'><strong>nomith</strong></span> <span class='ocrx_word' id='word_1_360' title='bbox 916 3262 1242 3330; x_wconf 64' lang='lat' dir='ltr'><strong>generaliter</strong></span> <span class='ocrx_word' id='word_1_361' title='bbox 1312 3279 1374 3319; x_wconf 70' lang='lat' dir='ltr'><strong>ac</strong></span> <span class='ocrx_word' id='word_1_362' title='bbox 1430 3264 1739 3332; x_wconf 69' lang='lat' dir='ltr'><strong>specialiier</strong></span> <span class='ocrx_word' id='word_1_363' title='bbox 1806 3264 2180 3328; x_wconf 72' lang='lat' dir='ltr'><strong>concedimus;</strong></span> <span class='ocrx_word' id='word_1_364' title='bbox 2287 3259 2387 3312; x_wconf 88' lang='lat' dir='ltr'><strong>lica</strong></span> <span class='ocrx_word' id='word_1_365' title='bbox 2417 3258 2563 3321; x_wconf 90' lang='lat' dir='ltr'><strong>sede,</strong></span> <span class='ocrx_word' id='word_1_366' title='bbox 2592 3258 2755 3313; x_wconf 86' lang='lat' dir='ltr'><strong>etiam</strong></span> <span class='ocrx_word' id='word_1_367' title='bbox 2780 3273 2942 3328; x_wconf 84' lang='lat' dir='ltr'><strong>supra</strong></span> <span class='ocrx_word' id='word_1_368' title='bbox 2971 3257 3117 3312; x_wconf 86' lang='lat' dir='ltr'><strong>vires</strong></span> <span class='ocrx_word' id='word_1_369' title='bbox 3146 3264 3264 3312; x_wconf 85' lang='lat' dir='ltr'><strong>tuas</strong></span> <span class='ocrx_word' id='word_1_370' title='bbox 3288 3264 3344 3310; x_wconf 91' lang='lat' dir='ltr'><strong>et</strong></span> <span class='ocrx_word' id='word_1_371' title='bbox 3370 3254 3656 3310; x_wconf 85' lang='lat' dir='ltr'><strong>facultates</strong></span> <span class='ocrx_word' id='word_1_372' title='bbox 3674 3254 3826 3308; x_wconf 81' lang='lat' dir='ltr'><strong>hacte-</strong></span> 
     </span>
    </p>
   </div>
   <div class='ocr_carea' id='block_1_35' title="bbox 610 3344 2185 3426">
    <p class='ocr_par' dir='ltr' id='par_1_35' title="bbox 610 3350 2183 3426">
     <span class='ocr_line' id='line_1_35' title="bbox 610 3350 2183 3426; baseline 0.003 -21"><span class='ocrx_word' id='word_1_373' title='bbox 610 3350 1184 3424; x_wconf 78' lang='lat' dir='ltr'><strong>Rccont‘irmainusque</strong></span> <span class='ocrx_word' id='word_1_374' title='bbox 1222 3355 1316 3408; x_wconf 91' lang='lat' dir='ltr'><strong>tibi</strong></span> <span class='ocrx_word' id='word_1_375' title='bbox 1365 3356 1515 3409; x_wconf 77' lang='lat' dir='ltr'><strong>fratri</strong></span> <span class='ocrx_word' id='word_1_376' title='bbox 1559 3370 1622 3410; x_wconf 89' lang='lat' dir='ltr'><strong>ac</strong></span> <span class='ocrx_word' id='word_1_377' title='bbox 1650 3357 1970 3426; x_wconf 83' lang='lat' dir='ltr'><strong>coepiscopo</strong></span> <span class='ocrx_word' id='word_1_378' title='bbox 1998 3364 2183 3410; x_wconf 89' lang='lat' dir='ltr'><strong>nostro</strong></span> 
     </span>
    </p>
   </div>
   <div class='ocr_carea' id='block_1_36' title="bbox 2280 3344 3825 3426">
    <p class='ocr_par' dir='ltr' id='par_1_36' title="bbox 2286 3344 3825 3419">
     <span class='ocr_line' id='line_1_36' title="bbox 2286 3344 3825 3419; baseline -0.005 -17"><span class='ocrx_word' id='word_1_379' title='bbox 2286 3364 2388 3403; x_wconf 87' lang='lat' dir='ltr'><strong>nus</strong></span> <span class='ocrx_word' id='word_1_380' title='bbox 2419 3349 2729 3413; x_wconf 80' lang='lat' dir='ltr'><strong>exhibuisti,</strong></span> <span class='ocrx_word' id='word_1_381' title='bbox 2763 3362 2860 3419; x_wconf 90' lang='lat' dir='ltr'><strong>per</strong></span> <span class='ocrx_word' id='word_1_382' title='bbox 2899 3346 3060 3415; x_wconf 89' lang='lat' dir='ltr'><strong>hujus</strong></span> <span class='ocrx_word' id='word_1_383' title='bbox 3101 3347 3271 3402; x_wconf 87' lang='lat' dir='ltr'><strong>nostri</strong></span> <span class='ocrx_word' id='word_1_384' title='bbox 3324 3346 3593 3418; x_wconf 76' lang='lat' dir='ltr'><strong>privilegii</strong></span> <span class='ocrx_word' id='word_1_385' title='bbox 3623 3344 3825 3402; x_wconf 54' lang='lat' dir='ltr'><strong>sannio.</strong></span> 
     </span>
    </p>
   </div>
   <div class='ocr_carea' id='block_1_37' title="bbox 609 3433 3824 3518">
    <p class='ocr_par' dir='ltr' id='par_1_37' title="bbox 609 3433 3824 3518">
     <span class='ocr_line' id='line_1_37' title="bbox 609 3433 3824 3518; baseline 0.003 -23"><span class='ocrx_word' id='word_1_386' title='bbox 609 3444 822 3512; x_wconf 90' lang='lat' dir='ltr'><strong>tuisque</strong></span> <span class='ocrx_word' id='word_1_387' title='bbox 874 3447 1277 3500; x_wconf 59' lang='lat' dir='ltr'><strong>successoribus</strong></span> <span class='ocrx_word' id='word_1_388' title='bbox 1326 3447 1391 3500; x_wconf 91' lang='lat' dir='ltr'><strong>ad</strong></span> <span class='ocrx_word' id='word_1_389' title='bbox 1440 3457 1752 3518; x_wconf 81' lang='lat' dir='ltr'><strong>perpetuam</strong></span> <span class='ocrx_word' id='word_1_390' title='bbox 1800 3457 2000 3503; x_wconf 82' lang='lat' dir='ltr'><strong>sancta:</strong></span> <span class='ocrx_word' id='word_1_391' title='bbox 2053 3448 2182 3501; x_wconf 61' lang='lat' dir='ltr'><strong>Treo</strong></span> <span class='ocrx_word' id='word_1_392' title='bbox 2286 3457 2406 3495; x_wconf 75' lang='lat' dir='ltr'><strong>nem</strong></span> <span class='ocrx_word' id='word_1_393' title='bbox 2436 3442 2790 3497; x_wconf 69' lang='lat' dir='ltr'><strong>decernentes</strong></span> <span class='ocrx_word' id='word_1_394' title='bbox 2829 3440 3289 3503; x_wconf 52' lang='lat' dir='ltr'><strong>concedimus.“</strong></span> <span class='ocrx_word' id='word_1_395' title='bbox 3335 3438 3717 3494; x_wconf 18' lang='grc' dir='ltr'><strong>εονηίῖηηεηηιιε</strong></span> <span class='ocrx_word' id='word_1_396' title='bbox 3751 3433 3824 3488; x_wconf 58' lang='lat' dir='ltr'><strong>[ibi</strong></span> 
     </span>
    </p>
   </div>
   <div class='ocr_carea' id='block_1_38' title="bbox 606 3523 3825 3608">
    <p class='ocr_par' dir='ltr' id='par_1_38' title="bbox 606 3523 3825 3608">
     <span class='ocr_line' id='line_1_38' title="bbox 606 3523 3825 3608; baseline 0.004 -23"><span class='ocrx_word' id='word_1_397' title='bbox 606 3535 838 3588; x_wconf 88' lang='lat' dir='ltr'><strong>virensis</strong></span> <span class='ocrx_word' id='word_1_398' title='bbox 877 3535 1129 3591; x_wconf 74' lang='lat' dir='ltr'><strong>Ecclesia:</strong></span> <span class='ocrx_word' id='word_1_399' title='bbox 1172 3537 1514 3592; x_wconf 83' lang='lat' dir='ltr'><strong>donationem</strong></span> <span class='ocrx_word' id='word_1_400' title='bbox 1564 3549 1725 3608; x_wconf 90' lang='lat' dir='ltr'><strong>atque</strong></span> <span class='ocrx_word' id='word_1_401' title='bbox 1775 3541 2031 3594; x_wconf 88' lang='lat' dir='ltr'><strong>ditionem</strong></span> <span class='ocrx_word' id='word_1_402' title='bbox 2086 3555 2184 3608; x_wconf 88' lang='lat' dir='ltr'><strong>per</strong></span> <span class='ocrx_word' id='word_1_403' title='bbox 2284 3541 2337 3585; x_wconf 74' lang='lat' dir='ltr'><strong>cl</strong></span> <span class='ocrx_word' id='word_1_404' title='bbox 2369 3545 2463 3599; x_wconf 71' lang='lat' dir='ltr'><strong>P0P</strong></span> <span class='ocrx_word' id='word_1_405' title='bbox 2489 3539 2541 3583; x_wconf 66' lang='grc' dir='ltr'>ιθ</span> <span class='ocrx_word' id='word_1_406' title='bbox 2567 3539 2730 3597; x_wconf 58' lang='lat' dir='ltr'><strong>“Utile</strong></span> <span class='ocrx_word' id='word_1_407' title='bbox 2758 3538 2978 3599; x_wconf 75' lang='lat' dir='ltr'><strong>propter</strong></span> <span class='ocrx_word' id='word_1_408' title='bbox 3005 3539 3058 3582; x_wconf 78' lang='grc' dir='ltr'>ιθ</span> <span class='ocrx_word' id='word_1_409' title='bbox 3089 3528 3141 3582; x_wconf 72' lang='lat' dir='ltr'><strong>in</strong></span> <span class='ocrx_word' id='word_1_410' title='bbox 3169 3537 3524 3599; x_wconf 67' lang='grc' dir='ltr'>νοτιτθιιιιιιην</span> <span class='ocrx_word' id='word_1_411' title='bbox 3560 3523 3825 3581; x_wconf 49' lang='lat' dir='ltr'><strong>“verendi”</strong></span> 
     </span>
    </p>
   </div>
   <div class='ocr_carea' id='block_1_39' title="bbox 1920 292 3827 378">
    <p class='ocr_par' dir='ltr' id='par_1_39' title="bbox 1920 292 3827 378">
     <span class='ocr_line' id='line_1_39' title="bbox 1920 292 3827 378; baseline 0.011 -21"><span class='ocrx_word' id='word_1_412' title='bbox 1920 301 2241 363; x_wconf 77' lang='lat' dir='ltr'><strong>vicronis</strong></span> <span class='ocrx_word' id='word_1_413' title='bbox 2275 306 2317 362; x_wconf 93' lang='lat' dir='ltr'><strong>ii</strong></span> <span class='ocrx_word' id='word_1_414' title='bbox 2359 307 2558 364; x_wconf 62' lang='lat' dir='ltr'><strong>rami;</strong></span> <span class='ocrx_word' id='word_1_415' title='bbox 3725 292 3827 378; x_wconf 69' lang='lat' dir='ltr'><strong>sa</strong></span> 
     </span>
    </p>
   </div>
   <div class='ocr_carea' id='block_1_40' title="bbox 3002 421 3140 480">
    <p class='ocr_par' dir='ltr' id='par_1_40' title="bbox 3002 421 3140 480">
     <span class='ocr_line' id='line_1_40' title="bbox 3002 421 3140 480; baseline -0.014 0"><span class='ocrx_word' id='word_1_416' title='bbox 3002 421 3140 480; x_wconf 74' lang='lat' dir='ltr'><strong>XVI.</strong></span> 
     </span>
    </p>
   </div>
   <div class='ocr_carea' id='block_1_41' title="bbox 2299 530 3818 607">
    <p class='ocr_par' dir='ltr' id='par_1_41' title="bbox 2299 530 3818 607">
     <span class='ocr_line' id='line_1_41' title="bbox 2299 530 3818 607; baseline 0.01 -22"><span class='ocrx_word' id='word_1_417' title='bbox 2299 530 2527 607; x_wconf 65' lang='lat' dir='ltr'><strong>Vigoris</strong></span> <span class='ocrx_word' id='word_1_418' title='bbox 2567 552 2716 604; x_wconf 77' lang='lat' dir='ltr'><strong>papa:</strong></span> <span class='ocrx_word' id='word_1_419' title='bbox 2761 536 2822 590; x_wconf 87' lang='lat' dir='ltr'><strong>II</strong></span> <span class='ocrx_word' id='word_1_420' title='bbox 2873 536 3094 598; x_wconf 66' lang='lat' dir='ltr'><strong>littera).</strong></span> <span class='ocrx_word' id='word_1_421' title='bbox 3154 537 3339 607; x_wconf 78' lang='lat' dir='ltr'><strong>quibus</strong></span> <span class='ocrx_word' id='word_1_422' title='bbox 3398 535 3638 596; x_wconf 73' lang='lat' dir='ltr'><strong>Ecclesia:</strong></span> <span class='ocrx_word' id='word_1_423' title='bbox 3686 539 3818 600; x_wconf 66' lang='lat' dir='ltr'><strong>Silvia</strong></span> 
     </span>
    </p>
   </div>
   <div class='ocr_carea' id='block_1_42' title="bbox 2357 601 3798 744">
    <p class='ocr_par' dir='ltr' id='par_1_42' title="bbox 2357 601 3798 744">
     <span class='ocr_line' id='line_1_42' title="bbox 2361 601 3798 743; baseline 0.01 -89"><span class='ocrx_word' id='word_1_424' title='bbox 2361 601 2616 743; x_wconf 29' lang='lat' dir='ltr'><strong>(Ilo/rimam</strong></span> <span class='ocrx_word' id='word_1_425' title='bbox 2637 601 2921 678; x_wconf 69' lang='lat' dir='ltr'><strong>privilegia</strong></span> <span class='ocrx_word' id='word_1_426' title='bbox 2967 601 3245 663; x_wconf 48' lang='lat' dir='ltr'><strong>Humbe&#39;rli</strong></span> <span class='ocrx_word' id='word_1_427' title='bbox 3284 611 3506 681; x_wconf 76' lang='lat' dir='ltr'><strong>episcopi</strong></span> <span class='ocrx_word' id='word_1_428' title='bbox 3545 613 3704 681; x_wconf 79' lang='lat' dir='ltr'><strong>gratia</strong></span> <span class='ocrx_word' id='word_1_429' title='bbox 3725 632 3798 668; x_wconf 81' lang='lat' dir='ltr'><strong>ant</strong></span> 
     </span>
     <span class='ocr_line' id='line_1_43' title="bbox 2357 691 2575 744; baseline 0.009 -17"><span class='ocrx_word' id='word_1_430' title='bbox 2357 691 2429 744; x_wconf 85' lang='lat' dir='ltr'><strong>pi</strong></span> <span class='ocrx_word' id='word_1_431' title='bbox 2473 691 2531 729; x_wconf 82' lang='lat' dir='ltr'><strong>ca</strong></span> <span class='ocrx_word' id='word_1_432' title='bbox 2560 713 2575 728; x_wconf 93' lang='lat'><strong>.</strong></span> 
     </span>
    </p>
   </div>
   <div class='ocr_carea' id='block_1_43' title="bbox 2875 767 3282 839">
    <p class='ocr_par' dir='ltr' id='par_1_43' title="bbox 2875 767 3282 839">
     <span class='ocr_line' id='line_1_44' title="bbox 2875 767 3282 839; baseline 0.002 -18"><span class='ocrx_word' id='word_1_433' title='bbox 2875 767 3053 838; x_wconf 74' lang='lat' dir='ltr'><strong>(Anno</strong></span> <span class='ocrx_word' id='word_1_434' title='bbox 3098 770 3282 839; x_wconf 75' lang='grc'><strong>1057.)</strong></span> 
     </span>
    </p>
   </div>
   <div class='ocr_carea' id='block_1_44' title="bbox 2784 856 3374 933">
    <p class='ocr_par' dir='ltr' id='par_1_44' title="bbox 2784 856 3374 933">
     <span class='ocr_line' id='line_1_45' title="bbox 2784 856 3374 933; baseline 0.007 -23"><span class='ocrx_word' id='word_1_435' title='bbox 2784 856 2976 928; x_wconf 63' lang='grc' dir='ltr'><strong>[ΜΑΝει</strong></span> <span class='ocrx_word' id='word_1_436' title='bbox 3024 859 3142 913; x_wconf 73' lang='lat' dir='ltr'><strong>XIX</strong></span> <span class='ocrx_word' id='word_1_437' title='bbox 3170 900 3184 922; x_wconf 89' lang='lat'><strong>,</strong></span> <span class='ocrx_word' id='word_1_438' title='bbox 3225 859 3374 933; x_wconf 77' lang='lat'><strong>855.]</strong></span> 
     </span>
    </p>
   </div>
   <div class='ocr_carea' id='block_1_45' title="bbox 2365 963 3824 1038">
    <p class='ocr_par' dir='ltr' id='par_1_45' title="bbox 2365 963 3824 1038">
     <span class='ocr_line' id='line_1_46' title="bbox 2365 963 3824 1038; baseline 0.005 -19"><span class='ocrx_word' id='word_1_439' title='bbox 2365 963 2570 1021; x_wconf 78' lang='lat' dir='ltr'><strong>VICTOII</strong></span> <span class='ocrx_word' id='word_1_440' title='bbox 2616 965 2921 1037; x_wconf 86' lang='lat' dir='ltr'><strong>episc0pus,</strong></span> <span class='ocrx_word' id='word_1_441' title='bbox 2953 984 3140 1025; x_wconf 77' lang='lat' dir='ltr'><strong>Servus</strong></span> <span class='ocrx_word' id='word_1_442' title='bbox 3190 987 3467 1026; x_wconf 83' lang='lat' dir='ltr'><strong>servorum</strong></span> <span class='ocrx_word' id='word_1_443' title='bbox 3514 972 3628 1038; x_wconf 86' lang='lat' dir='ltr'><strong>Dei,</strong></span> <span class='ocrx_word' id='word_1_444' title='bbox 3659 974 3824 1029; x_wconf 83' lang='lat' dir='ltr'><strong>dilecto</strong></span> 
     </span>
    </p>
   </div>
   <div class='ocr_carea' id='block_1_46' title="bbox 2249 1056 3823 1134">
    <p class='ocr_par' dir='ltr' id='par_1_46' title="bbox 2249 1056 3823 1134">
     <span class='ocr_line' id='line_1_47' title="bbox 2249 1056 3823 1134; baseline 0.007 -24"><span class='ocrx_word' id='word_1_445' title='bbox 2249 1113 2264 1129; x_wconf 61' lang='grc'><em>,</em></span> <span class='ocrx_word' id='word_1_446' title='bbox 2292 1056 2448 1112; x_wconf 82' lang='lat' dir='ltr'><strong>fratri</strong></span> <span class='ocrx_word' id='word_1_447' title='bbox 2476 1067 2526 1114; x_wconf 88' lang='lat' dir='ltr'><strong>el</strong></span> <span class='ocrx_word' id='word_1_448' title='bbox 2551 1059 2870 1130; x_wconf 80' lang='lat' dir='ltr'><strong>coepiscopo</strong></span> <span class='ocrx_word' id='word_1_449' title='bbox 2908 1060 3223 1123; x_wconf 72' lang='lat' dir='ltr'><strong>liciturum.</strong></span> <span class='ocrx_word' id='word_1_450' title='bbox 3251 1072 3307 1117; x_wconf 90' lang='lat' dir='ltr'><strong>et</strong></span> <span class='ocrx_word' id='word_1_451' title='bbox 3335 1080 3433 1134; x_wconf 90' lang='lat' dir='ltr'><strong>per</strong></span> <span class='ocrx_word' id='word_1_452' title='bbox 3453 1080 3575 1118; x_wconf 87' lang='lat' dir='ltr'><strong>eum</strong></span> <span class='ocrx_word' id='word_1_453' title='bbox 3605 1065 3823 1121; x_wconf 72' lang='lat' dir='ltr'><strong>Ecclesia:</strong></span> 
     </span>
    </p>
   </div>
   <div class='ocr_carea' id='block_1_47' title="bbox 2291 1150 3824 1222">
    <p class='ocr_par' dir='ltr' id='par_1_47' title="bbox 2291 1150 3824 1222">
     <span class='ocr_line' id='line_1_48' title="bbox 2291 1150 3824 1222; baseline 0.005 -21"><span class='ocrx_word' id='word_1_454' title='bbox 2291 1159 2598 1203; x_wconf 84' lang='lat' dir='ltr'><strong>sanctarum</strong></span> <span class='ocrx_word' id='word_1_455' title='bbox 2645 1150 2913 1221; x_wconf 78' lang='lat' dir='ltr'><strong>virginum</strong></span> <span class='ocrx_word' id='word_1_456' title='bbox 2960 1158 3017 1205; x_wconf 89' lang='lat' dir='ltr'><strong>et</strong></span> <span class='ocrx_word' id='word_1_457' title='bbox 3066 1161 3363 1222; x_wconf 83' lang='lat' dir='ltr'><strong>martyrum</strong></span> <span class='ocrx_word' id='word_1_458' title='bbox 3413 1153 3620 1207; x_wconf 74' lang='lat' dir='ltr'><strong>Ruﬁna:</strong></span> <span class='ocrx_word' id='word_1_459' title='bbox 3660 1163 3711 1209; x_wconf 89' lang='lat' dir='ltr'><strong>et</strong></span> <span class='ocrx_word' id='word_1_460' title='bbox 3748 1154 3824 1209; x_wconf 83' lang='lat' dir='ltr'><strong>Se-</strong></span> 
     </span>
    </p>
   </div>
   <div class='ocr_carea' id='block_1_48' title="bbox 2291 1238 3824 1319">
    <p class='ocr_par' dir='ltr' id='par_1_48' title="bbox 2291 1238 3824 1319">
     <span class='ocr_line' id='line_1_49' title="bbox 2291 1238 3824 1319; baseline 0.006 -26"><span class='ocrx_word' id='word_1_461' title='bbox 2291 1238 2510 1300; x_wconf 67' lang='lat' dir='ltr'><strong>cundae,</strong></span> <span class='ocrx_word' id='word_1_462' title='bbox 2553 1252 2672 1310; x_wconf 74' lang='lat' dir='ltr'><strong>quin</strong></span> <span class='ocrx_word' id='word_1_463' title='bbox 2719 1243 3029 1295; x_wconf 85' lang='lat' dir='ltr'><strong>nominatur</strong></span> <span class='ocrx_word' id='word_1_464' title='bbox 3065 1242 3208 1297; x_wconf 89' lang='lat' dir='ltr'><strong>Silva</strong></span> <span class='ocrx_word' id='word_1_465' title='bbox 3241 1243 3478 1300; x_wconf 82' lang='lat' dir='ltr'><strong>Candida</strong></span> <span class='ocrx_word' id='word_1_466' title='bbox 3504 1286 3519 1309; x_wconf 93' lang='lat'><strong>,</strong></span> <span class='ocrx_word' id='word_1_467' title='bbox 3563 1246 3615 1300; x_wconf 89' lang='lat' dir='ltr'><strong>in</strong></span> <span class='ocrx_word' id='word_1_468' title='bbox 3661 1261 3824 1319; x_wconf 83' lang='lat' dir='ltr'><strong>perpe-</strong></span> 
     </span>
    </p>
   </div>
   <div class='ocr_carea' id='block_1_49' title="bbox 2293 1340 2461 1387">
    <p class='ocr_par' dir='ltr' id='par_1_49' title="bbox 2293 1340 2461 1387">
     <span class='ocr_line' id='line_1_50' title="bbox 2293 1340 2461 1387; baseline -0.006 0"><span class='ocrx_word' id='word_1_469' title='bbox 2293 1340 2461 1387; x_wconf 85' lang='lat' dir='ltr'><strong>tuum.</strong></span> 
     </span>
    </p>
   </div>
   <div class='ocr_carea' id='block_1_50' title="bbox 2363 1424 3828 1500">
    <p class='ocr_par' dir='ltr' id='par_1_50' title="bbox 2363 1424 3828 1500">
     <span class='ocr_line' id='line_1_51' title="bbox 2363 1424 3828 1500; baseline 0.003 -20"><span class='ocrx_word' id='word_1_470' title='bbox 2363 1424 2530 1480; x_wconf 78' lang='lat' dir='ltr'><strong>Ofﬁcii</strong></span> <span class='ocrx_word' id='word_1_471' title='bbox 2556 1425 2725 1480; x_wconf 87' lang='lat' dir='ltr'><strong>nostri</strong></span> <span class='ocrx_word' id='word_1_472' title='bbox 2764 1441 2884 1481; x_wconf 87' lang='lat' dir='ltr'><strong>esse</strong></span> <span class='ocrx_word' id='word_1_473' title='bbox 2913 1426 3263 1496; x_wconf 78' lang='lat' dir='ltr'><strong>dignoscitur,</strong></span> <span class='ocrx_word' id='word_1_474' title='bbox 3292 1438 3350 1483; x_wconf 90' lang='lat' dir='ltr'><strong>ut</strong></span> <span class='ocrx_word' id='word_1_475' title='bbox 3377 1445 3441 1485; x_wconf 79' lang='lat' dir='ltr'><strong>ex</strong></span> <span class='ocrx_word' id='word_1_476' title='bbox 3467 1428 3618 1500; x_wconf 84' lang='lat' dir='ltr'><strong>apice</strong></span> <span class='ocrx_word' id='word_1_477' title='bbox 3637 1445 3828 1484; x_wconf 73' lang='lat' dir='ltr'><strong>summa:</strong></span> 
     </span>
    </p>
   </div>
   <div class='ocr_carea' id='block_1_51' title="bbox 2290 1516 3828 1588">
    <p class='ocr_par' dir='ltr' id='par_1_51' title="bbox 2290 1516 3828 1588">
     <span class='ocr_line' id='line_1_52' title="bbox 2290 1516 3828 1588; baseline 0.001 -19"><span class='ocrx_word' id='word_1_478' title='bbox 2290 1516 2600 1586; x_wconf 54' lang='lat' dir='ltr'><strong>apostolica</strong></span> <span class='ocrx_word' id='word_1_479' title='bbox 2629 1518 2792 1579; x_wconf 88' lang='lat' dir='ltr'><strong>sedis,</strong></span> <span class='ocrx_word' id='word_1_480' title='bbox 2829 1518 2913 1571; x_wconf 91' lang='lat' dir='ltr'><strong>cui</strong></span> <span class='ocrx_word' id='word_1_481' title='bbox 2949 1519 3058 1573; x_wconf 92' lang='lat' dir='ltr'><strong>Deo</strong></span> <span class='ocrx_word' id='word_1_482' title='bbox 3086 1529 3307 1574; x_wconf 86' lang='lat' dir='ltr'><strong>auctore</strong></span> <span class='ocrx_word' id='word_1_483' title='bbox 3331 1519 3700 1588; x_wconf 66' lang='lat' dir='ltr'><strong>prinsidemus,</strong></span> <span class='ocrx_word' id='word_1_484' title='bbox 3727 1521 3828 1573; x_wconf 59' lang='lat' dir='ltr'><strong>unio.</strong></span> 
     </span>
    </p>
   </div>
   <div class='ocr_carea' id='block_1_52' title="bbox 607 3623 2175 3700">
    <p class='ocr_par' dir='ltr' id='par_1_52' title="bbox 607 3623 2175 3700">
     <span class='ocr_line' id='line_1_53' title="bbox 607 3623 2175 3700; baseline 0.004 -21"><span class='ocrx_word' id='word_1_485' title='bbox 607 3623 747 3681; x_wconf 89' lang='lat' dir='ltr'><strong>hanc</strong></span> <span class='ocrx_word' id='word_1_486' title='bbox 774 3634 973 3681; x_wconf 75' lang='lat' dir='ltr'><strong>nostra:</strong></span> <span class='ocrx_word' id='word_1_487' title='bbox 1002 3628 1309 3696; x_wconf 63' lang='lat' dir='ltr'><strong>apostolicae</strong></span> <span class='ocrx_word' id='word_1_488' title='bbox 1348 3631 1723 3700; x_wconf 55' lang='lat' dir='ltr'><strong>praeceptionis</strong></span> <span class='ocrx_word' id='word_1_489' title='bbox 1748 3633 1944 3686; x_wconf 86' lang='lat' dir='ltr'><strong>seriem</strong></span> <span class='ocrx_word' id='word_1_490' title='bbox 1990 3647 2017 3683; x_wconf 92' lang='lat' dir='ltr'><strong>a</strong></span> <span class='ocrx_word' id='word_1_491' title='bbox 2047 3646 2175 3699; x_wconf 69' lang='lat' dir='ltr'><strong>prce-</strong></span> 
     </span>
    </p>
   </div>
   <div class='ocr_carea' id='block_1_53' title="bbox 604 3718 2178 3791">
    <p class='ocr_par' dir='ltr' id='par_1_53' title="bbox 604 3718 2178 3791">
     <span class='ocr_line' id='line_1_54' title="bbox 604 3718 2178 3791; baseline 0.003 -20"><span class='ocrx_word' id='word_1_492' title='bbox 604 3718 743 3772; x_wconf 85' lang='lat' dir='ltr'><strong>senti</strong></span> <span class='ocrx_word' id='word_1_493' title='bbox 772 3718 997 3773; x_wconf 82' lang='lat' dir='ltr'><strong>&#39;ilecima</strong></span> <span class='ocrx_word' id='word_1_494' title='bbox 1042 3719 1334 3777; x_wconf 88' lang='lat' dir='ltr'><strong>indictione</strong></span> <span class='ocrx_word' id='word_1_495' title='bbox 1380 3730 1436 3774; x_wconf 87' lang='lat' dir='ltr'><strong>et</strong></span> <span class='ocrx_word' id='word_1_496' title='bbox 1483 3737 1653 3791; x_wconf 84' lang='lat' dir='ltr'><strong>usque</strong></span> <span class='ocrx_word' id='word_1_497' title='bbox 1684 3722 1749 3775; x_wconf 88' lang='lat' dir='ltr'><strong>ad</strong></span> <span class='ocrx_word' id='word_1_498' title='bbox 1799 3721 1956 3775; x_wconf 84' lang='lat' dir='ltr'><strong>linem</strong></span> <span class='ocrx_word' id='word_1_499' title='bbox 1998 3723 2178 3775; x_wconf 73' lang='lat' dir='ltr'><strong>szeculi</strong></span> 
     </span>
    </p>
   </div>
   <div class='ocr_carea' id='block_1_54' title="bbox 510 3810 2181 3881">
    <p class='ocr_par' dir='ltr' id='par_1_54' title="bbox 510 3810 2181 3881">
     <span class='ocr_line' id='line_1_55' title="bbox 510 3810 2181 3881; baseline 0.002 -19"><span class='ocrx_word' id='word_1_500' title='bbox 510 3828 523 3839; x_wconf 69' lang='grc' dir='ltr'><strong>ο</strong></span> <span class='ocrx_word' id='word_1_501' title='bbox 609 3810 915 3864; x_wconf 88' lang='lat' dir='ltr'><strong>valituram.</strong></span> <span class='ocrx_word' id='word_1_502' title='bbox 962 3810 1160 3867; x_wconf 89' lang='lat' dir='ltr'><strong>Contra</strong></span> <span class='ocrx_word' id='word_1_503' title='bbox 1189 3828 1347 3881; x_wconf 86' lang='lat' dir='ltr'><strong>quam</strong></span> <span class='ocrx_word' id='word_1_504' title='bbox 1391 3813 1432 3867; x_wconf 85' lang='lat' dir='ltr'><strong>si</strong></span> <span class='ocrx_word' id='word_1_505' title='bbox 1458 3814 1581 3881; x_wconf 82' lang='lat' dir='ltr'><strong>quis</strong></span> <span class='ocrx_word' id='word_1_506' title='bbox 1621 3811 1894 3866; x_wconf 86' lang='lat' dir='ltr'><strong>hominum</strong></span> <span class='ocrx_word' id='word_1_507' title='bbox 1939 3812 2181 3880; x_wconf 84' lang='lat' dir='ltr'><strong>quolibet</strong></span> 
     </span>
    </p>
   </div>
   <div class='ocr_carea' id='block_1_55' title="bbox 604 3902 2181 3974">
    <p class='ocr_par' dir='ltr' id='par_1_55' title="bbox 604 3902 2181 3974">
     <span class='ocr_line' id='line_1_56' title="bbox 604 3902 2181 3974; baseline 0.002 -17"><span class='ocrx_word' id='word_1_508' title='bbox 604 3902 764 3957; x_wconf 88' lang='lat' dir='ltr'><strong>modo</strong></span> <span class='ocrx_word' id='word_1_509' title='bbox 786 3918 944 3971; x_wconf 75' lang='lat' dir='ltr'><strong>agi-rc</strong></span> <span class='ocrx_word' id='word_1_510' title='bbox 965 3906 1361 3974; x_wconf 61' lang='lat' dir='ltr'><strong>praesumpserit</strong></span> <span class='ocrx_word' id='word_1_511' title='bbox 1377 3946 1390 3965; x_wconf 89' lang='lat'><strong>,</strong></span> <span class='ocrx_word' id='word_1_512' title='bbox 1415 3919 1478 3957; x_wconf 89' lang='lat' dir='ltr'><strong>ac</strong></span> <span class='ocrx_word' id='word_1_513' title='bbox 1498 3904 1642 3974; x_wconf 82' lang='lat' dir='ltr'><strong>quod</strong></span> <span class='ocrx_word' id='word_1_514' title='bbox 1665 3903 1810 3972; x_wconf 87' lang='lat' dir='ltr'><strong>jnste</strong></span> <span class='ocrx_word' id='word_1_515' title='bbox 1832 3921 1894 3959; x_wconf 90' lang='lat' dir='ltr'><strong>ac</strong></span> <span class='ocrx_word' id='word_1_516' title='bbox 1926 3906 2181 3960; x_wconf 89' lang='lat' dir='ltr'><strong>canonice</strong></span> 
     </span>
    </p>
   </div>
   <div class='ocr_carea' id='block_1_56' title="bbox 604 3993 2183 4067">
    <p class='ocr_par' dir='ltr' id='par_1_56' title="bbox 604 3993 2183 4067">
     <span class='ocr_line' id='line_1_57' title="bbox 604 3993 2183 4067; baseline 0.002 -20"><span class='ocrx_word' id='word_1_517' title='bbox 604 4010 633 4047; x_wconf 90' lang='lat' dir='ltr'><strong>a</strong></span> <span class='ocrx_word' id='word_1_518' title='bbox 671 3994 827 4048; x_wconf 90' lang='lat' dir='ltr'><strong>nobis</strong></span> <span class='ocrx_word' id='word_1_519' title='bbox 869 3993 1142 4050; x_wconf 86' lang='lat' dir='ltr'><strong>decretum</strong></span> <span class='ocrx_word' id='word_1_520' title='bbox 1174 4003 1259 4049; x_wconf 82' lang='lat' dir='ltr'><strong>est</strong></span> <span class='ocrx_word' id='word_1_521' title='bbox 1307 3997 1358 4051; x_wconf 92' lang='lat' dir='ltr'><strong>in</strong></span> <span class='ocrx_word' id='word_1_522' title='bbox 1392 3996 1585 4067; x_wconf 89' lang='lat' dir='ltr'><strong>aliquo</strong></span> <span class='ocrx_word' id='word_1_523' title='bbox 1617 3995 1907 4067; x_wconf 77' lang='lat' dir='ltr'><strong>infringere</strong></span> <span class='ocrx_word' id='word_1_524' title='bbox 1951 4006 2183 4052; x_wconf 90' lang='lat' dir='ltr'><strong>attenta-</strong></span> 
     </span>
    </p>
   </div>
   <div class='ocr_carea' id='block_1_57' title="bbox 602 4087 2180 4159">
    <p class='ocr_par' dir='ltr' id='par_1_57' title="bbox 602 4087 2180 4159">
     <span class='ocr_line' id='line_1_58' title="bbox 602 4087 2180 4159; baseline 0.003 -21"><span class='ocrx_word' id='word_1_525' title='bbox 602 4088 763 4150; x_wconf 89' lang='lat' dir='ltr'><strong>verit,</strong></span> <span class='ocrx_word' id='word_1_526' title='bbox 792 4088 926 4141; x_wconf 87' lang='lat' dir='ltr'><strong>sciat</strong></span> <span class='ocrx_word' id='word_1_527' title='bbox 955 4104 1013 4143; x_wconf 87' lang='lat' dir='ltr'><strong>se</strong></span> <span class='ocrx_word' id='word_1_528' title='bbox 1042 4104 1106 4142; x_wconf 79' lang='lat' dir='ltr'><strong>ex</strong></span> <span class='ocrx_word' id='word_1_529' title='bbox 1140 4087 1230 4143; x_wconf 88' lang='lat' dir='ltr'><strong>Dei</strong></span> <span class='ocrx_word' id='word_1_530' title='bbox 1260 4090 1648 4159; x_wconf 87' lang='lat' dir='ltr'><strong>omnipotentis</strong></span> <span class='ocrx_word' id='word_1_531' title='bbox 1688 4105 1749 4144; x_wconf 91' lang='lat' dir='ltr'><strong>ac</strong></span> <span class='ocrx_word' id='word_1_532' title='bbox 1778 4089 2018 4159; x_wconf 79' lang='lat' dir='ltr'><strong>pra-dicti</strong></span> <span class='ocrx_word' id='word_1_533' title='bbox 2053 4090 2180 4143; x_wconf 91' lang='lat' dir='ltr'><strong>lica-</strong></span> 
     </span>
    </p>
   </div>
   <div class='ocr_carea' id='block_1_58' title="bbox 604 4181 2176 4251">
    <p class='ocr_par' dir='ltr' id='par_1_58' title="bbox 604 4181 2176 4251">
     <span class='ocr_line' id='line_1_59' title="bbox 604 4181 2176 4251; baseline 0.001 -19"><span class='ocrx_word' id='word_1_534' title='bbox 604 4181 796 4234; x_wconf 80' lang='lat' dir='ltr'><strong>tissiini</strong></span> <span class='ocrx_word' id='word_1_535' title='bbox 821 4181 1178 4249; x_wconf 88' lang='lat' dir='ltr'><strong>apostolorum</strong></span> <span class='ocrx_word' id='word_1_536' title='bbox 1205 4183 1464 4251; x_wconf 84' lang='lat' dir='ltr'><strong>principis</strong></span> <span class='ocrx_word' id='word_1_537' title='bbox 1486 4184 1833 4251; x_wconf 89' lang='lat' dir='ltr'><strong>omniumque</strong></span> <span class='ocrx_word' id='word_1_538' title='bbox 1848 4191 2176 4244; x_wconf 89' lang='lat' dir='ltr'><strong>sanctorum,</strong></span> 
     </span>
    </p>
   </div>
   <div class='ocr_carea' id='block_1_59' title="bbox 605 4270 2179 4327">
    <p class='ocr_par' dir='ltr' id='par_1_59' title="bbox 605 4270 2179 4327">
     <span class='ocr_line' id='line_1_60' title="bbox 605 4270 2179 4327; baseline 0.002 -6"><span class='ocrx_word' id='word_1_539' title='bbox 605 4283 669 4321; x_wconf 84' lang='lat' dir='ltr'><strong>ac</strong></span> <span class='ocrx_word' id='word_1_540' title='bbox 705 4270 896 4323; x_wconf 86' lang='lat' dir='ltr'><strong>deinde</strong></span> <span class='ocrx_word' id='word_1_541' title='bbox 924 4281 1104 4324; x_wconf 70' lang='lat' dir='ltr'><strong>nos1ra</strong></span> <span class='ocrx_word' id='word_1_542' title='bbox 1151 4273 1470 4326; x_wconf 83' lang='lat' dir='ltr'><strong>auctoritate</strong></span> <span class='ocrx_word' id='word_1_543' title='bbox 1513 4273 1880 4326; x_wconf 85' lang='lat' dir='ltr'><strong>damnandum</strong></span> <span class='ocrx_word' id='word_1_544' title='bbox 1934 4287 1996 4327; x_wconf 88' lang='lat' dir='ltr'><strong>ac</strong></span> <span class='ocrx_word' id='word_1_545' title='bbox 2044 4286 2179 4325; x_wconf 86' lang='lat' dir='ltr'><strong>ana-</strong></span> 
     </span>
    </p>
   </div>
   <div class='ocr_carea' id='block_1_60' title="bbox 604 4360 2179 4432">
    <p class='ocr_par' dir='ltr' id='par_1_60' title="bbox 604 4360 2179 4432">
     <span class='ocr_line' id='line_1_61' title="bbox 604 4360 2179 4432; baseline 0.005 -22"><span class='ocrx_word' id='word_1_546' title='bbox 604 4360 1064 4414; x_wconf 82' lang='lat' dir='ltr'><strong>tliciiializaiidnin</strong></span> <span class='ocrx_word' id='word_1_547' title='bbox 1119 4376 1181 4413; x_wconf 82' lang='lat' dir='ltr'><strong>ac.</strong></span> <span class='ocrx_word' id='word_1_548' title='bbox 1256 4377 1378 4416; x_wconf 90' lang='lat' dir='ltr'><strong>cum</strong></span> <span class='ocrx_word' id='word_1_549' title='bbox 1426 4364 1674 4418; x_wconf 79' lang='lat' dir='ltr'><strong>omnibus</strong></span> <span class='ocrx_word' id='word_1_550' title='bbox 1740 4364 1916 4432; x_wconf 90' lang='lat' dir='ltr'><strong>impiis</strong></span> <span class='ocrx_word' id='word_1_551' title='bbox 1978 4372 2179 4418; x_wconf 68' lang='lat' dir='ltr'><strong>mterno</strong></span> 
     </span>
    </p>
   </div>
   <div class='ocr_carea' id='block_1_61' title="bbox 2284 3616 3826 3689">
    <p class='ocr_par' dir='ltr' id='par_1_61' title="bbox 2284 3616 3826 3689">
     <span class='ocr_line' id='line_1_62' title="bbox 2284 3616 3826 3689; baseline -0.007 -13"><span class='ocrx_word' id='word_1_552' title='bbox 2284 3621 2526 3676; x_wconf 71' lang='lat' dir='ltr'><strong>ccclesizc</strong></span> <span class='ocrx_word' id='word_1_553' title='bbox 2557 3631 2863 3675; x_wconf 86' lang='lat' dir='ltr'><strong>sanctarum</strong></span> <span class='ocrx_word' id='word_1_554' title='bbox 2893 3621 3161 3689; x_wconf 81' lang='lat' dir='ltr'><strong>virginum</strong></span> <span class='ocrx_word' id='word_1_555' title='bbox 3191 3628 3249 3674; x_wconf 91' lang='lat' dir='ltr'><strong>et</strong></span> <span class='ocrx_word' id='word_1_556' title='bbox 3296 3630 3623 3689; x_wconf 81' lang='lat' dir='ltr'><strong>martyrum,</strong></span> <span class='ocrx_word' id='word_1_557' title='bbox 3652 3616 3826 3670; x_wconf 69' lang='lat' dir='ltr'><strong>Rufum</strong></span> 
     </span>
    </p>
   </div>
   <div class='ocr_carea' id='block_1_62' title="bbox 2283 3705 3823 3781">
    <p class='ocr_par' dir='ltr' id='par_1_62' title="bbox 2283 3705 3823 3781">
     <span class='ocr_line' id='line_1_63' title="bbox 2283 3705 3823 3781; baseline -0.002 -17"><span class='ocrx_word' id='word_1_558' title='bbox 2283 3727 2345 3766; x_wconf 86' lang='lat' dir='ltr'><strong>ac</strong></span> <span class='ocrx_word' id='word_1_559' title='bbox 2379 3712 2642 3766; x_wconf 79' lang='lat' dir='ltr'><strong>Secundae</strong></span> <span class='ocrx_word' id='word_1_560' title='bbox 2670 3752 2685 3776; x_wconf 92' lang='lat'><strong>,</strong></span> <span class='ocrx_word' id='word_1_561' title='bbox 2730 3726 2850 3781; x_wconf 76' lang='lat' dir='ltr'><strong>qua:</strong></span> <span class='ocrx_word' id='word_1_562' title='bbox 2908 3712 3219 3766; x_wconf 90' lang='lat' dir='ltr'><strong>nominatur</strong></span> <span class='ocrx_word' id='word_1_563' title='bbox 3275 3710 3421 3765; x_wconf 90' lang='lat' dir='ltr'><strong>Silva</strong></span> <span class='ocrx_word' id='word_1_564' title='bbox 3478 3710 3745 3769; x_wconf 84' lang='lat' dir='ltr'><strong>Candida,</strong></span> <span class='ocrx_word' id='word_1_565' title='bbox 3784 3705 3823 3757; x_wconf 85' lang='lat' dir='ltr'><strong>iu</strong></span> 
     </span>
    </p>
   </div>
   <div class='ocr_carea' id='block_1_63' title="bbox 2284 3797 3823 3872">
    <p class='ocr_par' dir='ltr' id='par_1_63' title="bbox 2284 3797 3823 3872">
     <span class='ocr_line' id='line_1_64' title="bbox 2284 3797 3823 3872; baseline -0.005 -16"><span class='ocrx_word' id='word_1_566' title='bbox 2284 3802 2448 3858; x_wconf 87' lang='lat' dir='ltr'><strong>fundo</strong></span> <span class='ocrx_word' id='word_1_567' title='bbox 2486 3804 2575 3872; x_wconf 92' lang='lat' dir='ltr'><strong>qui</strong></span> <span class='ocrx_word' id='word_1_568' title='bbox 2611 3812 2834 3857; x_wconf 87' lang='lat' dir='ltr'><strong>vocatur</strong></span> <span class='ocrx_word' id='word_1_569' title='bbox 2885 3802 3113 3866; x_wconf 82' lang='lat' dir='ltr'><strong>Boscus,</strong></span> <span class='ocrx_word' id='word_1_570' title='bbox 3144 3802 3401 3872; x_wconf 90' lang='lat' dir='ltr'><strong>quidquid</strong></span> <span class='ocrx_word' id='word_1_571' title='bbox 3446 3803 3596 3866; x_wconf 89' lang='lat' dir='ltr'><strong>auri,</strong></span> <span class='ocrx_word' id='word_1_572' title='bbox 3628 3797 3823 3869; x_wconf 76' lang='lat' dir='ltr'><strong>argenti.</strong></span> 
     </span>
    </p>
   </div>
   <div class='ocr_carea' id='block_1_64' title="bbox 2282 3890 3824 3965">
    <p class='ocr_par' dir='ltr' id='par_1_64' title="bbox 2282 3890 3824 3965">
     <span class='ocr_line' id='line_1_65' title="bbox 2282 3890 3824 3965; baseline -0.003 -20"><span class='ocrx_word' id='word_1_573' title='bbox 2282 3894 2451 3965; x_wconf 80' lang='lat' dir='ltr'><strong>pallii,</strong></span> <span class='ocrx_word' id='word_1_574' title='bbox 2478 3910 2569 3949; x_wconf 90' lang='lat' dir='ltr'><strong>seu</strong></span> <span class='ocrx_word' id='word_1_575' title='bbox 2610 3910 2769 3958; x_wconf 66' lang='lat' dir='ltr'><strong>certe,</strong></span> <span class='ocrx_word' id='word_1_576' title='bbox 2808 3893 2890 3947; x_wconf 87' lang='lat' dir='ltr'><strong>vel</strong></span> <span class='ocrx_word' id='word_1_577' title='bbox 2936 3908 3383 3964; x_wconf 86' lang='lat' dir='ltr'><strong>quarumcunque</strong></span> <span class='ocrx_word' id='word_1_578' title='bbox 3419 3909 3601 3948; x_wconf 88' lang='lat' dir='ltr'><strong>rerum</strong></span> <span class='ocrx_word' id='word_1_579' title='bbox 3634 3890 3824 3947; x_wconf 88' lang='lat' dir='ltr'><strong>omnino</strong></span> 
     </span>
    </p>
   </div>
   <div class='ocr_carea' id='block_1_65' title="bbox 2278 3984 3823 4056">
    <p class='ocr_par' dir='ltr' id='par_1_65' title="bbox 2278 3984 3823 4056">
     <span class='ocr_line' id='line_1_66' title="bbox 2278 3984 3823 4056; baseline -0.004 -19"><span class='ocrx_word' id='word_1_580' title='bbox 2278 3984 2541 4055; x_wconf 86' lang='lat' dir='ltr'><strong>jactatiim</strong></span> <span class='ocrx_word' id='word_1_581' title='bbox 2576 3985 2657 4039; x_wconf 90' lang='lat' dir='ltr'><strong>vel</strong></span> <span class='ocrx_word' id='word_1_582' title='bbox 2708 3984 2940 4056; x_wconf 89' lang='lat' dir='ltr'><strong>positum</strong></span> <span class='ocrx_word' id='word_1_583' title='bbox 2990 3984 3177 4049; x_wconf 90' lang='lat' dir='ltr'><strong>fuerit,</strong></span> <span class='ocrx_word' id='word_1_584' title='bbox 3216 3985 3301 4040; x_wconf 90' lang='lat' dir='ltr'><strong>vel</strong></span> <span class='ocrx_word' id='word_1_585' title='bbox 3351 3984 3592 4040; x_wconf 88' lang='lat' dir='ltr'><strong>oblatum</strong></span> <span class='ocrx_word' id='word_1_586' title='bbox 3643 3984 3688 4036; x_wconf 93' lang='lat' dir='ltr'><strong>in</strong></span> <span class='ocrx_word' id='word_1_587' title='bbox 3730 3989 3823 4034; x_wconf 89' lang='lat' dir='ltr'><strong>toto</strong></span> 
     </span>
    </p>
   </div>
   <div class='ocr_carea' id='block_1_66' title="bbox 2283 4069 3820 4143">
    <p class='ocr_par' dir='ltr' id='par_1_66' title="bbox 2283 4069 3820 4143">
     <span class='ocr_line' id='line_1_67' title="bbox 2283 4069 3820 4143; baseline -0.005 -15"><span class='ocrx_word' id='word_1_588' title='bbox 2283 4075 2439 4128; x_wconf 88' lang='lat' dir='ltr'><strong>altari</strong></span> <span class='ocrx_word' id='word_1_589' title='bbox 2485 4074 2675 4143; x_wconf 89' lang='lat' dir='ltr'><strong>majori</strong></span> <span class='ocrx_word' id='word_1_590' title='bbox 2725 4075 2896 4128; x_wconf 92' lang='lat' dir='ltr'><strong>sancti</strong></span> <span class='ocrx_word' id='word_1_591' title='bbox 2953 4074 3120 4140; x_wconf 85' lang='lat' dir='ltr'><strong>Petri,</strong></span> <span class='ocrx_word' id='word_1_592' title='bbox 3151 4075 3265 4129; x_wconf 85' lang='lat' dir='ltr'><strong>sive</strong></span> <span class='ocrx_word' id='word_1_593' title='bbox 3307 4075 3360 4129; x_wconf 91' lang='lat' dir='ltr'><strong>in</strong></span> <span class='ocrx_word' id='word_1_594' title='bbox 3410 4073 3532 4143; x_wconf 86' lang='lat' dir='ltr'><strong>ejus</strong></span> <span class='ocrx_word' id='word_1_595' title='bbox 3563 4069 3820 4126; x_wconf 83' lang='lat' dir='ltr'><strong>venerabili</strong></span> 
     </span>
    </p>
   </div>
   <div class='ocr_carea' id='block_1_67' title="bbox 2282 4159 3821 4236">
    <p class='ocr_par' dir='ltr' id='par_1_67' title="bbox 2282 4159 3821 4236">
     <span class='ocr_line' id='line_1_68' title="bbox 2282 4159 3821 4236; baseline -0.005 -15"><span class='ocrx_word' id='word_1_596' title='bbox 2282 4166 2642 4229; x_wconf 86' lang='lat' dir='ltr'><strong>confessione,</strong></span> <span class='ocrx_word' id='word_1_597' title='bbox 2656 4175 2750 4220; x_wconf 89' lang='lat' dir='ltr'><strong>aut</strong></span> <span class='ocrx_word' id='word_1_598' title='bbox 2769 4177 2915 4222; x_wconf 89' lang='lat' dir='ltr'><strong>certe</strong></span> <span class='ocrx_word' id='word_1_599' title='bbox 2932 4166 3032 4222; x_wconf 91' lang='lat' dir='ltr'><strong>sibi</strong></span> <span class='ocrx_word' id='word_1_600' title='bbox 3052 4167 3273 4236; x_wconf 86' lang='lat' dir='ltr'><strong>suisque</strong></span> <span class='ocrx_word' id='word_1_601' title='bbox 3287 4163 3690 4221; x_wconf 88' lang='lat' dir='ltr'><strong>successoribus</strong></span> <span class='ocrx_word' id='word_1_602' title='bbox 3705 4159 3821 4216; x_wconf 47' lang='lat' dir='ltr'><strong>obla.</strong></span> 
     </span>
    </p>
   </div>
   <div class='ocr_carea' id='block_1_68' title="bbox 2284 4250 3818 4325">
    <p class='ocr_par' dir='ltr' id='par_1_68' title="bbox 2284 4250 3818 4325">
     <span class='ocr_line' id='line_1_69' title="bbox 2284 4250 3818 4325; baseline -0.005 -15"><span class='ocrx_word' id='word_1_603' title='bbox 2284 4267 2394 4311; x_wconf 91' lang='lat' dir='ltr'><strong>tum</strong></span> <span class='ocrx_word' id='word_1_604' title='bbox 2441 4258 2508 4312; x_wconf 89' lang='lat' dir='ltr'><strong>ab</strong></span> <span class='ocrx_word' id='word_1_605' title='bbox 2550 4257 2891 4312; x_wconf 88' lang='lat' dir='ltr'><strong>inchoatione</strong></span> <span class='ocrx_word' id='word_1_606' title='bbox 2933 4256 3319 4311; x_wconf 91' lang='lat' dir='ltr'><strong>matutinorum</strong></span> <span class='ocrx_word' id='word_1_607' title='bbox 3364 4256 3565 4325; x_wconf 72' lang='lat' dir='ltr'><strong>quinta:</strong></span> <span class='ocrx_word' id='word_1_608' title='bbox 3606 4253 3741 4308; x_wconf 71' lang='lat' dir='ltr'><strong>feria:</strong></span> <span class='ocrx_word' id='word_1_609' title='bbox 3776 4250 3818 4303; x_wconf 90' lang='lat' dir='ltr'><strong>in</strong></span> 
     </span>
    </p>
   </div>
   <div class='ocr_carea' id='block_1_69' title="bbox 2280 4345 3817 4416">
    <p class='ocr_par' dir='ltr' id='par_1_69' title="bbox 2280 4345 3817 4416">
     <span class='ocr_line' id='line_1_70' title="bbox 2280 4345 3817 4416; baseline -0.007 -14"><span class='ocrx_word' id='word_1_610' title='bbox 2280 4347 2449 4402; x_wconf 61' lang='lat' dir='ltr'><strong>Cinna</strong></span> <span class='ocrx_word' id='word_1_611' title='bbox 2482 4347 2693 4401; x_wconf 89' lang='lat' dir='ltr'><strong>Domini</strong></span> <span class='ocrx_word' id='word_1_612' title='bbox 2739 4363 2909 4416; x_wconf 89' lang='lat' dir='ltr'><strong>usque</strong></span> <span class='ocrx_word' id='word_1_613' title='bbox 2957 4348 3082 4400; x_wconf 89' lang='lat' dir='ltr'><strong>dum</strong></span> <span class='ocrx_word' id='word_1_614' title='bbox 3125 4345 3536 4415; x_wconf 86' lang='lat' dir='ltr'><strong>eoinpletoriiim</strong></span> <span class='ocrx_word' id='word_1_615' title='bbox 3574 4348 3817 4413; x_wconf 82' lang='lat' dir='ltr'><strong>peractum</strong></span> 
     </span>
    </p>
   </div>
   <div class='ocr_carea' id='block_1_70' title="bbox 604 4440 2185 4523">
    <p class='ocr_par' dir='ltr' id='par_1_70' title="bbox 604 4450 2175 4522">
     <span class='ocr_line' id='line_1_71' title="bbox 604 4450 2175 4522; baseline 0.002 -20"><span class='ocrx_word' id='word_1_616' title='bbox 604 4450 866 4519; x_wconf 70' lang='lat' dir='ltr'><strong>supplicio</strong></span> <span class='ocrx_word' id='word_1_617' title='bbox 891 4451 1273 4520; x_wconf 58' lang='lat' dir='ltr'><strong>deputandum.</strong></span> <span class='ocrx_word' id='word_1_618' title='bbox 1305 4452 1405 4519; x_wconf 79' lang='lat' dir='ltr'><strong>Qui</strong></span> <span class='ocrx_word' id='word_1_619' title='bbox 1443 4470 1570 4508; x_wconf 85' lang='lat' dir='ltr'><strong>vero</strong></span> <span class='ocrx_word' id='word_1_620' title='bbox 1600 4454 1700 4507; x_wconf 90' lang='lat' dir='ltr'><strong>lioc</strong></span> <span class='ocrx_word' id='word_1_621' title='bbox 1730 4455 1901 4522; x_wconf 88' lang='lat' dir='ltr'><strong>ipsum</strong></span> <span class='ocrx_word' id='word_1_622' title='bbox 1934 4467 2175 4507; x_wconf 88' lang='lat' dir='ltr'><strong>nostrum</strong></span> 
     </span>
    </p>
   </div>
   <div class='ocr_carea' id='block_1_71' title="bbox 2280 4440 3817 4523">
    <p class='ocr_par' dir='ltr' id='par_1_71' title="bbox 2284 4440 3817 4508">
     <span class='ocr_line' id='line_1_72' title="bbox 2284 4440 3817 4508; baseline -0.005 -15"><span class='ocrx_word' id='word_1_623' title='bbox 2284 4440 2611 4496; x_wconf 89' lang='lat' dir='ltr'><strong>fueritveluti</strong></span> <span class='ocrx_word' id='word_1_624' title='bbox 2634 4442 2684 4495; x_wconf 92' lang='lat' dir='ltr'><strong>in</strong></span> <span class='ocrx_word' id='word_1_625' title='bbox 2701 4441 2937 4497; x_wconf 82' lang='lat' dir='ltr'><strong>Sabbato</strong></span> <span class='ocrx_word' id='word_1_626' title='bbox 2960 4450 3149 4496; x_wconf 91' lang='lat' dir='ltr'><strong>sancto</strong></span> <span class='ocrx_word' id='word_1_627' title='bbox 3163 4444 3231 4494; x_wconf 91' lang='lat' dir='ltr'><strong>ab</strong></span> <span class='ocrx_word' id='word_1_628' title='bbox 3248 4443 3378 4495; x_wconf 88' lang='lat' dir='ltr'><strong>hora</strong></span> <span class='ocrx_word' id='word_1_629' title='bbox 3397 4441 3551 4495; x_wconf 85' lang='lat' dir='ltr'><strong>tertia</strong></span> <span class='ocrx_word' id='word_1_630' title='bbox 3569 4454 3659 4508; x_wconf 88' lang='lat' dir='ltr'><strong>per</strong></span> <span class='ocrx_word' id='word_1_631' title='bbox 3678 4446 3817 4490; x_wconf 78' lang='lat' dir='ltr'><strong>totam</strong></span> 
     </span>
    </p>
   </div>
   <div class='ocr_carea' id='block_1_72' title="bbox 607 4543 2180 4616">
    <p class='ocr_par' dir='ltr' id='par_1_72' title="bbox 607 4543 2180 4616">
     <span class='ocr_line' id='line_1_73' title="bbox 607 4543 2180 4616; baseline 0.003 -21"><span class='ocrx_word' id='word_1_632' title='bbox 607 4543 942 4613; x_wconf 68' lang='lat' dir='ltr'><strong>privilchiim</strong></span> <span class='ocrx_word' id='word_1_633' title='bbox 971 4544 1284 4607; x_wconf 81' lang='lat' dir='ltr'><strong>observare,</strong></span> <span class='ocrx_word' id='word_1_634' title='bbox 1306 4545 1601 4609; x_wconf 80' lang='lat' dir='ltr'><strong>custodire,</strong></span> <span class='ocrx_word' id='word_1_635' title='bbox 1629 4546 1923 4616; x_wconf 85' lang='lat' dir='ltr'><strong>adimplere</strong></span> <span class='ocrx_word' id='word_1_636' title='bbox 1953 4547 2180 4601; x_wconf 82' lang='lat' dir='ltr'><strong>fideliter</strong></span> 
     </span>
    </p>
   </div>
   <div class='ocr_carea' id='block_1_73' title="bbox 601 4634 2178 4709">
    <p class='ocr_par' dir='ltr' id='par_1_73' title="bbox 601 4634 2178 4709">
     <span class='ocr_line' id='line_1_74' title="bbox 601 4634 2178 4709; baseline 0.004 -21"><span class='ocrx_word' id='word_1_637' title='bbox 601 4634 901 4699; x_wconf 63' lang='lat' dir='ltr'><strong>ttiulnerit,</strong></span> <span class='ocrx_word' id='word_1_638' title='bbox 951 4636 1337 4691; x_wconf 78' lang='lat' dir='ltr'><strong>benedictionis</strong></span> <span class='ocrx_word' id='word_1_639' title='bbox 1394 4638 1624 4709; x_wconf 83' lang='lat' dir='ltr'><strong>gratiam</strong></span> <span class='ocrx_word' id='word_1_640' title='bbox 1683 4647 1738 4693; x_wconf 92' lang='lat' dir='ltr'><strong>et</strong></span> <span class='ocrx_word' id='word_1_641' title='bbox 1794 4639 2178 4694; x_wconf 78' lang='lat' dir='ltr'><strong>misericordia:</strong></span> 
     </span>
    </p>
   </div>
   <div class='ocr_carea' id='block_1_74' title="bbox 530 4724 2175 4794">
    <p class='ocr_par' dir='ltr' id='par_1_74' title="bbox 530 4724 2175 4794">
     <span class='ocr_line' id='line_1_75' title="bbox 530 4724 2175 4794; baseline 0.005 -19"><span class='ocrx_word' id='word_1_642' title='bbox 530 4724 535 4731; x_wconf 84' lang='lat'><strong>&#39;</strong></span> <span class='ocrx_word' id='word_1_643' title='bbox 602 4724 988 4794; x_wconf 76' lang='lat' dir='ltr'><strong>plenitudinem</strong></span> <span class='ocrx_word' id='word_1_644' title='bbox 1023 4727 1073 4779; x_wconf 91' lang='lat' dir='ltr'><strong>in</strong></span> <span class='ocrx_word' id='word_1_645' title='bbox 1123 4727 1433 4783; x_wconf 71' lang='lat' dir='ltr'><strong>cmlestibus</strong></span> <span class='ocrx_word' id='word_1_646' title='bbox 1471 4730 1665 4786; x_wconf 86' lang='lat' dir='ltr'><strong>castris</strong></span> <span class='ocrx_word' id='word_1_647' title='bbox 1697 4731 1840 4785; x_wconf 90' lang='lat' dir='ltr'><strong>inter</strong></span> <span class='ocrx_word' id='word_1_648' title='bbox 1882 4731 2175 4786; x_wconf 88' lang='lat' dir='ltr'><strong>electorum</strong></span> 
     </span>
    </p>
   </div>
   <div class='ocr_carea' id='block_1_75' title="bbox 600 4816 2178 4878">
    <p class='ocr_par' dir='ltr' id='par_1_75' title="bbox 600 4816 2178 4878">
     <span class='ocr_line' id='line_1_76' title="bbox 600 4816 2178 4878; baseline 0.006 -10"><span class='ocrx_word' id='word_1_649' title='bbox 600 4831 884 4871; x_wconf 78' lang='lat' dir='ltr'><strong>numerum</strong></span> <span class='ocrx_word' id='word_1_650' title='bbox 941 4816 1287 4874; x_wconf 78' lang='lat' dir='ltr'><strong>eliicacitera</strong></span> <span class='ocrx_word' id='word_1_651' title='bbox 1317 4821 1541 4876; x_wconf 84' lang='lat' dir='ltr'><strong>Domino</strong></span> <span class='ocrx_word' id='word_1_652' title='bbox 1593 4822 1702 4878; x_wconf 86' lang='lat' dir='ltr'><strong>Deo</strong></span> <span class='ocrx_word' id='word_1_653' title='bbox 1751 4823 2010 4877; x_wconf 75' lang='lat' dir='ltr'><strong>consenui</strong></span> <span class='ocrx_word' id='word_1_654' title='bbox 2066 4837 2178 4877; x_wconf 88' lang='lat' dir='ltr'><strong>me-</strong></span> 
     </span>
    </p>
   </div>
   <div class='ocr_carea' id='block_1_76' title="bbox 600 4919 1487 4963">
    <p class='ocr_par' dir='ltr' id='par_1_76' title="bbox 600 4919 1487 4963">
     <span class='ocr_line' id='line_1_77' title="bbox 600 4919 1487 4963; baseline 0.003 -1"><span class='ocrx_word' id='word_1_655' title='bbox 600 4925 689 4963; x_wconf 88' lang='lat' dir='ltr'><strong>rea</strong></span> <span class='ocrx_word' id='word_1_656' title='bbox 701 4919 805 4963; x_wconf 87' lang='lat' dir='ltr'><strong>litt‘.</strong></span> <span class='ocrx_word' id='word_1_657' title='bbox 1486 4934 1487 4937; x_wconf 73' lang='lat'>‘</span> 
     </span>
    </p>
   </div>
   <div class='ocr_carea' id='block_1_77' title="bbox 670 5002 2173 5076">
    <p class='ocr_par' dir='ltr' id='par_1_77' title="bbox 670 5002 2173 5076">
     <span class='ocr_line' id='line_1_78' title="bbox 670 5002 2173 5076; baseline 0.004 -22"><span class='ocrx_word' id='word_1_658' title='bbox 670 5002 942 5073; x_wconf 65' lang='lat' dir='ltr'><strong>Scriptum</strong></span> <span class='ocrx_word' id='word_1_659' title='bbox 971 5019 1067 5075; x_wconf 93' lang='lat' dir='ltr'><strong>per</strong></span> <span class='ocrx_word' id='word_1_660' title='bbox 1095 5020 1311 5059; x_wconf 90' lang='lat' dir='ltr'><strong>manum</strong></span> <span class='ocrx_word' id='word_1_661' title='bbox 1339 5004 1583 5076; x_wconf 84' lang='lat' dir='ltr'><strong>Gregorii</strong></span> <span class='ocrx_word' id='word_1_662' title='bbox 1615 5007 1809 5061; x_wconf 85' lang='lat' dir='ltr'><strong>notarii</strong></span> <span class='ocrx_word' id='word_1_663' title='bbox 1841 5022 1903 5062; x_wconf 82' lang='lat' dir='ltr'><strong>ac</strong></span> <span class='ocrx_word' id='word_1_664' title='bbox 1927 5004 2173 5061; x_wconf 87' lang='lat' dir='ltr'><strong>scrinarii</strong></span> 
     </span>
    </p>
   </div>
   <div class='ocr_carea' id='block_1_78' title="bbox 599 5096 2175 5171">
    <p class='ocr_par' dir='ltr' id='par_1_78' title="bbox 599 5096 2175 5171">
     <span class='ocr_line' id='line_1_79' title="bbox 599 5096 2175 5171; baseline 0.006 -28"><span class='ocrx_word' id='word_1_665' title='bbox 599 5104 801 5149; x_wconf 73' lang='lat' dir='ltr'><strong>sancta:</strong></span> <span class='ocrx_word' id='word_1_666' title='bbox 830 5096 1084 5152; x_wconf 76' lang='lat' dir='ltr'><strong>Romana:</strong></span> <span class='ocrx_word' id='word_1_667' title='bbox 1122 5096 1375 5153; x_wconf 78' lang='lat' dir='ltr'><strong>Ecclesia:</strong></span> <span class='ocrx_word' id='word_1_668' title='bbox 1404 5099 1454 5151; x_wconf 93' lang='lat' dir='ltr'><strong>in</strong></span> <span class='ocrx_word' id='word_1_669' title='bbox 1487 5114 1666 5153; x_wconf 88' lang='lat' dir='ltr'><strong>mense</strong></span> <span class='ocrx_word' id='word_1_670' title='bbox 1696 5101 1849 5171; x_wconf 78' lang='lat' dir='ltr'><strong>aprili</strong></span> <span class='ocrx_word' id='word_1_671' title='bbox 1882 5100 2175 5154; x_wconf 84' lang='lat' dir='ltr'><strong>indictione</strong></span> 
     </span>
    </p>
   </div>
   <div class='ocr_carea' id='block_1_79' title="bbox 601 5187 1179 5253">
    <p class='ocr_par' dir='ltr' id='par_1_79' title="bbox 601 5187 1179 5253">
     <span class='ocr_line' id='line_1_80' title="bbox 601 5187 1179 5253; baseline 0.014 -19"><span class='ocrx_word' id='word_1_672' title='bbox 601 5187 909 5253; x_wconf 72' lang='lat' dir='ltr'><strong>prmscripta</strong></span> <span class='ocrx_word' id='word_1_673' title='bbox 942 5188 1025 5242; x_wconf 90' lang='lat' dir='ltr'><strong>die</strong></span> <span class='ocrx_word' id='word_1_674' title='bbox 1054 5204 1179 5243; x_wconf 77' lang='lat' dir='ltr'><strong>xxv.</strong></span> 
     </span>
    </p>
   </div>
   <div class='ocr_carea' id='block_1_80' title="bbox 672 5270 2171 5349">
    <p class='ocr_par' dir='ltr' id='par_1_80' title="bbox 672 5270 2171 5349">
     <span class='ocr_line' id='line_1_81' title="bbox 672 5270 2171 5349; baseline 0.007 -25"><span class='ocrx_word' id='word_1_675' title='bbox 672 5270 861 5327; x_wconf 88' lang='lat' dir='ltr'><strong>Datum</strong></span> <span class='ocrx_word' id='word_1_676' title='bbox 891 5290 964 5333; x_wconf 79' lang='lat' dir='ltr'><strong>vn</strong></span> <span class='ocrx_word' id='word_1_677' title='bbox 997 5277 1111 5331; x_wconf 81' lang='lat' dir='ltr'><strong>Kal.</strong></span> <span class='ocrx_word' id='word_1_678' title='bbox 1141 5279 1287 5344; x_wconf 81' lang='lat' dir='ltr'><strong>Maii,</strong></span> <span class='ocrx_word' id='word_1_679' title='bbox 1316 5295 1412 5349; x_wconf 87' lang='lat' dir='ltr'><strong>per</strong></span> <span class='ocrx_word' id='word_1_680' title='bbox 1440 5296 1655 5335; x_wconf 87' lang='lat' dir='ltr'><strong>manum</strong></span> <span class='ocrx_word' id='word_1_681' title='bbox 1671 5282 1938 5335; x_wconf 79' lang='lat' dir='ltr'><strong>Arebonis</strong></span> <span class='ocrx_word' id='word_1_682' title='bbox 1965 5280 2171 5335; x_wconf 76' lang='lat' dir='ltr'><strong>diaconi</strong></span> 
     </span>
    </p>
   </div>
   <div class='ocr_carea' id='block_1_81' title="bbox 606 5362 2172 5392">
    <p class='ocr_par' dir='ltr' id='par_1_81' title="bbox 606 5362 2172 5392">
     <span class='ocr_line' id='line_1_82' title="bbox 606 5362 2172 5392; baseline 0 0"><span class='ocrx_word' id='word_1_683' title='bbox 606 5362 723 5392; x_wconf 67' lang='lat' dir='ltr'><strong>Iv:nn</strong></span> <span class='ocrx_word' id='word_1_684' title='bbox 762 5364 991 5392; x_wconf 62' lang='lat' dir='ltr'><strong>.‘n......&#39;-</strong></span> <span class='ocrx_word' id='word_1_685' title='bbox 1046 5380 1231 5392; x_wconf 72' lang='lat' dir='ltr'><strong>-__.-n-_</strong></span> <span class='ocrx_word' id='word_1_686' title='bbox 1282 5374 1347 5392; x_wconf 76' lang='lat' dir='ltr'>II.</span> <span class='ocrx_word' id='word_1_687' title='bbox 1428 5390 1435 5392; x_wconf 97' lang='lat'><strong>_</strong></span> <span class='ocrx_word' id='word_1_688' title='bbox 1518 5390 1523 5392; x_wconf 96' lang='lat'>_</span> <span class='ocrx_word' id='word_1_689' title='bbox 1592 5384 1627 5392; x_wconf 86' lang='lat'><strong>_.</strong></span> <span class='ocrx_word' id='word_1_690' title='bbox 1688 5387 1737 5392; x_wconf 84' lang='grc'><strong>-..</strong></span> <span class='ocrx_word' id='word_1_691' title='bbox 1792 5373 1977 5392; x_wconf 78' lang='grc'><strong>..-1⁸---</strong></span> <span class='ocrx_word' id='word_1_692' title='bbox 2035 5371 2172 5392; x_wconf 68' lang='grc' dir='ltr'><strong>--Ιξ-</strong></span> 
     </span>
    </p>
   </div>
   <div class='ocr_carea' id='block_1_82' title="bbox 2282 4525 3820 4604">
    <p class='ocr_par' dir='ltr' id='par_1_82' title="bbox 2282 4525 3820 4604">
     <span class='ocr_line' id='line_1_83' title="bbox 2282 4525 3820 4604; baseline -0.007 -17"><span class='ocrx_word' id='word_1_693' title='bbox 2282 4533 2450 4602; x_wconf 86' lang='lat' dir='ltr'><strong>ipsam</strong></span> <span class='ocrx_word' id='word_1_694' title='bbox 2475 4534 2913 4604; x_wconf 82' lang='lat' dir='ltr'><strong>diem,deiuccps</strong></span> <span class='ocrx_word' id='word_1_695' title='bbox 2938 4550 3109 4604; x_wconf 91' lang='lat' dir='ltr'><strong>usque</strong></span> <span class='ocrx_word' id='word_1_696' title='bbox 3141 4541 3259 4603; x_wconf 90' lang='lat' dir='ltr'><strong>post</strong></span> <span class='ocrx_word' id='word_1_697' title='bbox 3282 4532 3550 4602; x_wconf 77' lang='lat' dir='ltr'><strong>expletam</strong></span> <span class='ocrx_word' id='word_1_698' title='bbox 3582 4530 3631 4584; x_wconf 93' lang='lat' dir='ltr'><strong>in</strong></span> <span class='ocrx_word' id='word_1_699' title='bbox 3653 4525 3820 4583; x_wconf 82' lang='lat' dir='ltr'><strong>crasti-</strong></span> 
     </span>
    </p>
   </div>
   <div class='ocr_carea' id='block_1_83' title="bbox 2280 4616 3817 4695">
    <p class='ocr_par' dir='ltr' id='par_1_83' title="bbox 2280 4616 3817 4695">
     <span class='ocr_line' id='line_1_84' title="bbox 2280 4616 3817 4695; baseline -0.008 -18"><span class='ocrx_word' id='word_1_700' title='bbox 2280 4639 2406 4678; x_wconf 93' lang='lat' dir='ltr'><strong>niiin</strong></span> <span class='ocrx_word' id='word_1_701' title='bbox 2440 4624 2680 4686; x_wconf 89' lang='lat' dir='ltr'><strong>missam,</strong></span> <span class='ocrx_word' id='word_1_702' title='bbox 2713 4625 3114 4695; x_wconf 81' lang='lat' dir='ltr'><strong>qualescunque</strong></span> <span class='ocrx_word' id='word_1_703' title='bbox 3140 4623 3222 4679; x_wconf 91' lang='lat' dir='ltr'><strong>vel</strong></span> <span class='ocrx_word' id='word_1_704' title='bbox 3242 4633 3676 4692; x_wconf 88' lang='lat' dir='ltr'><strong>qiiantascunque</strong></span> <span class='ocrx_word' id='word_1_705' title='bbox 3694 4616 3817 4671; x_wconf 84' lang='lat' dir='ltr'><strong>obla-</strong></span> 
     </span>
    </p>
   </div>
   <div class='ocr_carea' id='block_1_84' title="bbox 2281 4704 3815 4785">
    <p class='ocr_par' dir='ltr' id='par_1_84' title="bbox 2281 4704 3815 4785">
     <span class='ocr_line' id='line_1_85' title="bbox 2281 4704 3815 4785; baseline -0.005 -17"><span class='ocrx_word' id='word_1_706' title='bbox 2281 4714 2455 4769; x_wconf 91' lang='lat' dir='ltr'><strong>tiones</strong></span> <span class='ocrx_word' id='word_1_707' title='bbox 2480 4714 2689 4785; x_wconf 77' lang='lat' dir='ltr'><strong>przefati</strong></span> <span class='ocrx_word' id='word_1_708' title='bbox 2722 4713 2910 4768; x_wconf 82' lang='lat' dir='ltr'><strong>altaris</strong></span> <span class='ocrx_word' id='word_1_709' title='bbox 2940 4722 2992 4768; x_wconf 92' lang='lat' dir='ltr'><strong>et</strong></span> <span class='ocrx_word' id='word_1_710' title='bbox 3020 4713 3377 4769; x_wconf 81' lang='lat' dir='ltr'><strong>confessionis</strong></span> <span class='ocrx_word' id='word_1_711' title='bbox 3404 4711 3537 4781; x_wconf 85' lang='lat' dir='ltr'><strong>ejus,</strong></span> <span class='ocrx_word' id='word_1_712' title='bbox 3560 4725 3653 4780; x_wconf 88' lang='lat' dir='ltr'><strong>per</strong></span> <span class='ocrx_word' id='word_1_713' title='bbox 3673 4704 3815 4778; x_wconf 82' lang='lat' dir='ltr'><strong>privi-</strong></span> 
     </span>
    </p>
   </div>
   <div class='ocr_carea' id='block_1_85' title="bbox 2280 4804 3813 4876">
    <p class='ocr_par' dir='ltr' id='par_1_85' title="bbox 2280 4804 3813 4876">
     <span class='ocr_line' id='line_1_86' title="bbox 2280 4804 3813 4876; baseline -0.005 -18"><span class='ocrx_word' id='word_1_714' title='bbox 2280 4804 2415 4876; x_wconf 83' lang='lat' dir='ltr'><strong>legia</strong></span> <span class='ocrx_word' id='word_1_715' title='bbox 2461 4805 2785 4860; x_wconf 77' lang='lat' dir='ltr'><strong>venerabilis</strong></span> <span class='ocrx_word' id='word_1_716' title='bbox 2835 4804 3008 4876; x_wconf 84' lang='lat' dir='ltr'><strong>Sergii</strong></span> <span class='ocrx_word' id='word_1_717' title='bbox 3046 4815 3101 4860; x_wconf 93' lang='lat' dir='ltr'><strong>et</strong></span> <span class='ocrx_word' id='word_1_718' title='bbox 3128 4804 3416 4858; x_wconf 89' lang='lat' dir='ltr'><strong>multorum</strong></span> <span class='ocrx_word' id='word_1_719' title='bbox 3445 4806 3813 4857; x_wconf 81' lang='lat' dir='ltr'><strong>antecesserunt</strong></span> 
     </span>
    </p>
   </div>
   <div class='ocr_carea' id='block_1_86' title="bbox 2277 4891 3817 4964">
    <p class='ocr_par' dir='ltr' id='par_1_86' title="bbox 2277 4891 3817 4964">
     <span class='ocr_line' id='line_1_87' title="bbox 2277 4891 3817 4964; baseline -0.008 -15"><span class='ocrx_word' id='word_1_720' title='bbox 2277 4905 2609 4963; x_wconf 88' lang='lat' dir='ltr'><strong>nostrorum,</strong></span> <span class='ocrx_word' id='word_1_721' title='bbox 2638 4896 2749 4964; x_wconf 89' lang='lat' dir='ltr'><strong>jam</strong></span> <span class='ocrx_word' id='word_1_722' title='bbox 2772 4896 2916 4951; x_wconf 86' lang='lat' dir='ltr'><strong>dicta</strong></span> <span class='ocrx_word' id='word_1_723' title='bbox 2948 4897 3174 4952; x_wconf 88' lang='lat' dir='ltr'><strong>ecclesia</strong></span> <span class='ocrx_word' id='word_1_724' title='bbox 3204 4904 3509 4950; x_wconf 87' lang='lat' dir='ltr'><strong>sanctarum</strong></span> <span class='ocrx_word' id='word_1_725' title='bbox 3535 4891 3729 4945; x_wconf 78' lang='lat' dir='ltr'><strong>Rufina:</strong></span> <span class='ocrx_word' id='word_1_726' title='bbox 3764 4897 3817 4937; x_wconf 83' lang='lat' dir='ltr'><strong>ac</strong></span> 
     </span>
    </p>
   </div>
   <div class='ocr_carea' id='block_1_87' title="bbox 2278 4978 3817 5055">
    <p class='ocr_par' dir='ltr' id='par_1_87' title="bbox 2278 4978 3817 5055">
     <span class='ocr_line' id='line_1_88' title="bbox 2278 4978 3817 5055; baseline -0.01 -16"><span class='ocrx_word' id='word_1_727' title='bbox 2278 4984 2536 5040; x_wconf 79' lang='lat' dir='ltr'><strong>Secunda:</strong></span> <span class='ocrx_word' id='word_1_728' title='bbox 2561 4986 2881 5055; x_wconf 89' lang='lat' dir='ltr'><strong>promeruit,</strong></span> <span class='ocrx_word' id='word_1_729' title='bbox 2920 4984 3161 5046; x_wconf 89' lang='lat' dir='ltr'><strong>retinuit,</strong></span> <span class='ocrx_word' id='word_1_730' title='bbox 3187 4984 3402 5046; x_wconf 92' lang='lat' dir='ltr'><strong>retinet,</strong></span> <span class='ocrx_word' id='word_1_731' title='bbox 3428 4983 3587 5037; x_wconf 88' lang='lat' dir='ltr'><strong>etiam</strong></span> <span class='ocrx_word' id='word_1_732' title='bbox 3618 4978 3817 5034; x_wconf 79' lang='lat' dir='ltr'><strong>retineat</strong></span> 
     </span>
    </p>
   </div>
   <div class='ocr_carea' id='block_1_88' title="bbox 2275 5069 3816 5147">
    <p class='ocr_par' dir='ltr' id='par_1_88' title="bbox 2275 5069 3816 5147">
     <span class='ocr_line' id='line_1_89' title="bbox 2275 5069 3816 5147; baseline -0.008 -14"><span class='ocrx_word' id='word_1_733' title='bbox 2275 5078 2341 5133; x_wconf 88' lang='lat' dir='ltr'><strong>ad</strong></span> <span class='ocrx_word' id='word_1_734' title='bbox 2373 5086 2685 5147; x_wconf 87' lang='lat' dir='ltr'><strong>perpetuam</strong></span> <span class='ocrx_word' id='word_1_735' title='bbox 2710 5079 2901 5133; x_wconf 74' lang='lat' dir='ltr'><strong>anima:</strong></span> <span class='ocrx_word' id='word_1_736' title='bbox 2927 5087 3128 5132; x_wconf 76' lang='lat' dir='ltr'><strong>nostra:</strong></span> <span class='ocrx_word' id='word_1_737' title='bbox 3154 5076 3477 5137; x_wconf 84' lang='lat' dir='ltr'><strong>mercedem,</strong></span> <span class='ocrx_word' id='word_1_738' title='bbox 3511 5069 3816 5134; x_wconf 81' lang='lat' dir='ltr'><strong>nominisqnc</strong></span> 
     </span>
    </p>
   </div>
   <div class='ocr_carea' id='block_1_89' title="bbox 2276 5157 3815 5226">
    <p class='ocr_par' dir='ltr' id='par_1_89' title="bbox 2276 5157 3815 5226">
     <span class='ocr_line' id='line_1_90' title="bbox 2276 5157 3815 5226; baseline -0.006 -2"><span class='ocrx_word' id='word_1_739' title='bbox 2276 5172 2446 5226; x_wconf 87' lang='lat' dir='ltr'><strong>nostri</strong></span> <span class='ocrx_word' id='word_1_740' title='bbox 2475 5180 2530 5226; x_wconf 88' lang='lat' dir='ltr'><strong>et</strong></span> <span class='ocrx_word' id='word_1_741' title='bbox 2580 5171 2786 5226; x_wconf 87' lang='lat' dir='ltr'><strong>servitii</strong></span> <span class='ocrx_word' id='word_1_742' title='bbox 2834 5171 2917 5225; x_wconf 91' lang='lat' dir='ltr'><strong>sui</strong></span> <span class='ocrx_word' id='word_1_743' title='bbox 2964 5172 3019 5225; x_wconf 89' lang='lat' dir='ltr'><strong>in</strong></span> <span class='ocrx_word' id='word_1_744' title='bbox 3070 5179 3258 5224; x_wconf 90' lang='lat' dir='ltr'><strong>sancta</strong></span> <span class='ocrx_word' id='word_1_745' title='bbox 3316 5167 3552 5223; x_wconf 77' lang='lat' dir='ltr'><strong>Romana</strong></span> <span class='ocrx_word' id='word_1_746' title='bbox 3603 5157 3815 5216; x_wconf 67' lang='lat' dir='ltr'><strong>Ecclesia</strong></span> 
     </span>
    </p>
   </div>
   <div class='ocr_carea' id='block_1_90' title="bbox 2277 5256 3816 5328">
    <p class='ocr_par' dir='ltr' id='par_1_90' title="bbox 2277 5256 3816 5328">
     <span class='ocr_line' id='line_1_91' title="bbox 2277 5256 3816 5328; baseline -0.012 -11"><span class='ocrx_word' id='word_1_747' title='bbox 2277 5263 2592 5317; x_wconf 87' lang='lat' dir='ltr'><strong>memoriam</strong></span> <span class='ocrx_word' id='word_1_748' title='bbox 2636 5263 2847 5316; x_wconf 88' lang='lat' dir='ltr'><strong>illarum</strong></span> <span class='ocrx_word' id='word_1_749' title='bbox 2893 5261 3229 5316; x_wconf 86' lang='lat' dir='ltr'><strong>oblationuni</strong></span> <span class='ocrx_word' id='word_1_750' title='bbox 3253 5300 3268 5323; x_wconf 96' lang='lat'><strong>,</strong></span> <span class='ocrx_word' id='word_1_751' title='bbox 3298 5274 3434 5328; x_wconf 87' lang='lat' dir='ltr'><strong>quas</strong></span> <span class='ocrx_word' id='word_1_752' title='bbox 3463 5256 3631 5311; x_wconf 86' lang='lat' dir='ltr'><strong>eidem</strong></span> <span class='ocrx_word' id='word_1_753' title='bbox 3658 5261 3816 5304; x_wconf 76' lang='lat' dir='ltr'><strong>sach</strong></span> 
     </span>
    </p>
   </div>
   <div class='ocr_carea' id='block_1_91' title="bbox 2274 5332 3807 5392">
    <p class='ocr_par' dir='ltr' id='par_1_91' title="bbox 2274 5332 3807 5392">
     <span class='ocr_line' id='line_1_92' title="bbox 2274 5332 3807 5392; baseline -0.001 0"><span class='ocrx_word' id='word_1_754' title='bbox 2274 5360 2474 5392; x_wconf 67' lang='lat' dir='ltr'><strong>cant-tm</strong></span> <span class='ocrx_word' id='word_1_755' title='bbox 2516 5353 2758 5392; x_wconf 72' lang='lat' dir='ltr'><strong>nnnlnci-n</strong></span> <span class='ocrx_word' id='word_1_756' title='bbox 2803 5367 2900 5392; x_wconf 75' lang='lat' dir='ltr'><strong>nni-</strong></span> <span class='ocrx_word' id='word_1_757' title='bbox 2952 5352 3053 5392; x_wconf 72' lang='lat' dir='ltr'><strong>Iino</strong></span> <span class='ocrx_word' id='word_1_758' title='bbox 3103 5357 3347 5392; x_wconf 71' lang='lat' dir='ltr'><strong>nnclrltm</strong></span> <span class='ocrx_word' id='word_1_759' title='bbox 3379 5341 3702 5392; x_wconf 67' lang='lat' dir='ltr'><strong>nrhileﬂinlll</strong></span> <span class='ocrx_word' id='word_1_760' title='bbox 3737 5332 3807 5386; x_wconf 61' lang='grc' dir='ltr'><strong>πί·</strong></span> 
     </span>
    </p>
   </div>
  </div>
