4020 5392
206 333 314 389 829

1213 341 1570 400 EPISTOLJE
1610 343 1698 400 ET
1736 342 2128 402 DlPLOMA'I'A
2163 345 2568 403 PONTlFlClA.

3363 343 3474 404 830.

203 450 382 505 eidem
417 451 471 504 in
521 457 837 522 perpetuum
877 462 1180 522 reservata,
1209 463 1264 509 et
1301 454 1618 510 conﬁrmata
1661 470 1792 510 con-
1823 461 1866 520 Α
1896 457 2156 532 singulari
2217 459 2500 531 privilegio
2567 458 2818 516 omnibus
2900 459 3354 531 prereminemus,
3411 459 3480 512 ita

205 543 457 598 cessione
479 553 531 597 ct
559 543 973 599 conﬁrmatione
997 544 1238 601 omnium
1286 545 1622 601 oblationum
1661 561 1796 615 quas

199 651 306 702 per
357 634 642 706 privilegia
702 644 1109 691 anteeessorum
1167 645 1473 692 nostrorum
1528 637 1795 692 hactenus

201 725 459 794 accipere
484 735 539 780 et
587 726 689 781 sibi
739 727 938 781 habere
969 729 987 749 ‘
1014 735 1369 784 conservetur
1399 741 1414 778 :
1441 726 1695 783 videlicet
1739 727 1793 783 in

201 813 294 865 die
325 813 660 879 Palmarnm,
694 814 747 868 in
777 815 946 870 (laena
972 814 1183 870 Domini
1222 827 1278 871 et
1307 817 1360 871 in
1391 815 1708 879 Parasceve,
1740 818 1792 872 in

201 903 446 959 Sabinam
474 914 667 958 sancto
704 914 759 958 et
804 903 890 958 die
925 904 1224 960 Dominica.
1264 901 1450 975 Neque
1475 906 1620 961 enim
1653 905 1794 962 istml

198 1005 454 1049 nostrum
487 996 560 1050 ita
585 996 886 1066 adjicimus,
912 1006 969 1052 ut
995 997 1122 1052 illud
1153 1006 1558 1054 antecesserunt
1584 1009 1804 1053 nostro.

199 1103 325 1142 rum
358 1088 558 1141 donum
587 1089 640 1140 in
679 1088 858 1159 aliquo
883 1089 1212 1144 minuamtts.
1237 1090 1293 1144 In
1315 1106 1421 1161 qua
1456 1091 1640 1160 utique
1665 1106 1794 1146 con-

197 1180 454 1234 cessione
497 1190 551 1234 et
599 1180 1011 1236 conﬁrmatione
1051 1182 1124 1236 nil
1165 1183 1423 1239 novitatis
1460 1185 1796 1240 arbitranmr

199 1269 383 1340 egisse
411 1288 426 1325 :
454 1271 661 1326 scilicet
683 1274 928 1348 exemplo
963 1276 1540 1331 revercmlissimorum
1583 1277 1793 1345 praede-

200 1376 487 1416 cessorum
544 1373 895 1429 nostrorum,
948 1374 1005 1421 et
1069 1367 1224 1438 copia
1285 1376 1485 1422 sancta:
1536 1367 1794 1423 Romana:

198 1453 503 1520 Ecclesia,
554 1457 788 1526 inopiam
839 1457 1078 1515 lateralis
1106 1469 1161 1514 et
1207 1462 1443 1515 maxime
1483 1461 1794 1517 domestica:

201 1547 367 1611 tilizn,
416 1549 673 1604 laudabili
727 1549 1056 1608 liberalitate
1093 1554 1392 1610 secundum
1440 1556 1790 1625 apostolicam

201 1641 604 1697 institutionem
632 1643 902 1712 supplere.
936 1645 1272 1702 Venerabilis
1311 1647 1622 1718 apostolicze
1649 1649 1794 1704 sedis

199 1753 437 1791 censura
468 1737 570 1794 sub
597 1738 764 1793 divini
813 1740 1212 1796 contestatione
1239 1741 1452 1810 judicii,
1481 1750 1537 1797 et
1566 1743 1796 1797 anathe-

199 1830 370 1882 matis
399 1830 815 1900 interpositione
843 1840 1144 1888 statuentes
1174 1832 1547 1890 interdicimus
1587 1841 1647 1888 ut
1676 1834 1794 1888 nul-
1825 1805 1868 1864 Β

198 1920 288 1980 lus
336 1937 574 1993 unquam
621 1939 1004 1980 successorum
1056 1935 1368 1983 nostrorum
1433 1927 1748 1998 pontiﬁcum
1776 1969 1792 1994 ,

196 2012 287 2070 vel
307 2013 534 2084 quilibet
567 2013 904 2085 publicarum
931 2017 1205 2074 actionum
1237 2019 1671 2084 administrator,
1699 2035 1792 2075 seu

197 2105 308 2161 alia
340 2107 593 2176 qualibet
618 2117 673 2164 et
717 2110 1121 2181 quantumlibet
1148 2127 1339 2184 magna
1364 2128 1640 2183 narvaqnc
1667 2129 1794 2184 per-

197 2210 358 2260 sona,
407 2198 606 2254 audeat
651 2199 731 2254 vel
769 2210 1091 2271 praesumat,
1146 2214 1336 2258 contra
1384 2203 1544 2276 hujus
1597 2215 1795 2260 nostra:

199 2288 514 2346 donationis
566 2291 904 2365 privilegium
934 2310 1129 2366 cogere
1160 2305 1254 2351 attt
1297 2297 1457 2352 aliter
1499 2299 1792 2370 quidquam

201 2379 467 2446 alienare,
495 2383 711 2438 auferre
740 2394 834 2440 aut
853 2386 1132 2452 minuere;
1165 2388 1260 2442 sed
1283 2389 1462 2459 potius
1488 2370 1706 2446 ﬁrmum
1739 2400 1794 2446 et

199 2471 402 2531 stabile
433 2473 488 2527 in
537 2485 877 2545 perpetuum,
929 2477 1068 2534 sicut
1119 2495 1438 2535 concessum
1488 2491 1543 2538 et
1595 2483 1794 2537 conﬁr-

201 2575 414 2620 matum
461 2575 566 2630 est,
595 2579 936 2636 permaneat.
967 2570 1024 2626 Si
1061 2571 1184 2641 quis
1231 2581 1413 2628 autem
1439 2613 1455 2638 ,
1497 2575 1641 2643 quod
1686 2590 1792 2630 non

198 2661 481 2723 Optamus,
513 2659 804 2713 temerario
847 2674 984 2715 ausu
1029 2660 1133 2717 hoc
1179 2671 1426 2717 nostrum
1483 2664 1793 2734 apostolica:

199 2748 350 2802 sedis
405 2756 713 2813 statutum,
769 2752 822 2804 in
872 2766 1144 2822 quoquam
1197 2753 1493 2826 infringere
1534 2770 1766 2824 praesum

199 2837 376 2904 pserit
403 2847 458 2892 et
485 2839 768 2910 coadjutor
797 2839 942 2896 illius
969 2841 1022 2896 in
1061 2841 1246 2912 aliquo
1274 2843 1568 2910 exstiterit,
1608 2855 1796 2899 aucto-

200 2929 369 2986 ritate
416 2945 622 2987 sancue
651 2943 706 2986 ct
753 2933 1042 2991 individua:
1081 2934 1366 2992 Trinitatis
1414 2945 1470 2992 et
1515 2937 1790 3008 apostolo-

203 3036 324 3076 rum
360 3023 628 3094 principis
658 3023 828 3089 Petri,
857 3025 1033 3096 cujus,
1063 3026 1190 3082 licet
1213 3029 1450 3097 indigni,
1482 3029 1792 3099 dignatione

1896 553 2270 609 universarum
2297 554 2652 610 ecclesiarum
2681 555 2774 611 Dei
2826 554 3246 611 sollicitudinem
3273 553 3474 608 habea-

1898 660 2042 711 nms,
2067 661 2131 701 ac
2162 647 2390 717 singulis
2410 647 2715 720 quibusque
2748 649 2995 704 ﬁdelibus
3024 659 3188 718 atque
3217 649 3322 718 piis
3347 647 3482 704 locis

1900 747 2204 808 opportuna
2247 737 2501 808 suﬁ‘ragia
2529 739 2890 794 conferamus.
2918 739 3278 810 Quapropter,
3331 739 3481 796 incli-

1897 829 2008 882 nati
2059 829 2315 898 precibus
2363 829 2494 893 tuis,
2544 830 2866 886 cbarissime
2911 846 2976 885 ac.
3023 831 3275 902 religiose
3320 831 3482 896 abba,

1895 919 2060 985 Bovo,
2094 936 2190 992 per
2217 922 2356 976 hanc
2383 932 2582 978 nostra:
2627 923 2966 979 auctoritatis
2991 937 3282 978 censuram
3353 939 3484 978 con-

1897 1013 2176 1068 ﬁrmamus
2208 1030 2271 1068 ac
2299 1017 2738 1082 corroboramns,
2771 1017 2862 1070 tibi
2891 1015 3108 1085 tuisque
3152 1017 3487 1072 successori-

1895 1103 2014 1170 bus,
2047 1105 2368 1176 regulariter
2397 1106 2810 1177 promovendis,
2862 1105 3139 1163 Sithiense
3175 1107 3482 1163 cumobinm

1897 1195 2312 1265 inperpetuum,
2345 1197 2486 1267 quod
2534 1197 2585 1253 in
2642 1199 2916 1269 episcopio
2975 1197 3344 1254 Taruanncnsr
3398 1207 3482 1254 est

1895 1287 2248 1342 constitutum
2307 1288 2359 1342 in
2405 1288 2612 1344 honore
2654 1289 2826 1346 sancti
2882 1289 3064 1351 Petri.
3111 1303 3177 1344 ac
3225 1290 3468 1345 omnium

1896 1379 2291 1450 apostolorum,
2325 1380 2414 1434 ubi
2447 1381 2608 1435 etiam
2638 1381 2935 1452 przeclarus
2969 1382 3172 1438 Christi
3199 1382 3484 1438 confessor

1895 1469 2171 1535 Bertinus,
2205 1471 2374 1542 ipsius
2404 1471 2506 1526 loci
2533 1473 2740 1540 primus
2764 1472 3021 1528 lnudator
3047 1489 3112 1527 ac
3139 1473 3329 1537 abbas,
3358 1490 3481 1530 cutn

1894 1563 2158 1633 Folquino
2187 1578 2250 1619 ac
2280 1563 2524 1636 Sylvino,
2554 1563 2730 1621 beatis
2779 1549 3208 1630 confessoribus,
3254 1581 3485 1636 corpore

1895 1657 2149 1727 quiescit.

1967 1747 2180 1804 Pariter
2205 1764 2420 1820 quoque
2469 1749 2855 1809 conﬁrmamus
2887 1752 2980 1808 tibi
3029 1751 3240 1822 tuisque
3267 1765 3484 1808 succes-

1895 1841 2126 1904 soribus,
2187 1843 2329 1898 sicut
2382 1844 2585 1899 dictum
2626 1851 2738 1908 est,
2785 1844 2840 1898 in
2896 1853 3236 1914 perpetuum,
3288 1853 3480 1898 cuncta

1895 1932 2072 1986 eidem
2097 1931 2506 2002 emnobiojuste
2535 1933 2876 2003 pertinentia,
2913 1941 3019 1987 tam
3047 1947 3110 1988 ea
3151 1949 3270 2003 qua:
3299 1932 3486 1987 hacte-

1896 2038 2000 2078 nus
2049 2022 2340 2079 devotione
2400 2024 2636 2078 ﬁdelium
2689 2023 2890 2078 Christi
2953 2023 3061 2080 illic
3116 2023 3308 2080 collata
3357 2033 3485 2078 sunt

1896 2131 2059 2186 quant
2099 2131 2218 2185 qua:
2244 2116 2498 2187 deinceps
2521 2110 2668 2184 jnsfe
2697 2117 3024 2172 conferenda
3057 2126 3205 2184 sunt,
3231 2134 3282 2172 tn
3313 2117 3479 2180 arvis,

1895 2209 2124 2278 campis,
2154 2209 2345 2280 pratis,
2375 2210 2608 2279 pascuis,
2658 2210 2830 2275 sittis,
2854 2210 3010 2279 aquis
3029 2225 3364 2280 aquarumve
3392 2211 3484 2264 dco

1895 2279 2168 2363 cursibus,
2199 2299 2544 2363 molendiuis,
2577 2279 2848 2369 piscariis,
2892 2300 3060 2365 villis,
3093 2300 3362 2362 ecclesiis,
3393 2314 3479 2354 co.

1896 2391 2194 2458 mitatibus,
2247 2390 2490 2456 familiis,
2559 2392 2754 2456 vincis,
2809 2393 3093 2462 pomeriis,
3148 2395 3472 2460 cunctisque

1894 2485 2009 2538 suis
2044 2484 2329 2538 mobilibus
2356 2482 2437 2538 vel
2467 2482 2852 2546 immobilibus,
2927 2483 3088 2538 cultis
3119 2481 3200 2537 vel
3245 2481 3484 2542 incultis.

1895 2583 1954 2629 ut
1983 2575 2243 2646 quidquid
2277 2575 2422 2632 inde.
2455 2574 2752 2630 secundum
2779 2575 2869 2629 Dei
2903 2575 3174 2640 timorem,
3219 2573 3285 2629 ad
3317 2573 3485 2644 ipsius

1895 2665 2127 2721 coenobii
2187 2665 2474 2719 utilitatem
2528 2665 2852 2736 regulariter
2906 2665 3248 2734 disposuistis
3296 2679 3480 2733 agere.

1894 2756 2127 2811 liberam
2152 2755 2203 2810 in
2239 2756 2492 2810 omnibus
2541 2756 2788 2811 habeatis
2841 2755 3072 2809 faciendi
3122 2763 3470 2824 potestatem,

1895 2861 1993 2918 per
2018 2847 2200 2900 omnia
2232 2846 2386 2900 vobis
2417 2844 2563 2900 salva
2593 2854 2649 2900 et
2695 2846 2800 2901 hoc
2844 2843 3123 2915 privilegio
3151 2854 3337 2900 nostro
3361 2859 3478 2914 per-

1895 2935 2189 3006 pctualiter
2215 2933 2536 2990 conﬁrmata
2568 2935 2912 2989 inmmnitate
2957 2934 3040 2987 illa
3086 2948 3178 2989 seu
3212 2933 3482 2998 libertate,

1895 3041 2058 3096 quam
2111 3025 2306 3079 beatus
2361 3025 2722 3089 Audomarus,
2751 3023 3153 3078 'l‘aruannensis
3188 3022 3404 3094 pracsul,
3432 3023 3484 3077 iu

205 3114 388 3170 divina
418 3115 538 3170 vice
567 3113 861 3188 fungimur,
886 3117 1102 3177 vinculo
1133 3121 1498 3177 anathematis
1524 3123 1596 3178 sit
1640 3137 1793 3176 tnan-
1819 3153 1864 3215 ρ
1897 3113 2123 3187 prmfatlo
2148 3116 2307 3170 beato
2329 3114 2548 3170 Bcrlino
2571 3115 2746 3170 eidcm
2770 3117 3021 3171 cmttobio
3043 3115 3262 3185 proprio
3280 3115 3487 3185 scripto

205 3205 440 3276 cipaltts,
471 3215 526 3261 et
557 3221 587 3261 a
619 3223 786 3278 regno
814 3208 908 3264 Dei
957 3219 1274 3281 segregatus
1299 3251 1314 3276 ,
1360 3222 1414 3266 et
1457 3212 1695 3279 diabolo,
1738 3223 1792 3269 et

205 3297 412 3366 angelis
442 3298 590 3368 ejus,
623 3299 724 3355 nisi
758 3299 898 3356 forte
938 3303 1266 3372 resipiscens
1317 3304 1619 3359 Ssatisfaciat
1647 3345 1662 3370 ,
1705 3305 1792 3366 inv

207 3389 605 3447 dissolubiliter
658 3404 1005 3464 aggregetur.
1065 3396 1165 3470 Qui
1223 3410 1352 3451 vero
1401 3398 1490 3467 pio
1545 3408 1790 3468 respectu

204 3483 530 3540 observator
555 3494 609 3538 ct
653 3485 909 3541 defensor
936 3486 1094 3556 hujus
1120 3489 1488 3544 concessionis
1513 3498 1567 3545 et
1592 3491 1791 3546 c0nﬁr-

207 3575 468 3634 mationis
517 3576 808 3643 exstiterit,
845 3587 1115 3647 potesmte
1164 3581 1307 3636 beati
1349 3581 1493 3636 Petri
1525 3583 1795 3651 apostolo-

204 3679 326 3720 rum
361 3667 630 3737 principis
658 3677 714 3723 et
761 3671 1014 3741 precibus
1061 3682 1374 3729 sanctarum
1429 3676 1696 3746 virginum
1731 3692 1794 3732 ac

203 3753 406 3812 Christi
459 3769 801 3830 martyrum,
855 3760 1063 3816 Ruﬁna:
1113 3773 1168 3818 et
1221 3763 1504 3830 Secundae,
1553 3767 1794 3822 caelestis

205 3849 354 3917 regni
407 3849 714 3913 introitum,
756 3861 812 3906 et
850 3855 1082 3922 gratiam
1125 3864 1290 3926 atque
1325 3856 1552 3932 gloriam
1587 3874 1618 3912 a
1643 3857 1794 3926 justo

197 3937 383 4008 judice
432 3939 662 3996 Domino
689 3942 800 3997 Deo
836 3955 1040 4007 nostro,
1069 3947 1343 4017 vitamque
1369 3958 1627 4003 aeternam
1673 3964 1794 4020 per-

204 4030 387 4101 cipere
419 4041 698 4088 mereatur
728 4033 780 4088 in
803 4036 998 4092 saecula
1025 4037 1366 4094 sarculorum.
1394 4039 1592 4094 Amen.

274 4121 553 4192 Scriptum
584 4139 682 4194 per
725 4141 916 4182 manus
940 4128 1183 4200 Gregorii
1215 4133 1411 4186 notarii
1443 4141 1498 4187 et
1523 4133 1792 4188 scriniarii

205 4211 266 4268 δ.
286 4212 550 4271 Romanae
583 4214 838 4271 Ecclesiae
865 4217 918 4272 in
951 4233 1137 4274 mense
1159 4220 1304 4288 Maii,
1337 4222 1523 4278 iudict.
1551 4239 1602 4278 χ.
1648 4223 1795 4278 Bene

203 4303 406 4362 valete.

277 4398 472 4454 Datum
529 4413 726 4458 octavo
764 4402 890 4461 ldus
935 4403 1094 4470 Maii,
1149 4422 1248 4476 per
1303 4423 1495 4462 manus
1540 4409 1794 4467 Aribonis

1897 3207 2120 3262 indulsit
2149 3216 2313 3276 atque
2335 3205 2696 3270 conﬁrmavit,
2729 3221 2834 3276 qua
2877 3205 3140 3260 hactenus
3187 3207 3482 3260 secundum

1895 3299 2038 3355 beati
2111 3296 2355 3368 Gregorii
2421 3311 2573 3366 papae
2617 3295 2882 3351 luminoso
2951 3296 3132 3350 abbati
3200 3309 3483 3358 concessa,

1895 3391 2132 3445 obeunte
2174 3389 2373 3444 abbate
2417 3388 2737 3443 monasterii
2773 3388 2964 3457 ipsius,
2998 3387 3176 3442 nullus
3203 3388 3486 3458 episcopo.

1897 3497 2017 3536 rum
2071 3481 2124 3534 in
2176 3479 2549 3534 dcscribendis
2607 3479 3069 3549 pt'att'itlettdisqttc
3125 3493 3190 3532 ac
3230 3480 3477 3547 qumsitts

1896 3570 2274 3641 qumrendisve
2324 3571 2487 3624 rebus
2518 3569 2762 3624 ecclesia:
2815 3567 3006 3637 bnjus,‘
3028 3568 3206 3638 aliqua
3236 3582 3294 3623 se
3319 3582 3478 3636 occa¢

1896 3664 2070 3727 sione,
2112 3663 2471 3732 permisceat;
2497 3663 2747 3718 abbatem
2775 3678 2901 3717 vero
2939 3663 3113 3717 eidem
3147 3665 3480 3717 tuonastcriu

1899 3771 2004 3811 non
2035 3755 2224 3822 alium,
2251 3756 2346 3811 sed
2369 3771 2528 3826 quem
2561 3756 2782 3825 dignum
2836 3755 3076 3810 moribus
3105 3763 3267 3824 atque
3299 3763 3483 3822 aptmn

1898 3847 2204 3916 disciplina:
2258 3847 2572 3902 monasticre
2603 3846 2877 3902 communi
2927 3859 3219 3902 consensu.
3260 3855 3488 3914 congre-

1897 3938 2046 4008 gatio
2074 3946 2188 3993 tota
2219 3937 2323 4002 vel,
2349 3937 2598 4007 quamvis
2651 3952 2840 4007 parva,
2885 3949 3012 4007 pars
3047 3933 3485 4004 congregationis

1898 4029 2102 4083 saniori
2133 4029 2698 4094 consilio,secundum
2733 4029 2982 4083 timorem
3013 4027 3104 4080 Dei
3135 4023 3483 4096 proposierit,

1897 4121 2137 4175 ordinet.
2167 4119 2444 4176 Stationcs
2468 4130 2652 4174 autem
2676 4119 2786 4174 illic
2805 4118 3050 4190 publicas
3068 4117 3486 4189 pcrepiscopum

1899 4214 2014 4268 ﬁcri
2035 4213 2250 4267 omnint
2273 4211 2644 4281 prohibemus,
2670 4225 2738 4266 ne
2763 4211 2815 4264 in
2840 4223 3122 4263 servorum
3142 4207 3234 4263 Dei
3263 4207 3489 4262 recessi-

1899 4303 2387 4374 bus,popularibns
2413 4304 2630 4358 occasio
2646 4299 3070 4373 praebcatnrulla
3101 4299 3480 4361 conventibus,

1899 4394 2408 4465 acsimpliciorcscx
2437 4395 2536 4448 hoc
2559 4395 2770 4447 animas
2797 4389 3482 4462 plerumque,quodabsit2

204 4489 442 4558 diaconi,
469 4507 616 4547 anno
641 4494 676 4548 5
715 4495 918 4551 domini
967 4513 1118 4568 papa;
1149 4497 1380 4554 Vicropis
1409 4499 1481 4565 ιι,
1511 4501 1697 4556 indm,
1738 4519 1790 4556 χ,
1827 4500 1872 4574 ι)
1900 4487 1952 4541 in
1974 4485 2291 4541 scandalum
2319 4486 2515 4540 trahat.
2545 4485 2905 4555 Frcqucntior
2935 4498 3150 4554 quoque
3195 4481 3477 4535 muliebris

207 4581 560 4656 Decerniuzus
608 4601 780 4658 ergo,
838 4597 896 4642 ttt
943 4589 1076 4645 nulli
1128 4593 1351 4646 omnino
1400 4593 1680 4648 hominum
1731 4594 1796 4649 li-

205 4684 346 4742 ceat,
368 4687 475 4734 etc.
505 4676 564 4734 Si
597 4695 717 4749 quae
743 4680 984 4753 igiturin
1020 4682 1284 4748 futurum,
1307 4693 1412 4741 etc.
1445 4687 1670 4743 Cunctis
1699 4703 1794 4742 au-

209 4776 341 4838 tem,
368 4779 474 4827 etc.

922 4845 1086 4902 XVII.

208 4907 310 4967 Pro
359 4917 690 4972 ntonaslerio
728 4915 916 5002 Sancti
966 4917 1192 5002 Dertim’,
1252 4915 1481 4974 Victoris
1532 4919 1596 4974 11
1633 4922 1796 4991 privi-

894 4989 1106 5060 legium.

791 5060 976 5130 (Anno
1015 5062 1200 5128 1057.)

230 5151 887 5252 [6""‘"‘£:f.°’.’£€’.’£"
917 5157 1024 5252 51?:
1075 5145 1664 5252 ςπνιςίίείνςεεςηίξδῡηειε
1700 5159 1766 5212 αθ

1082 5227 1140 5252 ΙΙΙ
1187 5244 1290 5252 ..-ι-
1345 5228 1493 5252 lon‘t

1899 4581 2178 4646 introitus,
2204 4581 2307 4636 nisi
2341 4580 2502 4646 forte,
2526 4582 2821 4636 secundum
2845 4579 3054 4634 dictum
3083 4575 3284 4630 Nicolai
3311 4589 3484 4644 paprc,

1899 4674 1969 4728 ab
1989 4674 2190 4729 abbate
2218 4673 2535 4728 monasterii
2553 4673 2638 4728 vel
2657 4671 2936 4735 fratribus,
2964 4669 3301 4725 necessitatis
3323 4682 3485 4720 mulsa

1897 4764 1985 4822 vel
2012 4764 2324 4821 dilectionis
2353 4763 2552 4834 gratia,
2573 4771 2798 4818 vocatus
2853 4760 3163 4822 advenerit,
3189 4773 3256 4810 ne
3285 4758 3487 4824 impuro

1902 4860 2137 4914 tunitate
2167 4858 2249 4912 sui
2282 4857 2767 4926 ministrorumque
2815 4869 3038 4910 suorum
3091 4851 3487 4921 inquietudine,

1901 4953 2098 5008 fratres
2129 4951 2214 5005 vel
2242 4949 2410 5004 abbas
2458 4951 2762 5004 sustineant
2793 4999 2796 5003 ,
2823 4946 2987 5000 ullam
3043 4943 3347 5000 molestiam
3368 4983 3384 5006 ,
3435 4951 3492 4998 ct

1888 5045 1982 5099 sic
2028 5043 2078 5099 ei
2127 5049 2328 5098 cuncta
2385 5039 2620 5097 lassionis
2669 5039 2912 5093 funditus
2960 5037 3143 5092 ablata
3199 5043 3498 5105 potestate,

1902 5133 2214 5190 nullatenus
2241 5129 2534 5198 aliquando
2571 5133 2624 5186 in
2662 5137 2842 5183 vestro
2872 5139 3125 5185 versetur
3153 5125 3495 5196 gravamine.

1979 5225 2134 5252 1Ῐ-..1ιι
2215 5223 2528 5252 ηηΛιοΙΑΙΞι-ηνι
2573 5221 2714 5252 ,ηρ-,Πι-
2745 5235 2974 5252 naue-nun
3041 5217 3142 5248 ιιι-11
3167 5216 3342 5252 ιίινιιὶσὶ
3371 5231 3502 5252 nun-
