4020 5392
604 289 703 369 est

606 497 692 552 vel
718 499 1056 568 transgredi;
1084 501 1177 556 sed
1205 502 1386 571 potius
1417 503 1632 560 firmum
1662 521 1726 563 ac
1764 510 1958 565 stabile
1987 511 2039 566 in
2066 527 2181 584 per-

600 605 846 659 petuum,
890 591 1031 646 sicut
1059 607 1087 647 a
1121 593 1276 648 nobis
1322 609 1641 652 concessum
1695 608 1750 653 et
1801 602 2180 659 confirmatum

601 692 702 744 est,
736 695 1080 753 permaneat;
1115 683 1384 756 liceatque
1421 687 1603 743 abbati
1639 689 1720 745 vel
1772 689 2034 754 fratribus
2065 709 2181 748 mo-

600 775 824 829 nasterii
870 775 1042 846 ipsius
1086 779 1439 848 apostolicam
1470 782 1650 837 sedem
1687 785 1961 855 appellare
1988 794 2180 841 contra

600 869 970 938 quorumlibet
1012 872 1288 927 hominum
1320 874 1601 944 injuriatn,
1659 876 1706 930 si
1747 892 1841 945 per
1864 878 2179 948 episcOpum

556 1034 557 1037 η
600 960 1049 1017 ’l'aruannensem
1099 972 1193 1017 aut
1232 965 1694 1037 archiepiscopum
1739 967 2060 1024 ltetnensem
2092 985 2179 1024 sa-

603 1050 857 1107 tisfacere
886 1053 1145 1122 praedicto
1195 1056 1525 1110 monasterio
1574 1055 1922 1126 ejusdemque
1951 1058 2183 1113 rectori-

601 1147 1175 1218 buscontempserint.
1205 1147 1262 1203 Si
1309 1149 1431 1218 quis
1478 1159 1683 1215 autem,
1710 1150 1852 1219 quod
1887 1166 1993 1205 non
2028 1160 2181 1221 opta-

607 1255 750 1304 mus,
780 1240 1070 1294 tcmcrario
1108 1253 1262 1301 ausu,
1297 1249 1486 1295 contra
1537 1240 1641 1296 hoc
1682 1251 1924 1296 nostrum
1959 1251 2180 1312 aposto-

604 1335 728 1391 lica:
770 1336 916 1391 sedis
978 1344 1240 1390 statutum
1298 1335 1350 1389 in
1426 1349 1697 1405 quoquam
1746 1346 2046 1403 temerare,
2097 1337 2180 1392 vel

601 1426 941 1496 confringere
966 1424 2183 1496 praesumpserit,“contradictorilliuscxsti-

603 1518 733 1572 terit
758 1517 808 1571 iu
831 1517 1032 1585 aliquo,
1065 1516 1386 1570 auctoritate
1417 1527 1618 1571 sancta-
1646 1525 1701 1570 et
1745 1516 2033 1572 individua;
2062 1516 2186 1571 Tri-

604 1609 796 1664 nitatis
821 1619 875 1664 et
904 1608 1276 1679 apostolorum
1334 1610 1596 1680 principis
1647 1610 1816 1673 Petri.
1848 1611 2023 1681 cujus,
2059 1612 2183 1667 licet

602 1700 807 1771 indigni
856 1700 1194 1771 dignatione,
1233 1711 1417 1764 tamen
1470 1703 1682 1758 vicibus
1727 1702 2024 1772 fungimur,
2058 1704 2178 1757 viu-

682 303 705 379 ξ
1938 303 2188 364 VlC'I'OIl

2289 311 2331 366 II
2372 312 2569 369 ΡᾹΡᾸΞ

599 417 695 503 aut
728 406 853 462 inde
880 409 1175 480 quidquam
1207 409 1464 481 alienare,
1497 414 1734 479 auferre,
1785 426 1879 472 aut
1932 436 2177 477 minuere
2206 432 2251 485 Α
2286 433 2387 480 rat.
2421 424 2531 479 Piis
2558 440 2686 497 ergo
2723 426 2856 482 locis
2890 436 2945 482 et
2972 427 3149 483 divina
3179 428 3439 503 religione
3464 436 3842 494 venerabilibus

3747 328 3842 385 831

2282 515 2478 571 debitae
2500 519 2878 575 consolationis
2895 529 2951 575 et
2971 520 3298 581 defensionis
3319 529 3624 598 porrecturi
3643 546 3835 598 manus,

2282 606 2432 661 illum
2471 609 2682 666 caneris
2715 611 3106 680 prmferendum
3155 629 3261 669 non
3309 618 3657 690 ambigimus,
3698 637 3838 691 quem

2283 699 2592 754 monasticce
2635 716 2835 757 normm
2879 712 3091 758 constat
3125 719 3248 760 esse
3294 707 3597 778 principale
3639 726 3842 782 gymna-

2282 791 2442 857 sium,
2478 800 2533 847 et
2567 804 2769 849 sancta:
2799 794 3053 851 Romanae
3089 806 3143 852 et
3187 798 3499 869 apostolicae
3541 802 3655 856 sedi
3682 806 3838 860 conti-

2281 896 2460 950 guum,
2495 898 2654 953 quem
2686 885 2831 940 cives
2866 884 3115 952 Romani,
3154 896 3339 957 patres
3378 889 3635 947 videlicet
3671 894 3836 947 eximii

2274 960 2621 1039 Benedictus,
2658 975 2871 1032 Maurus
2897 987 2952 1033 et
2991 978 3237 1034 Placidus
3266 996 3387 1037 cum
3431 983 3707 1039 nonnullis
3734 986 3837 1041 aliis
3894 964 3899 973 ’

2283 1061 2596 1130 fundarunt,
2625 1082 2891 1138 quemque
2923 1084 2952 1124 a
2988 1072 3238 1140 gentibus
3261 1072 3604 1129 destructum
3634 1077 3838 1139 Romani

2283 1155 2563 1224 pontifices
2596 1157 2943 1215 nihilominus
2972 1177 3067 1236 sua
3103 1163 3425 1221 auctoritate
3463 1174 3835 1233 restruxcrunt,

2282 1256 2336 1300 et
2370 1248 2662 1320 privilegiis
2689 1253 2996 1321 apostolicae
3019 1254 3163 1310 sedis
3193 1257 3386 1313 merito
3419 1259 3638 1315 caneris
3670 1275 3834 1316 οωιιο-

2281 1339 2384 1394 biis
2409 1341 2783 1410 praetulerunt,
2805 1354 2966 1413 atque
2985 1356 3174 1401 contra
3193 1348 3565 1418 quorumlibet
3584 1361 3835 1420 suspectas

2285 1431 2507 1500 injurias
2534 1433 2822 1490 efﬁcaciter
2867 1439 3176 1494 munierunt
3209 1457 3223 1492 :
3260 1455 3496 1510 quorum
3548 1457 3646 1496 nos
3688 1456 3835 1496 sacra:

2284 1524 2591 1579 auctoritati
2640 1526 2779 1581 sicut
2828 1536 3067 1598 tempore
3115 1538 3168 1584 et
3214 1530 3330 1586 loco
3373 1532 3732 1596 succedimus,
3769 1532 3835 1587 sic

2283 1630 2469 1669 eorum
2502 1616 2769 1687 exemplo,
2804 1627 2863 1672 ut
2889 1629 3118 1687 oportet,
3147 1620 3456 1686 innitimur,
3494 1630 3551 1676 ct
3580 1637 3673 1692 per
3700 1619 3835 1689 hujus

2287 1718 2483 1764 nostra:
2524 1709 2811 1764 decretalis
2840 1711 3046 1783 pagina:
3077 1720 3317 1768 tenorem
3358 1713 3479 1773 tibi.
3516 1713 3834 1769 dilectissime

604 1792 1113 1847 ruloanatbematis
1132 1793 1533 1863 nmucipatus,a
1553 1807 1717 1862 regno
1736 1792 1826 1846 Dei
1845 1802 2179 1862 segregatus,
2214 1769 2258 1830 Β
2289 1799 2360 1852 iiii
2392 1809 2445 1853 et
2468 1798 2605 1854 abba
2636 1797 2925 1861 Friderice,
2960 1802 3279 1858 eiectionem
3304 1803 3371 1858 ad
3403 1806 3643 1875 regimen
3669 1819 3831 1859 cinno-

601 1885 817 1940 tliabolo
843 1894 899 1940 et
945 1885 1156 1955 angelis
1178 1886 1318 1956 ejus,
1346 1886 1447 1940 nisi
1497 1886 1824 1956 resipiscens
1852 1884 2183 1951 satisfaciat,

601 1974 1053 2032 lndissolubiliter
1095 1986 1436 2047 aggregetur.
1482 1975 1583 2043 Qui
1631 1990 1760 2030 vero
1806 1975 1896 2046 pio
1938 1988 2184 2045 reSpectu

599 2070 1003 2132 observaverit,
1049 2084 1112 2123 ac
1157 2068 1412 2124 defensor
1460 2068 1617 2137 lntjus
1662 2068 2094 2124 conﬁrmationis
2132 2076 2187 2121 et

602 2163 970 2217 concessionis
1011 2164 1311 2223 exstiterit.
1340 2172 1607 2234 potestate
1643 2162 1785 2217 beati
1827 2162 2013 2228 Petri,
2055 2177 2186 2232 apo-

608 2255 868 2310 stolorum
898 2255 1154 2325 principis
1180 2271 1243 2309 ac
1293 2265 1601 2311 sanctorum
1636 2254 1964 2311 confessoris
2008 2255 2185 2309 Audo-

609 2345 746 2399 tuari
779 2352 939 2415 atque
982 2345 1204 2409 Bertini,
1237 2346 1476 2402 cmiestis
1505 2346 1651 2417 regni
1685 2346 1964 2400 introitum
1990 2354 2043 2401 et
2068 2361 2188 2417 gra-

603 2435 733 2489 tiam
782 2445 943 2505 atquc
971 2436 1216 2508 gloriam.
1239 2453 1268 2491 a
1290 2437 1436 2506 justo
1458 2436 1639 2505 judice
1668 2436 1921 2500 Domino’,
1953 2437 2059 2494 Deo
2090 2452 2183 2491 no-

602 2536 766 2591 stro,
822 2528 1097 2598 vitamque
1149 2538 1408 2584 arteruam
1457 2531 1736 2601 percipere
1792 2539 2084 2595 mercatur,
2129 2529 2182 2583 in

611 2619 804 2674 stvcula
838 2621 1178 2677 surculorum.
1215 2621 1408 2677 Amen.

680 2711 955 2781 Scriptum
1027 2727 1124 2783 per
1194 2729 1386 2768 manus
1459 2712 1705 2785 Gregorii
1779 2714 1979 2769 notarii
2041 2729 2184 2770 anno

562 2801 909 2878 .Dominica:
1000 2804 1300 2861 nativitatis
1377 2804 1666 2861 millesimo
1740 2806 2184 2877 quinquagesimo

603 2894 859 2962 septimo.

677 2985 791 3056 Ego
839 2985 1204 3052 Iitnnbcrtus,
1258 2988 1434 3046 dictus
1481 2990 1767 3061 cpiscOpus
1833 3000 2034 3046 sancta:
2096 3004 2185 3045 ec—

605 3075 785 3131 clesia:
829 3077 992 3133 Silvze
1040 3078 1331 3145 Candida,
1386 3079 1601 3135 interfui
1652 3089 1706 3136 et
1761 3082 1976 3152 pr0pria
2023 3096 2182 3135 manu
2211 3114 2256 3175 ε

604 3166 923 3235 subscripsi.

677 3258 789 3329 Ego
816 3258 1157 3323 Benedictus.
1185 3270 1384 3317 sanctae
1402 3260 1737 3319 Beilitrensis
1754 3263 1997 3331 ecclesiae
2012 3265 2187 3319 dictus

607 3348 931 3417 cpiscopus,
981 3351 1247 3421 cognovi,
1296 3361 1352 3406 et
1399 3354 1616 3423 propria
1668 3370 1828 3408 manu
1868 3355 2183 3424 subscripsi.

688 3439 801 3510 Ego
822 3439 1149 3506 Bonifacius,
1165 3453 1367 3499 sanctae
1389 3444 1709 3499 Albanensis
1743 3445 1986 3500 ecclesiae
2013 3446 2189 3500 dictus

609 3531 922 3600 episcopus,
952 3534 1202 3603 cognovi,
1242 3544 1297 3589 et
1326 3536 1540 3606 propria
1570 3552 1730 3591 manu
1765 3538 2081 3606 ειιιιςρτίρςι.

682 3622 794 3692 Ego
877 3622 1114 3692 Petrus,
1169 3627 1586 3682 archidiaconus
1662 3638 1863 3683 sancta:
1936 3628 2190 3683 Romamn

606 3713 910 3780 Ecclesim,
968 3717 1189 3786 cognovi
1238 3727 1294 3772 et
1357 3720 1573 3789 propria
1648 3735 1812 3773 manu
1868 3720 2185 3788 subscripsi.

683 3808 796 3873 Ego
832 3806 1244 3874 iiiitlebrandns,
1272 3818 1473 3864 sancta:
1500 3809 1754 3865 Romana:
1801 3810 2053 3864 Ecclesiae
2105 3825 2191 3863 ar-

607 3898 967 3963 chidicanus,
997 3900 1245 3970 cognovi,
1294 3908 1351 3955 et
1400 3901 1618 3971 propria
1663 3917 1823 3956 manu
1874 3903 2188 3973 subscripsi.

685 3988 796 4059 Ego
827 3988 1168 4054 Fretlerictts,
1200 3992 1458 4048 diaconus
1492 3994 1806 4063 subscripsi.

680 4075 874 4131 Datum
936 4080 1096 4133 tertio
1147 4079 1269 4134 Idus
1324 4081 1478 4145 Maii,
1526 4099 1622 4152 per
1673 4099 1865 4138 manus
1912 4083 2187 4147 Aribonis,

613 4165 823 4219 diaconi
856 4205 873 4228 ,
931 4181 1075 4222 anno
1145 4169 1307 4223 tertio
1378 4171 1724 4240 pontificatus
1772 4172 1974 4227 domini
2042 4187 2194 4241 papa:

619 4255 869 4321 Victoris,
904 4273 1090 4316 mense
1138 4259 1297 4326 Maio,
1330 4253 1623 4318 indictione
1652 4263 1882 4327 decima,
1916 4264 2006 4319 die
2035 4264 2195 4319 tertio

616 4346 847 4402 decimo.

1311 4441 1494 4498 XVIII.

766 4528 986 4586 Victoris
1012 4530 1073 4585 11
1104 4531 1246 4587 bulla
1282 4550 1376 4604 pro
1405 4536 1720 4590 monasurio
1753 4534 2044 4592 Casinensr.

1158 4626 1337 4697 (Anno
1381 4616 1658 4698 1.0553517.)

720 4710 999 4783 [Mantum
1046 4713 1239 4770 Annal.
1265 4717 1382 4770 0rd.
1425 4716 1487 4772 S.
1533 4716 1754 4784 Bencd.,
1800 4717 1886 4783 IV,
1937 4718 2088 4793 744.]

690 4803 896 4861 Vtcron
914 4805 1217 4876 cpiscopus.
1246 4822 1432 4863 servus
1452 4823 1730 4863 servorum
1757 4809 1870 4873 Dei,
1902 4808 2196 4865 Fntnsntco

617 4895 814 4950 dilecto
855 4896 964 4951 filio
1001 4898 1184 4953 abbati
1214 4900 1540 4954 venerabilis
1567 4900 1802 4954 caenobii
1845 4900 1972 4954 aimi
2020 4902 2197 4956 Patris

618 4991 917 5056 Benedicti,
948 4994 1087 5064 quod
1119 5003 1458 5064 nuncupatur
1495 4993 1924 5060 Mons-Casinus,
1960 4995 2199 5050 cunctis-

618 5098 727 5153 que
746 5086 1148 5141 successoribus
1170 5086 1285 5155 ejus
1308 5087 1418 5141 illic
1439 5087 1702 5141 canonice
1723 5087 1788 5141 ad
1814 5086 2050 5158 regimen
2074 5100 2200 5156 pro-

621 5178 901 5232 movendis
928 5178 982 5232 in
1012 5187 1352 5248 perpetuum.

691 5270 987 5324 Pastoralis
1029 5271 1410 5327 sollicitudinis
1453 5280 1653 5327 nostra:
1701 5272 1901 5326 bonum
1948 5270 1992 5324 si
2039 5269 2202 5325 debet

622 5360 934 5392 ηνηαηῖΛη-ιι
961 5371 1012 5392 ni
1046 5362 1308 5392 σιηΛΩηιι-ιι
1341 5364 1586 5392 η-κηῖιιιιη
1625 5364 1785 5392 Αιῖηιυι
1825 5361 2103 5392 ηενρ-ληιιῖο
2147 5366 2197 5392 nl

2286 1889 2357 1945 bii
2389 1888 2591 1959 prmfati
2622 1890 2824 1945 saniori
2853 1892 3079 1946 consilio
3102 1895 3339 1948 omnium
3376 1894 3604 1949 fratrum
3637 1896 3687 1950 in
3712 1911 3832 1965 prae-

2286 1979 2457 2033 sentia
2485 1979 2807 2049 respousalis
2833 1982 3002 2036 nostri
3025 1996 3053 2035 a
3077 1981 3237 2037 Petro
3267 1985 3535 2039 monacho
3558 1984 3827 2054 aliquorum

2287 2086 2571 2140 pravorum
2598 2072 2998 2142 conspiratione
3039 2073 3211 2129 electo
3239 2075 3291 2129 in
3322 2072 3373 2129 te
3403 2075 3710 2130 translatam
3737 2075 3831 2130 col-

2288 2162 2566 2218 laudantcs
2593 2166 2996 2221 confirmamus.
3041 2166 3192 2224 Unde
3225 2175 3278 2221 et
3312 2169 3610 2223 secundum
3644 2168 3831 2239 privile-

2285 2253 2369 2324 gia
2399 2254 2708 2309 corumdetn
2741 2262 3147 2310 anteeessorum
3177 2264 3514 2320 nostrorum,
3543 2266 3695 2325 atque
3718 2272 3831 2310 con-

2285 2344 2621 2398 suetudinem
2657 2344 2775 2407 tibi,
2805 2360 2964 2414 quem
3005 2346 3253 2399 abbatem
3292 2346 3642 2408 sacravimus,
3670 2361 3829 2399 mona-

2286 2433 2509 2487 sterium
2534 2432 2660 2485 aluti
2691 2431 2869 2486 Patris
2911 2432 3183 2488 Benedicti
3228 2434 3391 2488 situm
3430 2432 3609 2488 Monte
3633 2433 3817 2488 Casini-

2284 2522 2492 2586 caStri,
2546 2533 2905 2592 cunctamque
2956 2522 3128 2592 ipsius
3183 2523 3501 2578 monasterii
3552 2521 3827 2582 abbatiam.

2287 2613 2495 2684 integre
2520 2628 2640 2667 cum
2672 2613 2822 2668 cellis
2854 2614 2985 2676 suis,
3019 2613 3278 2677 castellis,
3318 2615 3560 2684 prmdiis,
3583 2621 3636 2666 et
3674 2609 3826 2665 etnnia

2285 2722 2380 2762 sua
2427 2706 2750 2778 pertinentia
2798 2707 3161 2765 concedimus.
3209 2715 3263 2761 et
3310 2714 3496 2762 nostra
3543 2705 3830 2760 auctoritate

2285 2799 2623 2855 decernimus
2653 2807 2758 2852 tam
2791 2799 2843 2853 iu
2880 2798 3078 2853 finibus
3100 2798 3623 2860 Beneventanorum,
3652 2791 3827 2864 Apulo-

2285 2908 2403 2947 rum
2435 2899 2488 2944 ct
2525 2890 2893 2957 Calabrorum,
2926 2906 3086 2962 quam
3124 2890 3287 2946 etiam
3327 2890 3379 2944 in
3428 2891 3620 2944 finibus
3648 2886 3823 2945 Marso-

2285 3000 2404 3039 rum
2438 2993 2492 3037 et
2519 2983 2571 3037 in
2605 2982 2880 3045 Marehiis,
2910 2982 3024 3038 sive
3053 2982 3362 3050 ubicunque
3401 2980 3561 3050 longe
3613 2986 3663 3033 et
3690 2989 3827 3045 prope

2286 3076 2549 3131 hactenus
2592 3076 2715 3146 jure
2754 3074 2848 3130 tibi
2889 3074 3146 3143 pertinet,
3199 3071 3404 3142 aliquid
3449 3072 3563 3126 sive
3602 3064 3827 3139 quidquid

2287 3170 2539 3239 deinceps
2572 3168 2747 3222 ubivis
2767 3167 2914 3237 jnste
2942 3166 3275 3237 acquisieril.
3312 3164 3392 3218 Ad
3427 3165 3543 3219 htrc
3571 3159 3823 3233 justitiam.

2288 3262 2371 3318 vel
2405 3263 2681 3332 quodlibet
2724 3262 2988 3326 debitum,
3028 3260 3171 3331 quod
3208 3258 3468 3315 officiales
3504 3255 3666 3313 nostri
3710 3249 3825 3307 sacri

2288 3354 2473 3426 palatii
2509 3355 2731 3425 exigunt
2762 3370 2788 3407 a
2816 3353 3044 3410 navibus
3076 3353 3143 3407 ad
3187 3351 3493 3406 Romanum
3523 3359 3719 3420 portum
3748 3359 3824 3412 ap-

2286 3447 2633 3518 plicantihus,
2662 3445 2827 3500 vestri
2856 3444 3089 3500 cmnobii
3130 3443 3251 3499 navi
3290 3442 3550 3512 peculiari
3586 3444 3824 3511 gratanter

2291 3541 2624 3599 relaxamus;
2670 3546 2719 3589 et
2757 3537 3183 3604 quotiescunque
3216 3531 3444 3586 Romam
3488 3530 3553 3585 ad
3585 3525 3821 3584 servitium

2290 3636 2493 3682 sancite
2523 3626 2781 3682 Romana:
2809 3627 3063 3683 Ecclesiae
3105 3624 3384 3687 veneritis,
3420 3624 3477 3678 in
3510 3630 3679 3677 sancta
3719 3616 3820 3671 llic-

2292 3717 2525 3772 rusalem
2572 3717 2756 3787 palatii
2803 3715 3117 3773 Susurriani
3162 3715 3454 3785 hospitium
3495 3710 3751 3773 habeatis;
3778 3712 3823 3759 et

2291 3804 2545 3860 defuncto
2570 3806 2783 3869 abbate,
2825 3805 3021 3860 ibidem
3058 3813 3237 3858 vestra
3275 3802 3359 3858 vel
3397 3811 3686 3857 vestrorum
3722 3806 3822 3851 suc-

2293 3909 2570 3949 cessorum
2616 3894 2881 3949 electione
2923 3892 3104 3948 abbas'
3134 3894 3501 3946 constituatur
3542 3905 3573 3945 a
3616 3886 3821 3944 Romam

2292 3984 2547 4053 poutilice
2575 3983 2991 4037 consecrandus.
3023 3981 3356 4037 Censet-rato
3382 3980 3535 4035 vobis
3556 3974 3818 4039 vestrisque

2294 4075 2696 4130 successoribus
2724 4073 3025 4145 privilegio,
3069 4082 3177 4128 tam
3200 4073 3355 4143 quod
3394 4085 3463 4126 ex
3505 4069 3620 4125 navi
3649 4072 3813 4122 vestra.

2294 4181 2455 4236 (ιιιαηι
2499 4166 2641 4237 quod
2683 4182 2751 4222 ex
2799 4167 2912 4238 ipsa
2960 4166 3230 4222 destructa
3264 4163 3520 4231 ecclesia,
3557 4154 3721 4215 ut‘vel
3755 4152 3816 4206 sic

2297 4266 2681 4321 restrucretur,
2711 4257 2992 4328 proximus
3020 4258 3275 4313 decessor
3300 4264 3485 4311 noster
3511 4259 3711 4309 sanctus
3731 4243 3817 4299 Leo

2299 4354 2536 4409 firmavit
2565 4354 2746 4411 abbati
2769 4354 3044 4409 Richerio.
3076 4352 3242 4410 Usum
3264 4368 3481 4423 quoque
3503 4344 3815 4406 sandaliorum

2219 4461 2270 4522 ι)
2298 4453 2349 4499 et
2371 4445 2689 4509 dalmaticze,
2730 4445 2977 4515 quamvis
2991 4445 3116 4516 jure
3136 4443 3501 4499 cardinalatus
3529 4440 3597 4495 tui
3617 4438 3677 4492 ab
3699 4444 3806 4501 apo-

2293 4536 2482 4592 stolica
2520 4537 2648 4592 sede
2679 4537 3011 4607 perceperis,
3045 4551 3075 4590 a
3112 4536 3270 4591 nobis
3302 4543 3479 4590 tamen
3513 4530 3619 4595 tibi,
3651 4522 3813 4581 clm

2294 4629 2550 4699 deinceps
2578 4639 2632 4684 et
2670 4628 3057 4699 principalibus
3092 4637 3295 4683 tantum
3330 4626 3481 4682 festis
3521 4617 3810 4679 concedimus

2296 4720 2363 4773 ad
2396 4719 2866 4775 honorificentiam
2896 4728 3006 4773 tam
3051 4717 3378 4773 venerabilis
3414 4711 3650 4774 emnobii,
3683 4714 3731 4761 et
3756 4700 3810 4754 οδ

2297 4811 2638 4866 dilectionem
2676 4812 2772 4876 tui,
2810 4810 3102 4867 secundum
3137 4808 3280 4880 quod
3322 4808 3570 4881 przefatus
3606 4802 3809 4856 decessor

2296 4910 2483 4956 noster
2521 4911 2614 4955 tuo
2653 4900 2879 4972 praefato
2913 4901 3207 4956 concessit.
3241 4899 3506 4955 Praeterea
3544 4887 3810 4950 θοντοῠοη·

2296 5007 2419 5046 mus
2465 4990 2559 5045 tibi
2612 4992 2826 5061 tuisque
2862 4989 3267 5047 successoribus
3312 4989 3366 5043 in
3413 4985 3548 5044 omni
3589 4977 3808 5061 conventu

2299 5084 2673 5153 episcoporum
2713 5057 2768 5137 cit
2810 5082 3114 5152 principum
3145 5079 3474 5151 superiorem
3498 5070 3716 5129 omnibus
3735 5057 3803 5114 ³1)·

2299 5173 2514 5229 batibus
2546 5175 2752 5237 sedem,
2794 5185 2848 5229 et
2886 5173 2940 5227 in
2984 5172 3230 5227 conciliis
3273 5180 3330 5224 ct
3368 5166 3578 5239 judiciis
3618 5156 3806 5252 prioretn

2301 5268 2384 5322 sui
2427 5266 2633 5322 ordinis
2682 5266 2991 5322 hominibus
3036 5264 3364 5321 sententiam
3418 5275 3512 5334 pro
3558 5251 3803 5334 reversa"a

2303 5358 2437 5392 θηηιῖ
2476 5358 2574 5392 ἰιΛῖ
2637 5358 2728 5392 ηιιί
2771 5371 3004 5392 nmmum
3042 5363 3091 5392 nl

3141 5329 3723 5392 ...n.m..m'm..nastic:e
3748 5329 3806 5382 ιε’
3887 5336 3933 5392 ί
