4020 5392
282 243 390 300 833

1280 235 1636 298 EPESTOLE
1676 235 1764 294 ET
1804 228 2202 290 DIPLOMATA
2242 227 2642 285 PONTIFlClA.

3428 224 3532 280 854

283 371 349 414 ex
376 369 494 411 sese
517 369 630 425 ipsa
661 353 1004 425 congregatio
1030 352 1326 408 secundum
1355 351 1539 406 sanius
1564 348 1850 404 consilium
1881 349 1928 409 Α
1953 341 2154 395 Bantra
2194 337 2518 425 Monacisca,
2553 334 2837 398 Iunctum.
2877 332 2935 388 Si
2975 331 3186 404 Angeli,
3234 331 3534 403 Turudum,

283 447 588 517 sapientum
609 454 664 500 et
692 446 963 500 seniorum
1004 444 1230 497 fratrum
1267 443 1364 497 sibi
1394 442 1642 496 abbatem
1672 438 1853 509 eligat,

284 546 342 591 et
385 534 692 606 apostolicae
729 534 872 589 sedis
921 534 1160 604 pontifici
1212 531 1530 586 firmandum
1577 538 1632 584 et
1671 541 1858 582 conse-

285 627 547 680 crandum
573 627 826 680 exhibeat
857 642 870 679 :
901 640 999 680 nec
1027 625 1185 679 aliter
1206 625 1275 679 ibi
1307 623 1470 677 abbas
1499 621 1860 677 constituatur

284 714 627 769 aut-aliunde
657 715 782 768 illuc
809 715 1222 780 intromittatur,
1267 714 1373 767 nisi
1408 712 1549 767 forte
1577 727 1642 766 ex
1674 725 1734 766 se
1756 709 1858 764 ali-

284 821 446 875 quem
475 815 624 860 tanto
659 796 904 877 regimini
939 806 1187 861 idoneum
1226 819 1331 860 non
1370 804 1678 865 habuerint,
1710 810 1768 856 et
1791 799 1860 856 ob

285 898 342 950 i‘d
381 895 584 951 saniori
625 895 853 952 censilio
888 904 1206 952 extraneum
1247 895 1347 950 sibi
1378 894 1660 965 elegerint.
1690 881 1886 947 Porro?

286 996 483 1057 praeter
505 1003 774 1042 summum
797 988 1105 1058 apostolicae
1131 989 1274 1043 sedis
1305 986 1612 1058 prtesulem,
1641 983 1863 1053 cujusli-

285 1077 379 1132 bet
406 1077 667 1133 Ecclesiae
693 1081 1021 1150 episcopum,
1056 1075 1140 1135 vel
1172 1081 1530 1144 sacerdotem,
1557 1079 1609 1132 in
1639 1075 1862 1148 praefato

289 1173 644 1238 monasterio,
680 1173 765 1227 vel
799 1173 852 1227 in
884 1174 1034 1228 cellis
1063 1174 1252 1243 ipsius,
1279 1174 1536 1227 ditionem
1568 1171 1863 1242 quamlibet

289 1264 392 1317 sibi
423 1276 749 1332 praesumere
769 1264 874 1317 hac
898 1274 1078 1318 nostra
1111 1262 1483 1316 interdicimus
1510 1259 1860 1324 auctoritate,

291 1354 365 1406 ita
399 1360 480 1416 ut,
515 1351 616 1406 nisi
644 1351 714 1405 ab
741 1351 933 1406 abbate
965 1351 1126 1405 fuerit
1148 1351 1425 1413 invitatus,
1456 1364 1556 1403 nec
1577 1349 1862 1402 missarum

289 1443 552 1497 solemnia
583 1443 715 1497 inibi
741 1443 934 1497 audeat
962 1441 1265 1505 celebrare;
1297 1440 1391 1495 sed
1423 1447 1626 1493 remota
1656 1446 1709 1493 et
1736 1439 1865 1508 prol-

288 1532 499 1601 pulsata
544 1531 783 1600 qualibet
827 1530 1177 1600 oppressione
1220 1527 1735 1591 ecclesiasticarum,
1782 1525 1890 1580 vel-

289 1622 630 1676 szecularium
676 1636 1051 1693 personarum,
1099 1621 1237 1675 sicut
1273 1620 1538 1673 hactenus
1571 1619 1790 1683 mansit,
1831 1632 1860 1670 a

1958 428 2016 483 8.
2062 426 2315 490 Victoris,
2361 427 2419 479 8.
2466 424 2611 478 Petri
2658 424 2712 478 in
2752 423 2890 488 Clia,
2930 422 3189 488 Cervara,
3228 421 3538 479 Vallis—Bo-

1958 518 2143 582 tunda,
2189 515 2248 570 8.
2309 514 2459 579 Elite,
2519 513 2941 578 Saraciniscum,
2995 511 3199 578 Gonea,
3252 509 3532 583 Capriata,

1958 605 2297 669 Francilone,
2349 603 2407 658 8.
2461 599 2704 666 Joannis,
2752 601 2809 656 8.
2859 601 3134 656 Benedicti
3169 602 3418 658 minoris.
3479 602 3540 658 S.

1957 698 2182 756 Joannis
2210 698 2262 751 in
2293 696 2495 766 Capua.
2528 694 2768 762 Quorum
2799 693 2977 762 aliqua
3011 693 3139 748 olim
3171 691 3322 748 fuere
3350 709 3541 748 monaa

1959 791 2147 856 steria,
2187 789 2281 844 sed
2323 804 2354 842 a
2399 786 2718 843 Sarracenis
2755 785 3050 850 destructa,
3093 786 3436 854 postmodum
3470 785 3539 840 ad

1962 882 2244 936 tuitionem
2272 879 2463 949 patriae
2501 876 2812 932 necessario
2842 876 2981 929 facta
3019 875 3240 930 castella
3271 894 3284 930 :
3320 877 3544 947 insuper

1961 969 2339 1024 Lastinianum
2391 974 2447 1020 et
2502 966 2606 1019 alia
2661 965 2760 1018 tria
2809 962 3050 1029 castella,
3105 963 3258 1020 Mons
3311 964 3540 1030 Albrici,

1962 1060 2192 1125 Muccla,
2227 1059 2286 1113 8.
2329 1056 2534 1124 Quirici
2569 1071 2691 1111 cum
2723 1063 2880 1125 portu
2924 1054 3112 1110 decem
3151 1055 3388 1120 navium,
3423 1071 3544 1125 quae

1963 1152 2068 1206 duo
2099 1147 2509 1204 'l‘ransmundus
2542 1160 2725 1202 eomes
2755 1147 2898 1200 filius
2925 1146 3150 1201 Aetonis
3181 1146 3342 1201 beato
3372 1145 3542 1200 Benes

1964 1243 2108 1297 dicto
2138 1241 2191 1295 in
2224 1235 2403 1293 Monte
2430 1232 2628 1292 Casino
2666 1235 2825 1306 legali
2863 1236 3175 1301 donatione,
3221 1245 3275 1290 et
3314 1237 3534 1291 chartas

1965 1349 2084 1388 rum
2121 1330 2474 1386 munimentis
2502 1329 2761 1394 contulit;
2793 1329 3015 1383 tertium
3042 1338 3224 1383 autem
3250 1327 3544 1383 Castellum

1967 1425 2144 1488 Frisa,
2165 1422 2308 1492 quod
2337 1419 2546 1491 praefati
2585 1419 2944 1473 Transmundi
2971 1435 3108 1473 uxor
3131 1435 3228 1488 pro
3251 1419 3426 1472 anima
3449 1432 3547 1474 sua

1965 1514 2148 1577 simili,
2175 1523 2232 1567 ut
2259 1529 2355 1566 sua
2377 1511 2623 1577 maritus,
2639 1511 2808 1565 modo
2831 1510 3181 1574 contradidit,
3205 1508 3345 1578 quod
3377 1510 3544 1563 etiam

1968 1615 2088 1676 post
2122 1613 2349 1658 mortem
2383 1603 2569 1656 uxoris
2593 1599 2848 1671 prmfatus
2878 1613 3062 1654 comes
3099 1615 3205 1655 non
3237 1600 3418 1654 timuit
3459 1600 3546 1653 in-

289 1713 544 1783 praesenti
575 1714 782 1768 decima
812 1712 1125 1777 indictidne,
1159 1710 1262 1764 hoc
1292 1718 1476 1764 nostro
1498 1707 1779 1779 privilegio
1805 1706 1861 1760 in

1980 1698 2186 1759 radere,
2229 1693 2324 1748 sed
2365 1690 2617 1745 Laterani
2657 1692 2710 1743 in
2751 1688 3005 1759 cappella'
3030 1689 3204 1743 sancti
3245 1687 3548 1750 Laurentii,

289 1814 607 1874 perpetuum
631 1805 889 1874 quietum,
916 1812 972 1858 et
998 1803 1226 1857 liberum
1251 1801 1318 1856 ad
1346 1802 1649 1866 servitium,
1677 1808 1730 1854 et
1752 1799 1866 1870 glo-

292 1896 428 1948 riam
460 1895 554 1950 Dei
587 1904 803 1950 maneat
832 1895 931 1949 sub
965 1892 1279 1948 defensione
1304 1903 1359 1948 et
1377 1893 1498 1963 jure
1521 1901 1726 1948 sanctae
1757 1893 1865 1947 Ro-

292 2000 467 2038 mana:
512 1993 567 2040 et.
613 1985 918 2056 apostolicae
957 1985 1124 2050 sedis,
1154 1997 1291 2040 cum
1333 1987 1445 2040 suis
1480 1985 1751 2048 omnibus,
1799 1999 1867 2038 ex

293 2074 491 2142 quibus
515 2074 824 2129 summatim
851 2083 906 2128 et
935 2073 1262 2145 generaliter
1279 2075 1530 2129 omnibus
1561 2075 1674 2130 haec
1697 2075 1869 2129 nomi~

294 2163 485 2227 natini,
513 2174 568 2218 et
595 2165 898 2233 specialiter
929 2174 1135 2219 tantum
1161 2165 1282 2220 istic
1309 2165 1628 2236 digessimus
1664 2182 1678 2220 :
1722 2164 1868 2220 Cella

291 2251 582 2318 Albaneta,
608 2254 863 2318 Ciconia;
898 2254 1030 2310 cella
1063 2255 1236 2309 sancti
1265 2253 1512 2325 Gregorii
1541 2256 1594 2309 in
1630 2254 1866 2326 Aquino,

296 2338 360 2393 8.
387 2339 624 2404 Nazarii,
657 2340 716 2395 8.
745 2341 1019 2397 Benedicti
1055 2342 1108 2396 in
1137 2341 1274 2408 Glia,
1306 2341 1367 2396 8.
1398 2342 1676 2398 Benedicti
1704 2342 1757 2397 in
1787 2342 1872 2398 lno

292 2433 438 2496 aula,
469 2435 524 2486 S.
552 2434 821 2498 Silvestri,
852 2434 910 2489 S.
947 2434 1168 2500 Urbani,
1202 2435 1259 2490 8.
1294 2435 1468 2500 Pauli,
1498 2435 1559 2490 8.
1592 2435 1786 2506 Angeli
1816 2436 1870 2490 in

301 2523 448 2578 Valle
479 2525 655 2589 Lucis,
699 2526 758 2580 8.
802 2525 1102 2590 Michaelis,
1149 2535 1349 2581 sancta:
1391 2526 1575 2582 Maria:
1615 2528 1666 2582 in
1712 2529 1872 2583 terris

294 2614 469 2685 Albis,
503 2624 703 2674 sanctae
732 2614 906 2674 Luciae.
929 2617 1068 2689 apud
1098 2613 1343 2685 Fractas,
1384 2615 1444 2671 8.
1473 2617 1660 2687 Angeli
1693 2617 1745 2670 in
1771 2617 1874 2672 Ca-

298 2714 482 2776 nucio,
518 2711 575 2766 8.
607 2712 865 2781 Stephani
903 2713 954 2765 in
989 2711 1305 2776 Terracina,
1335 2711 1392 2764 S.
1425 2708 1780 2766 Scholasticae
1819 2709 1872 2761 in

297 2803 503 2864 Caieta,
552 2803 764 2859 Sanctae
793 2805 972 2860 Maria:
1000 2806 1054 2859 in
1083 2805 1296 2868 Berula,
1325 2804 1380 2858 S.
1409 2803 1613 2858 Nicolai
1647 2803 1697 2856 in
1723 2801 1872 2867 Pica,

299 2896 362 2949 8.
401 2895 640 2951 Mauricii
670 2896 723 2949 in
754 2895 982 2957 Limata,
1017 2894 1074 2949 S.
1108 2895 1255 2949 Petri
1290 2895 1342 2948 in
1376 2893 1648 2956 Esculeto,
1681 2891 1736 2946 S.
1768 2891 1874 2945 Be-

303 2987 502 3039 nedicti
536 2986 588 3039 in
635 2986 819 3048 Sessa,
866 2985 923 3039 8.
972 2984 1248 3038 Benedicti
1288 2983 1341 3036 in
1381 2982 1562 3036 Teano
1595 2996 1717 3036 cum
1763 2980 1876 3034 suis

300 3078 472 3142 cellis,
507 3077 564 3131 8.
603 3076 876 3131 Benedicti
920 3079 974 3130 in
1010 3074 1213 3146 Capua,
1255 3091 1375 3129 cuni
1415 3074 1587 3138 cellis,
1626 3081 1680 3128 et
1716 3073 1877 3127 terris

301 3169 719 3233 circumcirca;
769 3167 927 3222 simul
963 3177 1018 3222 et
1056 3169 1108 3220 in
1147 3166 1363 3236 Apulia,
1404 3164 1463 3219 S.
1505 3164 1780 3220 Benedicti
1824 3163 1879 3217 in

305 3257 516 3324 Martia,
558 3259 614 3312 8.
647 3258 979 3313 Liberatoris
1009 3257 1062 3311 in
1095 3255 1212 3312 Teti
1242 3269 1364 3311 cum
1393 3254 1543 3310 cellis
1579 3255 1691 3309 suis
1721 3267 1880 3308 sexa-

305 3348 478 3418 ginta,
509 3356 564 3401 et
594 3349 750 3402 terris
777 3347 954 3412 cultis,
996 3356 1051 3401 et
1084 3346 1322 3410 incultis,
1353 3354 1408 3400 et
1433 3343 1684 3399 omnibus
1729 3344 1876 3408 suis;

305 3445 506 3490 sancite
535 3436 881 3491 Scholasticaz
916 3437 968 3490 in
1001 3437 1191 3502 Pinna,
1223 3446 1425 3490 sancta:
1461 3434 1642 3488 Maria:
1677 3433 1732 3488 in
1762 3433 1881 3487 Mn.

309 3543 462 3594 sena,
489 3529 546 3583 8.
591 3529 802 3582 Martini
837 3527 899 3582 in
939 3527 1156 3593 Salinis,
1201 3529 1260 3583 S.
1306 3527 1512 3582 Nicolai
1560 3528 1615 3582 in
1665 3526 1880 3592 Esculs,

306 3621 444 3674 cella
474 3630 674 3674 sancta:
695 3619 882 3684 Justze,
906 3620 963 3674 S.
994 3620 1266 3675 Benedicti
1295 3621 1346 3672 in
1377 3614 1604 3684 Trunto,
1631 3617 1693 3674 S.’
1717 3618 1886 3672 Bene-

309 3714 442 3767 dicti
491 3714 546 3767 in
595 3712 800 3777 Trinio,
846 3721 1044 3768 sancta:
1092 3712 1272 3766 Mariae
1321 3713 1387 3766 ad
1421 3711 1881 3780 Casales-planos,

311 3804 368 3859 8.
400 3805 645 3869 Eustatii,
676 3819 838 3874 quam
868 3804 1012 3859 dedit
1034 3802 1268 3858 Alferius
1299 3803 1583 3868 Pantasize,
1625 3801 1683 3857 S.
1715 3794 1895 3857 Bene?

312 3896 442 3950 dicti
490 3895 544 3949 in
599 3894 843 3960 Alarino,
885 3894 941 3948 S.
993 3891 1266 3949 Benedicti
1308 3894 1360 3948 in
1405 3893 1704 3958 Pectinari;
1756 3893 1886 3947 item

313 3992 517 4037 sancta:
556 3981 738 4036 Mariae
783 3983 849 4035 ad
893 3980 1356 4053 Casales-planos,
1405 3981 1464 4036 8.
1511 3980 1792 4035 Trinitatis
1833 3980 1886 4033 in

315 4071 609 4138 Termulis,
641 4071 698 4127 S.
729 4073 1002 4128 Benedicti
1034 4073 1086 4126 in
1108 4073 1324 4135 Asculo,
1353 4071 1409 4126 S.
1435 4071 1651 4126 Focatis
1683 4072 1733 4125 in
1763 4070 1890 4124 Ale-

315 4165 458 4226 sino,
499 4177 624 4217 cum
655 4162 896 4217 faucibus
923 4173 979 4218 et
1004 4164 1267 4233 piscaria;
1304 4163 1362 4217 S.
1389 4162 1619 4216 Eustasii
1643 4162 1694 4215 in
1724 4161 1886 4224 Arcu,

317 4253 378 4307 8.
409 4253 597 4324 Angeli
629 4254 682 4307 in
714 4253 932 4308 Barreio
958 4269 1080 4308 cum
1114 4253 1268 4307 cellis
1287 4245 1624 4315 etteastellis,
1645 4259 1700 4304 et
1733 4251 1890 4305 terris

317 4343 529 4411 multis;
572 4352 771 4399 sancm
808 4344 987 4398 Maria:
1025 4345 1079 4399 in
1117 4345 1432 4408 Barretano,
1476 4342 1533 4397 S.
1579 4339 1794 4412 Georgii
1834 4342 1886 4396 in
1919 4356 1966 4417 υ

319 4435 464 4489 Luca
510 4445 676 4506 prope
719 4424 1051 4490 Posterulam
1095 4435 1443 4499 Virivualam,
1495 4449 1657 4502 quam
1705 4443 1892 4488 sancto

319 4523 610 4579 Benedicto
632 4523 975 4578 contulerunt
1003 4523 1373 4586 lleinricus,et
1397 4522 1672 4577 Rolandns
1697 4522 1892 4578 fratres

319 4622 524 4668 saneta:
563 4615 987 4669 conversationis
1023 4614 1265 4668 habitum
1309 4623 1632 4682 quaerentes,
1679 4628 1747 4668 ex
1787 4628 1891 4682 qua

318 4706 484 4759 etiam
506 4720 606 4776 pro
629 4706 865 4760 novitate
889 4703 1016 4758 facti
1045 4705 1382 4774 privilegium
1417 4715 1506 4758 tuo
1538 4712 1726 4774 rogatu
1759 4703 1897 4758 feci-

319 4813 471 4861 tntis;
536 4796 717 4850 Sancti
768 4795 1030 4850 Valentini
1088 4797 1137 4850 in
1193 4796 1439 4858 Comino,
1490 4795 1547 4850 S.
1601 4795 1897 4851 Salvatoris

319 4887 482 4952 inibi,
514 4885 571 4941 S.
603 4886 876 4941 Benedicti
910 4901 964 4940 tn
1005 4885 1269 4952 Venafro;
1314 4885 1511 4940 ibidem
1547 4896 1746 4941 sanctte
1786 4885 1895 4939 Ma-

297 4976 443 5040 'rize,
479 4977 607 5032 item
639 4975 697 5030 S~.
732 4975 968 5040 Nazarii,
1005 4985 1209 5034 cortem
1252 4975 1311 5030 8.
1359 4974 1574 5041 Felicis,
1617 4976 1676 5031 S.
1723 4976 1899 5031 Bene-

317 5068 457 5124 dicti
499 5069 553 5122 in
590 5068 842 5130 Gesamo,
887 5064 944 5120 8.
992 5065 1368 5123 Bartholomtei
1410 5065 1465 5120 in
1509 5066 1766 5123 Miniano.
1798 5067 1900 5122 Ga-

317 5159 482 5216 stella
546 5167 724 5212 autem
788 5157 944 5222 haec;
1007 5157 1250 5226 inprimis
1314 5155 1381 5209 ad
1449 5157 1637 5224 pedem
1704 5157 1902 5226 montis

316 5251 380 5304 8.
419 5247 735 5310 Salvatoris,
770 5246 912 5315 quod
933 5255 1016 5300 est
1040 5246 1097 5300 8.
1125 5244 1404 5309 Germani,
1429 5245 1487 5298 8.
1517 5245 1686 5312 Petri,
1710 5246 1906 5316 Pigna~

317 5339 456 5392 tari.
483 5335 844 5392 Plumbarola.
875 5333 932 5388 8.
970 5334 1249 5392 Stephani.
1282 5333 1339 5389 8.
1371 5333 1609 5392 Georgii.
1646 5338 1704 5392 S.
1736 5335 1902 5392 Anol-

1965 1791 2234 1856 praesente
2292 1781 2589 1836 Humberto
2643 1779 2801 1833 Silvae
2856 1777 3097 1832 candidae
3159 1777 3434 1846 episcopo,
3497 1786 3552 1830 te

1967 1891 2182 1947 quoque
2223 1874 2333 1929 filio
2380 1882 2568 1928 nostro
2613 1871 2886 1925 Friderico
2920 1870 3155 1924 nondum
3195 1867 3262 1922 ad
3308 1883 3549 1938 regimen

1966 1967 2161 2029 electo.
2184 1965 2488 2020 admonitus
2507 1979 2536 2017 a
2559 1963 2714 2018 nobis
2738 1963 2788 2016 in
2813 1962 2924 2031 ipsa
2945 1961 3283 2016 confessione
3304 1970 3554 2014 reatuum

1967 2071 2188 2114 suorum
2222 2057 2497 2110 Duminica
2529 2063 2722 2123 quarta
2745 2062 2867 2123 post
2893 2052 3097 2107 Pascha
3128 2059 3320 2120 sponte
3343 2049 3552 2106 refuta-

1968 2151 2066 2204 vit.
2107 2149 2276 2220 Igitur
2319 2149 2425 2212 his,
2465 2155 2522 2201 et
2564 2145 2817 2201 omnibus
2861 2159 2982 2213 qua:
3028 2141 3254 2210 prtel'ato
3301 2142 3556 2196 emnobio

1963 2239 2110 2308 juste
2144 2241 2414 2310 pertinent
2442 2252 2604 2303 nunc,
2633 2245 2690 2291 et
2719 2251 2840 2306 quae
2868 2236 2919 2289 in
2946 2233 3128 2288 futuro
3144 2232 3288 2300 juste
3319 2234 3556 2302 pertineb

1969 2330 2124 2394 bunt,
2161 2329 2261 2384 sub
2297 2328 2464 2383 tutela
2492 2335 2546 2382 et
2580 2327 2824 2381 Romana
2866 2325 3113 2380 libertate
3149 2325 3250 2378 hoc
3275 2323 3570 2394 privilegio

1970 2421 2357 2492 perpetualiter
2381 2421 2449 2474 ad
2477 2419 2829 2489 temporalem
2862 2431 3138 2472 servorum
3173 2416 3289 2479 Dei,
3323 2431 3559 2485 praesens

1973 2515 2105 2568 tium
2130 2513 2334 2568 scilicet
2354 2521 2516 2581 atque
2531 2511 2834 2564 futurorum
2857 2508 3114 2577 quietem,
3145 2509 3366 2561 statutis
3387 2518 3556 2576 atque

1971 2603 2309 2659 continuatis
2349 2601 2646 2670 apostolica
2693 2614 2945 2662 censura,
2992 2597 3091 2651 sub
3136 2597 3558 2667 interpositione

1974 2695 2206 2752 districti
2239 2692 2599 2750 anathematis
2629 2701 2684 2746 et
2723 2689 2889 2744 divini
2929 2689 3327 2744 contestatione
3365 2675 3560 2758 judicii

1976 2789 2386 2844 interminamus
2414 2784 2664 2839 omnibus
2697 2791 2802 2836 tam
2833 2781 3196 2850 praesentibus
3223 2796 3384 2850 quam
3412 2781 3527 2835 futu
3546 2806 3562 2832 ς

1976 2885 2071 2947 ris,
2101 2898 2168 2937 ne
2195 2882 2332 2936 ullus
2363 2879 2643 2935 hominum
2667 2877 3036 2947 cujuscunque
3064 2875 3292 2937 ordinis,
3324 2872 3562 2940 dignitas-

1981 2974 2070 3038 tis,
2099 2969 2420 3027 conditionis
2441 2967 2525 3022 vel
2546 2965 2913 3036 cujuscunque
2943 2963 3123 3028 oﬂicii,
3153 2977 3250 3017 seu
3279 2960 3556 3030 qua-libet,

1981 3063 2065 3118 vel
2097 3059 2490 3132 quantumlibet
2526 3073 2718 3127 magna
2740 3067 2834 3110 aut
2865 3070 3029 3124 parva
3052 3067 3307 3123 persona,
3331 3051 3557 3120 quibus«

1979 3169 2192 3223 cunque
2232 3153 2392 3207 rebus
2415 3150 2499 3204 vel
2529 3148 2773 3218 personis
2805 3146 3028 3216 praefato
3053 3143 3382 3199 monasterio
3406 3142 3556 3210 juste

1979 3246 2394 3320 pertinentibus,
2441 3243 2681 3314 aliquam
2725 3239 3036 3294 violentiam
3081 3235 3284 3292 inferat
3331 3243 3424 3290 aut
3463 3248 3560 3289 cas

1982 3339 2279 3394 lumniosus
2318 3335 2536 3401 existat,
2575 3333 2661 3390 vel
2687 3330 2982 3386 incumbat.
3013 3329 3068 3384 Si
3094 3328 3216 3398 quis
3245 3338 3392 3390 vero,
3418 3323 3570 3394 quod-

1983 3441 2089 3485 non
2137 3437 2412 3498 optamus,
2469 3423 2630 3493 hujus
2690 3422 2864 3477 nostri
2912 3418 3178 3490 privilegii
3231 3415 3560 3472 decretalem

1982 3522 2233 3594 paginam
2266 3517 2556 3574 temerario
2591 3530 2724 3571 ausu
2756 3514 2811 3568 in
2842 3513 3022 3583 aliquo
3055 3510 3354 3578 infringere
3387 3517 3563 3563 tenta-

1983 3617 2144 3682 verit,
2191 3621 2408 3669 aeterna:
2448 3607 2841 3666 maledictionis
2868 3603 3100 3660 vinculis
3139 3601 3458 3656 innodatum
3506 3611 3567 3653 se

1984 3707 2215 3770 noverit,
2243 3713 2298 3760 et
2329 3710 2588 3773 perpetua
2616 3698 2875 3770 supplicia
2904 3697 3165 3750 luiturum
3197 3706 3322 3747 cum
3351 3689 3565 3744 diabolo

1984 3807 2038 3854 et
2059 3796 2264 3867 angelis
2284 3795 2419 3863 ejus,
2451 3794 2557 3848 nisi
2584 3791 2724 3847 forte
2757 3790 2906 3860 prius
2937 3785 3263 3856 resipiscens
3291 3780 3568 3836 satisfece-
3647 3847 3650 3852 _

1988 3889 2088 3953 rit;
2125 3897 2181 3941 at
2211 3887 2300 3956 qui
2323 3885 2541 3956 pietatis
2561 3870 3012 3937 intuitu'devotus
3045 3877 3365 3932 observator
3385 3871 3560 3926 cuti-

1990 3979 2133 4042 terit,
2178 3977 2348 4046 ipsius
2392 3976 2701 4030 interventu
2741 3968 2868 4024 almi
2900 3967 3077 4022 Patris
3116 3962 3410 4023 Benedicti,
3445 3967 3571 4029 per:

1989 4066 2362 4135 fectorumque
2403 4063 2737 4133 sequacium,
2781 4059 3165 4124 sociorumque
3206 4052 3324 4122 ejus
3364 4051 3566 4120 sempi-

1992 4163 2159 4210 ternae
2211 4153 2603 4210 benedictionis
2648 4150 2940 4223 particeps,
2990 4157 3045 4202 et
3093 4142 3332 4217 paradisi
3379 4143 3572 4198 beatus

1991 4261 2270 4316 possessor
2291 4245 2576 4301 ellicialur.
2601 4233 2791 4299 Amen.
3181 4291 3191 4301 .

2059 4338 2098 4408 -ισ
2138 4336 2463 4392 llunihertus
2507 4336 2683 4391 dictus
2711 4331 3003 4390 cardinalis
3042 4331 3330 4402 cpiscopus
3366 4331 3572 4381 sancta:

1993 4432 2247 4488 Ecclesia:
2279 4429 2436 4487 Silvm
2475 4431 2732 4488 Candida:
2770 4430 3043 4502 cognitum
3087 4419 3294 4496 relegit,
3346 4432 3402 4478 et
3442 4423 3574 4478 sub-

1995 4522 2230 4591 scripsit.

2065 4612 2104 4681 1-
2142 4609 2534 4664 lleldibrandus
2591 4609 2885 4666 cardinalis
2951 4607 3314 4664 subdiaconus
3370 4611 3575 4658 sanctas

2000 4703 2254 4758 Romana:
2315 4701 2570 4758 Ecclesiae
2623 4702 2800 4758 dando
2855 4699 3153 4765 consensit,
3215 4706 3271 4752 et
3324 4695 3574 4751 subscri-

1997 4796 2121 4866 psit.

2713 4875 2834 4936 XIX

2039 4995 2372 5067 Privileginm
2391 4994 2643 5067 fictam
2669 4992 2758 5059 II,
2784 4990 3122 5067 Winimanno
3139 4985 3552 5067 _‘nrchiepisc0po
3581 5017 3584 5022 -

2381 5061 2748 5120 Ebredunensi
2779 5077 3078 5116 concessum
3105 5059 3204 5130 (4).

2602 5152 2778 5224 (Anno
2803 5150 2983 5220 1057.)

2527 5244 2721 5318 [MANSI
2753 5241 2892 5306 XIX,
2925 5239 3074 5313 858.]

2089 5340 2286 5392 i’tc'ron
2330 5334 2646 5392 eoiscoous.
2677 5349 2866 5390 servus
2913 5348 3188 5388 servorum
3219 5327 3314 5390 Dei
3339 5371 3352 5392 ,
3389 5331 3603 5392 dilecto
