4020 5392
509 291 615 353 εδδ

1171 243 1488 344 novenis
1525 286 1567 340 ιι
1609 284 1808 341 eam
1855 282 2076 340 crasra

2174 283 2210 338 E
2251 283 2336 339 ET
2377 279 2772 340 DIPLOMATA
2812 277 3216 336 PONTIFICIA.

3659 276 3766 333 82.6

504 408 869 465 Ebreduuensi
907 401 1159 462 Ecclesiae
1186 415 1242 460 et
1270 403 1678 459 successoribus
1716 401 1885 471 ipsius
1912 414 2076 455 cano-
2101 402 2153 460 Α
2179 398 2358 453 clinati
2385 397 2634 467 precibus
2659 396 2762 451 tuis
2785 396 3068 466 praesentis
3088 394 3216 449 anni
3240 391 3446 450 decima
3471 391 3766 451 indictione

503 501 624 556 nice
658 497 1036 569 promovendis
1062 497 1115 552 in
1149 506 1490 566 perpetuum.

573 590 786 645 Sancta:
813 588 1070 644 Romanae
1100 595 1153 643 et
1189 586 1498 656 apostolicae
1544 587 1687 640 sedis
1717 583 1924 654 apicem
1958 583 2107 637 ideo

500 698 662 752 super
685 690 868 753 gentes
895 688 951 734 et
973 693 1136 749 super
1165 693 1329 748 regna
1356 677 1408 730 in
1444 675 1685 746 principe
1711 673 2078 743 apostolorum

497 787 744 835 suorum,
773 771 955 834 Petro,
987 767 1269 824 constituit
1300 765 1670 820 universitatis
1702 763 1982 828 Dominus,
2018 771 2079 816 ut
2107 809 2110 812 .

497 865 713 928 evellat,
743 871 798 916 et
825 862 1089 926 destruat,
1108 869 1161 914 et
1183 859 1409 928 plantet,
1431 865 1486 910 et
1506 856 1735 910 aediﬁcet
1757 853 1892 924 (λεν.
1925 869 1964 918 ι,
1989 853 2077 923 10)

497 957 553 1010 in
587 955 804 1010 nomine
836 953 1024 1024 ipsius.
1061 951 1339 1021 Siquidem
1391 949 1562 1004 donec
1606 955 1795 1001 sancta
1835 947 1952 1016 ejus
1979 946 2080 1000 Ee-

498 1043 684 1108 clesia,
715 1044 769 1097 in
811 1051 924 1097 toto
954 1049 1223 1097 terrarum
1249 1039 1380 1094 orbe
1410 1035 1599 1093 diffusa
1621 1075 1636 1099 ,
1667 1033 2078 1104 temporalitatis

498 1131 845 1188 mutabilitati
869 1129 1187 1199 subiacebit,
1210 1127 1375 1182 variis
1396 1134 1450 1181 et
1470 1125 1742 1180 continuis
1768 1123 2077 1179 defectuum

497 1231 554 1275 et
579 1221 916 1292 profectuum
965 1235 1187 1275 suorum
1217 1215 1711 1278 vicissitudinibus,
1757 1214 1904 1269 velut
1947 1214 2075 1268 luna

499 1312 613 1366 suis
643 1311 962 1375 menstruis,
1001 1308 1378 1370 alternabitur,
1423 1317 1482 1360 ut
1521 1305 1638 1359 sine
1677 1304 2077 1360 intermissione

498 1401 928 1471 deprehendatur
981 1400 1033 1454 in
1101 1413 1162 1452 ea
1215 1396 1360 1466 quod
1412 1394 1708 1450 industrius
1758 1393 2101 1449 hortulanus

498 1492 690 1544 debeat
713 1489 965 1552 evellere,
985 1486 1069 1541 vel
1099 1486 1364 1556 plantare,
1395 1491 1450 1538 et
1476 1483 1618 1552 quod
1655 1482 1871 1550 sapiens
1897 1482 2078 1536 archi-

497 1592 673 1638 tectus
697 1581 748 1651 (I
773 1580 896 1635 Cor.
930 1596 1015 1644 Ill,
1045 1579 1132 1648 lO)
1160 1581 1436 1633 destruere
1491 1574 1576 1629 vel
1604 1573 1892 1629 aediﬁcare.
1924 1573 2077 1630 Unde

495 1688 616 1739 nos,
656 1671 801 1726 nullo
829 1679 1017 1725 nostro
1047 1668 1240 1722 merito
1263 1707 1278 1733 ,
1321 1667 1418 1722 sed
1457 1663 1573 1720 solo
1605 1664 1907 1719 divinitatis
1945 1673 2094 1718 nutu.

495 1765 550 1819 in
581 1772 785 1820 sanctae
831 1771 886 1818 et
931 1759 1251 1814 universalis
1301 1756 1560 1814 Ecclesiae
1606 1757 1824 1826 specula
1855 1756 2078 1827 praeeel-
2111 1739 2152 1798 Β

493 1854 686 1919 lentes,
719 1863 774 1908 ct
804 1852 984 1906 varios
1010 1851 1126 1920 ejus
1153 1863 1436 1904 successus
1461 1855 1872 1918 prospectantes
1892 1889 1906 1912 ,
1939 1848 2078 1902 inter

495 1945 599 1999 alia
631 1944 799 2013 ipsius
834 1942 1146 1997 discrimina
1175 1939 1690 2002 animadvertimus,
1720 1939 2075 1994 Ebreduuen-

494 2049 609 2090 sem
645 2033 976 2094 Eeclesiam,
1011 2033 1188 2099 primo
1226 2030 1442 2100 quidem
1487 2029 1823 2093 incursione,
1856 2039 1910 2083 et
1946 2045 2099 2099 per-a

493 2125 716 2181 vasione
745 2124 1196 2179 Sarracenorum.
1225 2119 1464 2176 secundo
1485 2128 1666 2174 autem
1690 2120 1994 2188 receptione
2023 2127 2078 2175 et

495 2216 836 2286 possessione
903 2213 1305 2283 transfugarum
1369 2219 1425 2266 et
1502 2210 2072 2279 indiscipliuatorum;

495 2306 690 2361 deinde
739 2305 896 2375 longa
947 2303 1296 2372 oppressione
1344 2309 1624 2371 pastorum
1691 2316 1912 2356 suorum
1967 2302 2076 2356 imo

493 2397 974 2458 mercenariorum,
989 2393 1214 2463 et,qnod
1236 2392 1386 2462 pejus
1405 2400 1508 2458 est,
1531 2392 1837 2448 Simoniaca
1864 2393 2071 2456 haeresi,

494 2497 552 2542 et
585 2497 770 2542 mutua
805 2487 1078 2542 occisione
1121 2483 1572 2539 debacchantium
1612 2492 1936 2552 prostratam
1977 2484 2077 2536 mi-

495 2579 802 2634 serabiliter
865 2587 920 2632 et
983 2584 1326 2645 corruptam,
1378 2575 1652 2644 quondam
1717 2574 1975 2644 religione
2021 2581 2089 2628 et.

495 2670 688 2739 Opibus
719 2668 1038 2723 mirabiliter
1067 2675 1344 2732 erectam,
1371 2675 1426 2721 et
1456 2667 1746 2737 integram,
1777 2682 1930 2736 ClljllS
1959 2682 2076 2720 om-

495 2761 726 2814 nimoda:
784 2758 1101 2814 desolationi
1174 2767 1230 2813 et
1298 2757 1586 2813 defectioni
1655 2757 2077 2827 praecordialiter

495 2851 908 2920 conipatientes,
939 2860 1012 2916 te,
1035 2850 1353 2905 charissime
1381 2848 1656 2904 confrater
1681 2857 1736 2903 et
1761 2849 2076 2918 coepiscope

492 2941 870 3005 Winimanne,
913 2939 1150 3011 prwfatre
1201 2941 1459 2996 Ecclesia:
1503 2940 1969 3008 archiepiscopum
2021 2947 2076 2992 et

493 3043 758 3088 rectorem
790 3048 887 3103 pro
915 3033 1038 3088 vitae
1067 3031 1262 3087 merito
1289 3040 1345 3087 et
1374 3031 1654 3101 sapientia:
1706 3031 1949 3084 doctrina
1986 3044 2075 3083 or-

493 3123 799 3179 dinavimus
817 3131 872 3178 et
913 3123 1359 3179 consecravimus
1410 3122 1710 3176 secundum
1755 3121 2072 3194 electionem

493 3221 623 3277 cleri
652 3231 706 3275 et
753 3219 966 3289 populi,
1001 3219 1067 3272 ad
1099 3218 1414 3287 petitionem
1447 3231 1662 3286 quoque
1697 3213 2073 3284 religiosorum

493 3310 796 3379 principum
826 3317 880 3361 et
909 3309 975 3360 ad
1007 3307 1406 3377 suggestionem
1445 3304 1830 3359 vcnerabilium
1864 3319 2072 3372 pruna-

496 3411 646 3455 tuum
675 3400 1176 3467 circumjacentium
1208 3399 1633 3470 provinciarum.
1660 3398 1902 3464 Quorum
1935 3411 2071 3450 una-

495 3491 660 3546 nimis
679 3490 944 3545 sentenlia
981 3490 1214 3555 exstitit,
1246 3497 1307 3543 ut
1337 3489 1381 3543 si
1411 3486 1781 3544 Ebretlunensi
1812 3485 2072 3540 Ecclesiae

495 3579 834 3650 recuperatio
859 3578 1034 3646 aliqua
1061 3585 1412 3647 quaereretur,
1439 3578 1506 3631 ab
1531 3576 1618 3629 illa
1649 3586 1842 3639 matre,
1866 3573 2075 3628 scilicet

495 3668 736 3725 Ecclesia
789 3667 1064 3730 Romana,
1099 3681 1220 3736 quae
1266 3666 1416 3735 prius
1459 3663 1548 3718 illo
1597 3663 1656 3716 Β.
1700 3660 2072 3716 Marcellinum

494 3759 904 3828 praedicatorem
929 3765 982 3810 et
1007 3755 1313 3825 pontiﬁcem
1336 3755 1629 3818 direxerat,
1675 3752 1998 3822 praedicator
2017 3757 2073 3805 et

416 3908 427 3926 ⁸
495 3848 735 3919 pontifex
766 3855 1160 3917 reposceretur.

565 3940 782 4014 Itaque,
818 3939 1113 3993 secundum
1165 3938 1307 4008 quod
1358 3947 1449 3992 tua
1494 3935 1711 3989 devotio
1743 3933 2070 4002 postulavit,

493 4031 595 4087 sibi
643 4030 978 4100 privilegium
1025 4038 1222 4084 nostrae
1268 4027 1576 4098 apostolicae
1614 4027 1956 4079 auctoritatis
2003 4025 2072 4079 ad

495 4122 990 4176 corroborationem
1017 4121 1100 4173 sui
1129 4120 1657 4189 archiepiscopatus,
1686 4121 1737 4172 in
1767 4119 1882 4169 rudi
1915 4125 1969 4169 et
1994 4117 2074 4170 in-

497 4211 833 4282 discipliuata
864 4211 1114 4276 ecclesia,
1145 4211 1234 4264 vix
1264 4224 1458 4263 nomen
1487 4210 1660 4278 ipsum
1700 4207 1898 4262 nudum
1935 4223 2074 4276 pene

497 4303 761 4358 retinente
791 4309 844 4358 et
874 4301 1172 4372 parietinas
1207 4315 1334 4354 suas
1363 4298 1476 4368 jam
1527 4300 1952 4364 demonstrante,
1985 4300 2072 4352 in-

2182 489 2285 543 hac
2314 496 2499 542 nostra
2522 485 2776 541 decretali
2800 485 2992 556 pagina
3023 484 3371 540 concedimus
3393 493 3449 538 et
3476 487 3766 539 conhrma-

2180 595 2300 634 mus
2331 579 2424 632 tibi
2455 577 2897 632 Ebredunensem
2927 577 3208 632 dicecesim
3251 577 3304 630 iu
3332 576 3575 646 integro,
3608 585 3666 631 et
3701 579 3768 632 ad

2180 669 2692 740 archiepiscopalem
2725 669 2911 724 sedem
2949 668 3228 723 basilicam
3275 667 3516 722 Dominae
3543 677 3766 731 nostrae,

2181 759 2277 814 Dei
2303 760 2616 830 genitricis,
2655 773 2979 830 semperque
3014 758 3240 828 virginis
3269 758 3452 812 Maria:
3489 759 3766 828 priuetpa-

2179 849 2306 915 lem,
2333 865 2456 905 cum
2485 850 2634 905 omni
2661 864 2757 904 sua
2791 849 3012 918 antiqua
3051 858 3105 904 et
3137 847 3284 918 justa
3323 848 3688 919 pertinentia,
3715 847 3770 902 in

2178 940 2588 1012 baptismalibus
2614 939 2880 1006 ecclesiis,
2908 940 3148 1010 capellis,
3174 941 3545 1006 monasteriis,
3565 956 3772 998 cmme-

2179 1031 2354 1097 teriis,
2383 1029 2838 1100 possessionibus,
2862 1031 3026 1098 villis,
3045 1031 3302 1096 castellis,
3325 1031 3563 1100 pascuis,
3594 1034 3766 1103 agris,

2176 1122 2379 1185 vineis,
2434 1122 2611 1187 silvis,
2661 1124 2851 1193 aquis,
2903 1139 3234 1193 aquarumve
3270 1125 3626 1190 decursibus,
3656 1126 3766 1195 pis-

2179 1216 2379 1281 cariis,
2437 1216 2715 1282 domibus,
2759 1217 3074 1287 mancipiis,
3119 1217 3354 1278 colonis,
3400 1217 3666 1286 peculiis,
3716 1227 3774 1272 et

2178 1323 2300 1362 cum
2332 1308 2580 1363 onmibus
2607 1309 2829 1363 omnino
2858 1309 3038 1371 rebus,
3073 1308 3392 1374 mobilibus,
3424 1319 3479 1364 et
3507 1310 3768 1364 immobi-

2178 1395 2339 1463 libus,
2371 1398 2455 1450 vel
2506 1413 2563 1452 se
2603 1398 2974 1462 moventibus,
3015 1398 3116 1453 sibi
3159 1398 3303 1467 juste
3346 1399 3769 1468 pertinentibus,

2178 1495 2288 1541 tam
2346 1502 2440 1542 eas
2499 1503 2636 1557 quas
2670 1489 2828 1543 modo
2875 1489 3056 1558 quiete
3108 1499 3164 1543 et
3213 1489 3458 1560 legaliter
3503 1489 3769 1556 possidet,

2177 1593 2340 1648 quam
2398 1577 2517 1632 illas
2569 1594 2704 1647 quas
2733 1579 2987 1649 deinceps
3027 1579 3318 1635 collatione
3363 1579 3640 1645 fidelium,
3675 1595 3770 1635 seu

2179 1669 2484 1725 redditione
2524 1671 2606 1726 vel
2639 1672 2940 1740 emptione,
2975 1682 3070 1726 aut
3112 1671 3352 1742 qualibet
3403 1673 3614 1728 ratione
3678 1687 3770 1728 ac-

2178 1761 2396 1832 quirere
2442 1761 2662 1831 poterit.
2693 1761 3090 1818 Confirmamus
3137 1777 3351 1832 quoque
3383 1762 3478 1817 tibi
3512 1763 3764 1818 omnium

2177 1852 2536 1908 ecclesiarum
2569 1853 2732 1907 totius
2762 1861 2868 1908 tuae
2899 1853 3150 1908 dimccsis
3173 1853 3430 1919 decimas,
3461 1854 3766 1924 primitias,

2176 1943 2497 2008 oblationes,
2531 1952 2636 1998 tam
2663 1943 2905 1997 vivorum
2937 1959 3102 2014 quam
3132 1943 3529 2012 defunctorum,
3551 1943 3763 2014 judicia

2177 2032 2532 2098 clericorum,
2579 2043 2635 2088 et
2671 2044 2868 2089 cuncta
2910 2033 3280 2090 ecclesiastica
3333 2033 3540 2098 cilicia,
3586 2045 3649 2090 ut
3700 2051 3768 2090 ex

2176 2124 2527 2195 dispositione
2571 2133 2662 2179 tua
2712 2126 3010 2180 secundum
3049 2125 3367 2181 canonicam
3417 2126 3768 2181 sanctionem

2176 2215 2465 2284 pendeant.
2512 2213 2723 2268 Pariter
2769 2229 2984 2286 quoque
3034 2215 3497 2287 suil‘raganeorum
3549 2224 3769 2271 tuorum

2177 2307 2668 2370 consecrationem,
2702 2308 2937 2362 debitam
2968 2306 3386 2377 subiectionem,
3415 2316 3470 2364 et
3503 2323 3765 2363 reveren-

2177 2397 2306 2450 tiam
2329 2411 2424 2451 seu
2439 2395 2940 2460 obedientiammec
2957 2413 3061 2454 non
3085 2399 3151 2452 ad
3178 2399 3464 2454 concilium
3491 2399 3766 2468 agendum

2177 2486 2616 2541 convocatiouem
2647 2495 2699 2540 et
2726 2487 3127 2551 auctoritatem,
3158 2487 3455 2542 secundum
3479 2502 3644 2542 omne
3671 2488 3768 2556 jus

2175 2579 2320 2649 quod
2356 2579 2788 2650 metropolitanis
2827 2580 2940 2634 suis
2985 2579 3310 2650 sull‘raganci
3357 2580 3620 2634 canonice
3667 2581 3765 2634 dc-

2175 2669 2324 2734 bcnt,
2357 2669 2505 2723 salva
2533 2685 2585 2724 ιιι
2615 2668 2865 2726 omnibus
2893 2679 3093 2724 sancta:
3139 2670 3394 2724 Romanae
3433 2678 3487 2722 ct
3543 2678 3762 2739 aposto-

2177 2761 2292 2816 lica:
2335 2762 2509 2826 sedis,
2548 2770 2608 2816 ut
2658 2763 2879 2833 dignum
2930 2772 3047 2828 est,
3093 2763 3441 2818 auctoritate.
3481 2761 3762 2818 Praeterea

2176 2852 2480 2922 hujusmodi
2531 2855 2700 2909 nostri
2753 2853 3013 2924 privilegii
3074 2864 3258 2909 tenore
3305 2855 3660 2909 concedimus
3708 2863 3764 2908 et

2175 2942 2558 2998 confirmamus
2587 2943 2686 2997 tibi
2717 2958 2873 2998 usum
2913 2943 3051 2998 sacri
3101 2944 3244 3012 pallii
3293 2944 3588 2998 secundum
3619 2943 3763 2997 anti-

2177 3050 2336 3104 quam
2365 3035 2815 3091 consuetudinem
2860 3036 3319 3105 praedecessorum
3373 3045 3618 3096 tuorum,
3653 3050 3759 3103 qua

2177 3135 2576 3186 consueverunt
2621 3139 2686 3186 eo
2722 3127 2804 3184 uti
2852 3126 2906 3184 in
2953 3126 3272 3200 Subscriptis
3321 3124 3761 3184 solemnitatibus

2169 3218 2330 3286 juxta
2352 3221 2633 3291 privilegia
2655 3229 2962 3284 nostrorum
2987 3230 3392 3275 antecessorum
3416 3220 3521 3274 illis
3546 3220 3758 3274 indulta

2174 3314 2494 3383 antiquitus,
2529 3314 2738 3368 scilicet
2765 3313 2818 3367 in
2841 3313 2928 3366 die
2959 3321 3148 3368 sancto
3183 3311 3438 3376 Pascha),
3470 3312 3523 3366 in
3557 3313 3645 3367 die
3672 3327 3758 3366 as‘

2174 3405 2448 3462 censionis
2466 3404 2702 3468 Domini,
2721 3405 2774 3458 in
2794 3404 2879 3459 die
2897 3413 3087 3459 sancto
3100 3403 3470 3468 Peulecostes,
3483 3403 3535 3456 in
3552 3401 3757 3456 Νειιίνί-

2179 3493 2503 3550 tateDomini
2523 3493 2692 3550 nostri
2713 3493 2838 3549 Jesu
2863 3492 3088 3557 Christi,
3112 3494 3164 3546 in
3189 3492 3486 3563 Epiphania
3513 3491 3754 3557 Domini,

2174 3585 2228 3639 in
2249 3585 2413 3640 Coena
2443 3584 2680 3649 Domini,
2706 3585 2759 3638 in
2781 3584 3160 3654 Assumptione
3189 3585 3360 3640 beata
3390 3583 3571 3638 Mariae
3606 3599 3755 3639 sem-

2174 3691 2271 3746 per
2305 3676 2558 3746 virginis,
2589 3675 2641 3730 in
2677 3674 2947 3729 Natalitiis
2983 3675 3224 3729 omnium
3259 3673 3657 3744 apostolorum,
3701 3675 3753 3727 in

2174 3767 2313 3822 festo
2340 3765 2590 3822 Onmium
2619 3765 2974 3831 Sanctorum,
3006 3767 3058 3820 in
3087 3767 3380 3821 festivitate
3420 3764 3478 3819 S.
3521 3765 3744 3820 Marcel-

2173 3859 2268 3914 lini
2298 3858 2531 3929 praefatae
2560 3857 2795 3913 civitatis
2823 3857 3224 3913 Ebreduuensis
3247 3857 3664 3927 archiepise0pi,
3697 3859 3750 3911 in

2173 3950 2524 4006 Dedicatione
2563 3950 2876 4020 principalis
2920 3949 3161 4005 basilicae
3197 3949 3258 4003 B.
3306 3949 3486 4004 Maria:
3533 3965 3750 4018 semper

2172 4041 2416 4110 virginis,
2456 4043 2510 4095 in
2554 4042 2963 4096 consecratione
2988 4043 3359 4111 episcoporum
3384 4081 3398 4105 ,
3440 4041 3494 4096 in
3539 4042 3751 4096 ordina-

2175 4133 2318 4188 tione
2344 4133 2782 4202 presbyterorum
2816 4140 2872 4187 et
2905 4133 3288 4199 diaconorum,
3327 4131 3583 4187 Sabbatis
3611 4131 3756 4200 jeju-

2173 4223 2384 4277 niorum
2407 4231 2460 4277 et
2482 4231 2713 4292 quatuor
2735 4233 3060 4292 temporum,
3087 4232 3143 4278 et
3169 4223 3222 4277 in
3242 4222 3752 4279 consecrationibus

2174 4328 2432 4368 novarum
2454 4323 2509 4368 et
2531 4313 2906 4384 principalium
2937 4314 3307 4371 basilicarum.

533 4498 659 4557 item
710 4481 1137 4557 praedecessores
1187 4476 1270 4557 sui
1329 4477 1464 4557 olim
1515 4478 1788 4533 seiderant
1836 4478 1890 4557 in
1920 4477 2064 4557 _du_o.
2095 4491 2142 4550 ι)
2171 4486 2386 4541 Victore
2409 4500 2568 4556 papa,
2591 4494 2645 4540 et
2680 4485 3020 4557 impetratam
3055 4487 3123 4542 ab
3148 4501 3214 4542 eo
3251 4487 3584 4557 pontificiam
3621 4487 3740 4542 hul-

541 4554 691 4614 (νδσξυ
713 4547 778 4606 an
811 4552 938 4605 mihi
968 4549 1318 4603 faustioribus
1364 4549 1551 4602 avibus
1577 4549 1878 4602 occurrerit
1920 4547 2062 4603 bulla

497 4631 726 4685 victm-i5
762 4621 833 4685 li,
865 4637 967 4690 qua
997 4619 1342 4690 Wiuinranuo
1381 4618 1783 4690 archiepiscopo
1829 4617 2065 4690 Ebredu-

489 4702 662 4759 nensi,
691 4707 852 4769 quem
885 4686 934 4769 in
963 4705 1057 4769 sua
1095 4689 1367 4769 provincia
1399 4686 1632 4769 electum
1662 4686 1846 4768 Victor
1886 4689 2064 4769 ponti-

488 4771 577 4826 fex
606 4756 961 4830 causeam-3,
987 4756 1115 4835 jura
1137 4759 1314 4835 omnia
1340 4759 1687 4835 episcopatus
1709 4757 1790 4810 sui
1813 4756 2061 4835 expedita

487 4841 634 4895 bulla
660 4827 1018 4898 conﬁrmavit:
1061 4829 1225 4882 Perro
1263 4828 1463 4898 bullam
1491 4828 1626 4898 hanc
1645 4827 1834 4898 datam
1874 4827 2061 4898 judico

488 4911 544 4964 in
581 4911 823 4964 Romano
851 4909 952 4962 hoc
973 4898 1207 4962 concilio
1233 4899 1356 4953 anni
1385 4897 1536 4951 lU57.
1561 4897 1725 4966 Cujus
1757 4897 1832 4951 rei
1862 4897 2062 4952 indicio

491 4980 621 5034 mihi
657 4987 783 5050 sunt
803 4979 1037 5050 nomina
1079 4969 1314 5050 plurium
1358 4967 1612 5050 Italorum
1659 4969 2057 5050 episcoporum,

531 5063 612 5120 ua:
639 5047 908 5120 pontiﬁcis
952 5038 1095 5120 illius
1120 5038 1644 5120 litteri:§__3ttl{jtttieta
1688 5038 1754 5092 ex
1789 5038 2060 5120 chartario

531 5063 612 5102 uae
639 5062 908 5118 pontineis
952 5062 1095 5101 lllttls
1120 5062 1315 5100 Illlcrﬂs
1363 5062 1644 5108 SIIUJIIIIBUI
1688 5062 1754 5092 cx
1789 5062 2060 5092 cuarturiu

491 5062 855 5170 Ebredunensi
894 5115 1173 5185 proferunt
1215 5109 1405 5168 Galli:3
1445 5107 1764 5185 Christianae
1809 5117 2061 5185 auctores

491 5186 782 5239 novissime
810 5177 939 5240 toni.
971 5185 1064 5248 Ill,
1094 5200 1216 5254 pag.
1256 5185 1376 5246 178,
1410 5180 1642 5254 nantem}.
1671 5178 1857 5254 annus
1896 5177 2059 5230 docu--

493 5263 678 5334 tuente
704 5255 828 5306 huic
861 5247 1132 5334 subjectus
1162 5247 1282 5334 cum
1311 5247 1558 5334 ascripta
1594 5247 1888 5334 indictione
1923 5262 2055 5334 con:

493 5322 618 5354 ΛῖΙῖιι
677 5317 975 5354 annum-nun;
1061 5323 1254 5354 "nn-aia
1293 5317 1586 5354 ιιῖαηιοη-ηὴιο
1649 5333 1770 5354 nam
1837 5317 1924 5354 hin
1975 5325 2057 5354 ac!

2169 4557 2272 4608 lam
2289 4555 2529 4627 agnoscit
2565 4557 2862 4627 etcxcipit.
2883 4555 3016 4610 Huic
3033 4555 3279 4627 decreto,
3304 4576 3406 4613 non
3432 4575 3560 4614 vero
3589 4557 3744 4613 bull:e

2168 4625 2415 4680 convenit
2446 4627 2568 4678 data
2611 4625 2698 4679 illa
2735 4627 2994 4694 temporis
3025 4625 3207 4681 Nouos
3234 4625 3396 4692 Julii,
3423 4645 3560 4682 αιιηο
3591 4629 3742 4681 tertia

2166 4697 2500 4764 renti/icoms
2544 4695 2740 4748 domini
2786 4713 2934 4763 papae
2994 4697 3218 4750 Victoris
3249 4697 3333 4761 ll,
3367 4699 3647 4752 indictione
3688 4713 3740 4750 π.

2169 4766 2639 4837 '_l‘um"succeduut
2686 4767 2903 4837 nomina
2934 4765 3185 4820 Italorum
3226 4769 3604 4836 episcoporum
3653 4770 3741 4837 qui

2165 4833 2534 4906 interfuerunt,
2565 4844 2612 4888 et
2639 4835 3098 4906 corroboraverunt
3134 4833 3513 4906 hanc‘scripta,
3550 4833 3741 4906 nempe

2166 4899 2396 4968 bullam;
2421 4912 2602 4976 neque
2629 4904 2770 4976 enim
2803 4899 3107 4976 vemfsimile
3143 4915 3224 4960 est
3252 4899 3414 4960 Italos
3441 4899 3603 4976 hosce
3629 4899 3740 4976 epi-

2167 4988 2362 5044 scopos
2399 4971 2675 5028 decretum
2710 4971 2838 5026 illud
2877 4973 3367 5045 Ebreduuensium.
3415 4991 3522 5045 quo
3566 4971 3739 5028 Wini-

2166 5042 2422 5097 luminum
2467 5053 2840 5098 consecratum
2887 5042 2999 5112 jam
3033 5058 3084 5114 7a
3134 5046 3384 5114 pontifice
3432 5042 3734 5109 excipiunt.

2163 5113 2482 5184 auctoritate
2505 5129 2601 5166 sua
2635 5115 3005 5184 conﬁrmasse.
3031 5113 3106 5166 lta
3129 5113 3258 5184 ergo
3281 5129 3402 5184 rem
3412 5125 3583 5184 totam
3606 5130 3734 5167 con-

2162 5184 2322 5252 cipio.
2377 5179 2592 5236 Electus
2659 5198 2686 5234 a
2742 5182 2888 5236 clero
2937 5179 3304 5237 Ehredunénsi
3358 5181 3734 5237 Winimannns

2163 5251 2387 5332 Domum
2410 5252 2583 5320 petiit,
2610 5253 2791 5332 ibique
2814 5266 2844 5332 τι
2865 5252 3118 5332 pontifice
3138 5264 3486 5332 consecratus
3510 5253 3736 5332 concilio

2166 5321 2403 5352 :nlnnruh
2470 5330 2628 5350 ἤι’-..Λ
2653 5323 2705 5350 ζει
2739 5336 2801 5350 ΑΛ
2831 5321 3030 5348 ,ιιιῐιιι-ι
3069 5323 3369 5348 ξΜἎΑΙ--.ςξί
3407 5337 3431 5346 α
3460 5322 3712 5346 _-_a:ﬂ--
