4020 5392
149 229 241 284 837
355 220 838 280 BERENGARIUS
878 219 1266 279 VICECOMES
1305 215 1605 275 NARBON.
1639 246 1707 256 —-
1734 211 2162 284 QUElllMONIA
2213 210 2372 266 ΜΝ.
2414 205 2822 266 GUlFllEDUM
2862 203 3183 263 ARCHIEP.

3296 201 3404 277 838

211 339 345 405 Quin
377 337 541 393 etiam
567 336 634 390 ad
658 336 1084 407 supplementum
1106 334 1472 391 beneﬁcentia:
1493 341 1709 403 aposto-
1737 334 1788 394 Α
1882 326 2086 382 Civitas
2112 323 2536 381 Samasiensium
2565 323 2642 380 vel
2668 321 3049 381 Sanieiecium.

149 430 256 484 lica:
292 437 458 498 atque
489 427 898 498 archiepiscOpo
932 428 1172 498 insigne,
1202 426 1383 483 crucis
1420 425 1713 481 Dominica:

151 520 418 584 vexillum,
448 519 756 588 ubicunque
778 518 869 588 jus
906 519 961 573 in
999 518 1252 590 parochia
1296 526 1383 572 tua
1407 558 1421 581 ,
1449 526 1505 571 et
1540 516 1593 570 in
1622 532 1711 587 pa-

152 614 343 671 rochiis
376 610 839 682 suﬂ'raganeorum
868 620 1105 676 tuorum,
1139 609 1490 665 concedimus
1512 617 1568 664 et
1592 623 1716 663 sau-

153 707 344 769 cimus,
381 704 694 775 apostolica:
736 701 1081 757 auctoritatis
1126 700 1439 771 privilegio,
1491 698 1716 768 bajulari

153 810 270 856 ante
298 810 369 855 te.
419 798 595 854 Porro
637 798 803 869 pallio
840 812 997 853 sacro
1029 798 1103 851 ita
1140 805 1192 850 te
1240 796 1317 850 uti
1367 795 1614 850 volumus
1661 804 1719 849 ut

151 892 426 964 diligenter
449 899 615 960 atque
648 889 933 959 vigilanter
960 889 1264 959 perpendas
1292 886 1438 956 quod
1477 894 1580 941 tua:
1606 884 1719 939 ira.

153 982 380 1039 ternitati
443 981 727 1036 immineat
778 980 1078 1052 agendum;
1134 993 1264 1033 usus
1324 976 1469 1031 illius
1517 977 1720 1031 scilicet

156 1076 285 1130 inter
303 1073 430 1139 alia,
464 1081 534 1126 ut'
551 1086 768 1127 carnem
790 1080 937 1125 tuam
959 1068 1325 1139 cruciﬁgendo
1354 1082 1474 1123 cum
1504 1067 1649 1122 vitiis
1669 1075 1725 1121 et

155 1164 596 1236 concupiscentiis
621 1161 764 1235 (Gal.
782 1178 837 1227 v,
852 1161 1230 1233 24),stigmata
1253 1158 1379 1214 Jesu
1406 1157 1576 1212 Chriti
1600 1172 1722 1212 cum

153 1254 305 1311 Paulo
339 1253 591 1325 apostolo
624 1253 677 1307 in
720 1266 948 1323 corpore
987 1261 1078 1305 tuo
1106 1258 1292 1320 portes
1329 1246 1470 1319 (Gul.
1504 1262 1580 1311 vt,
1614 1246 1722 1315 l7),

155 1357 203 1400 et
227 1360 434 1416 semper
471 1343 955 1399 mortiﬁcationem
988 1341 1133 1396 illius
1175 1342 1227 1395 i'n
1258 1348 1477 1410 pectore
1511 1348 1565 1393 et
1601 1354 1724 1394 sca-

156 1439 282 1509 pulis
320 1434 683 1493 circumferas
720 1434 807 1507 (ll
839 1434 961 1489 Cor.
991 1450 1065 1501 tv,
1096 1432 1220 1503 id);
1252 1447 1362 1487 non
1412 1431 1480 1484 ad
1512 1429 1726 1500 aliquod

157 1529 523 1585 ostentationis
551 1536 657 1583 tua:
687 1537 743 1582 et
764 1527 1055 1598 singularis
1079 1524 1415 1581 excellentia:
1444 1523 1724 1590 indicium,

163 1621 244 1676 sed
273 1622 335 1675 ad
363 1619 852 1675 demonstrandum
890 1633 1053 1674 causa
1093 1614 1632 1673 commemorationis
1673 1624 1730 1670 et

159 1714 458 1769 imitationis
493 1714 690 1769 ovibus
725 1712 823 1767 tibi
863 1712 1172 1767 commissis
1214 1708 1514 1765 Salvatoris
1553 1708 1725 1763 nostri
1758 1684 1805 1745 Β

160 1804 444 1861 venerabile
476 1806 719 1876 signum,
741 1804 831 1873 qui
856 1802 1110 1859 ineliabili
1142 1802 1341 1873 pietate
1361 1816 1518 1856 ovem
1540 1807 1728 1855 cente-

162 1898 330 1951 simam
378 1898 432 1951 in
476 1896 725 1951 humeris
774 1896 887 1951 suis
929 1893 1251 1963 reportavit.
1290 1892 1517 1947 Demum
1566 1891 1734 1963 igitur

162 1988 389 2044 omnibus
417 1988 833 2058 suprascriptis,
863 1985 1172 2056 apostolica:
1200 1985 1347 2040 sedis
1380 1984 1728 2050 auctoritate,

163 2095 246 2149 per
270 2080 365 2135 hoc
388 2086 642 2135 nostrum
658 2078 998 2148 privilegium
1017 2086 1123 2133 tuae
1138 2075 1418 2132 dilectioni
1433 2075 1730 2143 concessis,

163 2178 215 2223 cr
238 2169 487 2226 conﬁrma
501 2170 607 2235 tis,
638 2170 828 2225 eadem
868 2169 1161 2240 apostolica
1198 2166 1528 2224 auctoritate
1562 2168 1733 2223 inter-

165 2261 369 2316 dicimus
404 2262 472 2314 n’e
513 2269 720 2316 temere
748 2260 959 2326 obviet,
1013 2270 1107 2315 aut
1142 2258 1481 2314 contradicat
1512 2257 1729 2327 aliquis.

166 2350 346 2419 Siquis
387 2360 610 2415 autem,
659 2350 806 2420 quod
853 2366 961 2406 non
1012 2358 1271 2419 optamus
1298 2390 1315 2414 ,
1361 2348 1569 2403 nefario
1596 2363 1730 2403 ausu

167 2441 550 2510 praesumpserit
578 2440 704 2495 huic
722 2448 909 2496 nostro
927 2441 1147 2495 decreto
1172 2439 1223 2493 in
1247 2438 1430 2509 aliquo
1458 2438 1733 2493 contraire

166 2530 239 2585 vel
281 2531 580 2603 refragari,
612 2532 729 2587 sive
777 2532 848 2587 sit
879 2531 1319 2595 ecclesiasticus,
1358 2528 1587 2585 clericus
1641 2536 1734 2584 aut

169 2622 334 2688 laicus,
360 2638 576 2687 servus,
598 2629 701 2678 aut
725 2623 893 2689 liber,
928 2638 1121 2693 magna
1152 2619 1237 2676 vel
1273 2634 1440 2691 parva
1479 2633 1730 2689 persona,

170 2716 289 2768 sciat
310 2730 363 2769 se
386 2716 755 2771 anathematis
770 2715 985 2771 vinculo
1008 2715 1322 2770 innodatum
1341 2753 1357 2779 ,
1388 2723 1588 2769 etcum
1620 2714 1739 2767 dia-

173 2804 274 2856 Indo
294 2802 515 2875 ejusque
537 2804 903 2861 atrocissimis
947 2804 1239 2868 ministris,
1266 2814 1428 2873 atque
1457 2801 1734 2858 cumJuda

173 2894 425 2959 traditore,
442 2894 553 2950 nisi
579 2893 718 2949 forte
731 2896 883 2965 prius
914 2894 1453 2965 resipuerit,:eterna:
1478 2894 1737 2964 gehennae

173 2985 424 3053 suppliciis
449 2987 843 3058 deputandum.
882 2988 953 3043 At
981 3001 1112 3042 vero
1138 2987 1385 3057 qmsqnis
1414 2986 1503 3055 pio
1541 2984 1734 3043 intuitu

173 3078 462 3136 sfvscrvator
490 3081 549 3136 in
570 3081 826 3137 omnibus
846 3082 1120 3139 exstiterit
1140 3080 1300 3149 hujus
1326 3080 1496 3137 nostri
1528 3088 1739 3150 aposto-

175 3166 249 3220 lici
292 3171 603 3236 constituti,
650 3171 1044 3228 benedictionis
1078 3173 1308 3243 gratiam
1352 3188 1383 3227 a
1426 3171 1740 3226 misericor-

175 3264 370 3319 dissimo
395 3265 629 3321 Domino
655 3275 843 3321 nostro
872 3266 1243 3335 multipliciter
1270 3274 1657 3335 consequatur,
1681 3272 1736 3319 et

178 3356 281 3407 vita:
305 3367 513 3411 acterna:
536 3372 824 3426 possessor
850 3356 1134 3413 efﬁciatur.
1164 3356 1361 3412 Amen.

235 3445 423 3502 Civitas
455 3448 933 3503 Ebredunensium
954 3447 1295 3518 metropolis.

232 3539 424 3597 Civitas
453 3542 828 3613 Dignensium.

236 3630 425 3687 Civitas
452 3632 859 3705 Solingensium
885 3634 1010 3708 [al.,
1035 3635 1446 3709 Solinensium].

236 3719 424 3777 Civitas
452 3724 957 3797 Rigomagensium.

1887 418 2093 474 Civitas
2116 416 2461 472 Glannatina.

1888 513 2091 568 Civitas
2117 511 2597 577 Semelenentium,
2624 510 2678 566 id
2697 520 2781 566 est
2806 511 3133 567 Nicentium.

1888 610 2089 665 Civitas
2114 608 2457 663 Veciencium
2486 607 2612 680 [al.,
2646 609 3067 681 Vensiontiumj.

1891 704 2096 758 Civitas
2122 701 2408 771 Antipolis,
2442 702 2495 755 id
2529 709 2612 755 est
2639 700 2975 757 Grassensns.

1892 795 2125 863 Antiqua
2187 794 2511 847 auctoritate
2568 800 2880 847 sanctorum
2940 791 3403 863 prredeccssorum

1823 896 2157 951 nostrorum,
2186 884 2363 940 clerus
2383 893 2438 938 et
2460 882 2688 953 populus
2708 882 3111 937 Ebrednnensis
3133 882 3403 953 eligimus,
3421 916 3433 923 ο

1824 979 2107 1032 laudamus
2162 987 2216 1031 et
2249 974 2666 1031 corroboramus
2693 973 3103 1030 Winimannnm
3141 976 3410 1044 archiepi-

1825 1084 2045 1137 scopqu
2074 1068 2125 1121 in
2154 1067 2281 1121 sede
2304 1064 2751 1135 archicpiscopali
2778 1060 3411 1135 Elircd‘unensigvprgeci-

1826 1159 2008 1229 picnte
2038 1172 2252 1212 summo
2294 1155 2549 1225 pontifice
2578 1166 2633 1211 et
2662 1155 2960 1211 universali
2993 1171 3128 1226 papa
3163 1155 3408 1215 Victore.

1827 1254 2188 1309 conﬂrtnantc
2217 1251 2519 1318 Willclmo,
2554 1250 2855 1306 Bcrtrando
2911 1260 2963 1306 et
2986 1248 3284 1311 Gaufrcdo,
3315 1263 3411 1302 seu

1827 1344 2023 1400 Pontio
2055 1343 2232 1398 Diensi
2266 1344 2489 1407 comite,
2519 1343 2593 1397 ita
2623 1352 2677 1396 ut
2709 1340 2997 1412 praesideat
3031 1350 3083 1395 et
3113 1348 3267 1408 regat
3296 1354 3413 1392 ont-

1830 1450 1929 1489 ncs
1948 1434 2212 1488 ecclesias
2238 1434 2563 1503 supradictae
2592 1433 2849 1496 civitatis,
2875 1432 3018 1487 sicut
3037 1431 3299 1500 scriptum
3330 1439 3415 1484 est

1832 1526 1886 1580 in
1916 1526 2219 1597 privilegio,
2243 1525 2386 1595 quod
2407 1524 2660 1580 dominus
2690 1540 2827 1596 papa
2846 1524 3031 1579 Victor
3061 1524 3203 1579 illius
3224 1539 3416 1579 conse.

1832 1627 2015 1673 erator
2039 1617 2363 1672 auctoritate
2408 1616 2650 1672 Romana
2690 1616 2790 1671 sibi
2830 1617 3078 1683 contulit,
3114 1632 3235 1671 cum
3267 1616 3417 1671 (feci‘

1833 1711 1953 1774 mis,
1981 1719 2036 1764 et
2057 1709 2334 1780 primitiis,
2378 1709 2519 1764 sicut
2548 1709 2767 1779 expedit
2794 1709 3202 1780 archiepiscOpo
3233 1717 3420 1762 tenere

1832 1811 1881 1857 et
1914 1802 2218 1870 disponere.
2245 1800 2301 1855 Si
2332 1801 2453 1871 quis
2474 1811 2654 1855 autem
2686 1801 2789 1855 hoc
2810 1800 3087 1855 decretum
3112 1799 3264 1863 inire,
3287 1800 3417 1863 erit,

1834 1891 1937 1947 nisi
1965 1893 2033 1947 ad
2062 1890 2489 1947 satisfactionem
2519 1893 2751 1958 venerit,
2775 1894 2912 1947 sciat
2939 1907 2999 1947 se
3025 1893 3337 1945 damnatum
3364 1901 3421 1946 et

1832 1982 2373 2037 anatltematizatum.
2407 1981 2548 2046 Fiat,
2580 1984 2691 2035 liat.
2716 1983 2909 2037 Amen.
2948 1984 3212 2037 Datum...
3238 1981 3422 2037 Nonas

1833 2076 1959 2131 Julii
1989 2091 2087 2147 per
2114 2091 2308 2132 manus
2344 2076 2563 2131 Araboli
2594 2076 2839 2139 diaconi,
2871 2090 3015 2131 anno
3057 2076 3216 2130 tertio
3243 2074 3425 2145 ponti~

1835 2169 2029 2224 licatus
2056 2168 2261 2223 domini
2294 2182 2446 2237 papa:
2468 2166 2703 2223 Victoris
2728 2169 2973 2234 secundi,
3000 2168 3294 2223 tndictione
3328 2168 3425 2223 de.

1836 2261 1997 2317 cima.
2067 2260 2378 2315 Fridericns
2443 2259 2736 2316 cardinalis
2806 2259 2992 2315 Sancti
3046 2261 3421 2332 Chrysogoni.

1835 2351 2142 2406 Ludovicus
2168 2349 2473 2406 Nucerinus
2508 2353 2811 2422 episcOpus.
2846 2350 3152 2406 Ermannus
3187 2349 3431 2407 Joannes

1836 2442 2096 2498 Senensis
2135 2442 2443 2513 episcopus.
2498 2440 2793 2513 Gregorius
2843 2441 3019 2498 Gnido
3072 2442 3427 2511 Egebincnsis

1836 2536 2163 2607 episcopus;
2222 2550 2347 2589 cum
2415 2534 2613 2605 quibus
2692 2533 3047 2590 Pistoriensis
3096 2550 3423 2605 cpiscOpns,

1836 2642 2027 2683 omnes
2074 2628 2128 2681 h‘i
2180 2626 2547 2680 interfuerunt
2589 2635 2645 2681 et
2684 2625 3015 2682 llumbertus
3062 2626 3245 2682 dictus
3301 2641 3425 2682 car-

1838 2715 2032 2771 dinalis
2072 2717 2357 2785 episcopus
2401 2725 2603 2771 sancta:
2643 2716 2898 2771 Ecclesiae
2939 2715 3103 2772 Silva:
3146 2716 3423 2772 Candida.

1838 2807 2109 2862 Arnoldus
2150 2807 2407 2862 Arctinus
2440 2808 2746 2878 episcopus.
2795 2807 3050 2863 Giraldus
3083 2807 3429 2863 Florentiuns

1837 2898 2141 2967 episcopus.
2200 2896 2552 2953 Castellensis
2599 2898 2907 2970 episcopus.
2946 2898 3223 2971 Litgriuus
3270 2898 3430 2970 Ροιιί-

1839 2989 2026 3044 liensis
2046 2989 2351 3060 episcopus.
2386 2988 2743 3046 Vercellensis
2769 2991 3075 3062 episcopus.
3099 2991 3430 3047 Cimibertus

1844 3080 2197 3136 'l‘aurincnsis
2226 3082 2531 3153 episcopus.
2561 3082 2878 3139 Velitrensis
2910 3084 3225 3154 cpiscopus,
3256 3082 3428 3139 Fesu-

1842 3175 1998 3231 ianus
2018 3176 2328 3246 episcopus,
2351 3175 2583 3234 Pisanus
2611 3178 2916 3250 episcOpus,
2938 3181 3433 3236 corroboravcrnnt

1840 3267 1956 3325 iure
1984 3283 2145 3339 supra
2175 3269 2398 3341 scripta.
2436 3269 2543 3325 Deo
2566 3271 2792 3342 gratias.
2818 3272 3012 3325 Amen.

2585 3387 2682 3443 XX

1876 3476 2118 3548 Epistula
2148 3476 2208 3532 S.
2236 3429 2747 3548 PetriDamirini-ZS.
2788 3478 2857 3535 Ε.
2890 3478 2952 3534 R.
2998 3447 3285 3535 cardinalis
3327 3480 3396 3534 ad

2355 3546 2615 3603 Victorem
2646 3548 2711 3603 11
2737 3567 2949 3620 papam.

1848 3640 2003 3713 (Vide
2028 3641 2083 3698 in
2102 3642 2162 3697 Β.
2194 3642 2358 3699 Petro
2380 3643 2646 3710 Danao,
2672 3644 2737 3699 ad
2767 3660 2857 3701 an.
2889 3643 3047 3704 1702.
3071 3643 3205 3718 Opp.
3236 3654 3365 3701 tom.
3389 3636 3431 3712 l,

2496 3738 2655 3808 epist.
2685 3736 2765 3808 5.)

1286 3961 1466 4004 CIRCA
1517 3962 1737 4005 ANNUM
1799 3963 2031 4007 DOMINI
2087 3964 2290 4009 MLVII.

983 4145 1409 4285 BER
1435 4146 1705 4285 EN
1718 4146 2525 4291 GARIUS

1341 4408 1736 4468 VICECOMES
1780 4410 2286 4469 NARBONENSIS.

862 4611 1755 4747 QUEBIMONIA
1839 4620 2698 4735 BERENGARII

191 4770 1448 4874 Ad't‘frsus‘Gziifreriumprchicpiscopum
1474 4791 1959 4874 Narbonensem,
1984 4796 2327 4873 proposita
2369 4794 2436 4855 in
2462 4795 2735 4857 concilio
2775 4798 2951 4874 apud
2985 4797 3275 4861 Tolosam
3321 4801 3440 4862 Ιιαι

259 4855 519 4958 ξδξξιξιξυὸ
571 4855 1355 4958 Βὰίηιρ-αιᾴορζςῖρτᾳῃέἰ,
1396 4880 1449 4931 et
1479 4871 1714 4932 Pontio
1745 4855 2051 4952 Aqucvis‘i,
2089 4855 2608 4954 archiepiscopis,
2650 4855 3451 4958 νίςίδγίένεξενιῆιᾶἱήρἀῖω

258 4931 483 5014 legatis,
516 4961 677 5004 anno
717 4946 965 5009 Christi
995 4949 1149 5010 1056
1193 4947 1299 5029 (1).

754 5066 936 5140 (Apud
960 5066 1128 5122 Maasr
1157 5066 1363 5124 Concil.
1408 5077 1538 5124 tom.
1581 5068 1721 5137 XIX,
1757 5071 1861 5126 col.
1885 5074 2012 5141 850,
2048 5090 2114 5130 ex
2138 5071 2353 5142 Baluz.,
2406 5073 2575 5132 Cone.
2610 5074 2875 5140 Narlzon.)

1560 5191 1944 5209 —_—

258 5231 594 5331 Sattcmlittic
615 5247 1098 5320 conglomerationi
1158 5248 1485 5306 vicariorum
1520 5249 1639 5318 Dei,
1670 5255 1822 5316 le-D
1851 5256 2027 5311 uentis
2076 5254 2219 5309 beati
2271 5253 2416 5308 Petri
2468 5256 2832 5325 apostolorum
2879 5257 3169 5329 principis,
3231 5254 3467 5331 eiusque

197 5328 313 5392 gulis
336 5331 533 5389 scilicet
549 5343 735 5392 summi
775 5340 1054 5392 nonliﬁcis
1091 5341 1340 5392 Romani.
1385 5342 1560 5392 vicem
1597 5348 1741 5392 nlui-

1853 5348 1968 5392 νίορ
2026 5345 2394 5392 fnnrmntilms-
2450 5348 2875 5392 ῃνριιίρηὶςιοιιιιίς

2925 5353 2975 5392 νῖ
2985 5353 3181 5392 αΙηΙῖριοι
3240 5358 3299 5392 4³1
3350 5355 3469 5392 uni-
