4020 5392
568 333 679 392 εδσ

1590 328 2000 386 canescunt
2045 304 2478 384 VICECDMITIS
2519 327 2803 384 Μιιιιοπ

3725 334 3828 391 8ιο

572 445 771 517 scopis,
789 456 887 500 nec
902 448 1078 498 nonet
1097 439 1381 497 abbatibus
1399 440 1537 495 hanc
1557 440 1614 496 in
1636 439 1901 512 synodum
1920 448 2163 495 sanctam
2192 443 2237 500 .-\
2268 448 2492 506 motum,
2539 454 2731 510 meque
2792 450 2982 495 contra
3035 456 3096 498 se
3123 440 3196 496 ita
3227 441 3341 499 fore
3388 443 3698 512 molestum,
3740 463 3831 502 ae-

571 536 907 601 sisteutibus,
935 549 999 589 ex
1025 531 1290 590 catholica
1321 530 1425 587 ﬁde
1467 529 1848 595 tractantibus.
1877 529 1993 585 haec
2017 544 2152 600 que-

571 628 800 686 rimonia
834 641 939 685 non
966 624 1172 679 modica
1197 623 1318 678 ideo
1350 631 1647 693 praesentat
1669 631 1728 676 ut
1766 630 1823 677 et
1860 621 2071 690 legatur
2099 629 2155 676 et

569 720 842 783 audiatur,
873 714 1214 785 dijudicozur,
1249 722 1412 783 atque
1442 712 1750 769 deﬁniatur.
1790 709 1918 778 Sed,
1960 721 2019 767 ut
2040 710 2153 781 ple-

571 812 693 868 nius
713 808 1056 879 dijudicetnr.
1084 805 1151 859 ad
1176 803 1438 870 originem
1478 801 1801 856 inchoetur:

638 900 751 971 Ego
786 895 1162 967 Berengarius,
1185 893 1453 949 Narbona:
1501 892 1651 946 urbis
1676 889 1987 962 proconsul,
2023 904 2151 960 que-

570 992 855 1049 rimoniam
881 990 1022 1045 hanc
1046 987 1198 1042 vobis
1224 985 1476 1041 omnibus
1501 982 1640 1038 facio
1668 980 1866 1054 palam,
1894 996 2056 1051 quam
2086 981 2153 1036 de

570 1080 990 1150 metropolitano
1044 1092 1165 1133 meo
1212 1074 1380 1133 fratre
1423 1082 1607 1129 vestro
1659 1071 1832 1127 habeo
1876 1086 2146 1139 magnam.

566 1174 1080 1246 Arcbiepiscopatus
1130 1169 1330 1241 quippe
1403 1165 1670 1221 Narbona:
1724 1162 1825 1219 fuit
1867 1161 2148 1231 cujusdam

567 1266 818 1322 avunculi
864 1264 990 1327 mei,
1025 1259 1386 1332 Ermengaudi
1440 1256 1852 1327 archiepiscopi,
1892 1255 2046 1325 cujus
2095 1256 2147 1310 in

569 1359 759 1415 diebus
781 1358 918 1413 idem
942 1362 1282 1425 episcopatus
1307 1367 1447 1407 unus
1481 1361 1599 1407 erat
1620 1366 1688 1406 ex
1717 1350 2031 1406 melioribus
2056 1349 2147 1419 qui

534 1482 539 1487 -
569 1461 696 1507 sunt
725 1451 790 1504 de
822 1448 991 1502 Roma
1036 1460 1205 1515 usque
1234 1443 1502 1516 llispania:
1555 1443 1770 1510 ﬁnibus,
1799 1441 1942 1498 villis
1986 1450 2148 1514 atque

568 1540 806 1596 castellis
833 1537 1054 1600 ditatus,
1080 1536 1294 1606 prmdiis
1318 1544 1376 1589 et
1394 1534 1589 1591 alodiis
1626 1534 2012 1604 locupletatus;
2054 1548 2147 1589 cu-

562 1634 654 1703 jus
678 1630 904 1687 ecclesia
933 1628 1093 1699 plena
1139 1635 1256 1682 erat
1309 1627 1610 1690 codicibus,
1650 1624 1834 1680 aureis
1883 1624 2145 1678 adornata

569 1723 767 1780 tabulis
800 1730 854 1778 et
889 1719 1109 1775 scriniis
1156 1726 1208 1774 et
1240 1717 1515 1780 crucibus,
1569 1716 1748 1773 aureis
1784 1714 2023 1785 fulgebat
2045 1730 2142 1770 eoo

2254 534 2462 606 quievit
2490 546 2626 587 mea:
2647 532 2907 588 voluntati
2948 539 3003 588 et
3035 532 3391 603 petitionibus
3430 540 3827 605 prmmemorati

2253 624 2533 688 Gaufredi,
2557 632 2720 694 atque
2743 624 2885 679 inter
2907 638 2967 681 se
2994 632 3049 679 et
3075 625 3328 681 comitem
3352 626 3578 684 Rutenis
3596 628 3831 698 acceptis

2252 726 2468 775 centum
2500 714 2668 769 millia
2699 714 2911 781 solidis,
2940 715 3172 785 pretium
3207 731 3307 787 pro
3327 717 3647 788 episcopatu
3681 719 3828 777 dedi-

2252 821 2523 863 muscum
2553 814 2852 875 pramotato
2901 804 3014 863 ﬁlio
3063 821 3163 861 suo
3214 807 3442 863 antistiti
3491 810 3831 879 nostro;qui

2243 896 2618 967 jurejurando,
2650 896 2926 966 Deumque
2956 897 3228 963 testando,
3262 897 3404 952 dixit
3453 899 3613 955 nobis
3670 915 3830 955 suum

2250 988 2455 1042 dictum
2479 987 2692 1042 ﬁrmum
2714 995 2771 1041 et
2802 986 2960 1042 ﬁdem
3009 987 3243 1053 ﬁrmam,
3295 988 3422 1059 quia
3470 989 3519 1045 si
3573 988 3664 1044 ille
3697 988 3833 1044 foret

2251 1078 2479 1134 antistes
2517 1086 2728 1143 noster,
2755 1086 2817 1132 ut
2838 1076 2946 1132 fuit
2972 1085 3027 1132 et
3055 1087 3158 1143 est,
3187 1078 3354 1133 ullum
3379 1090 3626 1134 nostrum
3655 1093 3834 1148 neque

2250 1171 2317 1225 de
2338 1168 2540 1225 nostris
2561 1184 2668 1224 non
2683 1184 2805 1225 esse
2833 1169 3114 1236 damnum,
3164 1185 3342 1241 neque
3364 1172 3623 1227 damnum
3663 1173 3833 1241 ipsius

2249 1268 2579 1330 episcopatu.
2601 1259 2837 1315 Sedente
2858 1270 3040 1316 autem
3068 1261 3160 1316 illo
3179 1261 3234 1317 iu
3257 1262 3531 1327 cathedra,
3569 1272 3628 1320 et
3670 1273 3832 1320 mtate

2248 1362 2411 1421 atque
2438 1353 2645 1408 honore
2669 1363 2950 1409 crescente
2971 1355 3099 1409 dum
3130 1355 3261 1411 ﬁsus
3288 1370 3438 1410 eram
3465 1364 3524 1411 ut
3556 1356 3833 1426 ipseesset

2248 1444 2377 1498 mihi
2400 1444 2608 1516 auriga,
2648 1454 2705 1501 et
2745 1460 2900 1500 arma
2926 1454 2982 1500 et
3017 1445 3239 1517 clypeus
3268 1455 3459 1502 contra
3505 1457 3829 1505 cunctorum

2247 1539 2483 1595 hostium
2527 1539 2654 1606 tela,
2675 1549 2734 1596 et
2764 1550 3095 1597 memoraret
3132 1541 3658 1610 consanguinitatem
3694 1556 3830 1598 mea

2247 1631 2451 1694 uxoris,
2480 1641 2534 1686 et
2557 1631 2691 1686 tanti
2718 1630 2894 1709 locum
2927 1631 3168 1697 honoris,
3223 1633 3277 1686 in
3317 1648 3428 1702 quo
3451 1632 3676 1701 adjutus
3705 1649 3828 1688 sum

2248 1736 2447 1791 ponere
2474 1720 2646 1786 illum,
2671 1731 2727 1778 et
2755 1730 2815 1777 ut
2841 1722 2969 1777 mihi
3005 1733 3126 1777 erat
3161 1731 3412 1788 testatus,
3448 1723 3672 1794 juvaret
3693 1724 3827 1779 mibi

567 1817 715 1874 ronis
767 1813 1127 1888 pretiosisque
1173 1812 1460 1883 lapidibus.
1500 1809 1900 1867 (ianonicorum
1945 1806 2145 1863 ibidem
2179 1793 2223 1853 Β
2251 1811 2512 1866 honorem
2541 1819 2725 1867 tenere
2756 1822 2920 1882 atque
2951 1812 3186 1879 habere,
3216 1822 3346 1868 tunc
3388 1793 3637 1885 surgens,
3669 1817 3828 1885 quasi

566 1910 860 1966 multorum
884 1923 1045 1963 voces
1066 1906 1231 1962 certis
1266 1904 1415 1960 horis
1461 1903 1840 1967 audiebantur,
1872 1900 2148 1956 orationes

566 2000 860 2064 dabantur,
885 2007 939 2054 ct
959 1995 1199 2051 omnium
1239 1994 1505 2050 bonorum
1549 2006 1772 2063 Operum
1799 1990 2149 2047 incrementis

565 2091 766 2148 ibidem
810 2090 1131 2161 agebantur.
1191 2085 1381 2142 Castra
1445 2093 1627 2140 autem
1672 2082 1850 2154 ipsius
1895 2081 2146 2137 ecclesiae

564 2194 620 2240 et
639 2183 814 2247 villas,
845 2181 1069 2253 praedia,
1110 2188 1166 2235 et
1211 2177 1590 2248 possessiones
1628 2191 1737 2229 non
1764 2189 1793 2229 a
1823 2173 1972 2228 laieis
1998 2172 2146 2227 frue-

562 2277 781 2340 bantur,
836 2274 930 2329 sed
974 2289 1003 2326 a
1054 2270 1442 2326 fmnulautibus
1475 2269 1528 2323 in
1559 2284 1622 2325 ea
1655 2268 1766 2322 Deo
1795 2267 2149 2337 possideban-

564 2378 672 2422 tur.
700 2366 994 2422 Ecclesium
1030 2379 1160 2418 vero
1188 2362 1330 2417 illam
1370 2362 1497 2416 olim
1549 2361 1670 2432 pius
1689 2377 1780 2415 rex
1812 2359 2038 2414 Carolus
2066 2357 2145 2412 fa-

564 2457 915 2520 bricaverat,
966 2463 1130 2524 atque
1172 2452 1225 2525 in
1276 2453 1483 2507 honore
1538 2460 1850 2506 sanctorum
1908 2446 2044 2503 Justi
2090 2456 2146 2501 et

560 2540 1143 2601 Pastoris'consecrare
1173 2540 1399 2606 fecerat,
1433 2549 1488 2595 et
1518 2555 1637 2594 eam
1670 2536 2142 2609 inclytecastellis,

561 2648 617 2692 et
649 2637 786 2692 villis
827 2632 1333 2704 terrisqnelocarat,
1365 2642 1420 2688 et
1446 2631 1641 2694 vineis,
1669 2629 1812 2685 sicut
1855 2637 1909 2684 et
1936 2643 1966 2682 a
1999 2638 2144 2685 vete-

563 2741 816 2783 ranorum
856 2726 1084 2780 traditur
1130 2724 1308 2789 dictis,
1345 2733 1401 2779 et
1447 2732 1508 2778 ut
1537 2720 1734 2793 legitur
1777 2720 1830 2775 in
1876 2719 2142 2790 regalibus

561 2819 800 2889 ejusdem
830 2817 1084 2873 Ecclesia:
1106 2816 1408 2886 praeceptis.
1466 2812 1731 2870 Defuncto
1766 2822 1949 2868 autem
2004 2827 2143 2882 pra:-

561 2912 675 2967 fato
712 2912 847 2966 diva:
869 2908 1143 2964 memoria:
1198 2906 1632 2976 archiepiscopo,
1679 2904 1969 2962 Guifredus
2008 2904 2140 2958 Cer-

560 3000 897 3069 daniensium
920 3014 1125 3063 comes,
1167 2995 1471 3051 Narbonam
1501 2996 1709 3060 adiens,
1732 2993 1889 3062 cujus
1912 3008 2141 3047 consan-

559 3095 813 3164 guiueam
845 3106 945 3163 ego
983 3089 1097 3161 jam
1147 3089 1488 3161 possidebam
1541 3103 1789 3152 uxorem,
1851 3084 2140 3155 exquisivit

561 3193 819 3254 utrosque
859 3189 1109 3251 parentes
1158 3194 1308 3235 meos
1328 3187 1385 3234 et
1446 3193 1532 3233 me
1578 3179 1751 3248 ipsum
1796 3176 1863 3230 de
1914 3174 2142 3246 prmfato

482 3320 485 3323 .
562 3273 1030 3343 archiepiscopum
1081 3269 1148 3324 ad
1177 3286 1312 3341 opus
1341 3269 1435 3324 ﬁlii
1459 3269 1541 3323 sui
1594 3267 1941 3340 suprascripti
1969 3265 2140 3320 nostri

565 3364 851 3428 antistitis,
884 3364 976 3431 qui
1023 3376 1128 3416 non
1156 3370 1276 3416 erat
1300 3360 1476 3414 adhuc
1496 3359 1599 3414 nisi
1639 3360 1825 3413 decem
1852 3372 2143 3419 annorum,

561 3465 618 3510 et
670 3456 955 3526 spopondit
1007 3471 1103 3525 pro
1150 3470 1216 3509 eo
1271 3468 1523 3523 magnum
1579 3453 1710 3508 dare
1758 3450 1957 3506 dontnn
1998 3451 2142 3505 inter

562 3545 818 3602 comitem
857 3544 1086 3599 Rutenis
1117 3553 1171 3599 et
1221 3552 1427 3613 patrem
1473 3557 1651 3597 meum
1702 3551 1919 3598 centum
1972 3540 2138 3596 millia

569 3636 887 3692 solidorum.
920 3632 1026 3689 Sed
1057 3642 1211 3704 pater
1251 3649 1402 3688 mens
1445 3641 1499 3688 et
1550 3641 1723 3687 mater
1768 3646 1884 3686 mea
1930 3646 2035 3687 non
2087 3632 2137 3687 ei

563 3724 1001 3795 acquiescebant.
1057 3723 1169 3793 Ego
1207 3732 1409 3786 autem,
1461 3736 1646 3776 amore
1687 3729 1851 3775 tantae
1905 3736 2138 3775 consan-

561 3815 838 3887 guinitatis
862 3813 1056 3868 ductus
1082 3824 1135 3865 et
1165 3811 1527 3867 simulationis
1556 3811 1834 3865 amicitate
1856 3809 2135 3880 deceptus,

561 3906 838 3978 segregavi
886 3920 970 3959 me
1016 3919 1112 3973 pro
1151 3903 1253 3958 hac
1299 3918 1356 3956 re
1420 3918 1449 3956 a
1486 3902 1761 3958 consortio
1832 3901 2135 3973 genituram

564 4012 844 4062 meorum;
874 4004 947 4060 et,
979 3994 1081 4050 nisi
1107 3994 1234 4049 mihi
1260 3994 1677 4069 acquievissent,
1737 3993 2030 4047 arbitratus
2062 3994 2133 4047 fui

564 4090 869 4145 interﬁcere
945 4088 1085 4143 illos.
1140 4088 1380 4143 Cernens
1430 4088 1576 4142 enim
1627 4098 1783 4157 pater
1849 4101 2000 4140 meus
2050 4099 2135 4139 me

563 4203 807 4257 rmndem
836 4201 1240 4270 memoriarum,
1267 4215 1389 4270 quae
1416 4214 1545 4255 vero
1571 4200 1767 4255 docent
1804 4214 1999 4270 graves
2022 4208 2133 4254 tum

563 4272 964 4341 controversias
993 4269 1164 4325 fuisse
1205 4271 1344 4341 inter
1372 4269 1833 4341 arcliiepisc-Opmn
1882 4279 1938 4324 et
1991 4270 2135 4341 vice-

561 4342 836 4397 comitem.
860 4340 966 4394 Sed
995 4355 1094 4407 ego
1125 4349 1183 4392 nt
1228 4340 1383 4393 aliter
1423 4340 1650 4394 sentiam
1697 4340 1902 4395 faciunt
1944 4340 2130 4395 multa.

564 4413 700 4467 Nam
756 4412 856 4465 ista
914 4410 1247 4478 querimonia
1295 4408 1499 4477 prolata
1547 4410 1645 4463 fuit
1698 4425 1881 4464 coram
1942 4410 2131 4479 legatis

2249 1901 2518 1969 diabolus,
2545 1904 2781 1973 superbe
2827 1913 2993 1974 atque
3041 1914 3268 1974 repente
3313 1906 3662 1960 exacerbavit
3714 1920 3826 1969 me,

2248 2003 2302 2059 et
2335 1996 2645 2065 provocavit
2675 1995 2742 2049 ad
2767 1995 3109 2053 iracundiam
3141 1996 3508 2052 etmdiﬁcavit
3536 2013 3706 2067 super
3742 2012 3830 2052 me

2248 2097 2448 2155 castra,
2474 2089 2730 2159 venitque
2758 2105 2881 2145 cum
2922 2090 3126 2162 ingenti
3156 2090 3400 2147 exercitu
3428 2106 3596 2161 super
3627 2105 3741 2157 me,
3775 2099 3829 2144 et

2246 2179 2371 2237 fecit
2402 2180 2533 2236 tuihi
2571 2195 2827 2250 guerram
2875 2182 3171 2245 crudelem,
3213 2190 3270 2237 et
3315 2180 3468 2237 fuere
3505 2182 3826 2251 interempti

2246 2286 2347 2341 pro
2377 2284 2440 2325 ea
2470 2285 2536 2324 ex
2570 2278 2801 2340 utraque
2830 2279 2984 2338 parte
3012 2269 3127 2326 fere
3175 2270 3347 2325 millia
3369 2271 3638 2326 homines.
3669 2271 3830 2327 Tunc

2248 2374 2376 2414 vero
2401 2367 2607 2427 castra,
2628 2370 2685 2413 et
2723 2360 2897 2428 villas,
2927 2361 3127 2431 praedia
3167 2370 3223 2415 et
3248 2363 3650 2431 possessiones,
3700 2377 3828 2432 qua

2246 2459 2402 2507 erant
2456 2451 2511 2507 in
2573 2452 2869 2508 dominium
2923 2453 3160 2524 praefata:
3201 2454 3489 2519 ecclesize,
3548 2456 3713 2511 ﬁscos
3770 2464 3828 2509 et

2245 2543 2615 2611 possessiones
2635 2544 3049 2611 canonicorum,
3102 2555 3159 2601 et
3184 2560 3412 2616 qumque
3440 2560 3507 2601 ex
3538 2548 3826 2601 communi

2245 2646 2422 2699 erant,
2468 2635 2694 2692 abstulit
2746 2638 2858 2693 Deo
2900 2646 2958 2693 et
3002 2636 3392 2695 famulantibus
3432 2638 3507 2704 ei,
3558 2638 3826 2709 deditque

2244 2725 2460 2781 diabolo
2512 2742 2577 2783 ac
2630 2727 2991 2791 militantibus
3036 2729 3134 2785 illi.
3177 2730 3241 2785 Et
3269 2731 3342 2785 ita
3383 2730 3492 2785 alia
3529 2730 3720 2785 omnia
3750 2732 3824 2785 ad

2244 2813 2490 2873 laicalem
2534 2820 2695 2874 vertit
2737 2834 3045 2888 censuram,
3080 2831 3139 2876 ut
3165 2824 3329 2878 etiam
3384 2838 3582 2878 omnes
3628 2823 3821 2893 quica

2244 2909 2523 2981 possident
2550 2910 2705 2981 quasi
2730 2926 2825 2980 per
2859 2911 3035 2968 alodia
3068 2914 3267 2969 habent
3293 2923 3543 2984 paterna.

2313 3002 2457 3057 lntcr
2485 3002 2599 3058 haec
2621 3012 2803 3058 autem
2841 3002 3137 3059 Eriballum
3167 3003 3584 3083 L'rgellitenscm
3614 3022 3823 3077 praesu-

2245 3093 2350 3149 lem
2410 3092 2636 3163 contigit
2697 3093 2857 3150 mori.
2920 3093 2987 3149 Et
3042 3095 3299 3165 pnefatus
3370 3098 3822 3170 archiepiscopus

2244 3186 2526 3255 acquisivit
2582 3186 2731 3240 illum
2781 3187 3148 3259 episcopatum
3197 3190 3266 3243 ad
3320 3204 3458 3259 Opus
3492 3190 3687 3246 fratris
3730 3193 3817 3247 sui

2242 3274 2513 3332 Guilielmi
2566 3277 2674 3347 (2),
2723 3287 2777 3331 et
2799 3279 3086 3348 spopondit
3134 3281 3266 3335 dare
3320 3296 3417 3349 pro
3474 3296 3542 3336 eo
3596 3292 3816 3337 centum

2240 3368 2408 3423 millia
2436 3368 2658 3424 solidos.
2702 3368 2859 3435 Quod
2907 3369 3040 3424 mihi
3073 3370 3208 3425 satis
3259 3371 3513 3437 libuerat,
3553 3372 3600 3427 si
3634 3388 3814 3428 meum

2240 3463 2498 3515 damnum
2523 3475 2629 3514 non
2661 3469 2830 3515 esset.
2881 3460 3124 3516 Firmato
3150 3472 3336 3518 autem
3382 3473 3536 3519 tanto
3587 3479 3815 3521 munere

2239 3563 2338 3619 pro
2366 3550 2483 3620 ipso
2513 3550 2847 3620 episcopatu,
2879 3550 3318 3622 archiepiscopus
3340 3566 3811 3623 praememoratus,

2239 3644 2415 3698 hostis
2441 3644 2529 3698 Dei
2554 3654 2607 3698 et
2628 3645 2885 3710 hominis,
2917 3646 2984 3701 ad
3014 3648 3197 3703 sedem
3222 3663 3375 3703 suam
3400 3650 3621 3707 rediens
3651 3664 3815 3722 atque

2239 3735 2541 3790 Ecclesiam
2577 3751 2731 3792 suam
2776 3738 2985 3803 adiens,
3031 3740 3312 3797 thesauros
3338 3757 3607 3814 quosque,
3651 3748 3744 3816 qui
3779 3763 3810 3801 a

2238 3827 2550 3883 conditione
2607 3828 2658 3883 in
2712 3844 2832 3884 eam
2885 3832 3195 3901 congregati
3263 3844 3440 3901 erant,
3512 3838 3811 3892 subtraxit.

2238 3918 2473 3974 Tabulas
2500 3934 2651 3985 vero,
2696 3931 2753 3976 et
2807 3923 3144 3992 postabulas,
3195 3935 3252 3980 et
3300 3942 3495 3982 cruces
3521 3936 3579 3982 et
3606 3931 3808 3984 scrinia

2239 4009 2590 4079 reliquiarum
2644 4028 2808 4067 aurea
2857 4022 2912 4067 et
2950 4026 3205 4085 argentea
3232 4018 3549 4071 excoriavit.
3579 4018 3813 4075 Patcnas

2236 4100 2457 4171 insuper
2484 4102 2714 4158 calicum
2774 4120 2971 4161 aureas
3022 4108 3110 4162 vel
3162 4116 3471 4177 argenteas,
3507 4110 3598 4165 ubi
3622 4122 3808 4167 sancta

2234 4212 2538 4267 municatus
2564 4212 2739 4267 fuerat
2762 4228 2921 4272 quam
2948 4231 2977 4271 a
3003 4213 3239 4271 Victore.
3270 4216 3468 4272 Baccz.

2305 4282 2382 4353 (2)
2412 4278 2622 4357 finiri;
2647 4278 3042 4357 suiCuilielmi.
3085 4287 3321 4357 Contigit
3343 4288 3482 4342 istud
3514 4288 3665 4343 circa
3716 4306 3811 4344 an-

2234 4366 2359 4426 num
2397 4353 3003 4426 pluristi‘millesimum
3037 4353 3505 4426 quadragesimum
3549 4360 3808 4426 primum.

2232 4421 2363 4476 Nam
2396 4423 3013 4497 Heribaldns‘episcopas
3043 4421 3368 4497 Urgellehsis
3402 4421 3611 4482 viverat
3634 4430 3813 4485 adhuc

562 4481 759 4566 summi
788 4480 1080 4561 pontiﬁcis,
1133 4489 1413 4561 prasente.
1449 4478 2126 4566 ltailtibtiltlo,u'_Arelatensi

2244 4509 2373 4566 ιιιιιο
2400 4495 2548 4566 1049,
2586 4511 2649 4566 xv
2682 4478 2800 4547 Kal.
3119 4478 3366 4566 ῗινιί

562 4548 990 4619 archiepiscopo,
1024 4559 1076 4604 et
1096 4549 1313 4618 quitem
1364 4549 1578 4604 vivente
1619 4565 1753 4619 papa
1788 4548 2027 4614 Victore,
2075 4561 2133 4606 ut

560 4636 663 4690 ego
688 4620 1189 4690 tittidleljll‘bill‘Ot‘.
1215 4619 1428 4673 Scimus
1448 4629 1629 4672 autem
1657 4620 1861 4689 legatos
1885 4620 2130 4690 ejusdem

563 4688 838 4752 Victoris,
892 4689 1266 4743 Raimbaldum
1321 4688 1735 4755 Arelatensem,
1778 4698 1834 4743 et
1882 4688 2131 4745 Pontium

562 4762 902 4831 Aquensem,
950 4759 1705 4831 archiepiscopus,Asynodnm
1758 4759 1811 4831 in
1866 4758 2132 4831 Tolosaua

562 4827 697 4888 urbe
718 4831 1079 4886 celebravisse
1107 4827 1248 4882 anno
1293 4827 1581 4893 1056,'cni
1631 4828 1872 4884 interfuit
1914 4827 2130 4886 Guifre-

564 4902 690 4967 dus,
720 4901 1080 4955 Narbonensis
1103 4898 1558 4969 archiepiscopus.
1588 4898 1810 4969 Deinde.
1837 4900 1951 4955 hanc
2001 4917 2132 4969 que—

562 4971 794 5040 rinionia
832 4971 1010 5024 habita
1062 4977 1145 5023 est
1198 4967 1508 5040 itrsynOtlo
1557 4970 1641 5023 cui
1687 4967 2032 5040 Lodovensis—
2077 4982 2132 5026 et

564 5038 878 5084 Ηριριιριιςίς
935 5040 1203 5084 antistites
1231 5038 1519 5084 affuerunt-
1572 5042 1638 5084 Λι
1667 5039 1997 5084 Rnemgzmm
2033 5041 2133 5082 [η-

2235 4564 2314 4638 rio
2340 4564 2577 4638 ecclesiae
2604 4564 2944 4638 lirgellensis.
2983 4564 3299 4622 Guilielmus
3321 4578 3501 4623 autem
3520 4570 3812 4638 episcopus

2236 4633 2586 4705 llrgellensis,
2621 4633 2891 4690 lleribaldi
2936 4651 3241 4703 successor,
3288 4639 3532 4693 interfuit
3555 4633 3811 4695 'cunc'dio

2233 4702 2564 4777 Narbonensi
2597 4722 2739 4759 anno
2770 4706 2923 4768 1043,
2953 4722 3041 4777 ω
3097 4702 3231 4761 Kal.
3264 4709 3484 4777 Aprilis.
3535 4708 3813 4766 Fortassis

2234 4790 2363 4845 ergo
2391 4776 2439 4828 id
2468 4784 2646 4845 actum
2675 4790 2819 4829 anno
2848 4776 3003 4839 lilii,
3033 4778 3114 4832 vel
3155 4776 3462 4832 initio’anni
3501 4780 3660 4840 "HS.
3686 4797 3811 4835 cum

2232 4843 2412 4899 statim
2434 4845 2577 4898 dicat
2605 4843 2958 4918 Bereugarius
2997 4846 3313 4902 Guifrednm
3342 4848 3812 4918 archiepiscopum

2233 4929 2591 4986 congregasse
2620 4916 2904 4970 concilium
2942 4932 3048 4971 non
3100 4918 3366 4972 modicum
3409 4916 3549 4986 apud
3606 4916 3815 4974 Narbm

2232 4999 2355 5039 nem
2404 4984 2541 5037 haud
2573 4986 2740 5055 multo
2779 4996 2900 5055 post
2935 5002 3098 5055 quam
3147 4984 3489 5043 Guiliehnuin
3533 4987 3813 5045 locaverat

2955 5065 3002 5080 ..Δ
3054 5059 3176 5080 Ι...Ϊ..
3226 5072 3303 5080 ..-κ
3364 5058 3446 5078 312-
3495 5058 3603 5078 2--.,
3644 5060 3720 5078 ’γε

2234 5055 2285 5082 :n
2320 5056 2572 5082 nnl'nnJ-on
2606 5053 2899 5082 ΙἹ--Αηιίημηῖ
