  <div class='ocr_page' id='page_1' title='image "/cluster/home/n/w/nwhite01/storage/ocr_20150623/143/hvd.32044015471816/424.png"; bbox 0 0 4020 5392; ppageno 0'>
   <div class='ocr_carea' id='block_1_1' title="bbox 226 326 327 386">
    <p class='ocr_par' dir='ltr' id='par_1_1' title="bbox 226 326 327 386">
     <span class='ocr_line' id='line_1_1' title="bbox 226 326 327 386; baseline 0 0"><span class='ocrx_word' id='word_1_1' title='bbox 226 326 327 386; x_wconf 68' lang='grc' dir='ltr'><strong>ειι</strong></span> 
     </span>
    </p>
   </div>
   <div class='ocr_carea' id='block_1_2' title="bbox 1084 322 2722 399">
    <p class='ocr_par' dir='ltr' id='par_1_2' title="bbox 1084 322 2722 399">
     <span class='ocr_line' id='line_1_2' title="bbox 1084 322 2722 399; baseline -0.001 -12"><span class='ocrx_word' id='word_1_2' title='bbox 1084 326 1513 399; x_wconf 69' lang='lat' dir='ltr'><strong>QUERIMONIA</strong></span> <span class='ocrx_word' id='word_1_3' title='bbox 1548 325 1921 386; x_wconf 71' lang='lat' dir='ltr'><strong>ADVERSUS</strong></span> <span class='ocrx_word' id='word_1_4' title='bbox 1956 322 2362 386; x_wconf 71' lang='lat' dir='ltr'><strong>GUIFREDUM</strong></span> <span class='ocrx_word' id='word_1_5' title='bbox 2402 325 2722 387; x_wconf 75' lang='lat' dir='ltr'><strong>ARCliiEP.</strong></span> 
     </span>
    </p>
   </div>
   <div class='ocr_carea' id='block_1_3' title="bbox 3386 336 3495 395">
    <p class='ocr_par' dir='ltr' id='par_1_3' title="bbox 3386 336 3495 395">
     <span class='ocr_line' id='line_1_3' title="bbox 3386 336 3495 395; baseline -0.018 0"><span class='ocrx_word' id='word_1_6' title='bbox 3386 336 3495 395; x_wconf 66' lang='grc' dir='ltr'><strong>ιιι</strong></span> 
     </span>
    </p>
   </div>
   <div class='ocr_carea' id='block_1_4' title="bbox 227 440 3495 525">
    <p class='ocr_par' dir='ltr' id='par_1_4' title="bbox 227 440 3495 525">
     <span class='ocr_line' id='line_1_4' title="bbox 227 440 3495 525; baseline 0.005 -26"><span class='ocrx_word' id='word_1_7' title='bbox 227 440 502 499; x_wconf 78' lang='lat' dir='ltr'><strong>sacrificia</strong></span> <span class='ocrx_word' id='word_1_8' title='bbox 552 442 925 505; x_wconf 80' lang='lat' dir='ltr'><strong>sumebantur.</strong></span> <span class='ocrx_word' id='word_1_9' title='bbox 979 442 1034 497; x_wconf 90' lang='lat' dir='ltr'><strong>in</strong></span> <span class='ocrx_word' id='word_1_10' title='bbox 1090 444 1342 499; x_wconf 86' lang='lat' dir='ltr'><strong>manibus</strong></span> <span class='ocrx_word' id='word_1_11' title='bbox 1388 444 1673 501; x_wconf 80' lang='lat' dir='ltr'><strong>aurificem</strong></span> <span class='ocrx_word' id='word_1_12' title='bbox 1718 442 1815 500; x_wconf 76' lang='grc' dir='ltr'><strong>ιιι·</strong></span> <span class='ocrx_word' id='word_1_13' title='bbox 1843 451 1885 511; x_wconf 72' lang='grc' dir='ltr'>Α</span> <span class='ocrx_word' id='word_1_14' title='bbox 1990 440 2255 499; x_wconf 71' lang='lat' dir='ltr'><strong>Prmterea</strong></span> <span class='ocrx_word' id='word_1_15' title='bbox 2319 457 2662 502; x_wconf 79' lang='lat' dir='ltr'><strong>sacramenta</strong></span> <span class='ocrx_word' id='word_1_16' title='bbox 2720 463 2841 519; x_wconf 79' lang='lat' dir='ltr'><strong>qua:</strong></span> <span class='ocrx_word' id='word_1_17' title='bbox 2891 451 3019 508; x_wconf 78' lang='lat' dir='ltr'><strong>mihi</strong></span> <span class='ocrx_word' id='word_1_18' title='bbox 3077 468 3242 525; x_wconf 84' lang='lat' dir='ltr'><strong>super</strong></span> <span class='ocrx_word' id='word_1_19' title='bbox 3306 467 3495 515; x_wconf 85' lang='lat' dir='ltr'><strong>sancta</strong></span> 
     </span>
    </p>
   </div>
   <div class='ocr_carea' id='block_1_5' title="bbox 222 533 1815 605">
    <p class='ocr_par' dir='ltr' id='par_1_5' title="bbox 222 533 1815 605">
     <span class='ocr_line' id='line_1_5' title="bbox 222 533 1815 605; baseline 0.002 -18"><span class='ocrx_word' id='word_1_20' title='bbox 222 534 470 587; x_wconf 66' lang='lat' dir='ltr'><strong>«lacerum</strong></span> <span class='ocrx_word' id='word_1_21' title='bbox 493 533 646 587; x_wconf 90' lang='lat' dir='ltr'><strong>misit</strong></span> <span class='ocrx_word' id='word_1_22' title='bbox 664 533 730 586; x_wconf 88' lang='lat' dir='ltr'><strong>ad</strong></span> <span class='ocrx_word' id='word_1_23' title='bbox 757 533 1163 593; x_wconf 76' lang='lat' dir='ltr'><strong>destruendum.</strong></span> <span class='ocrx_word' id='word_1_24' title='bbox 1188 545 1242 589; x_wconf 87' lang='lat' dir='ltr'><strong>et</strong></span> <span class='ocrx_word' id='word_1_25' title='bbox 1266 534 1580 605; x_wconf 86' lang='lat' dir='ltr'><strong>liispaniam</strong></span> <span class='ocrx_word' id='word_1_26' title='bbox 1611 550 1815 590; x_wconf 83' lang='lat' dir='ltr'><strong>venun-</strong></span> 
     </span>
    </p>
   </div>
   <div class='ocr_carea' id='block_1_6' title="bbox 223 626 1815 699">
    <p class='ocr_par' dir='ltr' id='par_1_6' title="bbox 223 626 1815 699">
     <span class='ocr_line' id='line_1_6' title="bbox 223 626 1815 699; baseline 0.001 -18"><span class='ocrx_word' id='word_1_27' title='bbox 223 626 345 681; x_wconf 87' lang='lat' dir='ltr'><strong>dari</strong></span> <span class='ocrx_word' id='word_1_28' title='bbox 406 641 507 697; x_wconf 86' lang='lat' dir='ltr'><strong>pro</strong></span> <span class='ocrx_word' id='word_1_29' title='bbox 560 626 679 698; x_wconf 83' lang='lat' dir='ltr'><strong>ipso</strong></span> <span class='ocrx_word' id='word_1_30' title='bbox 722 626 1058 698; x_wconf 85' lang='lat' dir='ltr'><strong>episcopatu.</strong></span> <span class='ocrx_word' id='word_1_31' title='bbox 1088 626 1342 689; x_wconf 48' lang='lat' dir='ltr'><strong>.Codices</strong></span> <span class='ocrx_word' id='word_1_32' title='bbox 1374 639 1577 693; x_wconf 83' lang='lat' dir='ltr'><strong>autem,</strong></span> <span class='ocrx_word' id='word_1_33' title='bbox 1623 629 1713 699; x_wconf 88' lang='lat' dir='ltr'><strong>qui</strong></span> <span class='ocrx_word' id='word_1_34' title='bbox 1740 628 1815 685; x_wconf 91' lang='lat' dir='ltr'><strong>ibi</strong></span> 
     </span>
    </p>
   </div>
   <div class='ocr_carea' id='block_1_7' title="bbox 218 717 1814 789">
    <p class='ocr_par' dir='ltr' id='par_1_7' title="bbox 218 717 1814 789">
     <span class='ocr_line' id='line_1_7' title="bbox 218 717 1814 789; baseline 0.004 -19"><span class='ocrx_word' id='word_1_35' title='bbox 218 727 389 786; x_wconf 67' lang='lat' dir='ltr'><strong>erant</strong></span> <span class='ocrx_word' id='word_1_36' title='bbox 418 717 587 772; x_wconf 83' lang='lat' dir='ltr'><strong>variis</strong></span> <span class='ocrx_word' id='word_1_37' title='bbox 618 718 931 785; x_wconf 69' lang='lat' dir='ltr'><strong>generibus,</strong></span> <span class='ocrx_word' id='word_1_38' title='bbox 984 733 1088 773; x_wconf 89' lang='lat' dir='ltr'><strong>non</strong></span> <span class='ocrx_word' id='word_1_39' title='bbox 1122 718 1376 774; x_wconf 74' lang='lat' dir='ltr'><strong>meliores</strong></span> <span class='ocrx_word' id='word_1_40' title='bbox 1417 720 1659 789; x_wconf 89' lang='lat' dir='ltr'><strong>reliquit.</strong></span> <span class='ocrx_word' id='word_1_41' title='bbox 1704 719 1814 776; x_wconf 85' lang='lat' dir='ltr'><strong>Sed</strong></span> 
     </span>
    </p>
   </div>
   <div class='ocr_carea' id='block_1_8' title="bbox 220 808 1816 882">
    <p class='ocr_par' dir='ltr' id='par_1_8' title="bbox 220 808 1816 882">
     <span class='ocr_line' id='line_1_8' title="bbox 220 808 1816 882; baseline 0.004 -20"><span class='ocrx_word' id='word_1_42' title='bbox 220 808 306 865; x_wconf 71' lang='lat' dir='ltr'><strong>ita</strong></span> <span class='ocrx_word' id='word_1_43' title='bbox 328 810 470 866; x_wconf 86' lang='lat' dir='ltr'><strong>male</strong></span> <span class='ocrx_word' id='word_1_44' title='bbox 491 826 645 867; x_wconf 84' lang='lat' dir='ltr'><strong>suam</strong></span> <span class='ocrx_word' id='word_1_45' title='bbox 673 810 959 865; x_wconf 73' lang='lat' dir='ltr'><strong>ecclesiam</strong></span> <span class='ocrx_word' id='word_1_46' title='bbox 1013 811 1298 882; x_wconf 86' lang='lat' dir='ltr'><strong>dissipavit</strong></span> <span class='ocrx_word' id='word_1_47' title='bbox 1324 820 1382 866; x_wconf 90' lang='lat' dir='ltr'><strong>ut</strong></span> <span class='ocrx_word' id='word_1_48' title='bbox 1434 812 1598 865; x_wconf 83' lang='lat' dir='ltr'><strong>etiam</strong></span> <span class='ocrx_word' id='word_1_49' title='bbox 1631 820 1685 866; x_wconf 88' lang='lat' dir='ltr'><strong>et</strong></span> <span class='ocrx_word' id='word_1_50' title='bbox 1704 811 1816 868; x_wconf 85' lang='lat' dir='ltr'><strong>cle-</strong></span> 
     </span>
    </p>
   </div>
   <div class='ocr_carea' id='block_1_9' title="bbox 222 902 1818 975">
    <p class='ocr_par' dir='ltr' id='par_1_9' title="bbox 222 902 1818 975">
     <span class='ocr_line' id='line_1_9' title="bbox 222 902 1818 975; baseline 0.002 -20"><span class='ocrx_word' id='word_1_51' title='bbox 222 903 326 958; x_wconf 86' lang='lat' dir='ltr'><strong>rici</strong></span> <span class='ocrx_word' id='word_1_52' title='bbox 354 904 576 971; x_wconf 89' lang='lat' dir='ltr'><strong>desunt,</strong></span> <span class='ocrx_word' id='word_1_53' title='bbox 607 913 659 959; x_wconf 91' lang='lat' dir='ltr'><strong>et</strong></span> <span class='ocrx_word' id='word_1_54' title='bbox 688 904 779 973; x_wconf 89' lang='lat' dir='ltr'><strong>qui</strong></span> <span class='ocrx_word' id='word_1_55' title='bbox 832 902 964 959; x_wconf 89' lang='lat' dir='ltr'><strong>inibi</strong></span> <span class='ocrx_word' id='word_1_56' title='bbox 989 913 1117 959; x_wconf 88' lang='lat' dir='ltr'><strong>sunt</strong></span> <span class='ocrx_word' id='word_1_57' title='bbox 1168 905 1360 975; x_wconf 86' lang='lat' dir='ltr'><strong>inopes</strong></span> <span class='ocrx_word' id='word_1_58' title='bbox 1397 913 1449 959; x_wconf 91' lang='lat' dir='ltr'><strong>et</strong></span> <span class='ocrx_word' id='word_1_59' title='bbox 1476 904 1735 968; x_wconf 84' lang='lat' dir='ltr'><strong>mendici,</strong></span> <span class='ocrx_word' id='word_1_60' title='bbox 1761 911 1818 960; x_wconf 91' lang='lat' dir='ltr'><strong>et</strong></span> 
     </span>
    </p>
   </div>
   <div class='ocr_carea' id='block_1_10' title="bbox 222 993 1815 1067">
    <p class='ocr_par' dir='ltr' id='par_1_10' title="bbox 222 993 1815 1067">
     <span class='ocr_line' id='line_1_10' title="bbox 222 993 1815 1067; baseline 0.001 -20"><span class='ocrx_word' id='word_1_61' title='bbox 222 993 411 1048; x_wconf 88' lang='lat' dir='ltr'><strong>nullus</strong></span> <span class='ocrx_word' id='word_1_62' title='bbox 431 994 660 1064; x_wconf 81' lang='lat' dir='ltr'><strong>pulcher</strong></span> <span class='ocrx_word' id='word_1_63' title='bbox 684 994 736 1049; x_wconf 94' lang='lat' dir='ltr'><strong>in</strong></span> <span class='ocrx_word' id='word_1_64' title='bbox 762 1009 827 1050; x_wconf 89' lang='lat' dir='ltr'><strong>ea</strong></span> <span class='ocrx_word' id='word_1_65' title='bbox 850 1004 1096 1066; x_wconf 88' lang='lat' dir='ltr'><strong>apparet.</strong></span> <span class='ocrx_word' id='word_1_66' title='bbox 1127 994 1244 1052; x_wconf 86' lang='lat' dir='ltr'><strong>Non</strong></span> <span class='ocrx_word' id='word_1_67' title='bbox 1272 995 1609 1067; x_wconf 84' lang='lat' dir='ltr'><strong>chlamydes,</strong></span> <span class='ocrx_word' id='word_1_68' title='bbox 1639 1008 1815 1066; x_wconf 86' lang='lat' dir='ltr'><strong>neque</strong></span> 
     </span>
    </p>
   </div>
   <div class='ocr_carea' id='block_1_11' title="bbox 214 1084 1813 1158">
    <p class='ocr_par' dir='ltr' id='par_1_11' title="bbox 214 1084 1813 1158">
     <span class='ocr_line' id='line_1_11' title="bbox 214 1084 1813 1158; baseline 0.003 -20"><span class='ocrx_word' id='word_1_69' title='bbox 214 1099 392 1155; x_wconf 72' lang='lat' dir='ltr'><strong>capas</strong></span> <span class='ocrx_word' id='word_1_70' title='bbox 417 1084 725 1156; x_wconf 81' lang='lat' dir='ltr'><strong>polemitas,</strong></span> <span class='ocrx_word' id='word_1_71' title='bbox 751 1102 858 1142; x_wconf 81' lang='lat' dir='ltr'><strong>non</strong></span> <span class='ocrx_word' id='word_1_72' title='bbox 889 1087 1163 1158; x_wconf 66' lang='lat' dir='ltr'><strong>cyclades,</strong></span> <span class='ocrx_word' id='word_1_73' title='bbox 1192 1102 1302 1142; x_wconf 91' lang='lat' dir='ltr'><strong>non</strong></span> <span class='ocrx_word' id='word_1_74' title='bbox 1333 1087 1672 1151; x_wconf 83' lang='lat' dir='ltr'><strong>dalmaticas,</strong></span> <span class='ocrx_word' id='word_1_75' title='bbox 1705 1102 1813 1143; x_wconf 85' lang='lat' dir='ltr'><strong>non</strong></span> 
     </span>
    </p>
   </div>
   <div class='ocr_carea' id='block_1_12' title="bbox 222 1176 1816 1250">
    <p class='ocr_par' dir='ltr' id='par_1_12' title="bbox 222 1176 1816 1250">
     <span class='ocr_line' id='line_1_12' title="bbox 222 1176 1816 1250; baseline 0.002 -20"><span class='ocrx_word' id='word_1_76' title='bbox 222 1176 513 1243; x_wconf 85' lang='lat' dir='ltr'><strong>curehalli,</strong></span> <span class='ocrx_word' id='word_1_77' title='bbox 538 1193 648 1232; x_wconf 88' lang='lat' dir='ltr'><strong>non</strong></span> <span class='ocrx_word' id='word_1_78' title='bbox 676 1176 878 1250; x_wconf 79' lang='lat' dir='ltr'><strong>lignum</strong></span> <span class='ocrx_word' id='word_1_79' title='bbox 931 1178 1291 1235; x_wconf 88' lang='lat' dir='ltr'><strong>Dominicum.</strong></span> <span class='ocrx_word' id='word_1_80' title='bbox 1325 1176 1519 1235; x_wconf 88' lang='lat' dir='ltr'><strong>Omnia</strong></span> <span class='ocrx_word' id='word_1_81' title='bbox 1557 1180 1671 1234; x_wconf 77' lang='lat' dir='ltr'><strong>inec</strong></span> <span class='ocrx_word' id='word_1_82' title='bbox 1694 1193 1816 1248; x_wconf 75' lang='lat' dir='ltr'><strong>qua:</strong></span> 
     </span>
    </p>
   </div>
   <div class='ocr_carea' id='block_1_13' title="bbox 219 1271 1817 1344">
    <p class='ocr_par' dir='ltr' id='par_1_13' title="bbox 219 1271 1817 1344">
     <span class='ocr_line' id='line_1_13' title="bbox 219 1271 1817 1344; baseline 0.003 -22"><span class='ocrx_word' id='word_1_83' title='bbox 219 1283 253 1321; x_wconf 84' lang='lat' dir='ltr'><strong>a</strong></span> <span class='ocrx_word' id='word_1_84' title='bbox 285 1271 604 1325; x_wconf 88' lang='lat' dir='ltr'><strong>conditione</strong></span> <span class='ocrx_word' id='word_1_85' title='bbox 623 1271 694 1325; x_wconf 87' lang='lat' dir='ltr'><strong>ibi</strong></span> <span class='ocrx_word' id='word_1_86' title='bbox 741 1272 895 1342; x_wconf 88' lang='lat' dir='ltr'><strong>plura</strong></span> <span class='ocrx_word' id='word_1_87' title='bbox 925 1285 1255 1344; x_wconf 78' lang='lat' dir='ltr'><strong>congregata</strong></span> <span class='ocrx_word' id='word_1_88' title='bbox 1283 1281 1463 1336; x_wconf 89' lang='lat' dir='ltr'><strong>erant,</strong></span> <span class='ocrx_word' id='word_1_89' title='bbox 1516 1272 1610 1328; x_wconf 89' lang='lat' dir='ltr'><strong>sed</strong></span> <span class='ocrx_word' id='word_1_90' title='bbox 1657 1273 1817 1329; x_wconf 84' lang='lat' dir='ltr'><strong>dissi-</strong></span> 
     </span>
    </p>
   </div>
   <div class='ocr_carea' id='block_1_14' title="bbox 221 1361 1814 1435">
    <p class='ocr_par' dir='ltr' id='par_1_14' title="bbox 221 1361 1814 1435">
     <span class='ocr_line' id='line_1_14' title="bbox 221 1361 1814 1435; baseline 0.002 -21"><span class='ocrx_word' id='word_1_91' title='bbox 221 1361 385 1431; x_wconf 84' lang='lat' dir='ltr'><strong>pavit</strong></span> <span class='ocrx_word' id='word_1_92' title='bbox 427 1377 514 1423; x_wconf 85' lang='lat' dir='ltr'><strong>ea.</strong></span> <span class='ocrx_word' id='word_1_93' title='bbox 562 1363 817 1434; x_wconf 88' lang='lat' dir='ltr'><strong>deditque</strong></span> <span class='ocrx_word' id='word_1_94' title='bbox 864 1379 961 1435; x_wconf 81' lang='lat' dir='ltr'><strong>pro</strong></span> <span class='ocrx_word' id='word_1_95' title='bbox 995 1365 1310 1435; x_wconf 75' lang='lat' dir='ltr'><strong>episcopatu</strong></span> <span class='ocrx_word' id='word_1_96' title='bbox 1345 1363 1536 1419; x_wconf 85' lang='lat' dir='ltr'><strong>fratris</strong></span> <span class='ocrx_word' id='word_1_97' title='bbox 1588 1365 1695 1419; x_wconf 88' lang='lat' dir='ltr'><strong>sui.</strong></span> <span class='ocrx_word' id='word_1_98' title='bbox 1726 1366 1814 1418; x_wconf 80' lang='lat' dir='ltr'><strong>ln-</strong></span> 
     </span>
    </p>
   </div>
   <div class='ocr_carea' id='block_1_15' title="bbox 217 1453 1816 1524">
    <p class='ocr_par' dir='ltr' id='par_1_15' title="bbox 217 1453 1816 1524">
     <span class='ocr_line' id='line_1_15' title="bbox 217 1453 1816 1524; baseline 0.003 -19"><span class='ocrx_word' id='word_1_99' title='bbox 217 1466 415 1522; x_wconf 82' lang='lat' dir='ltr'><strong>super,</strong></span> <span class='ocrx_word' id='word_1_100' title='bbox 452 1453 599 1523; x_wconf 82' lang='lat' dir='ltr'><strong>quod</strong></span> <span class='ocrx_word' id='word_1_101' title='bbox 628 1454 784 1524; x_wconf 82' lang='lat' dir='ltr'><strong>pejus</strong></span> <span class='ocrx_word' id='word_1_102' title='bbox 810 1465 897 1509; x_wconf 80' lang='lat' dir='ltr'><strong>est</strong></span> <span class='ocrx_word' id='word_1_103' title='bbox 930 1466 986 1508; x_wconf 84' lang='lat' dir='ltr'><strong>et</strong></span> <span class='ocrx_word' id='word_1_104' title='bbox 1014 1455 1385 1517; x_wconf 86' lang='lat' dir='ltr'><strong>inhonestum,</strong></span> <span class='ocrx_word' id='word_1_105' title='bbox 1413 1457 1816 1510; x_wconf 83' lang='lat' dir='ltr'><strong>commendavit</strong></span> 
     </span>
    </p>
   </div>
   <div class='ocr_carea' id='block_1_16' title="bbox 221 1543 1813 1613">
    <p class='ocr_par' dir='ltr' id='par_1_16' title="bbox 221 1543 1813 1613">
     <span class='ocr_line' id='line_1_16' title="bbox 221 1543 1813 1613; baseline 0.003 -19"><span class='ocrx_word' id='word_1_106' title='bbox 221 1556 283 1596; x_wconf 87' lang='lat' dir='ltr'><strong>se</strong></span> <span class='ocrx_word' id='word_1_107' title='bbox 327 1543 578 1596; x_wconf 78' lang='lat' dir='ltr'><strong>manilius</strong></span> <span class='ocrx_word' id='word_1_108' title='bbox 618 1544 685 1595; x_wconf 83' lang='lat' dir='ltr'><strong>ad</strong></span> <span class='ocrx_word' id='word_1_109' title='bbox 715 1543 1053 1598; x_wconf 78' lang='lat' dir='ltr'><strong>comitissmn</strong></span> <span class='ocrx_word' id='word_1_110' title='bbox 1087 1543 1313 1613; x_wconf 80' lang='lat' dir='ltr'><strong>Urgelli.</strong></span> <span class='ocrx_word' id='word_1_111' title='bbox 1346 1543 1452 1599; x_wconf 82' lang='lat' dir='ltr'><strong>Pro</strong></span> <span class='ocrx_word' id='word_1_112' title='bbox 1479 1560 1586 1613; x_wconf 89' lang='lat' dir='ltr'><strong>qua</strong></span> <span class='ocrx_word' id='word_1_113' title='bbox 1618 1559 1676 1599; x_wconf 90' lang='lat' dir='ltr'><strong>re</strong></span> <span class='ocrx_word' id='word_1_114' title='bbox 1706 1558 1813 1599; x_wconf 91' lang='lat' dir='ltr'><strong>non</strong></span> 
     </span>
    </p>
   </div>
   <div class='ocr_carea' id='block_1_17' title="bbox 220 1627 1817 1699">
    <p class='ocr_par' dir='ltr' id='par_1_17' title="bbox 220 1627 1817 1699">
     <span class='ocr_line' id='line_1_17' title="bbox 220 1627 1817 1699; baseline 0.002 -20"><span class='ocrx_word' id='word_1_115' title='bbox 220 1627 404 1680; x_wconf 75' lang='lat' dir='ltr'><strong>solum</strong></span> <span class='ocrx_word' id='word_1_116' title='bbox 429 1627 581 1691; x_wconf 86' lang='lat' dir='ltr'><strong>mihi,</strong></span> <span class='ocrx_word' id='word_1_117' title='bbox 625 1628 718 1683; x_wconf 91' lang='lat' dir='ltr'><strong>sed</strong></span> <span class='ocrx_word' id='word_1_118' title='bbox 745 1629 906 1683; x_wconf 75' lang='lat' dir='ltr'><strong>etiam</strong></span> <span class='ocrx_word' id='word_1_119' title='bbox 958 1629 1172 1684; x_wconf 90' lang='lat' dir='ltr'><strong>cunctis</strong></span> <span class='ocrx_word' id='word_1_120' title='bbox 1217 1638 1419 1684; x_wconf 57' lang='lat' dir='ltr'><strong>nostra?</strong></span> <span class='ocrx_word' id='word_1_121' title='bbox 1448 1628 1817 1699; x_wconf 60' lang='lat' dir='ltr'><strong>patrimniobi-</strong></span> 
     </span>
    </p>
   </div>
   <div class='ocr_carea' id='block_1_18' title="bbox 217 1717 1814 1791">
    <p class='ocr_par' dir='ltr' id='par_1_18' title="bbox 217 1717 1814 1791">
     <span class='ocr_line' id='line_1_18' title="bbox 217 1717 1814 1791; baseline 0.003 -22"><span class='ocrx_word' id='word_1_122' title='bbox 217 1717 392 1782; x_wconf 80' lang='lat' dir='ltr'><strong>libus,</strong></span> <span class='ocrx_word' id='word_1_123' title='bbox 428 1719 484 1773; x_wconf 89' lang='lat' dir='ltr'><strong>in</strong></span> <span class='ocrx_word' id='word_1_124' title='bbox 513 1735 765 1791; x_wconf 81' lang='lat' dir='ltr'><strong>magnum</strong></span> <span class='ocrx_word' id='word_1_125' title='bbox 804 1720 913 1774; x_wconf 86' lang='lat' dir='ltr'><strong>ruit</strong></span> <span class='ocrx_word' id='word_1_126' title='bbox 939 1719 1143 1774; x_wconf 85' lang='lat' dir='ltr'><strong>odium.</strong></span> <span class='ocrx_word' id='word_1_127' title='bbox 1184 1719 1303 1787; x_wconf 84' lang='lat' dir='ltr'><strong>Quo</strong></span> <span class='ocrx_word' id='word_1_128' title='bbox 1333 1728 1580 1791; x_wconf 85' lang='lat' dir='ltr'><strong>peracto,</strong></span> <span class='ocrx_word' id='word_1_129' title='bbox 1625 1734 1814 1791; x_wconf 77' lang='lat' dir='ltr'><strong>aggre-</strong></span> 
     </span>
    </p>
   </div>
   <div class='ocr_carea' id='block_1_19' title="bbox 216 1811 1811 1883">
    <p class='ocr_par' dir='ltr' id='par_1_19' title="bbox 216 1811 1811 1883">
     <span class='ocr_line' id='line_1_19' title="bbox 216 1811 1811 1883; baseline 0.003 -19"><span class='ocrx_word' id='word_1_130' title='bbox 216 1812 383 1877; x_wconf 65' lang='lat' dir='ltr'><strong>gavit</strong></span> <span class='ocrx_word' id='word_1_131' title='bbox 426 1811 723 1867; x_wconf 81' lang='lat' dir='ltr'><strong>concilium</strong></span> <span class='ocrx_word' id='word_1_132' title='bbox 781 1824 885 1866; x_wconf 80' lang='lat' dir='ltr'><strong>non</strong></span> <span class='ocrx_word' id='word_1_133' title='bbox 931 1813 1202 1868; x_wconf 87' lang='lat' dir='ltr'><strong>modicum</strong></span> <span class='ocrx_word' id='word_1_134' title='bbox 1222 1812 1378 1881; x_wconf 77' lang='lat' dir='ltr'><strong>juxta</strong></span> <span class='ocrx_word' id='word_1_135' title='bbox 1423 1813 1648 1883; x_wconf 61' lang='lat' dir='ltr'><strong>praefata</strong></span> <span class='ocrx_word' id='word_1_136' title='bbox 1676 1813 1811 1868; x_wconf 85' lang='lat' dir='ltr'><strong>urbe</strong></span> 
     </span>
    </p>
   </div>
   <div class='ocr_carea' id='block_1_20' title="bbox 222 1900 1814 1975">
    <p class='ocr_par' dir='ltr' id='par_1_20' title="bbox 222 1900 1814 1975">
     <span class='ocr_line' id='line_1_20' title="bbox 222 1900 1814 1975; baseline 0.004 -21"><span class='ocrx_word' id='word_1_137' title='bbox 222 1900 477 1957; x_wconf 70' lang='lat' dir='ltr'><strong>Narbona</strong></span> <span class='ocrx_word' id='word_1_138' title='bbox 519 1902 808 1958; x_wconf 87' lang='lat' dir='ltr'><strong>multorum</strong></span> <span class='ocrx_word' id='word_1_139' title='bbox 836 1904 921 1959; x_wconf 85' lang='lat' dir='ltr'><strong>sui</strong></span> <span class='ocrx_word' id='word_1_140' title='bbox 974 1904 1194 1960; x_wconf 74' lang='lat' dir='ltr'><strong>dioecesi</strong></span> <span class='ocrx_word' id='word_1_141' title='bbox 1238 1905 1641 1975; x_wconf 86' lang='lat' dir='ltr'><strong>episcoporum,</strong></span> <span class='ocrx_word' id='word_1_142' title='bbox 1673 1907 1814 1960; x_wconf 84' lang='lat' dir='ltr'><strong>inter</strong></span> 
     </span>
    </p>
   </div>
   <div class='ocr_carea' id='block_1_21' title="bbox 216 1993 1811 2067">
    <p class='ocr_par' dir='ltr' id='par_1_21' title="bbox 216 1993 1811 2067">
     <span class='ocr_line' id='line_1_21' title="bbox 216 1993 1811 2067; baseline 0.003 -19"><span class='ocrx_word' id='word_1_143' title='bbox 216 2009 363 2063; x_wconf 83' lang='lat' dir='ltr'><strong>quos</strong></span> <span class='ocrx_word' id='word_1_144' title='bbox 421 1993 521 2050; x_wconf 88' lang='lat' dir='ltr'><strong>fuit</strong></span> <span class='ocrx_word' id='word_1_145' title='bbox 577 1996 667 2051; x_wconf 86' lang='lat' dir='ltr'><strong>hic</strong></span> <span class='ocrx_word' id='word_1_146' title='bbox 718 1995 1067 2052; x_wconf 78' lang='lat' dir='ltr'><strong>flaimhahlus</strong></span> <span class='ocrx_word' id='word_1_147' title='bbox 1138 1995 1470 2053; x_wconf 83' lang='lat' dir='ltr'><strong>Arelatensis</strong></span> <span class='ocrx_word' id='word_1_148' title='bbox 1542 1997 1811 2067; x_wconf 61' lang='lat' dir='ltr'><strong>amhiepio</strong></span> 
     </span>
    </p>
   </div>
   <div class='ocr_carea' id='block_1_22' title="bbox 221 2088 1814 2158">
    <p class='ocr_par' dir='ltr' id='par_1_22' title="bbox 221 2088 1814 2158">
     <span class='ocr_line' id='line_1_22' title="bbox 221 2088 1814 2158; baseline 0.001 -18"><span class='ocrx_word' id='word_1_149' title='bbox 221 2101 444 2156; x_wconf 78' lang='lat' dir='ltr'><strong>scopas,</strong></span> <span class='ocrx_word' id='word_1_150' title='bbox 469 2096 524 2141; x_wconf 92' lang='lat' dir='ltr'><strong>et</strong></span> <span class='ocrx_word' id='word_1_151' title='bbox 554 2088 607 2141; x_wconf 91' lang='lat' dir='ltr'><strong>in</strong></span> <span class='ocrx_word' id='word_1_152' title='bbox 638 2101 825 2143; x_wconf 88' lang='lat' dir='ltr'><strong>eorum</strong></span> <span class='ocrx_word' id='word_1_153' title='bbox 860 2098 1023 2158; x_wconf 83' lang='lat' dir='ltr'><strong>atque</strong></span> <span class='ocrx_word' id='word_1_154' title='bbox 1070 2097 1382 2143; x_wconf 86' lang='lat' dir='ltr'><strong>nostrorum</strong></span> <span class='ocrx_word' id='word_1_155' title='bbox 1404 2088 1648 2143; x_wconf 87' lang='lat' dir='ltr'><strong>omnium</strong></span> <span class='ocrx_word' id='word_1_156' title='bbox 1676 2103 1814 2158; x_wconf 76' lang='lat' dir='ltr'><strong>prte-</strong></span> 
     </span>
    </p>
   </div>
   <div class='ocr_carea' id='block_1_23' title="bbox 216 2178 1810 2249">
    <p class='ocr_par' dir='ltr' id='par_1_23' title="bbox 216 2178 1810 2249">
     <span class='ocr_line' id='line_1_23' title="bbox 216 2178 1810 2249; baseline 0.001 -17"><span class='ocrx_word' id='word_1_157' title='bbox 216 2178 456 2232; x_wconf 81' lang='lat' dir='ltr'><strong>sentiam</strong></span> <span class='ocrx_word' id='word_1_158' title='bbox 482 2178 703 2249; x_wconf 88' lang='lat' dir='ltr'><strong>reliquit</strong></span> <span class='ocrx_word' id='word_1_159' title='bbox 728 2188 954 2234; x_wconf 80' lang='lat' dir='ltr'><strong>ctmctas</strong></span> <span class='ocrx_word' id='word_1_160' title='bbox 969 2195 1151 2233; x_wconf 87' lang='lat' dir='ltr'><strong>armas</strong></span> <span class='ocrx_word' id='word_1_161' title='bbox 1178 2179 1467 2234; x_wconf 83' lang='lat' dir='ltr'><strong>militarias</strong></span> <span class='ocrx_word' id='word_1_162' title='bbox 1496 2188 1553 2233; x_wconf 90' lang='lat' dir='ltr'><strong>et</strong></span> <span class='ocrx_word' id='word_1_163' title='bbox 1591 2193 1810 2234; x_wconf 87' lang='lat' dir='ltr'><strong>onmem</strong></span> 
     </span>
    </p>
   </div>
   <div class='ocr_carea' id='block_1_24' title="bbox 218 2269 1812 2341">
    <p class='ocr_par' dir='ltr' id='par_1_24' title="bbox 218 2269 1812 2341">
     <span class='ocr_line' id='line_1_24' title="bbox 218 2269 1812 2341; baseline 0.001 -17"><span class='ocrx_word' id='word_1_164' title='bbox 218 2269 409 2324; x_wconf 68' lang='lat' dir='ltr'><strong>surculi</strong></span> <span class='ocrx_word' id='word_1_165' title='bbox 444 2269 715 2335; x_wconf 86' lang='lat' dir='ltr'><strong>militiam,</strong></span> <span class='ocrx_word' id='word_1_166' title='bbox 750 2279 916 2341; x_wconf 89' lang='lat' dir='ltr'><strong>atque</strong></span> <span class='ocrx_word' id='word_1_167' title='bbox 965 2270 1491 2326; x_wconf 79' lang='lat' dir='ltr'><strong>cxcommunicando</strong></span> <span class='ocrx_word' id='word_1_168' title='bbox 1528 2269 1675 2325; x_wconf 89' lang='lat' dir='ltr'><strong>misit</strong></span> <span class='ocrx_word' id='word_1_169' title='bbox 1711 2271 1812 2325; x_wconf 90' lang='lat' dir='ltr'><strong>sub</strong></span> 
     </span>
    </p>
   </div>
   <div class='ocr_carea' id='block_1_25' title="bbox 221 2362 1812 2433">
    <p class='ocr_par' dir='ltr' id='par_1_25' title="bbox 221 2362 1812 2433">
     <span class='ocr_line' id='line_1_25' title="bbox 221 2362 1812 2433; baseline 0.002 -19"><span class='ocrx_word' id='word_1_170' title='bbox 221 2362 517 2416; x_wconf 87' lang='lat' dir='ltr'><strong>anathema</strong></span> <span class='ocrx_word' id='word_1_171' title='bbox 542 2373 650 2416; x_wconf 90' lang='lat' dir='ltr'><strong>tam</strong></span> <span class='ocrx_word' id='word_1_172' title='bbox 680 2364 1030 2433; x_wconf 86' lang='lat' dir='ltr'><strong>semetipsum</strong></span> <span class='ocrx_word' id='word_1_173' title='bbox 1053 2377 1217 2433; x_wconf 85' lang='lat' dir='ltr'><strong>quam</strong></span> <span class='ocrx_word' id='word_1_174' title='bbox 1242 2379 1433 2418; x_wconf 71' lang='lat' dir='ltr'><strong>omnes</strong></span> <span class='ocrx_word' id='word_1_175' title='bbox 1454 2362 1535 2417; x_wconf 89' lang='lat' dir='ltr'><strong>sui</strong></span> <span class='ocrx_word' id='word_1_176' title='bbox 1558 2362 1812 2418; x_wconf 66' lang='lat' dir='ltr'><strong>diaeresis</strong></span> 
     </span>
    </p>
   </div>
   <div class='ocr_carea' id='block_1_26' title="bbox 218 2450 1813 2524">
    <p class='ocr_par' dir='ltr' id='par_1_26' title="bbox 218 2450 1813 2524">
     <span class='ocr_line' id='line_1_26' title="bbox 218 2450 1813 2524; baseline 0.003 -20"><span class='ocrx_word' id='word_1_177' title='bbox 218 2450 530 2520; x_wconf 71' lang='lat' dir='ltr'><strong>episcopos,</strong></span> <span class='ocrx_word' id='word_1_178' title='bbox 582 2452 672 2522; x_wconf 77' lang='lat' dir='ltr'><strong>qui</strong></span> <span class='ocrx_word' id='word_1_179' title='bbox 735 2452 804 2507; x_wconf 81' lang='lat' dir='ltr'><strong>ab</strong></span> <span class='ocrx_word' id='word_1_180' title='bbox 866 2452 957 2505; x_wconf 88' lang='lat' dir='ltr'><strong>illa</strong></span> <span class='ocrx_word' id='word_1_181' title='bbox 1007 2453 1094 2508; x_wconf 84' lang='lat' dir='ltr'><strong>die</strong></span> <span class='ocrx_word' id='word_1_182' title='bbox 1131 2451 1389 2524; x_wconf 83' lang='lat' dir='ltr'><strong>deinceps</strong></span> <span class='ocrx_word' id='word_1_183' title='bbox 1438 2453 1608 2507; x_wconf 76' lang='lat' dir='ltr'><strong>annis</strong></span> <span class='ocrx_word' id='word_1_184' title='bbox 1653 2462 1813 2508; x_wconf 82' lang='lat' dir='ltr'><strong>erant</strong></span> 
     </span>
    </p>
   </div>
   <div class='ocr_carea' id='block_1_27' title="bbox 218 2540 1810 2613">
    <p class='ocr_par' dir='ltr' id='par_1_27' title="bbox 218 2540 1810 2613">
     <span class='ocr_line' id='line_1_27' title="bbox 218 2540 1810 2613; baseline 0.001 -18"><span class='ocrx_word' id='word_1_185' title='bbox 218 2542 514 2611; x_wconf 87' lang='lat' dir='ltr'><strong>sumpturi.</strong></span> <span class='ocrx_word' id='word_1_186' title='bbox 555 2540 656 2609; x_wconf 82' lang='lat' dir='ltr'><strong>Qui</strong></span> <span class='ocrx_word' id='word_1_187' title='bbox 687 2558 795 2597; x_wconf 87' lang='lat' dir='ltr'><strong>non</strong></span> <span class='ocrx_word' id='word_1_188' title='bbox 831 2542 1002 2598; x_wconf 80' lang='lat' dir='ltr'><strong>multo</strong></span> <span class='ocrx_word' id='word_1_189' title='bbox 1045 2551 1186 2613; x_wconf 85' lang='lat' dir='ltr'><strong>post,</strong></span> <span class='ocrx_word' id='word_1_190' title='bbox 1235 2543 1477 2612; x_wconf 84' lang='lat' dir='ltr'><strong>acceptis</strong></span> <span class='ocrx_word' id='word_1_191' title='bbox 1528 2543 1699 2597; x_wconf 88' lang='lat' dir='ltr'><strong>armis</strong></span> <span class='ocrx_word' id='word_1_192' title='bbox 1750 2550 1810 2597; x_wconf 91' lang='lat' dir='ltr'><strong>ut</strong></span> 
     </span>
    </p>
   </div>
   <div class='ocr_carea' id='block_1_28' title="bbox 216 2634 1810 2706">
    <p class='ocr_par' dir='ltr' id='par_1_28' title="bbox 216 2634 1810 2706">
     <span class='ocr_line' id='line_1_28' title="bbox 216 2634 1810 2706; baseline 0.003 -19"><span class='ocrx_word' id='word_1_193' title='bbox 216 2634 405 2699; x_wconf 81' lang='lat' dir='ltr'><strong>miles,</strong></span> <span class='ocrx_word' id='word_1_194' title='bbox 441 2650 548 2689; x_wconf 87' lang='lat' dir='ltr'><strong>non</strong></span> <span class='ocrx_word' id='word_1_195' title='bbox 571 2636 804 2706; x_wconf 77' lang='lat' dir='ltr'><strong>corrigia</strong></span> <span class='ocrx_word' id='word_1_196' title='bbox 832 2637 1146 2690; x_wconf 83' lang='lat' dir='ltr'><strong>succinctus</strong></span> <span class='ocrx_word' id='word_1_197' title='bbox 1169 2635 1366 2689; x_wconf 88' lang='lat' dir='ltr'><strong>lumbis</strong></span> <span class='ocrx_word' id='word_1_198' title='bbox 1384 2675 1400 2695; x_wconf 84' lang='lat'><strong>,</strong></span> <span class='ocrx_word' id='word_1_199' title='bbox 1428 2635 1521 2689; x_wconf 87' lang='lat' dir='ltr'><strong>sed</strong></span> <span class='ocrx_word' id='word_1_200' title='bbox 1550 2634 1721 2699; x_wconf 84' lang='lat' dir='ltr'><strong>ferro,</strong></span> <span class='ocrx_word' id='word_1_201' title='bbox 1753 2645 1810 2691; x_wconf 84' lang='lat' dir='ltr'><strong>et</strong></span> 
     </span>
    </p>
   </div>
   <div class='ocr_carea' id='block_1_29' title="bbox 221 2725 1807 2798">
    <p class='ocr_par' dir='ltr' id='par_1_29' title="bbox 221 2725 1807 2798">
     <span class='ocr_line' id='line_1_29' title="bbox 221 2725 1807 2798; baseline 0 -18"><span class='ocrx_word' id='word_1_202' title='bbox 221 2725 518 2781; x_wconf 70' lang='lat' dir='ltr'><strong>(rebellavit</strong></span> <span class='ocrx_word' id='word_1_203' title='bbox 545 2740 781 2781; x_wconf 84' lang='lat' dir='ltr'><strong>mecum.</strong></span> <span class='ocrx_word' id='word_1_204' title='bbox 810 2727 876 2781; x_wconf 77' lang='grc' dir='ltr'><strong>Ει</strong></span> <span class='ocrx_word' id='word_1_205' title='bbox 898 2737 1028 2798; x_wconf 84' lang='lat' dir='ltr'><strong>quot</strong></span> <span class='ocrx_word' id='word_1_206' title='bbox 1059 2726 1277 2789; x_wconf 86' lang='lat' dir='ltr'><strong>mortui,</strong></span> <span class='ocrx_word' id='word_1_207' title='bbox 1336 2734 1469 2797; x_wconf 83' lang='lat' dir='ltr'><strong>quot</strong></span> <span class='ocrx_word' id='word_1_208' title='bbox 1515 2725 1807 2789; x_wconf 82' lang='lat' dir='ltr'><strong>vulnerati,</strong></span> 
     </span>
    </p>
   </div>
   <div class='ocr_carea' id='block_1_30' title="bbox 220 2818 1809 2903">
    <p class='ocr_par' dir='ltr' id='par_1_30' title="bbox 220 2818 1809 2903">
     <span class='ocr_line' id='line_1_30' title="bbox 220 2818 1809 2903; baseline 0.002 -32"><span class='ocrx_word' id='word_1_209' title='bbox 220 2827 361 2888; x_wconf 70' lang='lat' dir='ltr'><strong>quiet</strong></span> <span class='ocrx_word' id='word_1_210' title='bbox 410 2818 735 2883; x_wconf 85' lang='lat' dir='ltr'><strong>detruncati,</strong></span> <span class='ocrx_word' id='word_1_211' title='bbox 792 2831 1111 2903; x_wconf 59' lang='lat' dir='ltr'><strong>quantaque</strong></span> <span class='ocrx_word' id='word_1_212' title='bbox 1155 2820 1361 2874; x_wconf 77' lang='lat' dir='ltr'><strong>adusta:</strong></span> <span class='ocrx_word' id='word_1_213' title='bbox 1427 2818 1676 2875; x_wconf 73' lang='lat' dir='ltr'><strong>ecclesia:</strong></span> <span class='ocrx_word' id='word_1_214' title='bbox 1751 2828 1809 2874; x_wconf 86' lang='lat' dir='ltr'><strong>et</strong></span> 
     </span>
    </p>
   </div>
   <div class='ocr_carea' id='block_1_31' title="bbox 216 2911 1803 2984">
    <p class='ocr_par' dir='ltr' id='par_1_31' title="bbox 216 2911 1803 2984">
     <span class='ocr_line' id='line_1_31' title="bbox 216 2911 1803 2984; baseline -0.001 -17"><span class='ocrx_word' id='word_1_215' title='bbox 216 2927 435 2968; x_wconf 68' lang='lat' dir='ltr'><strong>exat-sm</strong></span> <span class='ocrx_word' id='word_1_216' title='bbox 464 2912 729 2983; x_wconf 71' lang='lat' dir='ltr'><strong>reliquize,</strong></span> <span class='ocrx_word' id='word_1_217' title='bbox 778 2914 823 2967; x_wconf 85' lang='lat' dir='ltr'><strong>si</strong></span> <span class='ocrx_word' id='word_1_218' title='bbox 874 2929 975 2983; x_wconf 90' lang='lat' dir='ltr'><strong>per</strong></span> <span class='ocrx_word' id='word_1_219' title='bbox 1011 2913 1222 2984; x_wconf 77' lang='lat' dir='ltr'><strong>singula</strong></span> <span class='ocrx_word' id='word_1_220' title='bbox 1250 2927 1511 2968; x_wconf 88' lang='lat' dir='ltr'><strong>enarrare</strong></span> <span class='ocrx_word' id='word_1_221' title='bbox 1559 2911 1803 2975; x_wconf 79' lang='lat' dir='ltr'><strong>voluero,</strong></span> 
     </span>
    </p>
   </div>
   <div class='ocr_carea' id='block_1_32' title="bbox 221 3001 1807 3070">
    <p class='ocr_par' dir='ltr' id='par_1_32' title="bbox 221 3001 1807 3070">
     <span class='ocr_line' id='line_1_32' title="bbox 221 3001 1807 3070; baseline 0.002 -15"><span class='ocrx_word' id='word_1_222' title='bbox 221 3001 457 3057; x_wconf 76' lang='lat' dir='ltr'><strong>fortasse</strong></span> <span class='ocrx_word' id='word_1_223' title='bbox 490 3011 548 3059; x_wconf 89' lang='lat' dir='ltr'><strong>et</strong></span> <span class='ocrx_word' id='word_1_224' title='bbox 576 3005 729 3059; x_wconf 83' lang='lat' dir='ltr'><strong>vobis</strong></span> <span class='ocrx_word' id='word_1_225' title='bbox 782 3003 922 3060; x_wconf 84' lang='lat' dir='ltr'><strong>foret</strong></span> <span class='ocrx_word' id='word_1_226' title='bbox 977 3003 1277 3070; x_wconf 86' lang='lat' dir='ltr'><strong>fastidium,</strong></span> <span class='ocrx_word' id='word_1_227' title='bbox 1324 3012 1381 3059; x_wconf 92' lang='lat' dir='ltr'><strong>et</strong></span> <span class='ocrx_word' id='word_1_228' title='bbox 1419 3002 1634 3059; x_wconf 81' lang='lat' dir='ltr'><strong>facilius</strong></span> <span class='ocrx_word' id='word_1_229' title='bbox 1688 3003 1807 3059; x_wconf 88' lang='lat' dir='ltr'><strong>dies</strong></span> 
     </span>
    </p>
   </div>
   <div class='ocr_carea' id='block_1_33' title="bbox 219 3093 813 3163">
    <p class='ocr_par' dir='ltr' id='par_1_33' title="bbox 219 3093 813 3163">
     <span class='ocr_line' id='line_1_33' title="bbox 219 3093 813 3163; baseline 0 -15"><span class='ocrx_word' id='word_1_230' title='bbox 219 3107 385 3162; x_wconf 81' lang='lat' dir='ltr'><strong>quam</strong></span> <span class='ocrx_word' id='word_1_231' title='bbox 406 3093 565 3163; x_wconf 89' lang='lat' dir='ltr'><strong>copia</strong></span> <span class='ocrx_word' id='word_1_232' title='bbox 592 3094 813 3150; x_wconf 82' lang='lat' dir='ltr'><strong>deserit.</strong></span> 
     </span>
    </p>
   </div>
   <div class='ocr_carea' id='block_1_34' title="bbox 296 3185 1807 3258">
    <p class='ocr_par' dir='ltr' id='par_1_34' title="bbox 296 3185 1807 3258">
     <span class='ocr_line' id='line_1_34' title="bbox 296 3185 1807 3258; baseline -0.001 -17"><span class='ocrx_word' id='word_1_233' title='bbox 296 3186 500 3241; x_wconf 84' lang='lat' dir='ltr'><strong>Deinde</strong></span> <span class='ocrx_word' id='word_1_234' title='bbox 551 3194 823 3242; x_wconf 72' lang='lat' dir='ltr'><strong>venerim</strong></span> <span class='ocrx_word' id='word_1_235' title='bbox 861 3185 1101 3258; x_wconf 74' lang='lat' dir='ltr'><strong>episcopi</strong></span> <span class='ocrx_word' id='word_1_236' title='bbox 1151 3186 1204 3241; x_wconf 90' lang='lat' dir='ltr'><strong>in</strong></span> <span class='ocrx_word' id='word_1_237' title='bbox 1229 3200 1406 3241; x_wconf 89' lang='lat' dir='ltr'><strong>meam</strong></span> <span class='ocrx_word' id='word_1_238' title='bbox 1462 3194 1690 3252; x_wconf 88' lang='lat' dir='ltr'><strong>terram,</strong></span> <span class='ocrx_word' id='word_1_239' title='bbox 1750 3196 1807 3241; x_wconf 91' lang='lat' dir='ltr'><strong>et</strong></span> 
     </span>
    </p>
   </div>
   <div class='ocr_carea' id='block_1_35' title="bbox 222 3278 1808 3349">
    <p class='ocr_par' dir='ltr' id='par_1_35' title="bbox 222 3278 1808 3349">
     <span class='ocr_line' id='line_1_35' title="bbox 222 3278 1808 3349; baseline -0.001 -16"><span class='ocrx_word' id='word_1_240' title='bbox 222 3292 438 3333; x_wconf 74' lang='grc' dir='ltr'><strong>ιιιοοιιιιι</strong></span> <span class='ocrx_word' id='word_1_241' title='bbox 467 3294 575 3334; x_wconf 86' lang='lat' dir='ltr'><strong>una</strong></span> <span class='ocrx_word' id='word_1_242' title='bbox 620 3295 744 3334; x_wconf 88' lang='lat' dir='ltr'><strong>cum</strong></span> <span class='ocrx_word' id='word_1_243' title='bbox 774 3278 965 3334; x_wconf 87' lang='lat' dir='ltr'><strong>eodem</strong></span> <span class='ocrx_word' id='word_1_244' title='bbox 1009 3280 1421 3349; x_wconf 86' lang='lat' dir='ltr'><strong>archiepiscopo</strong></span> <span class='ocrx_word' id='word_1_245' title='bbox 1450 3278 1808 3333; x_wconf 80' lang='lat' dir='ltr'><strong>firmaverunt</strong></span> 
     </span>
    </p>
   </div>
   <div class='ocr_carea' id='block_1_36' title="bbox 218 3370 1805 3440">
    <p class='ocr_par' dir='ltr' id='par_1_36' title="bbox 218 3370 1805 3440">
     <span class='ocr_line' id='line_1_36' title="bbox 218 3370 1805 3440; baseline 0.001 -18"><span class='ocrx_word' id='word_1_246' title='bbox 218 3376 471 3440; x_wconf 77' lang='lat' dir='ltr'><strong>treguam</strong></span> <span class='ocrx_word' id='word_1_247' title='bbox 506 3370 599 3425; x_wconf 88' lang='lat' dir='ltr'><strong>Dei</strong></span> <span class='ocrx_word' id='word_1_248' title='bbox 633 3370 997 3426; x_wconf 86' lang='lat' dir='ltr'><strong>inviolabilem</strong></span> <span class='ocrx_word' id='word_1_249' title='bbox 1051 3380 1235 3425; x_wconf 86' lang='lat' dir='ltr'><strong>tenere</strong></span> <span class='ocrx_word' id='word_1_250' title='bbox 1274 3370 1326 3423; x_wconf 93' lang='lat' dir='ltr'><strong>in</strong></span> <span class='ocrx_word' id='word_1_251' title='bbox 1354 3383 1571 3423; x_wconf 90' lang='lat' dir='ltr'><strong>omnem</strong></span> <span class='ocrx_word' id='word_1_252' title='bbox 1629 3382 1805 3423; x_wconf 88' lang='lat' dir='ltr'><strong>meam</strong></span> 
     </span>
    </p>
   </div>
   <div class='ocr_carea' id='block_1_37' title="bbox 217 3462 1804 3533">
    <p class='ocr_par' dir='ltr' id='par_1_37' title="bbox 217 3462 1804 3533">
     <span class='ocr_line' id='line_1_37' title="bbox 217 3462 1804 3533; baseline 0 -18"><span class='ocrx_word' id='word_1_253' title='bbox 217 3471 450 3524; x_wconf 72' lang='lat' dir='ltr'><strong>terram,</strong></span> <span class='ocrx_word' id='word_1_254' title='bbox 485 3472 653 3532; x_wconf 80' lang='lat' dir='ltr'><strong>atque</strong></span> <span class='ocrx_word' id='word_1_255' title='bbox 712 3479 780 3518; x_wconf 75' lang='lat' dir='ltr'><strong>ex</strong></span> <span class='ocrx_word' id='word_1_256' title='bbox 837 3465 1024 3519; x_wconf 84' lang='lat' dir='ltr'><strong>eadem</strong></span> <span class='ocrx_word' id='word_1_257' title='bbox 1075 3470 1423 3533; x_wconf 85' lang='lat' dir='ltr'><strong>corruptores</strong></span> <span class='ocrx_word' id='word_1_258' title='bbox 1469 3462 1804 3516; x_wconf 82' lang='lat' dir='ltr'><strong>teterrimam</strong></span> 
     </span>
    </p>
   </div>
   <div class='ocr_carea' id='block_1_38' title="bbox 215 3551 1805 3624">
    <p class='ocr_par' dir='ltr' id='par_1_38' title="bbox 215 3551 1805 3624">
     <span class='ocr_line' id='line_1_38' title="bbox 215 3551 1805 3624; baseline 0.001 -18"><span class='ocrx_word' id='word_1_259' title='bbox 215 3551 485 3621; x_wconf 78' lang='lat' dir='ltr'><strong>justitiam</strong></span> <span class='ocrx_word' id='word_1_260' title='bbox 533 3555 732 3610; x_wconf 88' lang='lat' dir='ltr'><strong>facere.</strong></span> <span class='ocrx_word' id='word_1_261' title='bbox 763 3554 918 3611; x_wconf 88' lang='lat' dir='ltr'><strong>Unde</strong></span> <span class='ocrx_word' id='word_1_262' title='bbox 967 3554 1108 3608; x_wconf 85' lang='lat' dir='ltr'><strong>idem</strong></span> <span class='ocrx_word' id='word_1_263' title='bbox 1145 3552 1594 3624; x_wconf 84' lang='lat' dir='ltr'><strong>archiepiscopus</strong></span> <span class='ocrx_word' id='word_1_264' title='bbox 1624 3560 1681 3607; x_wconf 89' lang='lat' dir='ltr'><strong>et</strong></span> <span class='ocrx_word' id='word_1_265' title='bbox 1705 3567 1805 3623; x_wconf 78' lang='lat' dir='ltr'><strong>ego</strong></span> 
     </span>
    </p>
   </div>
   <div class='ocr_carea' id='block_1_39' title="bbox 218 3640 1805 3711">
    <p class='ocr_par' dir='ltr' id='par_1_39' title="bbox 218 3640 1805 3711">
     <span class='ocr_line' id='line_1_39' title="bbox 218 3640 1805 3711; baseline 0 -14"><span class='ocrx_word' id='word_1_266' title='bbox 218 3642 365 3699; x_wconf 85' lang='lat' dir='ltr'><strong>hanc</strong></span> <span class='ocrx_word' id='word_1_267' title='bbox 417 3642 647 3698; x_wconf 88' lang='lat' dir='ltr'><strong>fecimus</strong></span> <span class='ocrx_word' id='word_1_268' title='bbox 693 3644 1121 3700; x_wconf 83' lang='lat' dir='ltr'><strong>convenientiam</strong></span> <span class='ocrx_word' id='word_1_269' title='bbox 1150 3683 1166 3707; x_wconf 88' lang='lat'><strong>,</strong></span> <span class='ocrx_word' id='word_1_270' title='bbox 1215 3651 1279 3698; x_wconf 90' lang='lat' dir='ltr'><strong>ut</strong></span> <span class='ocrx_word' id='word_1_271' title='bbox 1331 3644 1398 3698; x_wconf 82' lang='lat' dir='ltr'><strong>de</strong></span> <span class='ocrx_word' id='word_1_272' title='bbox 1432 3640 1647 3699; x_wconf 87' lang='lat' dir='ltr'><strong>cunctis</strong></span> <span class='ocrx_word' id='word_1_273' title='bbox 1685 3656 1805 3711; x_wconf 65' lang='lat' dir='ltr'><strong>quae</strong></span> 
     </span>
    </p>
   </div>
   <div class='ocr_carea' id='block_1_40' title="bbox 214 3730 1805 3805">
    <p class='ocr_par' dir='ltr' id='par_1_40' title="bbox 214 3730 1805 3805">
     <span class='ocr_line' id='line_1_40' title="bbox 214 3730 1805 3805; baseline -0.003 -17"><span class='ocrx_word' id='word_1_274' title='bbox 214 3735 507 3789; x_wconf 86' lang='lat' dir='ltr'><strong>emendata</strong></span> <span class='ocrx_word' id='word_1_275' title='bbox 554 3733 787 3788; x_wconf 76' lang='lat' dir='ltr'><strong>fuissent</strong></span> <span class='ocrx_word' id='word_1_276' title='bbox 836 3749 933 3805; x_wconf 89' lang='lat' dir='ltr'><strong>per</strong></span> <span class='ocrx_word' id='word_1_277' title='bbox 988 3734 1157 3805; x_wconf 81' lang='lat' dir='ltr'><strong>ipsius</strong></span> <span class='ocrx_word' id='word_1_278' title='bbox 1215 3742 1416 3802; x_wconf 67' lang='lat' dir='ltr'><strong>tregua:</strong></span> <span class='ocrx_word' id='word_1_279' title='bbox 1456 3730 1805 3799; x_wconf 85' lang='lat' dir='ltr'><strong>fractionem,</strong></span> 
     </span>
    </p>
   </div>
   <div class='ocr_carea' id='block_1_41' title="bbox 221 3821 1802 3892">
    <p class='ocr_par' dir='ltr' id='par_1_41' title="bbox 221 3821 1802 3892">
     <span class='ocr_line' id='line_1_41' title="bbox 221 3821 1802 3892; baseline -0.002 -14"><span class='ocrx_word' id='word_1_280' title='bbox 221 3840 325 3878; x_wconf 88' lang='lat' dir='ltr'><strong>una</strong></span> <span class='ocrx_word' id='word_1_281' title='bbox 356 3823 628 3879; x_wconf 81' lang='lat' dir='ltr'><strong>medietas</strong></span> <span class='ocrx_word' id='word_1_282' title='bbox 672 3824 871 3879; x_wconf 67' lang='lat' dir='ltr'><strong>luisset</strong></span> <span class='ocrx_word' id='word_1_283' title='bbox 909 3825 1146 3892; x_wconf 50' lang='lat' dir='ltr'><strong>praefata:</strong></span> <span class='ocrx_word' id='word_1_284' title='bbox 1179 3822 1445 3886; x_wconf 67' lang='lat' dir='ltr'><strong>ecclesiae,</strong></span> <span class='ocrx_word' id='word_1_285' title='bbox 1480 3821 1609 3886; x_wconf 89' lang='lat' dir='ltr'><strong>alia,</strong></span> <span class='ocrx_word' id='word_1_286' title='bbox 1660 3837 1802 3885; x_wconf 89' lang='lat' dir='ltr'><strong>mea,</strong></span> 
     </span>
    </p>
   </div>
   <div class='ocr_carea' id='block_1_42' title="bbox 212 3910 1802 3983">
    <p class='ocr_par' dir='ltr' id='par_1_42' title="bbox 212 3910 1802 3983">
     <span class='ocr_line' id='line_1_42' title="bbox 212 3910 1802 3983; baseline 0 -18"><span class='ocrx_word' id='word_1_287' title='bbox 212 3926 317 3980; x_wconf 82' lang='lat' dir='ltr'><strong>pro</strong></span> <span class='ocrx_word' id='word_1_288' title='bbox 349 3914 658 3967; x_wconf 74' lang='lat' dir='ltr'><strong>exercenda</strong></span> <span class='ocrx_word' id='word_1_289' title='bbox 677 3913 908 3983; x_wconf 73' lang='lat' dir='ltr'><strong>iustitia.</strong></span> <span class='ocrx_word' id='word_1_290' title='bbox 938 3913 1050 3983; x_wconf 75' lang='lat' dir='ltr'><strong>Ego</strong></span> <span class='ocrx_word' id='word_1_291' title='bbox 1078 3928 1146 3966; x_wconf 89' lang='lat' dir='ltr'><strong>au</strong></span> <span class='ocrx_word' id='word_1_292' title='bbox 1168 3927 1261 3967; x_wconf 87' lang='lat' dir='ltr'><strong>em</strong></span> <span class='ocrx_word' id='word_1_293' title='bbox 1310 3910 1561 3967; x_wconf 84' lang='lat' dir='ltr'><strong>consensi</strong></span> <span class='ocrx_word' id='word_1_294' title='bbox 1632 3911 1802 3981; x_wconf 89' lang='lat' dir='ltr'><strong>ipsam</strong></span> 
     </span>
    </p>
   </div>
   <div class='ocr_carea' id='block_1_43' title="bbox 216 4004 1801 4075">
    <p class='ocr_par' dir='ltr' id='par_1_43' title="bbox 216 4004 1801 4075">
     <span class='ocr_line' id='line_1_43' title="bbox 216 4004 1801 4075; baseline 0.002 -18"><span class='ocrx_word' id='word_1_295' title='bbox 216 4019 397 4058; x_wconf 83' lang='lat' dir='ltr'><strong>meam</strong></span> <span class='ocrx_word' id='word_1_296' title='bbox 455 4004 803 4060; x_wconf 86' lang='lat' dir='ltr'><strong>medietatem</strong></span> <span class='ocrx_word' id='word_1_297' title='bbox 851 4005 1244 4060; x_wconf 87' lang='lat' dir='ltr'><strong>condirectioni</strong></span> <span class='ocrx_word' id='word_1_298' title='bbox 1315 4004 1485 4075; x_wconf 84' lang='lat' dir='ltr'><strong>ipsius</strong></span> <span class='ocrx_word' id='word_1_299' title='bbox 1535 4004 1801 4060; x_wconf 70' lang='lat' dir='ltr'><strong>ecclesiae.</strong></span> 
     </span>
    </p>
   </div>
   <div class='ocr_carea' id='block_1_44' title="bbox 215 4093 1805 4164">
    <p class='ocr_par' dir='ltr' id='par_1_44' title="bbox 215 4093 1805 4164">
     <span class='ocr_line' id='line_1_44' title="bbox 215 4093 1805 4164; baseline -0.002 -14"><span class='ocrx_word' id='word_1_300' title='bbox 215 4093 324 4150; x_wconf 85' lang='lat' dir='ltr'><strong>Sed</strong></span> <span class='ocrx_word' id='word_1_301' title='bbox 351 4095 445 4150; x_wconf 85' lang='lat' dir='ltr'><strong>ille</strong></span> <span class='ocrx_word' id='word_1_302' title='bbox 478 4111 586 4150; x_wconf 86' lang='lat' dir='ltr'><strong>non</strong></span> <span class='ocrx_word' id='word_1_303' title='bbox 617 4096 669 4149; x_wconf 90' lang='lat' dir='ltr'><strong>in</strong></span> <span class='ocrx_word' id='word_1_304' title='bbox 691 4093 808 4164; x_wconf 85' lang='lat' dir='ltr'><strong>ejus</strong></span> <span class='ocrx_word' id='word_1_305' title='bbox 848 4095 1331 4157; x_wconf 86' lang='lat' dir='ltr'><strong>condirectienem,</strong></span> <span class='ocrx_word' id='word_1_306' title='bbox 1363 4094 1458 4147; x_wconf 84' lang='lat' dir='ltr'><strong>sed</strong></span> <span class='ocrx_word' id='word_1_307' title='bbox 1498 4093 1551 4146; x_wconf 89' lang='lat' dir='ltr'><strong>in</strong></span> <span class='ocrx_word' id='word_1_308' title='bbox 1593 4094 1805 4149; x_wconf 59' lang='lat' dir='ltr'><strong>destruc</strong></span> 
     </span>
    </p>
   </div>
   <div class='ocr_carea' id='block_1_45' title="bbox 214 4182 1804 4256">
    <p class='ocr_par' dir='ltr' id='par_1_45' title="bbox 214 4182 1804 4256">
     <span class='ocr_line' id='line_1_45' title="bbox 214 4182 1804 4256; baseline -0.001 -17"><span class='ocrx_word' id='word_1_309' title='bbox 214 4186 457 4241; x_wconf 83' lang='lat' dir='ltr'><strong>ctionem</strong></span> <span class='ocrx_word' id='word_1_310' title='bbox 498 4186 667 4249; x_wconf 88' lang='lat' dir='ltr'><strong>misit,</strong></span> <span class='ocrx_word' id='word_1_311' title='bbox 700 4186 824 4256; x_wconf 84' lang='lat' dir='ltr'><strong>quia</strong></span> <span class='ocrx_word' id='word_1_312' title='bbox 860 4196 915 4241; x_wconf 88' lang='lat' dir='ltr'><strong>et</strong></span> <span class='ocrx_word' id='word_1_313' title='bbox 961 4187 1027 4240; x_wconf 91' lang='lat' dir='ltr'><strong>ah</strong></span> <span class='ocrx_word' id='word_1_314' title='bbox 1062 4184 1288 4239; x_wconf 81' lang='lat' dir='ltr'><strong>ecclesia</strong></span> <span class='ocrx_word' id='word_1_315' title='bbox 1335 4199 1453 4239; x_wconf 86' lang='lat' dir='ltr'><strong>eam</strong></span> <span class='ocrx_word' id='word_1_316' title='bbox 1485 4182 1724 4248; x_wconf 88' lang='lat' dir='ltr'><strong>abstulit,</strong></span> <span class='ocrx_word' id='word_1_317' title='bbox 1746 4193 1804 4238; x_wconf 85' lang='lat' dir='ltr'><strong>et</strong></span> 
     </span>
    </p>
   </div>
   <div class='ocr_carea' id='block_1_46' title="bbox 214 4272 1802 4345">
    <p class='ocr_par' dir='ltr' id='par_1_46' title="bbox 214 4272 1802 4345">
     <span class='ocr_line' id='line_1_46' title="bbox 214 4272 1802 4345; baseline -0.001 -17"><span class='ocrx_word' id='word_1_318' title='bbox 214 4274 483 4329; x_wconf 87' lang='lat' dir='ltr'><strong>militibus</strong></span> <span class='ocrx_word' id='word_1_319' title='bbox 543 4290 642 4345; x_wconf 88' lang='lat' dir='ltr'><strong>per</strong></span> <span class='ocrx_word' id='word_1_320' title='bbox 670 4274 932 4330; x_wconf 83' lang='lat' dir='ltr'><strong>solidatas</strong></span> <span class='ocrx_word' id='word_1_321' title='bbox 983 4273 1176 4329; x_wconf 82' lang='lat' dir='ltr'><strong>tribuit</strong></span> <span class='ocrx_word' id='word_1_322' title='bbox 1199 4272 1379 4343; x_wconf 86' lang='lat' dir='ltr'><strong>potius</strong></span> <span class='ocrx_word' id='word_1_323' title='bbox 1410 4288 1572 4342; x_wconf 90' lang='lat' dir='ltr'><strong>quam</strong></span> <span class='ocrx_word' id='word_1_324' title='bbox 1615 4272 1802 4328; x_wconf 87' lang='lat' dir='ltr'><strong>decem</strong></span> 
     </span>
    </p>
   </div>
   <div class='ocr_carea' id='block_1_47' title="bbox 212 4365 1800 4436">
    <p class='ocr_par' dir='ltr' id='par_1_47' title="bbox 212 4365 1800 4436">
     <span class='ocr_line' id='line_1_47' title="bbox 212 4365 1800 4436; baseline -0.003 -14"><span class='ocrx_word' id='word_1_325' title='bbox 212 4368 387 4422; x_wconf 85' lang='lat' dir='ltr'><strong>millia</strong></span> <span class='ocrx_word' id='word_1_326' title='bbox 417 4367 642 4423; x_wconf 89' lang='lat' dir='ltr'><strong>solidos.</strong></span> <span class='ocrx_word' id='word_1_327' title='bbox 673 4367 789 4436; x_wconf 88' lang='lat' dir='ltr'><strong>Qua</strong></span> <span class='ocrx_word' id='word_1_328' title='bbox 817 4369 944 4423; x_wconf 86' lang='lat' dir='ltr'><strong>data</strong></span> <span class='ocrx_word' id='word_1_329' title='bbox 977 4369 1088 4424; x_wconf 89' lang='lat' dir='ltr'><strong>Deo</strong></span> <span class='ocrx_word' id='word_1_330' title='bbox 1115 4376 1169 4423; x_wconf 92' lang='lat' dir='ltr'><strong>et</strong></span> <span class='ocrx_word' id='word_1_331' title='bbox 1197 4366 1412 4421; x_wconf 83' lang='lat' dir='ltr'><strong>fortiter</strong></span> <span class='ocrx_word' id='word_1_332' title='bbox 1437 4365 1673 4429; x_wconf 79' lang='lat' dir='ltr'><strong>ﬁrmata,</strong></span> <span class='ocrx_word' id='word_1_333' title='bbox 1710 4366 1800 4436; x_wconf 90' lang='lat' dir='ltr'><strong>qui</strong></span> 
     </span>
    </p>
   </div>
   <div class='ocr_carea' id='block_1_48' title="bbox 1916 532 3502 615">
    <p class='ocr_par' dir='ltr' id='par_1_48' title="bbox 1916 532 3502 615">
     <span class='ocr_line' id='line_1_48' title="bbox 1916 532 3502 615; baseline 0.014 -30"><span class='ocrx_word' id='word_1_334' title='bbox 1916 532 2109 588; x_wconf 87' lang='lat' dir='ltr'><strong>altaria</strong></span> <span class='ocrx_word' id='word_1_335' title='bbox 2135 536 2384 590; x_wconf 86' lang='lat' dir='ltr'><strong>manibus</strong></span> <span class='ocrx_word' id='word_1_336' title='bbox 2404 535 2622 605; x_wconf 85' lang='lat' dir='ltr'><strong>juratus</strong></span> <span class='ocrx_word' id='word_1_337' title='bbox 2650 549 2736 596; x_wconf 89' lang='lat' dir='ltr'><strong>est</strong></span> <span class='ocrx_word' id='word_1_338' title='bbox 2758 540 2949 607; x_wconf 90' lang='lat' dir='ltr'><strong>multa,</strong></span> <span class='ocrx_word' id='word_1_339' title='bbox 2972 558 3208 615; x_wconf 89' lang='lat' dir='ltr'><strong>unquam</strong></span> <span class='ocrx_word' id='word_1_340' title='bbox 3236 562 3340 603; x_wconf 90' lang='lat' dir='ltr'><strong>non</strong></span> <span class='ocrx_word' id='word_1_341' title='bbox 3365 550 3502 609; x_wconf 70' lang='lat' dir='ltr'><strong>mihi</strong></span> 
     </span>
    </p>
   </div>
   <div class='ocr_carea' id='block_1_49' title="bbox 1918 623 3505 699">
    <p class='ocr_par' dir='ltr' id='par_1_49' title="bbox 1918 623 3505 699">
     <span class='ocr_line' id='line_1_49' title="bbox 1918 623 3505 699; baseline 0.014 -24"><span class='ocrx_word' id='word_1_342' title='bbox 1918 623 2109 687; x_wconf 77' lang='lat' dir='ltr'><strong>tenuit,</strong></span> <span class='ocrx_word' id='word_1_343' title='bbox 2158 624 2253 679; x_wconf 87' lang='lat' dir='ltr'><strong>sed</strong></span> <span class='ocrx_word' id='word_1_344' title='bbox 2297 628 2482 681; x_wconf 78' lang='lat' dir='ltr'><strong>omnia</strong></span> <span class='ocrx_word' id='word_1_345' title='bbox 2512 627 2692 699; x_wconf 77' lang='lat' dir='ltr'><strong>fregit.</strong></span> <span class='ocrx_word' id='word_1_346' title='bbox 2722 630 2804 685; x_wconf 80' lang='lat' dir='ltr'><strong>Ad</strong></span> <span class='ocrx_word' id='word_1_347' title='bbox 2845 633 3094 690; x_wconf 88' lang='lat' dir='ltr'><strong>ultimum</strong></span> <span class='ocrx_word' id='word_1_348' title='bbox 3122 653 3253 693; x_wconf 88' lang='lat' dir='ltr'><strong>vero</strong></span> <span class='ocrx_word' id='word_1_349' title='bbox 3293 642 3505 697; x_wconf 74' lang='lat' dir='ltr'><strong>bonum</strong></span> 
     </span>
    </p>
   </div>
   <div class='ocr_carea' id='block_1_50' title="bbox 1914 718 3500 799">
    <p class='ocr_par' dir='ltr' id='par_1_50' title="bbox 1914 718 3500 799">
     <span class='ocr_line' id='line_1_50' title="bbox 1914 718 3500 799; baseline 0.013 -30"><span class='ocrx_word' id='word_1_350' title='bbox 1914 726 2051 785; x_wconf 81' lang='lat' dir='ltr'><strong>opus</strong></span> <span class='ocrx_word' id='word_1_351' title='bbox 2083 726 2339 786; x_wconf 87' lang='lat' dir='ltr'><strong>operatus</strong></span> <span class='ocrx_word' id='word_1_352' title='bbox 2365 727 2471 783; x_wconf 87' lang='lat' dir='ltr'><strong>est,</strong></span> <span class='ocrx_word' id='word_1_353' title='bbox 2496 719 2631 775; x_wconf 86' lang='lat' dir='ltr'><strong>satis</strong></span> <span class='ocrx_word' id='word_1_354' title='bbox 2667 718 2778 775; x_wconf 90' lang='lat' dir='ltr'><strong>Deo</strong></span> <span class='ocrx_word' id='word_1_355' title='bbox 2800 730 2858 777; x_wconf 87' lang='lat' dir='ltr'><strong>et</strong></span> <span class='ocrx_word' id='word_1_356' title='bbox 2886 723 3152 783; x_wconf 71' lang='lat' dir='ltr'><strong>universae</strong></span> <span class='ocrx_word' id='word_1_357' title='bbox 3174 728 3318 799; x_wconf 86' lang='lat' dir='ltr'><strong>plebi</strong></span> <span class='ocrx_word' id='word_1_358' title='bbox 3359 730 3500 790; x_wconf 72' lang='lat' dir='ltr'><strong>Na:-</strong></span> 
     </span>
    </p>
   </div>
   <div class='ocr_carea' id='block_1_51' title="bbox 1917 804 3499 879">
    <p class='ocr_par' dir='ltr' id='par_1_51' title="bbox 1917 804 3499 879">
     <span class='ocr_line' id='line_1_51' title="bbox 1917 804 3499 879; baseline 0.013 -20"><span class='ocrx_word' id='word_1_359' title='bbox 1917 804 2173 861; x_wconf 86' lang='lat' dir='ltr'><strong>boneusis</strong></span> <span class='ocrx_word' id='word_1_360' title='bbox 2199 805 2470 874; x_wconf 86' lang='lat' dir='ltr'><strong>placibile.</strong></span> <span class='ocrx_word' id='word_1_361' title='bbox 2499 807 2653 864; x_wconf 87' lang='lat' dir='ltr'><strong>Unde</strong></span> <span class='ocrx_word' id='word_1_362' title='bbox 2682 810 2821 865; x_wconf 84' lang='lat' dir='ltr'><strong>mala</strong></span> <span class='ocrx_word' id='word_1_363' title='bbox 2867 812 2982 868; x_wconf 79' lang='lat' dir='ltr'><strong>hzee</strong></span> <span class='ocrx_word' id='word_1_364' title='bbox 3001 817 3187 872; x_wconf 88' lang='lat' dir='ltr'><strong>omnia</strong></span> <span class='ocrx_word' id='word_1_365' title='bbox 3208 819 3499 879; x_wconf 76' lang='lat' dir='ltr'><strong>oblivisce-</strong></span> 
     </span>
    </p>
   </div>
   <div class='ocr_carea' id='block_1_52' title="bbox 1919 892 3507 983">
    <p class='ocr_par' dir='ltr' id='par_1_52' title="bbox 1919 892 3507 983">
     <span class='ocr_line' id='line_1_52' title="bbox 1919 892 3507 983; baseline 0.015 -38"><span class='ocrx_word' id='word_1_366' title='bbox 1919 908 2125 959; x_wconf 89' lang='lat' dir='ltr'><strong>ramus,</strong></span> <span class='ocrx_word' id='word_1_367' title='bbox 2154 896 2200 948; x_wconf 88' lang='lat' dir='ltr'><strong>si</strong></span> <span class='ocrx_word' id='word_1_368' title='bbox 2233 892 2389 952; x_wconf 85' lang='lat' dir='ltr'><strong>nobis</strong></span> <span class='ocrx_word' id='word_1_369' title='bbox 2418 897 2471 952; x_wconf 88' lang='lat' dir='ltr'><strong>in</strong></span> <span class='ocrx_word' id='word_1_370' title='bbox 2502 898 2703 953; x_wconf 87' lang='lat' dir='ltr'><strong>bonum</strong></span> <span class='ocrx_word' id='word_1_371' title='bbox 2725 901 2982 957; x_wconf 74' lang='lat' dir='ltr'><strong>venisset.</strong></span> <span class='ocrx_word' id='word_1_372' title='bbox 2999 904 3239 975; x_wconf 83' lang='lat' dir='ltr'><strong>Corpora</strong></span> <span class='ocrx_word' id='word_1_373' title='bbox 3266 924 3507 983; x_wconf 78' lang='lat' dir='ltr'><strong>namque</strong></span> 
     </span>
    </p>
   </div>
   <div class='ocr_carea' id='block_1_53' title="bbox 1915 984 3505 1064">
    <p class='ocr_par' dir='ltr' id='par_1_53' title="bbox 1915 984 3505 1064">
     <span class='ocr_line' id='line_1_53' title="bbox 1915 984 3505 1064; baseline 0.012 -27"><span class='ocrx_word' id='word_1_374' title='bbox 1915 992 2232 1038; x_wconf 89' lang='lat' dir='ltr'><strong>sanctorum</strong></span> <span class='ocrx_word' id='word_1_375' title='bbox 2298 984 2438 1039; x_wconf 82' lang='lat' dir='ltr'><strong>Justi</strong></span> <span class='ocrx_word' id='word_1_376' title='bbox 2488 995 2545 1041; x_wconf 88' lang='lat' dir='ltr'><strong>et</strong></span> <span class='ocrx_word' id='word_1_377' title='bbox 2590 986 2857 1054; x_wconf 83' lang='lat' dir='ltr'><strong>Pastoris,</strong></span> <span class='ocrx_word' id='word_1_378' title='bbox 2887 1005 3009 1060; x_wconf 57' lang='lat' dir='ltr'><strong>quas</strong></span> <span class='ocrx_word' id='word_1_379' title='bbox 3050 1009 3505 1064; x_wconf 62' lang='lat' dir='ltr'><strong>prememoratua</strong></span> 
     </span>
    </p>
   </div>
   <div class='ocr_carea' id='block_1_54' title="bbox 1917 1076 3497 1158">
    <p class='ocr_par' dir='ltr' id='par_1_54' title="bbox 1917 1076 3497 1158">
     <span class='ocr_line' id='line_1_54' title="bbox 1917 1076 3497 1158; baseline 0.012 -30"><span class='ocrx_word' id='word_1_380' title='bbox 1917 1089 2012 1129; x_wconf 76' lang='lat' dir='ltr'><strong>rex</strong></span> <span class='ocrx_word' id='word_1_381' title='bbox 2052 1076 2278 1132; x_wconf 85' lang='lat' dir='ltr'><strong>Carolus</strong></span> <span class='ocrx_word' id='word_1_382' title='bbox 2316 1078 2389 1134; x_wconf 89' lang='lat' dir='ltr'><strong>ah</strong></span> <span class='ocrx_word' id='word_1_383' title='bbox 2438 1077 2696 1151; x_wconf 82' lang='lat' dir='ltr'><strong>Hispania</strong></span> <span class='ocrx_word' id='word_1_384' title='bbox 2728 1082 3012 1152; x_wconf 82' lang='lat' dir='ltr'><strong>deferens,</strong></span> <span class='ocrx_word' id='word_1_385' title='bbox 3069 1095 3236 1158; x_wconf 85' lang='lat' dir='ltr'><strong>atque</strong></span> <span class='ocrx_word' id='word_1_386' title='bbox 3295 1090 3351 1145; x_wconf 91' lang='lat' dir='ltr'><strong>in</strong></span> <span class='ocrx_word' id='word_1_387' title='bbox 3407 1094 3497 1147; x_wconf 75' lang='lat' dir='ltr'><strong>via</strong></span> 
     </span>
    </p>
   </div>
   <div class='ocr_carea' id='block_1_55' title="bbox 1915 1168 3501 1241">
    <p class='ocr_par' dir='ltr' id='par_1_55' title="bbox 1915 1168 3501 1241">
     <span class='ocr_line' id='line_1_55' title="bbox 1915 1168 3501 1241; baseline 0.013 -21"><span class='ocrx_word' id='word_1_388' title='bbox 1915 1180 2128 1229; x_wconf 86' lang='lat' dir='ltr'><strong>carens,</strong></span> <span class='ocrx_word' id='word_1_389' title='bbox 2159 1168 2212 1223; x_wconf 92' lang='lat' dir='ltr'><strong>in</strong></span> <span class='ocrx_word' id='word_1_390' title='bbox 2233 1170 2457 1241; x_wconf 64' lang='lat' dir='ltr'><strong>prtefata</strong></span> <span class='ocrx_word' id='word_1_391' title='bbox 2491 1172 2754 1229; x_wconf 89' lang='lat' dir='ltr'><strong>ineorum</strong></span> <span class='ocrx_word' id='word_1_392' title='bbox 2784 1176 2991 1234; x_wconf 87' lang='lat' dir='ltr'><strong>honore</strong></span> <span class='ocrx_word' id='word_1_393' title='bbox 3015 1179 3283 1237; x_wconf 68' lang='lat' dir='ltr'><strong>aedificata</strong></span> <span class='ocrx_word' id='word_1_394' title='bbox 3320 1185 3501 1240; x_wconf 83' lang='lat' dir='ltr'><strong>eccle-</strong></span> 
     </span>
    </p>
   </div>
   <div class='ocr_carea' id='block_1_56' title="bbox 1915 1257 3501 1348">
    <p class='ocr_par' dir='ltr' id='par_1_56' title="bbox 1915 1257 3501 1348">
     <span class='ocr_line' id='line_1_56' title="bbox 1915 1257 3501 1348; baseline 0.014 -38"><span class='ocrx_word' id='word_1_395' title='bbox 1915 1257 1997 1310; x_wconf 86' lang='lat' dir='ltr'><strong>sia</strong></span> <span class='ocrx_word' id='word_1_396' title='bbox 2025 1259 2296 1316; x_wconf 86' lang='lat' dir='ltr'><strong>collocare</strong></span> <span class='ocrx_word' id='word_1_397' title='bbox 2342 1273 2648 1333; x_wconf 85' lang='lat' dir='ltr'><strong>optaverat,</strong></span> <span class='ocrx_word' id='word_1_398' title='bbox 2695 1282 2817 1337; x_wconf 64' lang='lat' dir='ltr'><strong>qua:</strong></span> <span class='ocrx_word' id='word_1_399' title='bbox 2855 1271 3013 1326; x_wconf 90' lang='lat' dir='ltr'><strong>nobis</strong></span> <span class='ocrx_word' id='word_1_400' title='bbox 3035 1275 3353 1345; x_wconf 78' lang='lat' dir='ltr'><strong>nostrisque</strong></span> <span class='ocrx_word' id='word_1_401' title='bbox 3398 1293 3501 1348; x_wconf 87' lang='lat' dir='ltr'><strong>pa-</strong></span> 
     </span>
    </p>
   </div>
   <div class='ocr_carea' id='block_1_57' title="bbox 1918 1348 3497 1440">
    <p class='ocr_par' dir='ltr' id='par_1_57' title="bbox 1918 1348 3497 1440">
     <span class='ocr_line' id='line_1_57' title="bbox 1918 1348 3497 1440; baseline 0.014 -40"><span class='ocrx_word' id='word_1_402' title='bbox 1918 1348 2090 1403; x_wconf 86' lang='lat' dir='ltr'><strong>tribus</strong></span> <span class='ocrx_word' id='word_1_403' title='bbox 2117 1351 2342 1405; x_wconf 81' lang='lat' dir='ltr'><strong>multum</strong></span> <span class='ocrx_word' id='word_1_404' title='bbox 2377 1364 2535 1410; x_wconf 92' lang='lat' dir='ltr'><strong>erant</strong></span> <span class='ocrx_word' id='word_1_405' title='bbox 2582 1367 2790 1429; x_wconf 81' lang='lat' dir='ltr'><strong>optata,</strong></span> <span class='ocrx_word' id='word_1_406' title='bbox 2817 1360 2889 1416; x_wconf 82' lang='lat' dir='ltr'><strong>ab</strong></span> <span class='ocrx_word' id='word_1_407' title='bbox 2911 1362 3053 1417; x_wconf 86' lang='lat' dir='ltr'><strong>idem</strong></span> <span class='ocrx_word' id='word_1_408' title='bbox 3080 1368 3497 1440; x_wconf 70' lang='lat' dir='ltr'><strong>archiepiscopo</strong></span> 
     </span>
    </p>
   </div>
   <div class='ocr_carea' id='block_1_58' title="bbox 1915 1442 3499 1525">
    <p class='ocr_par' dir='ltr' id='par_1_58' title="bbox 1915 1442 3499 1525">
     <span class='ocr_line' id='line_1_58' title="bbox 1915 1442 3499 1525; baseline 0.016 -33"><span class='ocrx_word' id='word_1_409' title='bbox 1915 1442 2192 1510; x_wconf 73' lang='lat' dir='ltr'><strong>explorata</strong></span> <span class='ocrx_word' id='word_1_410' title='bbox 2238 1455 2295 1499; x_wconf 93' lang='lat' dir='ltr'><strong>et</strong></span> <span class='ocrx_word' id='word_1_411' title='bbox 2338 1457 2517 1516; x_wconf 86' lang='lat' dir='ltr'><strong>capta,</strong></span> <span class='ocrx_word' id='word_1_412' title='bbox 2573 1451 2641 1504; x_wconf 89' lang='lat' dir='ltr'><strong>ad</strong></span> <span class='ocrx_word' id='word_1_413' title='bbox 2692 1466 2846 1506; x_wconf 88' lang='lat' dir='ltr'><strong>suam</strong></span> <span class='ocrx_word' id='word_1_414' title='bbox 2897 1469 3068 1525; x_wconf 86' lang='lat' dir='ltr'><strong>usque</strong></span> <span class='ocrx_word' id='word_1_415' title='bbox 3107 1474 3233 1513; x_wconf 89' lang='lat' dir='ltr'><strong>cum</strong></span> <span class='ocrx_word' id='word_1_416' title='bbox 3292 1462 3499 1518; x_wconf 87' lang='lat' dir='ltr'><strong>honore</strong></span> 
     </span>
    </p>
   </div>
   <div class='ocr_carea' id='block_1_59' title="bbox 1914 1536 3489 1613">
    <p class='ocr_par' dir='ltr' id='par_1_59' title="bbox 1914 1536 3489 1613">
     <span class='ocr_line' id='line_1_59' title="bbox 1914 1536 3489 1613; baseline 0.016 -29"><span class='ocrx_word' id='word_1_417' title='bbox 1914 1536 2216 1603; x_wconf 84' lang='lat' dir='ltr'><strong>asportavit</strong></span> <span class='ocrx_word' id='word_1_418' title='bbox 2255 1537 2569 1603; x_wconf 75' lang='lat' dir='ltr'><strong>ecclesiam,</strong></span> <span class='ocrx_word' id='word_1_419' title='bbox 2629 1550 2793 1613; x_wconf 86' lang='lat' dir='ltr'><strong>atque</strong></span> <span class='ocrx_word' id='word_1_420' title='bbox 2842 1544 3140 1603; x_wconf 88' lang='lat' dir='ltr'><strong>honorilice</strong></span> <span class='ocrx_word' id='word_1_421' title='bbox 3183 1551 3489 1609; x_wconf 82' lang='lat' dir='ltr'><strong>collocavit.</strong></span> 
     </span>
    </p>
   </div>
   <div class='ocr_carea' id='block_1_60' title="bbox 1917 1621 3495 1702">
    <p class='ocr_par' dir='ltr' id='par_1_60' title="bbox 1917 1621 3495 1702">
     <span class='ocr_line' id='line_1_60' title="bbox 1917 1621 3495 1702; baseline 0.015 -25"><span class='ocrx_word' id='word_1_422' title='bbox 1917 1621 2071 1681; x_wconf 79' lang='lat' dir='ltr'><strong>Unde</strong></span> <span class='ocrx_word' id='word_1_423' title='bbox 2126 1641 2233 1682; x_wconf 93' lang='lat' dir='ltr'><strong>non</strong></span> <span class='ocrx_word' id='word_1_424' title='bbox 2283 1629 2458 1685; x_wconf 85' lang='lat' dir='ltr'><strong>solum</strong></span> <span class='ocrx_word' id='word_1_425' title='bbox 2511 1647 2541 1685; x_wconf 86' lang='lat' dir='ltr'><strong>a</strong></span> <span class='ocrx_word' id='word_1_426' title='bbox 2576 1649 2682 1698; x_wconf 88' lang='lat' dir='ltr'><strong>me.</strong></span> <span class='ocrx_word' id='word_1_427' title='bbox 2728 1638 2823 1691; x_wconf 90' lang='lat' dir='ltr'><strong>sed</strong></span> <span class='ocrx_word' id='word_1_428' title='bbox 2869 1637 3033 1693; x_wconf 87' lang='lat' dir='ltr'><strong>etiam</strong></span> <span class='ocrx_word' id='word_1_429' title='bbox 3072 1655 3103 1694; x_wconf 86' lang='lat' dir='ltr'><strong>a</strong></span> <span class='ocrx_word' id='word_1_430' title='bbox 3140 1642 3253 1697; x_wconf 88' lang='lat' dir='ltr'><strong>suis</strong></span> <span class='ocrx_word' id='word_1_431' title='bbox 3285 1643 3495 1702; x_wconf 86' lang='lat' dir='ltr'><strong>civibus</strong></span> 
     </span>
    </p>
   </div>
   <div class='ocr_carea' id='block_1_61' title="bbox 1916 1713 3499 1805">
    <p class='ocr_par' dir='ltr' id='par_1_61' title="bbox 1916 1713 3499 1805">
     <span class='ocr_line' id='line_1_61' title="bbox 1916 1713 3499 1805; baseline 0.016 -37"><span class='ocrx_word' id='word_1_432' title='bbox 1916 1713 2166 1805; x_wconf 83' lang='lat' dir='ltr'><strong>laudatus</strong></span> <span class='ocrx_word' id='word_1_433' title='bbox 2199 1729 2361 1792; x_wconf 84' lang='lat' dir='ltr'><strong>atque</strong></span> <span class='ocrx_word' id='word_1_434' title='bbox 2410 1721 2639 1780; x_wconf 89' lang='lat' dir='ltr'><strong>dilectus</strong></span> <span class='ocrx_word' id='word_1_435' title='bbox 2668 1735 2807 1781; x_wconf 88' lang='lat' dir='ltr'><strong>erat.</strong></span> <span class='ocrx_word' id='word_1_436' title='bbox 2851 1727 2954 1795; x_wconf 83' lang='lat' dir='ltr'><strong>Qui</strong></span> <span class='ocrx_word' id='word_1_437' title='bbox 2996 1745 3104 1786; x_wconf 89' lang='lat' dir='ltr'><strong>non</strong></span> <span class='ocrx_word' id='word_1_438' title='bbox 3152 1733 3323 1790; x_wconf 89' lang='lat' dir='ltr'><strong>multo</strong></span> <span class='ocrx_word' id='word_1_439' title='bbox 3346 1748 3499 1805; x_wconf 66' lang='lat' dir='ltr'><strong>post,</strong></span> 
     </span>
    </p>
   </div>
   <div class='ocr_carea' id='block_1_62' title="bbox 1837 1792 3492 1886">
    <p class='ocr_par' dir='ltr' id='par_1_62' title="bbox 1837 1792 3492 1886">
     <span class='ocr_line' id='line_1_62' title="bbox 1837 1792 3492 1886; baseline 0.016 -30"><span class='ocrx_word' id='word_1_440' title='bbox 1837 1792 1887 1856; x_wconf 80' lang='grc' dir='ltr'><strong>Β</strong></span> <span class='ocrx_word' id='word_1_441' title='bbox 1914 1804 2162 1877; x_wconf 80' lang='lat' dir='ltr'><strong>litigante</strong></span> <span class='ocrx_word' id='word_1_442' title='bbox 2205 1825 2272 1864; x_wconf 90' lang='lat' dir='ltr'><strong>eo</strong></span> <span class='ocrx_word' id='word_1_443' title='bbox 2301 1824 2424 1866; x_wconf 90' lang='lat' dir='ltr'><strong>cum</strong></span> <span class='ocrx_word' id='word_1_444' title='bbox 2476 1828 2574 1869; x_wconf 89' lang='lat' dir='ltr'><strong>suo</strong></span> <span class='ocrx_word' id='word_1_445' title='bbox 2622 1816 3028 1886; x_wconf 86' lang='lat' dir='ltr'><strong>archidiacono,</strong></span> <span class='ocrx_word' id='word_1_446' title='bbox 3075 1821 3248 1880; x_wconf 82' lang='lat' dir='ltr'><strong>voluit</strong></span> <span class='ocrx_word' id='word_1_447' title='bbox 3278 1792 3492 1882; x_wconf 70' lang='grc' dir='ltr'><strong>ιηὶιιετέ</strong></span> 
     </span>
    </p>
   </div>
   <div class='ocr_carea' id='block_1_63' title="bbox 1911 1895 3503 1972">
    <p class='ocr_par' dir='ltr' id='par_1_63' title="bbox 1911 1895 3503 1972">
     <span class='ocr_line' id='line_1_63' title="bbox 1911 1895 3503 1972; baseline 0.016 -26"><span class='ocrx_word' id='word_1_448' title='bbox 1911 1895 2296 1963; x_wconf 55' lang='lat' dir='ltr'><strong>praedictorum</strong></span> <span class='ocrx_word' id='word_1_449' title='bbox 2320 1915 2547 1971; x_wconf 91' lang='lat' dir='ltr'><strong>corpora</strong></span> <span class='ocrx_word' id='word_1_450' title='bbox 2572 1915 2887 1960; x_wconf 90' lang='lat' dir='ltr'><strong>sanctorum</strong></span> <span class='ocrx_word' id='word_1_451' title='bbox 2912 1910 2982 1963; x_wconf 87' lang='lat' dir='ltr'><strong>ab</strong></span> <span class='ocrx_word' id='word_1_452' title='bbox 3010 1911 3241 1967; x_wconf 86' lang='lat' dir='ltr'><strong>ecclesia</strong></span> <span class='ocrx_word' id='word_1_453' title='bbox 3277 1929 3503 1972; x_wconf 70' lang='lat' dir='ltr'><strong>eorum.</strong></span> 
     </span>
    </p>
   </div>
   <div class='ocr_carea' id='block_1_64' title="bbox 1915 1986 3499 2064">
    <p class='ocr_par' dir='ltr' id='par_1_64' title="bbox 1915 1986 3499 2064">
     <span class='ocr_line' id='line_1_64' title="bbox 1915 1986 3499 2064; baseline 0.016 -25"><span class='ocrx_word' id='word_1_454' title='bbox 1915 1986 1983 2039; x_wconf 78' lang='lat' dir='ltr'><strong>Et</strong></span> <span class='ocrx_word' id='word_1_455' title='bbox 2004 2003 2104 2056; x_wconf 82' lang='lat' dir='ltr'><strong>ego</strong></span> <span class='ocrx_word' id='word_1_456' title='bbox 2129 1990 2308 2061; x_wconf 72' lang='lat' dir='ltr'><strong>rogavi</strong></span> <span class='ocrx_word' id='word_1_457' title='bbox 2335 2006 2461 2047; x_wconf 84' lang='lat' dir='ltr'><strong>eum</strong></span> <span class='ocrx_word' id='word_1_458' title='bbox 2509 2011 2583 2049; x_wconf 90' lang='lat' dir='ltr'><strong>ne</strong></span> <span class='ocrx_word' id='word_1_459' title='bbox 2630 1995 2733 2053; x_wconf 90' lang='lat' dir='ltr'><strong>hoc</strong></span> <span class='ocrx_word' id='word_1_460' title='bbox 2761 1996 3000 2064; x_wconf 81' lang='lat' dir='ltr'><strong>fecisset,</strong></span> <span class='ocrx_word' id='word_1_461' title='bbox 3041 2004 3259 2059; x_wconf 79' lang='lat' dir='ltr'><strong>etvolui</strong></span> <span class='ocrx_word' id='word_1_462' title='bbox 3291 2006 3341 2061; x_wconf 90' lang='lat' dir='ltr'><strong>ci</strong></span> <span class='ocrx_word' id='word_1_463' title='bbox 3364 2010 3499 2064; x_wconf 72' lang='lat' dir='ltr'><strong>dare</strong></span> 
     </span>
    </p>
   </div>
   <div class='ocr_carea' id='block_1_65' title="bbox 1913 2078 3498 2156">
    <p class='ocr_par' dir='ltr' id='par_1_65' title="bbox 1913 2078 3498 2156">
     <span class='ocr_line' id='line_1_65' title="bbox 1913 2078 3498 2156; baseline 0.014 -24"><span class='ocrx_word' id='word_1_464' title='bbox 1913 2078 2131 2135; x_wconf 50' lang='lat' dir='ltr'><strong>obsides</strong></span> <span class='ocrx_word' id='word_1_465' title='bbox 2158 2097 2254 2151; x_wconf 90' lang='lat' dir='ltr'><strong>per</strong></span> <span class='ocrx_word' id='word_1_466' title='bbox 2275 2083 2460 2140; x_wconf 84' lang='lat' dir='ltr'><strong>decem</strong></span> <span class='ocrx_word' id='word_1_467' title='bbox 2483 2084 2654 2140; x_wconf 85' lang='lat' dir='ltr'><strong>millia</strong></span> <span class='ocrx_word' id='word_1_468' title='bbox 2711 2088 2938 2154; x_wconf 84' lang='lat' dir='ltr'><strong>solidos,</strong></span> <span class='ocrx_word' id='word_1_469' title='bbox 2971 2102 3049 2156; x_wconf 91' lang='lat' dir='ltr'><strong>nt,</strong></span> <span class='ocrx_word' id='word_1_470' title='bbox 3084 2096 3129 2147; x_wconf 85' lang='lat' dir='ltr'><strong>si</strong></span> <span class='ocrx_word' id='word_1_471' title='bbox 3168 2095 3307 2151; x_wconf 92' lang='lat' dir='ltr'><strong>ullus</strong></span> <span class='ocrx_word' id='word_1_472' title='bbox 3334 2097 3498 2153; x_wconf 67' lang='lat' dir='ltr'><strong>homo</strong></span> 
     </span>
    </p>
   </div>
   <div class='ocr_carea' id='block_1_66' title="bbox 1914 2166 3498 2258">
    <p class='ocr_par' dir='ltr' id='par_1_66' title="bbox 1914 2166 3498 2258">
     <span class='ocr_line' id='line_1_66' title="bbox 1914 2166 3498 2258; baseline 0.016 -39"><span class='ocrx_word' id='word_1_473' title='bbox 1914 2168 1995 2220; x_wconf 86' lang='lat' dir='ltr'><strong>vel</strong></span> <span class='ocrx_word' id='word_1_474' title='bbox 2023 2166 2223 2224; x_wconf 87' lang='lat' dir='ltr'><strong>femina</strong></span> <span class='ocrx_word' id='word_1_475' title='bbox 2246 2172 2412 2228; x_wconf 88' lang='lat' dir='ltr'><strong>ullam</strong></span> <span class='ocrx_word' id='word_1_476' title='bbox 2442 2176 2551 2229; x_wconf 81' lang='lat' dir='ltr'><strong>vim</strong></span> <span class='ocrx_word' id='word_1_477' title='bbox 2579 2177 2629 2231; x_wconf 91' lang='lat' dir='ltr'><strong>ei</strong></span> <span class='ocrx_word' id='word_1_478' title='bbox 2651 2175 2857 2233; x_wconf 78' lang='lat' dir='ltr'><strong>faceret</strong></span> <span class='ocrx_word' id='word_1_479' title='bbox 2881 2182 2946 2235; x_wconf 89' lang='lat' dir='ltr'><strong>de</strong></span> <span class='ocrx_word' id='word_1_480' title='bbox 2977 2182 3216 2251; x_wconf 82' lang='lat' dir='ltr'><strong>ipsorum</strong></span> <span class='ocrx_word' id='word_1_481' title='bbox 3255 2189 3498 2258; x_wconf 67' lang='lat' dir='ltr'><strong>commi-</strong></span> 
     </span>
    </p>
   </div>
   <div class='ocr_carea' id='block_1_67' title="bbox 1915 2259 3496 2337">
    <p class='ocr_par' dir='ltr' id='par_1_67' title="bbox 1915 2259 3496 2337">
     <span class='ocr_line' id='line_1_67' title="bbox 1915 2259 3496 2337; baseline 0.015 -24"><span class='ocrx_word' id='word_1_482' title='bbox 1915 2259 2016 2315; x_wconf 88' lang='lat' dir='ltr'><strong>bus</strong></span> <span class='ocrx_word' id='word_1_483' title='bbox 2041 2274 2379 2329; x_wconf 86' lang='lat' dir='ltr'><strong>sanctorum,</strong></span> <span class='ocrx_word' id='word_1_484' title='bbox 2437 2275 2531 2321; x_wconf 88' lang='lat' dir='ltr'><strong>aut</strong></span> <span class='ocrx_word' id='word_1_485' title='bbox 2555 2268 2623 2323; x_wconf 89' lang='lat' dir='ltr'><strong>de</strong></span> <span class='ocrx_word' id='word_1_486' title='bbox 2654 2269 2762 2325; x_wconf 89' lang='lat' dir='ltr'><strong>ullo</strong></span> <span class='ocrx_word' id='word_1_487' title='bbox 2816 2287 3039 2328; x_wconf 77' lang='lat' dir='ltr'><strong>munere</strong></span> <span class='ocrx_word' id='word_1_488' title='bbox 3082 2277 3162 2331; x_wconf 80' lang='lat' dir='ltr'><strong>eis</strong></span> <span class='ocrx_word' id='word_1_489' title='bbox 3187 2277 3371 2335; x_wconf 70' lang='lat' dir='ltr'><strong>oblato</strong></span> <span class='ocrx_word' id='word_1_490' title='bbox 3410 2280 3496 2337; x_wconf 72' lang='lat' dir='ltr'><strong>vel</strong></span> 
     </span>
    </p>
   </div>
   <div class='ocr_carea' id='block_1_68' title="bbox 1912 2358 3493 2427">
    <p class='ocr_par' dir='ltr' id='par_1_68' title="bbox 1912 2358 3493 2427">
     <span class='ocr_line' id='line_1_68' title="bbox 1912 2358 3493 2427; baseline 0.015 -25"><span class='ocrx_word' id='word_1_491' title='bbox 1912 2361 2264 2419; x_wconf 71' lang='lat' dir='ltr'><strong>prmsentalo,</strong></span> <span class='ocrx_word' id='word_1_492' title='bbox 2286 2368 2388 2426; x_wconf 81' lang='lat' dir='ltr'><strong>ego</strong></span> <span class='ocrx_word' id='word_1_493' title='bbox 2434 2359 2500 2412; x_wconf 87' lang='lat' dir='ltr'><strong>de</strong></span> <span class='ocrx_word' id='word_1_494' title='bbox 2550 2358 2642 2414; x_wconf 84' lang='lat' dir='ltr'><strong>illo</strong></span> <span class='ocrx_word' id='word_1_495' title='bbox 2695 2360 2780 2415; x_wconf 87' lang='lat' dir='ltr'><strong>vel</strong></span> <span class='ocrx_word' id='word_1_496' title='bbox 2840 2361 2947 2417; x_wconf 88' lang='lat' dir='ltr'><strong>illis</strong></span> <span class='ocrx_word' id='word_1_497' title='bbox 3013 2364 3116 2421; x_wconf 90' lang='lat' dir='ltr'><strong>hoc</strong></span> <span class='ocrx_word' id='word_1_498' title='bbox 3162 2367 3493 2427; x_wconf 77' lang='lat' dir='ltr'><strong>facientibus</strong></span> 
     </span>
    </p>
   </div>
   <div class='ocr_carea' id='block_1_69' title="bbox 1913 2443 3497 2527">
    <p class='ocr_par' dir='ltr' id='par_1_69' title="bbox 1913 2443 3497 2527">
     <span class='ocr_line' id='line_1_69' title="bbox 1913 2443 3497 2527; baseline 0.016 -32"><span class='ocrx_word' id='word_1_499' title='bbox 1913 2443 2127 2512; x_wconf 73' lang='lat' dir='ltr'><strong>adjutor</strong></span> <span class='ocrx_word' id='word_1_500' title='bbox 2175 2463 2354 2517; x_wconf 86' lang='lat' dir='ltr'><strong>essem</strong></span> <span class='ocrx_word' id='word_1_501' title='bbox 2392 2451 2660 2520; x_wconf 63' lang='lat' dir='ltr'><strong>praedicto</strong></span> <span class='ocrx_word' id='word_1_502' title='bbox 2713 2455 2956 2523; x_wconf 80' lang='lat' dir='ltr'><strong>pontifici</strong></span> <span class='ocrx_word' id='word_1_503' title='bbox 2994 2473 3111 2527; x_wconf 76' lang='lat' dir='ltr'><strong>per</strong></span> <span class='ocrx_word' id='word_1_504' title='bbox 3176 2461 3335 2517; x_wconf 71' lang='grc' dir='ltr'><strong>ηδε-ιιι</strong></span> <span class='ocrx_word' id='word_1_505' title='bbox 3385 2481 3497 2521; x_wconf 80' lang='lat' dir='ltr'><strong>non</strong></span> 
     </span>
    </p>
   </div>
   <div class='ocr_carea' id='block_1_70' title="bbox 1911 2534 3499 2613">
    <p class='ocr_par' dir='ltr' id='par_1_70' title="bbox 1911 2534 3499 2613">
     <span class='ocr_line' id='line_1_70' title="bbox 1911 2534 3499 2613; baseline 0.014 -25"><span class='ocrx_word' id='word_1_506' title='bbox 1911 2534 2115 2590; x_wconf 83' lang='lat' dir='ltr'><strong>fictam.</strong></span> <span class='ocrx_word' id='word_1_507' title='bbox 2157 2535 2300 2592; x_wconf 86' lang='lat' dir='ltr'><strong>Idem</strong></span> <span class='ocrx_word' id='word_1_508' title='bbox 2328 2553 2460 2594; x_wconf 83' lang='lat' dir='ltr'><strong>vero</strong></span> <span class='ocrx_word' id='word_1_509' title='bbox 2500 2541 2819 2599; x_wconf 85' lang='lat' dir='ltr'><strong>archilevita</strong></span> <span class='ocrx_word' id='word_1_510' title='bbox 2848 2545 3019 2600; x_wconf 86' lang='lat' dir='ltr'><strong>voluit</strong></span> <span class='ocrx_word' id='word_1_511' title='bbox 3054 2547 3137 2603; x_wconf 92' lang='lat' dir='ltr'><strong>eis</strong></span> <span class='ocrx_word' id='word_1_512' title='bbox 3172 2551 3499 2613; x_wconf 66' lang='lat' dir='ltr'><strong>satisfacem</strong></span> 
     </span>
    </p>
   </div>
   <div class='ocr_carea' id='block_1_71' title="bbox 1913 2624 3483 2707">
    <p class='ocr_par' dir='ltr' id='par_1_71' title="bbox 1913 2624 3483 2707">
     <span class='ocr_line' id='line_1_71' title="bbox 1913 2624 3483 2707; baseline 0.015 -29"><span class='ocrx_word' id='word_1_513' title='bbox 1913 2624 1966 2679; x_wconf 85' lang='lat' dir='ltr'><strong>in</strong></span> <span class='ocrx_word' id='word_1_514' title='bbox 1996 2625 2205 2694; x_wconf 86' lang='lat' dir='ltr'><strong>judicio</strong></span> <span class='ocrx_word' id='word_1_515' title='bbox 2228 2630 2470 2702; x_wconf 90' lang='lat' dir='ltr'><strong>episcopi</strong></span> <span class='ocrx_word' id='word_1_516' title='bbox 2523 2633 2769 2688; x_wconf 87' lang='lat' dir='ltr'><strong>Arelato.</strong></span> <span class='ocrx_word' id='word_1_517' title='bbox 2826 2635 2927 2705; x_wconf 85' lang='lat' dir='ltr'><strong>Qui</strong></span> <span class='ocrx_word' id='word_1_518' title='bbox 2958 2640 3168 2707; x_wconf 86' lang='lat' dir='ltr'><strong>renuit;</strong></span> <span class='ocrx_word' id='word_1_519' title='bbox 3212 2645 3306 2698; x_wconf 82' lang='lat' dir='ltr'><strong>sed</strong></span> <span class='ocrx_word' id='word_1_520' title='bbox 3357 2645 3483 2700; x_wconf 84' lang='lat' dir='ltr'><strong>sub-</strong></span> 
     </span>
    </p>
   </div>
   <div class='ocr_carea' id='block_1_72' title="bbox 1910 2719 3487 2799">
    <p class='ocr_par' dir='ltr' id='par_1_72' title="bbox 1910 2719 3487 2799">
     <span class='ocr_line' id='line_1_72' title="bbox 1910 2719 3487 2799; baseline 0.014 -31"><span class='ocrx_word' id='word_1_521' title='bbox 1910 2725 2113 2770; x_wconf 86' lang='lat' dir='ltr'><strong>stracta</strong></span> <span class='ocrx_word' id='word_1_522' title='bbox 2139 2719 2208 2773; x_wconf 86' lang='lat' dir='ltr'><strong>ab</strong></span> <span class='ocrx_word' id='word_1_523' title='bbox 2229 2722 2419 2775; x_wconf 87' lang='lat' dir='ltr'><strong>eadem</strong></span> <span class='ocrx_word' id='word_1_524' title='bbox 2446 2723 2577 2777; x_wconf 83' lang='lat' dir='ltr'><strong>sede</strong></span> <span class='ocrx_word' id='word_1_525' title='bbox 2604 2732 2875 2779; x_wconf 88' lang='lat' dir='ltr'><strong>tantorum</strong></span> <span class='ocrx_word' id='word_1_526' title='bbox 2914 2743 3139 2799; x_wconf 90' lang='lat' dir='ltr'><strong>corpora</strong></span> <span class='ocrx_word' id='word_1_527' title='bbox 3174 2744 3487 2791; x_wconf 77' lang='lat' dir='ltr'><strong>sanctorum</strong></span> 
     </span>
    </p>
   </div>
   <div class='ocr_carea' id='block_1_73' title="bbox 1910 2805 3489 2888">
    <p class='ocr_par' dir='ltr' id='par_1_73' title="bbox 1910 2805 3489 2888">
     <span class='ocr_line' id='line_1_73' title="bbox 1910 2805 3489 2888; baseline 0.013 -28"><span class='ocrx_word' id='word_1_528' title='bbox 1910 2805 2064 2861; x_wconf 82' lang='lat' dir='ltr'><strong>duxit</strong></span> <span class='ocrx_word' id='word_1_529' title='bbox 2107 2814 2163 2862; x_wconf 86' lang='lat' dir='ltr'><strong>et</strong></span> <span class='ocrx_word' id='word_1_530' title='bbox 2212 2810 2497 2867; x_wconf 86' lang='lat' dir='ltr'><strong>inhoneste</strong></span> <span class='ocrx_word' id='word_1_531' title='bbox 2516 2814 2799 2870; x_wconf 79' lang='lat' dir='ltr'><strong>collocavit</strong></span> <span class='ocrx_word' id='word_1_532' title='bbox 2826 2818 2878 2871; x_wconf 92' lang='lat' dir='ltr'><strong>iu</strong></span> <span class='ocrx_word' id='word_1_533' title='bbox 2911 2822 3203 2888; x_wconf 76' lang='lat' dir='ltr'><strong>quamdam</strong></span> <span class='ocrx_word' id='word_1_534' title='bbox 3236 2825 3489 2882; x_wconf 86' lang='lat' dir='ltr'><strong>villanam</strong></span> 
     </span>
    </p>
   </div>
   <div class='ocr_carea' id='block_1_74' title="bbox 1906 2898 3491 2977">
    <p class='ocr_par' dir='ltr' id='par_1_74' title="bbox 1906 2898 3491 2977">
     <span class='ocr_line' id='line_1_74' title="bbox 1906 2898 3491 2977; baseline 0.013 -25"><span class='ocrx_word' id='word_1_535' title='bbox 1906 2898 2218 2955; x_wconf 87' lang='lat' dir='ltr'><strong>ecclesiam.</strong></span> <span class='ocrx_word' id='word_1_536' title='bbox 2244 2901 2321 2957; x_wconf 90' lang='lat' dir='ltr'><strong>lbi</strong></span> <span class='ocrx_word' id='word_1_537' title='bbox 2343 2920 2497 2960; x_wconf 89' lang='lat' dir='ltr'><strong>suam</strong></span> <span class='ocrx_word' id='word_1_538' title='bbox 2529 2907 2844 2964; x_wconf 53' lang='lat' dir='ltr'><strong>cathedram</strong></span> <span class='ocrx_word' id='word_1_539' title='bbox 2888 2911 3196 2977; x_wconf 82' lang='lat' dir='ltr'><strong>fabricavit,</strong></span> <span class='ocrx_word' id='word_1_540' title='bbox 3228 2916 3302 2971; x_wconf 86' lang='lat' dir='ltr'><strong>ibi</strong></span> <span class='ocrx_word' id='word_1_541' title='bbox 3338 2920 3491 2973; x_wconf 85' lang='lat' dir='ltr'><strong>ordi-</strong></span> 
     </span>
    </p>
   </div>
   <div class='ocr_carea' id='block_1_75' title="bbox 1910 2993 3488 3072">
    <p class='ocr_par' dir='ltr' id='par_1_75' title="bbox 1910 2993 3488 3072">
     <span class='ocr_line' id='line_1_75' title="bbox 1910 2993 3488 3072; baseline 0.014 -29"><span class='ocrx_word' id='word_1_542' title='bbox 1910 3005 2033 3045; x_wconf 79' lang='lat' dir='ltr'><strong>nem</strong></span> <span class='ocrx_word' id='word_1_543' title='bbox 2061 3007 2219 3049; x_wconf 87' lang='lat' dir='ltr'><strong>suum</strong></span> <span class='ocrx_word' id='word_1_544' title='bbox 2248 2993 2401 3061; x_wconf 83' lang='lat' dir='ltr'><strong>fecit,</strong></span> <span class='ocrx_word' id='word_1_545' title='bbox 2430 2997 2503 3052; x_wconf 92' lang='lat' dir='ltr'><strong>ibi</strong></span> <span class='ocrx_word' id='word_1_546' title='bbox 2528 3014 2657 3054; x_wconf 88' lang='lat' dir='ltr'><strong>suas</strong></span> <span class='ocrx_word' id='word_1_547' title='bbox 2683 3003 2920 3072; x_wconf 72' lang='lat' dir='ltr'><strong>synodos</strong></span> <span class='ocrx_word' id='word_1_548' title='bbox 2942 3006 3134 3072; x_wconf 86' lang='lat' dir='ltr'><strong>tenuit,</strong></span> <span class='ocrx_word' id='word_1_549' title='bbox 3168 3008 3237 3062; x_wconf 91' lang='lat' dir='ltr'><strong>ibi</strong></span> <span class='ocrx_word' id='word_1_550' title='bbox 3269 3010 3488 3065; x_wconf 82' lang='lat' dir='ltr'><strong>codices</strong></span> 
     </span>
    </p>
   </div>
   <div class='ocr_carea' id='block_1_76' title="bbox 1909 3085 3489 3165">
    <p class='ocr_par' dir='ltr' id='par_1_76' title="bbox 1909 3085 3489 3165">
     <span class='ocr_line' id='line_1_76' title="bbox 1909 3085 3489 3165; baseline 0.012 -30"><span class='ocrx_word' id='word_1_551' title='bbox 1909 3090 1964 3136; x_wconf 84' lang='lat' dir='ltr'><strong>et</strong></span> <span class='ocrx_word' id='word_1_552' title='bbox 1994 3098 2188 3139; x_wconf 74' lang='lat' dir='ltr'><strong>cruces</strong></span> <span class='ocrx_word' id='word_1_553' title='bbox 2210 3093 2267 3139; x_wconf 88' lang='lat' dir='ltr'><strong>et</strong></span> <span class='ocrx_word' id='word_1_554' title='bbox 2290 3085 2494 3157; x_wconf 79' lang='lat' dir='ltr'><strong>lignum</strong></span> <span class='ocrx_word' id='word_1_555' title='bbox 2535 3088 2875 3147; x_wconf 88' lang='lat' dir='ltr'><strong>Dominicum</strong></span> <span class='ocrx_word' id='word_1_556' title='bbox 2918 3098 3249 3165; x_wconf 84' lang='lat' dir='ltr'><strong>asportavit,</strong></span> <span class='ocrx_word' id='word_1_557' title='bbox 3279 3099 3348 3153; x_wconf 87' lang='lat' dir='ltr'><strong>ibi</strong></span> <span class='ocrx_word' id='word_1_558' title='bbox 3374 3101 3489 3156; x_wconf 82' lang='lat' dir='ltr'><strong>elc-</strong></span> 
     </span>
    </p>
   </div>
   <div class='ocr_carea' id='block_1_77' title="bbox 1912 3175 3488 3261">
    <p class='ocr_par' dir='ltr' id='par_1_77' title="bbox 1912 3175 3488 3261">
     <span class='ocr_line' id='line_1_77' title="bbox 1912 3175 3488 3261; baseline 0.011 -31"><span class='ocrx_word' id='word_1_559' title='bbox 1912 3175 2055 3231; x_wconf 80' lang='lat' dir='ltr'><strong>rices</strong></span> <span class='ocrx_word' id='word_1_560' title='bbox 2079 3178 2267 3246; x_wconf 62' lang='lat' dir='ltr'><strong>prima:</strong></span> <span class='ocrx_word' id='word_1_561' title='bbox 2293 3181 2460 3245; x_wconf 86' lang='lat' dir='ltr'><strong>sedis,</strong></span> <span class='ocrx_word' id='word_1_562' title='bbox 2487 3198 2625 3253; x_wconf 88' lang='lat' dir='ltr'><strong>quos</strong></span> <span class='ocrx_word' id='word_1_563' title='bbox 2656 3185 2908 3243; x_wconf 86' lang='lat' dir='ltr'><strong>meliores</strong></span> <span class='ocrx_word' id='word_1_564' title='bbox 2932 3189 3156 3258; x_wconf 79' lang='lat' dir='ltr'><strong>invenit,</strong></span> <span class='ocrx_word' id='word_1_565' title='bbox 3183 3194 3488 3261; x_wconf 73' lang='lat' dir='ltr'><strong>constituit,</strong></span> 
     </span>
    </p>
   </div>
   <div class='ocr_carea' id='block_1_78' title="bbox 1907 3266 3485 3356">
    <p class='ocr_par' dir='ltr' id='par_1_78' title="bbox 1907 3266 3485 3356">
     <span class='ocr_line' id='line_1_78' title="bbox 1907 3266 3485 3356; baseline 0.012 -35"><span class='ocrx_word' id='word_1_566' title='bbox 1907 3275 1961 3321; x_wconf 88' lang='lat' dir='ltr'><strong>et</strong></span> <span class='ocrx_word' id='word_1_567' title='bbox 1988 3266 2058 3321; x_wconf 89' lang='lat' dir='ltr'><strong>ita</strong></span> <span class='ocrx_word' id='word_1_568' title='bbox 2078 3267 2284 3339; x_wconf 81' lang='lat' dir='ltr'><strong>eligens</strong></span> <span class='ocrx_word' id='word_1_569' title='bbox 2314 3272 2638 3339; x_wconf 89' lang='lat' dir='ltr'><strong>membrum,</strong></span> <span class='ocrx_word' id='word_1_570' title='bbox 2683 3284 2846 3345; x_wconf 87' lang='lat' dir='ltr'><strong>caput</strong></span> <span class='ocrx_word' id='word_1_571' title='bbox 2889 3278 3113 3349; x_wconf 89' lang='lat' dir='ltr'><strong>reliquit</strong></span> <span class='ocrx_word' id='word_1_572' title='bbox 3138 3283 3294 3352; x_wconf 87' lang='lat' dir='ltr'><strong>quasi</strong></span> <span class='ocrx_word' id='word_1_573' title='bbox 3323 3294 3485 3356; x_wconf 70' lang='lat' dir='ltr'><strong>tugu-</strong></span> 
     </span>
    </p>
   </div>
   <div class='ocr_carea' id='block_1_79' title="bbox 1907 3356 3488 3447">
    <p class='ocr_par' dir='ltr' id='par_1_79' title="bbox 1907 3356 3488 3447">
     <span class='ocr_line' id='line_1_79' title="bbox 1907 3356 3488 3447; baseline 0.015 -36"><span class='ocrx_word' id='word_1_574' title='bbox 1907 3356 2071 3414; x_wconf 81' lang='lat' dir='ltr'><strong>rium.</strong></span> <span class='ocrx_word' id='word_1_575' title='bbox 2097 3360 2319 3431; x_wconf 88' lang='lat' dir='ltr'><strong>Insuper</strong></span> <span class='ocrx_word' id='word_1_576' title='bbox 2337 3366 2517 3419; x_wconf 83' lang='lat' dir='ltr'><strong>cuncti</strong></span> <span class='ocrx_word' id='word_1_577' title='bbox 2548 3374 2746 3422; x_wconf 71' lang='lat' dir='ltr'><strong>nostrze</strong></span> <span class='ocrx_word' id='word_1_578' title='bbox 2769 3371 2961 3439; x_wconf 65' lang='lat' dir='ltr'><strong>patriae</strong></span> <span class='ocrx_word' id='word_1_579' title='bbox 2991 3359 3218 3438; x_wconf 80' lang='lat' dir='ltr'><strong>nobiles,</strong></span> <span class='ocrx_word' id='word_1_580' title='bbox 3246 3386 3303 3432; x_wconf 90' lang='lat' dir='ltr'><strong>et</strong></span> <span class='ocrx_word' id='word_1_581' title='bbox 3331 3379 3488 3447; x_wconf 85' lang='lat' dir='ltr'><strong>p!ehs</strong></span> 
     </span>
    </p>
   </div>
   <div class='ocr_carea' id='block_1_80' title="bbox 1908 3453 3487 3523">
    <p class='ocr_par' dir='ltr' id='par_1_80' title="bbox 1908 3453 3487 3523">
     <span class='ocr_line' id='line_1_80' title="bbox 1908 3453 3487 3523; baseline 0.013 -20"><span class='ocrx_word' id='word_1_582' title='bbox 1908 3463 2125 3515; x_wconf 87' lang='lat' dir='ltr'><strong>cuncta,</strong></span> <span class='ocrx_word' id='word_1_583' title='bbox 2161 3453 2253 3521; x_wconf 90' lang='lat' dir='ltr'><strong>qni</strong></span> <span class='ocrx_word' id='word_1_584' title='bbox 2278 3454 2420 3507; x_wconf 68' lang='lat' dir='ltr'><strong>solii</strong></span> <span class='ocrx_word' id='word_1_585' title='bbox 2447 3464 2572 3510; x_wconf 88' lang='lat' dir='ltr'><strong>sunt</strong></span> <span class='ocrx_word' id='word_1_586' title='bbox 2608 3472 2897 3515; x_wconf 83' lang='lat' dir='ltr'><strong>occurrere</strong></span> <span class='ocrx_word' id='word_1_587' title='bbox 2940 3462 3006 3516; x_wconf 88' lang='lat' dir='ltr'><strong>ad</strong></span> <span class='ocrx_word' id='word_1_588' title='bbox 3036 3465 3313 3522; x_wconf 80' lang='lat' dir='ltr'><strong>civitatem</strong></span> <span class='ocrx_word' id='word_1_589' title='bbox 3337 3477 3395 3523; x_wconf 85' lang='lat' dir='ltr'><strong>et</strong></span> <span class='ocrx_word' id='word_1_590' title='bbox 3419 3471 3487 3523; x_wconf 76' lang='lat' dir='ltr'><strong>ad</strong></span> 
     </span>
    </p>
   </div>
   <div class='ocr_carea' id='block_1_81' title="bbox 1909 3541 3492 3616">
    <p class='ocr_par' dir='ltr' id='par_1_81' title="bbox 1909 3541 3492 3616">
     <span class='ocr_line' id='line_1_81' title="bbox 1909 3541 3492 3616; baseline 0.013 -22"><span class='ocrx_word' id='word_1_591' title='bbox 1909 3541 2090 3595; x_wconf 79' lang='lat' dir='ltr'><strong>sedem</strong></span> <span class='ocrx_word' id='word_1_592' title='bbox 2142 3558 2331 3609; x_wconf 86' lang='lat' dir='ltr'><strong>suam,</strong></span> <span class='ocrx_word' id='word_1_593' title='bbox 2359 3554 2415 3600; x_wconf 90' lang='lat' dir='ltr'><strong>et</strong></span> <span class='ocrx_word' id='word_1_594' title='bbox 2443 3548 2771 3616; x_wconf 67' lang='lat' dir='ltr'><strong>paenitentes</strong></span> <span class='ocrx_word' id='word_1_595' title='bbox 2822 3569 2918 3607; x_wconf 89' lang='lat' dir='ltr'><strong>sua</strong></span> <span class='ocrx_word' id='word_1_596' title='bbox 2949 3571 3174 3611; x_wconf 88' lang='lat' dir='ltr'><strong>munera</strong></span> <span class='ocrx_word' id='word_1_597' title='bbox 3219 3560 3285 3613; x_wconf 90' lang='lat' dir='ltr'><strong>ad</strong></span> <span class='ocrx_word' id='word_1_598' title='bbox 3336 3574 3492 3615; x_wconf 82' lang='lat' dir='ltr'><strong>suam</strong></span> 
     </span>
    </p>
   </div>
   <div class='ocr_carea' id='block_1_82' title="bbox 1908 3632 3495 3724">
    <p class='ocr_par' dir='ltr' id='par_1_82' title="bbox 1908 3632 3495 3724">
     <span class='ocr_line' id='line_1_82' title="bbox 1908 3632 3495 3724; baseline 0.013 -37"><span class='ocrx_word' id='word_1_599' title='bbox 1908 3632 2091 3687; x_wconf 86' lang='lat' dir='ltr'><strong>sedem</strong></span> <span class='ocrx_word' id='word_1_600' title='bbox 2111 3636 2242 3689; x_wconf 90' lang='lat' dir='ltr'><strong>dare</strong></span> <span class='ocrx_word' id='word_1_601' title='bbox 2261 3645 2425 3707; x_wconf 86' lang='lat' dir='ltr'><strong>atque</strong></span> <span class='ocrx_word' id='word_1_602' title='bbox 2450 3650 2785 3709; x_wconf 74' lang='lat' dir='ltr'><strong>prmsentare</strong></span> <span class='ocrx_word' id='word_1_603' title='bbox 2825 3645 3125 3703; x_wconf 85' lang='lat' dir='ltr'><strong>solentibus</strong></span> <span class='ocrx_word' id='word_1_604' title='bbox 3142 3690 3157 3714; x_wconf 87' lang='lat'><strong>,</strong></span> <span class='ocrx_word' id='word_1_605' title='bbox 3188 3652 3495 3724; x_wconf 76' lang='lat' dir='ltr'><strong>multosque</strong></span> 
     </span>
    </p>
   </div>
   <div class='ocr_carea' id='block_1_83' title="bbox 1909 3724 3491 3807">
    <p class='ocr_par' dir='ltr' id='par_1_83' title="bbox 1909 3724 3491 3807">
     <span class='ocr_line' id='line_1_83' title="bbox 1909 3724 3491 3807; baseline 0.015 -31"><span class='ocrx_word' id='word_1_606' title='bbox 1909 3724 2209 3788; x_wconf 79' lang='lat' dir='ltr'><strong>adjutorios</strong></span> <span class='ocrx_word' id='word_1_607' title='bbox 2258 3731 2326 3783; x_wconf 91' lang='lat' dir='ltr'><strong>ad</strong></span> <span class='ocrx_word' id='word_1_608' title='bbox 2372 3744 2593 3801; x_wconf 77' lang='lat' dir='ltr'><strong>Operam</strong></span> <span class='ocrx_word' id='word_1_609' title='bbox 2670 3749 2782 3789; x_wconf 62' lang='lat' dir='ltr'><strong>sum</strong></span> <span class='ocrx_word' id='word_1_610' title='bbox 2837 3739 3085 3795; x_wconf 69' lang='lat' dir='ltr'><strong>ecclesia:</strong></span> <span class='ocrx_word' id='word_1_611' title='bbox 3138 3742 3491 3807; x_wconf 81' lang='lat' dir='ltr'><strong>facientibus.</strong></span> 
     </span>
    </p>
   </div>
   <div class='ocr_carea' id='block_1_84' title="bbox 1906 3815 3491 3900">
    <p class='ocr_par' dir='ltr' id='par_1_84' title="bbox 1906 3815 3491 3900">
     <span class='ocr_line' id='line_1_84' title="bbox 1906 3815 3491 3900; baseline 0.014 -34"><span class='ocrx_word' id='word_1_612' title='bbox 1906 3815 2152 3881; x_wconf 62' lang='lat' dir='ltr'><strong>abstulit,</strong></span> <span class='ocrx_word' id='word_1_613' title='bbox 2176 3827 2225 3872; x_wconf 89' lang='lat' dir='ltr'><strong>et</strong></span> <span class='ocrx_word' id='word_1_614' title='bbox 2260 3835 2486 3875; x_wconf 85' lang='lat' dir='ltr'><strong>munera</strong></span> <span class='ocrx_word' id='word_1_615' title='bbox 2518 3822 2609 3878; x_wconf 90' lang='lat' dir='ltr'><strong>illa</strong></span> <span class='ocrx_word' id='word_1_616' title='bbox 2647 3826 2762 3880; x_wconf 89' lang='lat' dir='ltr'><strong>suis</strong></span> <span class='ocrx_word' id='word_1_617' title='bbox 2810 3827 3073 3885; x_wconf 86' lang='lat' dir='ltr'><strong>militibus</strong></span> <span class='ocrx_word' id='word_1_618' title='bbox 3102 3845 3200 3900; x_wconf 91' lang='lat' dir='ltr'><strong>per</strong></span> <span class='ocrx_word' id='word_1_619' title='bbox 3226 3832 3491 3889; x_wconf 82' lang='lat' dir='ltr'><strong>solidatas</strong></span> 
     </span>
    </p>
   </div>
   <div class='ocr_carea' id='block_1_85' title="bbox 1907 3906 3492 3995">
    <p class='ocr_par' dir='ltr' id='par_1_85' title="bbox 1907 3906 3492 3995">
     <span class='ocr_line' id='line_1_85' title="bbox 1907 3906 3492 3995; baseline 0.013 -35"><span class='ocrx_word' id='word_1_620' title='bbox 1907 3906 2120 3971; x_wconf 86' lang='lat' dir='ltr'><strong>tribuit,</strong></span> <span class='ocrx_word' id='word_1_621' title='bbox 2149 3916 2203 3962; x_wconf 92' lang='lat' dir='ltr'><strong>et</strong></span> <span class='ocrx_word' id='word_1_622' title='bbox 2229 3924 2383 3964; x_wconf 86' lang='lat' dir='ltr'><strong>suam</strong></span> <span class='ocrx_word' id='word_1_623' title='bbox 2428 3914 2717 3970; x_wconf 86' lang='lat' dir='ltr'><strong>ecclesiam</strong></span> <span class='ocrx_word' id='word_1_624' title='bbox 2742 3916 3014 3972; x_wconf 87' lang='lat' dir='ltr'><strong>desertam</strong></span> <span class='ocrx_word' id='word_1_625' title='bbox 3053 3929 3109 3975; x_wconf 91' lang='lat' dir='ltr'><strong>ct</strong></span> <span class='ocrx_word' id='word_1_626' title='bbox 3158 3923 3277 3978; x_wconf 87' lang='lat' dir='ltr'><strong>sine</strong></span> <span class='ocrx_word' id='word_1_627' title='bbox 3311 3924 3492 3995; x_wconf 70' lang='lat' dir='ltr'><strong>capite</strong></span> 
     </span>
    </p>
   </div>
   <div class='ocr_carea' id='block_1_86' title="bbox 1906 3997 2214 4067">
    <p class='ocr_par' dir='ltr' id='par_1_86' title="bbox 1906 3997 2214 4067">
     <span class='ocr_line' id='line_1_86' title="bbox 1906 3997 2214 4067; baseline 0 -14"><span class='ocrx_word' id='word_1_628' title='bbox 1906 3997 2214 4067; x_wconf 85' lang='lat' dir='ltr'><strong>dereliquit.</strong></span> 
     </span>
    </p>
   </div>
   <div class='ocr_carea' id='block_1_87' title="bbox 1976 4091 3491 4174">
    <p class='ocr_par' dir='ltr' id='par_1_87' title="bbox 1976 4091 3491 4174">
     <span class='ocr_line' id='line_1_87' title="bbox 1976 4091 3491 4174; baseline 0.013 -29"><span class='ocrx_word' id='word_1_629' title='bbox 1976 4091 2199 4148; x_wconf 78' lang='lat' dir='ltr'><strong>interim</strong></span> <span class='ocrx_word' id='word_1_630' title='bbox 2231 4110 2361 4151; x_wconf 91' lang='lat' dir='ltr'><strong>vero</strong></span> <span class='ocrx_word' id='word_1_631' title='bbox 2390 4096 2530 4153; x_wconf 89' lang='lat' dir='ltr'><strong>idem</strong></span> <span class='ocrx_word' id='word_1_632' title='bbox 2570 4100 3013 4174; x_wconf 79' lang='lat' dir='ltr'><strong>archiepiscopus</strong></span> <span class='ocrx_word' id='word_1_633' title='bbox 3047 4105 3238 4161; x_wconf 83' lang='lat' dir='ltr'><strong>habuit</strong></span> <span class='ocrx_word' id='word_1_634' title='bbox 3279 4124 3491 4166; x_wconf 83' lang='lat' dir='ltr'><strong>mecum</strong></span> 
     </span>
    </p>
   </div>
   <div class='ocr_carea' id='block_1_88' title="bbox 1902 4184 3488 4259">
    <p class='ocr_par' dir='ltr' id='par_1_88' title="bbox 1902 4184 3488 4259">
     <span class='ocr_line' id='line_1_88' title="bbox 1902 4184 3488 4259; baseline 0.014 -22"><span class='ocrx_word' id='word_1_635' title='bbox 1902 4184 2187 4253; x_wconf 86' lang='lat' dir='ltr'><strong>placitum,</strong></span> <span class='ocrx_word' id='word_1_636' title='bbox 2238 4193 2657 4247; x_wconf 79' lang='lat' dir='ltr'><strong>etcenstrinxit</strong></span> <span class='ocrx_word' id='word_1_637' title='bbox 2705 4210 2791 4252; x_wconf 91' lang='lat' dir='ltr'><strong>me</strong></span> <span class='ocrx_word' id='word_1_638' title='bbox 2846 4198 2895 4251; x_wconf 90' lang='lat' dir='ltr'><strong>ei</strong></span> <span class='ocrx_word' id='word_1_639' title='bbox 2946 4200 3012 4253; x_wconf 89' lang='lat' dir='ltr'><strong>ad</strong></span> <span class='ocrx_word' id='word_1_640' title='bbox 3069 4215 3226 4256; x_wconf 90' lang='lat' dir='ltr'><strong>suum</strong></span> <span class='ocrx_word' id='word_1_641' title='bbox 3277 4201 3488 4259; x_wconf 89' lang='lat' dir='ltr'><strong>libitum</strong></span> 
     </span>
    </p>
   </div>
   <div class='ocr_carea' id='block_1_89' title="bbox 1902 4278 3489 4361">
    <p class='ocr_par' dir='ltr' id='par_1_89' title="bbox 1902 4278 3489 4361">
     <span class='ocr_line' id='line_1_89' title="bbox 1902 4278 3489 4361; baseline 0.013 -30"><span class='ocrx_word' id='word_1_642' title='bbox 1902 4278 2240 4345; x_wconf 82' lang='lat' dir='ltr'><strong>satisfacere,</strong></span> <span class='ocrx_word' id='word_1_643' title='bbox 2305 4289 2360 4337; x_wconf 90' lang='lat' dir='ltr'><strong>et</strong></span> <span class='ocrx_word' id='word_1_644' title='bbox 2393 4283 2530 4339; x_wconf 79' lang='lat' dir='ltr'><strong>dixit</strong></span> <span class='ocrx_word' id='word_1_645' title='bbox 2574 4286 2706 4341; x_wconf 87' lang='lat' dir='ltr'><strong>mihi</strong></span> <span class='ocrx_word' id='word_1_646' title='bbox 2746 4304 2901 4344; x_wconf 83' lang='lat' dir='ltr'><strong>suum</strong></span> <span class='ocrx_word' id='word_1_647' title='bbox 2957 4290 3159 4347; x_wconf 85' lang='lat' dir='ltr'><strong>dictum</strong></span> <span class='ocrx_word' id='word_1_648' title='bbox 3207 4304 3263 4350; x_wconf 92' lang='lat' dir='ltr'><strong>et</strong></span> <span class='ocrx_word' id='word_1_649' title='bbox 3306 4297 3489 4361; x_wconf 86' lang='lat' dir='ltr'><strong>tidem.</strong></span> 
     </span>
    </p>
   </div>
   <div class='ocr_carea' id='block_1_90' title="bbox 1905 4372 3499 4449">
    <p class='ocr_par' dir='ltr' id='par_1_90' title="bbox 1905 4372 3499 4449">
     <span class='ocr_line' id='line_1_90' title="bbox 1905 4372 3499 4449; baseline 0.012 -27"><span class='ocrx_word' id='word_1_650' title='bbox 1905 4381 2068 4436; x_wconf 91' lang='lat' dir='ltr'><strong>quam</strong></span> <span class='ocrx_word' id='word_1_651' title='bbox 2097 4372 2378 4428; x_wconf 88' lang='lat' dir='ltr'><strong>meliorem</strong></span> <span class='ocrx_word' id='word_1_652' title='bbox 2403 4374 2453 4429; x_wconf 88' lang='lat' dir='ltr'><strong>ei</strong></span> <span class='ocrx_word' id='word_1_653' title='bbox 2487 4376 2764 4446; x_wconf 86' lang='lat' dir='ltr'><strong>requirere</strong></span> <span class='ocrx_word' id='word_1_654' title='bbox 2803 4381 2973 4449; x_wconf 88' lang='lat' dir='ltr'><strong>potui,</strong></span> <span class='ocrx_word' id='word_1_655' title='bbox 3024 4392 3085 4438; x_wconf 92' lang='lat' dir='ltr'><strong>ut</strong></span> <span class='ocrx_word' id='word_1_656' title='bbox 3136 4392 3191 4440; x_wconf 91' lang='lat' dir='ltr'><strong>et</strong></span> <span class='ocrx_word' id='word_1_657' title='bbox 3216 4387 3281 4440; x_wconf 86' lang='lat' dir='ltr'><strong>ad</strong></span> <span class='ocrx_word' id='word_1_658' title='bbox 3311 4386 3499 4445; x_wconf 71' lang='lat' dir='ltr'><strong>sede.&quot;</strong></span> 
     </span>
    </p>
   </div>
   <div class='ocr_carea' id='block_1_91' title="bbox 217 4459 3499 4546">
    <p class='ocr_par' dir='ltr' id='par_1_91' title="bbox 217 4459 3499 4546">
     <span class='ocr_line' id='line_1_91' title="bbox 217 4459 3499 4546; baseline 0.005 -29"><span class='ocrx_word' id='word_1_659' title='bbox 217 4462 382 4532; x_wconf 90' lang='lat' dir='ltr'><strong>primi</strong></span> <span class='ocrx_word' id='word_1_660' title='bbox 412 4477 539 4516; x_wconf 90' lang='lat' dir='ltr'><strong>eam</strong></span> <span class='ocrx_word' id='word_1_661' title='bbox 570 4464 851 4533; x_wconf 81' lang='lat' dir='ltr'><strong>lregerunt</strong></span> <span class='ocrx_word' id='word_1_662' title='bbox 900 4462 953 4515; x_wconf 91' lang='lat' dir='ltr'><strong>in</strong></span> <span class='ocrx_word' id='word_1_663' title='bbox 1000 4471 1184 4516; x_wconf 86' lang='lat' dir='ltr'><strong>nostra</strong></span> <span class='ocrx_word' id='word_1_664' title='bbox 1232 4461 1428 4530; x_wconf 83' lang='lat' dir='ltr'><strong>patria,</strong></span> <span class='ocrx_word' id='word_1_665' title='bbox 1456 4459 1540 4514; x_wconf 91' lang='lat' dir='ltr'><strong>sui</strong></span> <span class='ocrx_word' id='word_1_666' title='bbox 1576 4459 1798 4525; x_wconf 85' lang='lat' dir='ltr'><strong>milites,</strong></span> <span class='ocrx_word' id='word_1_667' title='bbox 1827 4474 1879 4535; x_wconf 72' lang='grc' dir='ltr'><strong>ι)</strong></span> <span class='ocrx_word' id='word_1_668' title='bbox 1904 4472 2057 4515; x_wconf 85' lang='lat' dir='ltr'><strong>suam</strong></span> <span class='ocrx_word' id='word_1_669' title='bbox 2080 4462 2281 4519; x_wconf 91' lang='lat' dir='ltr'><strong>rediret</strong></span> <span class='ocrx_word' id='word_1_670' title='bbox 2308 4473 2361 4520; x_wconf 93' lang='lat' dir='ltr'><strong>et</strong></span> <span class='ocrx_word' id='word_1_671' title='bbox 2383 4480 2611 4537; x_wconf 87' lang='lat' dir='ltr'><strong>corpora</strong></span> <span class='ocrx_word' id='word_1_672' title='bbox 2635 4480 2823 4526; x_wconf 84' lang='lat' dir='ltr'><strong>sancta</strong></span> <span class='ocrx_word' id='word_1_673' title='bbox 2846 4472 2901 4526; x_wconf 90' lang='lat' dir='ltr'><strong>in</strong></span> <span class='ocrx_word' id='word_1_674' title='bbox 2932 4488 2995 4528; x_wconf 89' lang='lat' dir='ltr'><strong>ea</strong></span> <span class='ocrx_word' id='word_1_675' title='bbox 3032 4476 3362 4533; x_wconf 78' lang='lat' dir='ltr'><strong>rcszitueret.</strong></span> <span class='ocrx_word' id='word_1_676' title='bbox 3399 4482 3499 4546; x_wconf 75' lang='lat' dir='ltr'><strong>Qui</strong></span> 
     </span>
    </p>
   </div>
   <div class='ocr_carea' id='block_1_92' title="bbox 214 4552 1797 4616">
    <p class='ocr_par' dir='ltr' id='par_1_92' title="bbox 214 4552 1797 4616">
     <span class='ocr_line' id='line_1_92' title="bbox 214 4552 1797 4616; baseline -0.001 -9"><span class='ocrx_word' id='word_1_677' title='bbox 214 4569 280 4607; x_wconf 76' lang='lat' dir='ltr'><strong>ex</strong></span> <span class='ocrx_word' id='word_1_678' title='bbox 307 4568 411 4609; x_wconf 88' lang='lat' dir='ltr'><strong>suo</strong></span> <span class='ocrx_word' id='word_1_679' title='bbox 433 4555 683 4608; x_wconf 79' lang='lat' dir='ltr'><strong>exientes</strong></span> <span class='ocrx_word' id='word_1_680' title='bbox 725 4553 973 4616; x_wconf 85' lang='lat' dir='ltr'><strong>castello,</strong></span> <span class='ocrx_word' id='word_1_681' title='bbox 1002 4554 1323 4607; x_wconf 83' lang='lat' dir='ltr'><strong>occiderunt</strong></span> <span class='ocrx_word' id='word_1_682' title='bbox 1365 4568 1529 4608; x_wconf 88' lang='lat' dir='ltr'><strong>unum</strong></span> <span class='ocrx_word' id='word_1_683' title='bbox 1568 4552 1797 4608; x_wconf 89' lang='lat' dir='ltr'><strong>militem</strong></span> 
     </span>
    </p>
   </div>
   <div class='ocr_carea' id='block_1_93' title="bbox 214 4644 1797 4718">
    <p class='ocr_par' dir='ltr' id='par_1_93' title="bbox 214 4644 1797 4718">
     <span class='ocr_line' id='line_1_93' title="bbox 214 4644 1797 4718; baseline -0.001 -18"><span class='ocrx_word' id='word_1_684' title='bbox 214 4661 400 4702; x_wconf 86' lang='lat' dir='ltr'><strong>meum</strong></span> <span class='ocrx_word' id='word_1_685' title='bbox 429 4646 481 4701; x_wconf 93' lang='lat' dir='ltr'><strong>in</strong></span> <span class='ocrx_word' id='word_1_686' title='bbox 512 4656 756 4718; x_wconf 80' lang='lat' dir='ltr'><strong>treguam</strong></span> <span class='ocrx_word' id='word_1_687' title='bbox 797 4644 918 4712; x_wconf 72' lang='lat' dir='ltr'><strong>Dei,</strong></span> <span class='ocrx_word' id='word_1_688' title='bbox 964 4655 1019 4701; x_wconf 89' lang='lat' dir='ltr'><strong>et</strong></span> <span class='ocrx_word' id='word_1_689' title='bbox 1058 4645 1256 4701; x_wconf 89' lang='lat' dir='ltr'><strong>retinui</strong></span> <span class='ocrx_word' id='word_1_690' title='bbox 1306 4646 1607 4702; x_wconf 85' lang='lat' dir='ltr'><strong>homicidas</strong></span> <span class='ocrx_word' id='word_1_691' title='bbox 1655 4644 1797 4710; x_wconf 89' lang='lat' dir='ltr'><strong>illos,</strong></span> 
     </span>
    </p>
   </div>
   <div class='ocr_carea' id='block_1_94' title="bbox 215 4734 1801 4808">
    <p class='ocr_par' dir='ltr' id='par_1_94' title="bbox 215 4734 1801 4808">
     <span class='ocr_line' id='line_1_94' title="bbox 215 4734 1801 4808; baseline 0 -16"><span class='ocrx_word' id='word_1_692' title='bbox 215 4745 270 4792; x_wconf 89' lang='lat' dir='ltr'><strong>et</strong></span> <span class='ocrx_word' id='word_1_693' title='bbox 290 4734 499 4792; x_wconf 76' lang='lat' dir='ltr'><strong>nullam</strong></span> <span class='ocrx_word' id='word_1_694' title='bbox 530 4735 680 4807; x_wconf 81' lang='lat' dir='ltr'><strong>quivi</strong></span> <span class='ocrx_word' id='word_1_695' title='bbox 712 4736 781 4792; x_wconf 86' lang='lat' dir='ltr'><strong>ab</strong></span> <span class='ocrx_word' id='word_1_696' title='bbox 822 4750 887 4792; x_wconf 86' lang='lat' dir='ltr'><strong>eo</strong></span> <span class='ocrx_word' id='word_1_697' title='bbox 933 4737 1227 4808; x_wconf 87' lang='lat' dir='ltr'><strong>impetrare</strong></span> <span class='ocrx_word' id='word_1_698' title='bbox 1264 4734 1558 4805; x_wconf 79' lang='lat' dir='ltr'><strong>justitiam.</strong></span> <span class='ocrx_word' id='word_1_699' title='bbox 1596 4736 1801 4793; x_wconf 86' lang='lat' dir='ltr'><strong>Deinde</strong></span> 
     </span>
    </p>
   </div>
   <div class='ocr_carea' id='block_1_95' title="bbox 213 4824 1798 4898">
    <p class='ocr_par' dir='ltr' id='par_1_95' title="bbox 213 4824 1798 4898">
     <span class='ocr_line' id='line_1_95' title="bbox 213 4824 1798 4898; baseline 0.001 -18"><span class='ocrx_word' id='word_1_700' title='bbox 213 4824 414 4882; x_wconf 79' lang='lat' dir='ltr'><strong>Petrus</strong></span> <span class='ocrx_word' id='word_1_701' title='bbox 459 4827 747 4883; x_wconf 78' lang='lat' dir='ltr'><strong>Raimundi</strong></span> <span class='ocrx_word' id='word_1_702' title='bbox 801 4828 1190 4883; x_wconf 82' lang='lat' dir='ltr'><strong>Biterrensium</strong></span> <span class='ocrx_word' id='word_1_703' title='bbox 1230 4842 1417 4884; x_wconf 87' lang='lat' dir='ltr'><strong>comes</strong></span> <span class='ocrx_word' id='word_1_704' title='bbox 1457 4828 1509 4882; x_wconf 91' lang='lat' dir='ltr'><strong>in</strong></span> <span class='ocrx_word' id='word_1_705' title='bbox 1558 4837 1798 4898; x_wconf 82' lang='lat' dir='ltr'><strong>treguam</strong></span> 
     </span>
    </p>
   </div>
   <div class='ocr_carea' id='block_1_96' title="bbox 214 4918 1799 4984">
    <p class='ocr_par' dir='ltr' id='par_1_96' title="bbox 214 4918 1799 4984">
     <span class='ocr_line' id='line_1_96' title="bbox 214 4918 1799 4984; baseline -0.001 -9"><span class='ocrx_word' id='word_1_706' title='bbox 214 4920 309 4975; x_wconf 82' lang='lat' dir='ltr'><strong>Dei</strong></span> <span class='ocrx_word' id='word_1_707' title='bbox 363 4920 589 4975; x_wconf 72' lang='lat' dir='ltr'><strong>violavit</strong></span> <span class='ocrx_word' id='word_1_708' title='bbox 640 4921 925 4976; x_wconf 86' lang='lat' dir='ltr'><strong>ecclesiam</strong></span> <span class='ocrx_word' id='word_1_709' title='bbox 973 4920 1185 4977; x_wconf 73' lang='lat' dir='ltr'><strong>Sancta:</strong></span> <span class='ocrx_word' id='word_1_710' title='bbox 1231 4918 1438 4984; x_wconf 67' lang='lat' dir='ltr'><strong>Mariae,</strong></span> <span class='ocrx_word' id='word_1_711' title='bbox 1487 4920 1799 4975; x_wconf 76' lang='lat' dir='ltr'><strong>ccenobium</strong></span> 
     </span>
    </p>
   </div>
   <div class='ocr_carea' id='block_1_97' title="bbox 215 5008 1802 5079">
    <p class='ocr_par' dir='ltr' id='par_1_97' title="bbox 215 5008 1802 5079">
     <span class='ocr_line' id='line_1_97' title="bbox 215 5008 1802 5079; baseline 0 -16"><span class='ocrx_word' id='word_1_712' title='bbox 215 5008 317 5065; x_wconf 87' lang='lat' dir='ltr'><strong>loci</strong></span> <span class='ocrx_word' id='word_1_713' title='bbox 355 5008 538 5076; x_wconf 81' lang='lat' dir='ltr'><strong>electi,</strong></span> <span class='ocrx_word' id='word_1_714' title='bbox 578 5010 670 5065; x_wconf 84' lang='lat' dir='ltr'><strong>ubi</strong></span> <span class='ocrx_word' id='word_1_715' title='bbox 719 5010 1006 5066; x_wconf 77' lang='lat' dir='ltr'><strong>mirificum</strong></span> <span class='ocrx_word' id='word_1_716' title='bbox 1040 5011 1271 5066; x_wconf 88' lang='lat' dir='ltr'><strong>habetur</strong></span> <span class='ocrx_word' id='word_1_717' title='bbox 1321 5008 1526 5079; x_wconf 75' lang='lat' dir='ltr'><strong>lignum</strong></span> <span class='ocrx_word' id='word_1_718' title='bbox 1561 5010 1802 5064; x_wconf 67' lang='lat' dir='ltr'><strong>Domini-</strong></span> 
     </span>
    </p>
   </div>
   <div class='ocr_carea' id='block_1_98' title="bbox 213 5086 1801 5163">
    <p class='ocr_par' dir='ltr' id='par_1_98' title="bbox 213 5086 1801 5163">
     <span class='ocr_line' id='line_1_98' title="bbox 213 5086 1801 5163; baseline 0.004 -14"><span class='ocrx_word' id='word_1_719' title='bbox 213 5086 361 5163; x_wconf 75' lang='lat' dir='ltr'><strong>cum,</strong></span> <span class='ocrx_word' id='word_1_720' title='bbox 419 5107 475 5154; x_wconf 92' lang='lat' dir='ltr'><strong>et</strong></span> <span class='ocrx_word' id='word_1_721' title='bbox 497 5100 738 5156; x_wconf 79' lang='lat' dir='ltr'><strong>extraxit</strong></span> <span class='ocrx_word' id='word_1_722' title='bbox 790 5102 864 5155; x_wconf 88' lang='lat' dir='ltr'><strong>ab</strong></span> <span class='ocrx_word' id='word_1_723' title='bbox 914 5100 1040 5156; x_wconf 71' lang='lat' dir='ltr'><strong>inzle</strong></span> <span class='ocrx_word' id='word_1_724' title='bbox 1089 5102 1224 5156; x_wconf 89' lang='lat' dir='ltr'><strong>duos</strong></span> <span class='ocrx_word' id='word_1_725' title='bbox 1270 5099 1471 5155; x_wconf 85' lang='lat' dir='ltr'><strong>milites</strong></span> <span class='ocrx_word' id='word_1_726' title='bbox 1514 5100 1801 5155; x_wconf 86' lang='lat' dir='ltr'><strong>inclinatos</strong></span> 
     </span>
    </p>
   </div>
   <div class='ocr_carea' id='block_1_99' title="bbox 1904 4554 3515 4632">
    <p class='ocr_par' dir='ltr' id='par_1_99' title="bbox 1904 4554 3515 4632">
     <span class='ocr_line' id='line_1_99' title="bbox 1904 4554 3515 4632; baseline 0.012 -27"><span class='ocrx_word' id='word_1_727' title='bbox 1904 4554 2157 4610; x_wconf 87' lang='lat' dir='ltr'><strong>mentitus</strong></span> <span class='ocrx_word' id='word_1_728' title='bbox 2179 4564 2261 4611; x_wconf 90' lang='lat' dir='ltr'><strong>est</strong></span> <span class='ocrx_word' id='word_1_729' title='bbox 2291 4558 2446 4622; x_wconf 85' lang='lat' dir='ltr'><strong>mihi,</strong></span> <span class='ocrx_word' id='word_1_730' title='bbox 2478 4560 2594 4627; x_wconf 89' lang='lat' dir='ltr'><strong>sed,</strong></span> <span class='ocrx_word' id='word_1_731' title='bbox 2624 4570 2682 4617; x_wconf 86' lang='lat' dir='ltr'><strong>ut</strong></span> <span class='ocrx_word' id='word_1_732' title='bbox 2711 4562 2841 4618; x_wconf 89' lang='lat' dir='ltr'><strong>mihi</strong></span> <span class='ocrx_word' id='word_1_733' title='bbox 2864 4562 2967 4622; x_wconf 85' lang='lat' dir='ltr'><strong>fuit</strong></span> <span class='ocrx_word' id='word_1_734' title='bbox 3001 4574 3263 4632; x_wconf 85' lang='lat' dir='ltr'><strong>testatus,</strong></span> <span class='ocrx_word' id='word_1_735' title='bbox 3317 4569 3515 4625; x_wconf 57' lang='lat' dir='ltr'><strong>faceta.r</strong></span> 
     </span>
    </p>
   </div>
   <div class='ocr_carea' id='block_1_100' title="bbox 1904 4642 3496 4716">
    <p class='ocr_par' dir='ltr' id='par_1_100' title="bbox 1904 4642 3496 4716">
     <span class='ocr_line' id='line_1_100' title="bbox 1904 4642 3496 4716; baseline 0.012 -20"><span class='ocrx_word' id='word_1_736' title='bbox 1904 4642 2093 4710; x_wconf 89' lang='lat' dir='ltr'><strong>noluit,</strong></span> <span class='ocrx_word' id='word_1_737' title='bbox 2115 4654 2172 4700; x_wconf 87' lang='lat' dir='ltr'><strong>et</strong></span> <span class='ocrx_word' id='word_1_738' title='bbox 2218 4656 2305 4702; x_wconf 87' lang='lat' dir='ltr'><strong>est</strong></span> <span class='ocrx_word' id='word_1_739' title='bbox 2333 4649 2466 4705; x_wconf 83' lang='lat' dir='ltr'><strong>mihi</strong></span> <span class='ocrx_word' id='word_1_740' title='bbox 2519 4653 2777 4709; x_wconf 87' lang='lat' dir='ltr'><strong>mentitus</strong></span> <span class='ocrx_word' id='word_1_741' title='bbox 2812 4670 2968 4710; x_wconf 83' lang='lat' dir='ltr'><strong>suum</strong></span> <span class='ocrx_word' id='word_1_742' title='bbox 3022 4654 3223 4714; x_wconf 83' lang='lat' dir='ltr'><strong>dictum</strong></span> <span class='ocrx_word' id='word_1_743' title='bbox 3256 4672 3313 4715; x_wconf 91' lang='lat' dir='ltr'><strong>et</strong></span> <span class='ocrx_word' id='word_1_744' title='bbox 3342 4676 3438 4716; x_wconf 84' lang='lat' dir='ltr'><strong>sua</strong></span> <span class='ocrx_word' id='word_1_745' title='bbox 3466 4680 3496 4715; x_wconf 83' lang='grc' dir='ltr'><strong>ιι</strong></span> 
     </span>
    </p>
   </div>
   <div class='ocr_carea' id='block_1_101' title="bbox 1904 4731 3499 4816">
    <p class='ocr_par' dir='ltr' id='par_1_101' title="bbox 1904 4731 3499 4816">
     <span class='ocr_line' id='line_1_101' title="bbox 1904 4731 3499 4816; baseline 0.013 -31"><span class='ocrx_word' id='word_1_746' title='bbox 1904 4731 2085 4789; x_wconf 79' lang='lat' dir='ltr'><strong>fidem.</strong></span> <span class='ocrx_word' id='word_1_747' title='bbox 2121 4734 2323 4794; x_wconf 89' lang='lat' dir='ltr'><strong>Deinde</strong></span> <span class='ocrx_word' id='word_1_748' title='bbox 2344 4738 2540 4808; x_wconf 75' lang='lat' dir='ltr'><strong>coniux</strong></span> <span class='ocrx_word' id='word_1_749' title='bbox 2570 4758 2684 4796; x_wconf 90' lang='lat' dir='ltr'><strong>mea</strong></span> <span class='ocrx_word' id='word_1_750' title='bbox 2714 4744 2901 4799; x_wconf 88' lang='lat' dir='ltr'><strong>videns</strong></span> <span class='ocrx_word' id='word_1_751' title='bbox 2934 4760 3062 4802; x_wconf 86' lang='lat' dir='ltr'><strong>eum</strong></span> <span class='ocrx_word' id='word_1_752' title='bbox 3093 4751 3307 4816; x_wconf 79' lang='lat' dir='ltr'><strong>rogavit</strong></span> <span class='ocrx_word' id='word_1_753' title='bbox 3336 4751 3499 4804; x_wconf 84' lang='lat' dir='ltr'><strong>resti-</strong></span> 
     </span>
    </p>
   </div>
   <div class='ocr_carea' id='block_1_102' title="bbox 1904 4832 3498 4904">
    <p class='ocr_par' dir='ltr' id='par_1_102' title="bbox 1904 4832 3498 4904">
     <span class='ocr_line' id='line_1_102' title="bbox 1904 4832 3498 4904; baseline 0.013 -28"><span class='ocrx_word' id='word_1_754' title='bbox 1904 4832 2054 4880; x_wconf 82' lang='lat' dir='ltr'><strong>tuere</strong></span> <span class='ocrx_word' id='word_1_755' title='bbox 2073 4840 2300 4896; x_wconf 84' lang='lat' dir='ltr'><strong>corpora</strong></span> <span class='ocrx_word' id='word_1_756' title='bbox 2323 4841 2532 4895; x_wconf 87' lang='lat' dir='ltr'><strong>sancta,</strong></span> <span class='ocrx_word' id='word_1_757' title='bbox 2553 4842 2607 4887; x_wconf 88' lang='lat' dir='ltr'><strong>et</strong></span> <span class='ocrx_word' id='word_1_758' title='bbox 2630 4833 2769 4887; x_wconf 77' lang='lat' dir='ltr'><strong>idem</strong></span> <span class='ocrx_word' id='word_1_759' title='bbox 2792 4835 2906 4904; x_wconf 91' lang='lat' dir='ltr'><strong>ipse</strong></span> <span class='ocrx_word' id='word_1_760' title='bbox 2927 4838 2994 4890; x_wconf 87' lang='lat' dir='ltr'><strong>ad</strong></span> <span class='ocrx_word' id='word_1_761' title='bbox 3022 4836 3318 4893; x_wconf 78' lang='lat' dir='ltr'><strong>Ecclesiam</strong></span> <span class='ocrx_word' id='word_1_762' title='bbox 3340 4854 3498 4897; x_wconf 87' lang='lat' dir='ltr'><strong>suam</strong></span> 
     </span>
    </p>
   </div>
   <div class='ocr_carea' id='block_1_103' title="bbox 1904 4921 3501 5001">
    <p class='ocr_par' dir='ltr' id='par_1_103' title="bbox 1904 4921 3501 5001">
     <span class='ocr_line' id='line_1_103' title="bbox 1904 4921 3501 5001; baseline 0.009 -28"><span class='ocrx_word' id='word_1_763' title='bbox 1904 4922 2099 4986; x_wconf 87' lang='lat' dir='ltr'><strong>redire,</strong></span> <span class='ocrx_word' id='word_1_764' title='bbox 2126 4921 2502 4993; x_wconf 84' lang='lat' dir='ltr'><strong>directumque</strong></span> <span class='ocrx_word' id='word_1_765' title='bbox 2528 4935 2772 4981; x_wconf 80' lang='lat' dir='ltr'><strong>nostrum</strong></span> <span class='ocrx_word' id='word_1_766' title='bbox 2793 4942 2959 4995; x_wconf 89' lang='lat' dir='ltr'><strong>supra</strong></span> <span class='ocrx_word' id='word_1_767' title='bbox 2985 4930 3203 4985; x_wconf 87' lang='lat' dir='ltr'><strong>modum</strong></span> <span class='ocrx_word' id='word_1_768' title='bbox 3228 4933 3501 5001; x_wconf 69' lang='lat' dir='ltr'><strong>accipere,</strong></span> 
     </span>
    </p>
   </div>
   <div class='ocr_carea' id='block_1_104' title="bbox 1903 5014 3509 5087">
    <p class='ocr_par' dir='ltr' id='par_1_104' title="bbox 1903 5014 3509 5087">
     <span class='ocr_line' id='line_1_104' title="bbox 1903 5014 3509 5087; baseline 0.009 -20"><span class='ocrx_word' id='word_1_769' title='bbox 1903 5028 2079 5083; x_wconf 88' lang='lat' dir='ltr'><strong>neque</strong></span> <span class='ocrx_word' id='word_1_770' title='bbox 2101 5014 2290 5069; x_wconf 83' lang='lat' dir='ltr'><strong>audire</strong></span> <span class='ocrx_word' id='word_1_771' title='bbox 2319 5015 2515 5081; x_wconf 82' lang='lat' dir='ltr'><strong>voluit;</strong></span> <span class='ocrx_word' id='word_1_772' title='bbox 2551 5017 2645 5073; x_wconf 86' lang='lat' dir='ltr'><strong>sed</strong></span> <span class='ocrx_word' id='word_1_773' title='bbox 2675 5029 2902 5075; x_wconf 84' lang='lat' dir='ltr'><strong>testatus</strong></span> <span class='ocrx_word' id='word_1_774' title='bbox 2924 5031 3011 5078; x_wconf 89' lang='lat' dir='ltr'><strong>est</strong></span> <span class='ocrx_word' id='word_1_775' title='bbox 3030 5022 3080 5078; x_wconf 90' lang='lat' dir='ltr'><strong>ei</strong></span> <span class='ocrx_word' id='word_1_776' title='bbox 3109 5020 3509 5087; x_wconf 76' lang='lat' dir='ltr'><strong>Altitonantem</strong></span> 
     </span>
    </p>
   </div>
   <div class='ocr_carea' id='block_1_105' title="bbox 1903 5105 3513 5190">
    <p class='ocr_par' dir='ltr' id='par_1_105' title="bbox 1903 5105 3513 5190">
     <span class='ocr_line' id='line_1_105' title="bbox 1903 5105 3513 5190; baseline 0.009 -32"><span class='ocrx_word' id='word_1_777' title='bbox 1903 5107 2101 5160; x_wconf 89' lang='lat' dir='ltr'><strong>ducere</strong></span> <span class='ocrx_word' id='word_1_778' title='bbox 2126 5105 2241 5174; x_wconf 90' lang='lat' dir='ltr'><strong>ipsa</strong></span> <span class='ocrx_word' id='word_1_779' title='bbox 2270 5116 2459 5162; x_wconf 89' lang='lat' dir='ltr'><strong>sancta</strong></span> <span class='ocrx_word' id='word_1_780' title='bbox 2482 5124 2709 5182; x_wconf 86' lang='lat' dir='ltr'><strong>corpora</strong></span> <span class='ocrx_word' id='word_1_781' title='bbox 2742 5111 2795 5166; x_wconf 92' lang='lat' dir='ltr'><strong>in</strong></span> <span class='ocrx_word' id='word_1_782' title='bbox 2824 5108 3003 5168; x_wconf 82' lang='lat' dir='ltr'><strong>aliena</strong></span> <span class='ocrx_word' id='word_1_783' title='bbox 3029 5111 3228 5187; x_wconf 89' lang='lat' dir='ltr'><strong>patria,</strong></span> <span class='ocrx_word' id='word_1_784' title='bbox 3250 5121 3513 5190; x_wconf 73' lang='lat' dir='ltr'><strong>eiusque</strong></span> 
     </span>
    </p>
   </div>
  </div>
