4020 5392
559 325 664 381 843

1187 325 1464 386 TIIEUZO
1504 327 1806 384 EREMITA
1848 330 1935 386 ET
1972 329 2369 389 MONACHUS.
2412 363 2480 372 —
2522 331 2796 390 ΝΟῚΊΤΙΔ
2838 333 3225 392 lllSTOﬂlCA.

3732 343 3827 398 διι

555 441 648 510 qui
682 438 878 495 renuit.
912 437 1022 510 Ego
1038 446 1217 492 autem
1247 438 1536 494 confestim
1579 449 1638 494 ut
1692 441 1794 495 hoc
1842 442 1988 507 novi,
2037 442 2148 496 vidi
2176 451 2225 508 Α
2253 442 2573 508 stiliceutur,
2603 442 2694 514 qui
2721 443 2788 498 ab
2819 458 2884 499 eo
2911 453 3038 499 sunt
3062 413 3322 500 ordinati.
3351 444 3534 517 Neque
3573 448 3829 506 ecclesias

556 531 840 604 prwfatum
873 531 1363 602 archiepiscopum,
1394 531 1650 602 voluique
1689 533 1738 588 ei
1762 531 2035 589 affirmare
2062 533 2148 587 di-

555 634 764 680 rectum
795 633 850 679 et
879 626 946 680 de
975 641 1061 680 me
1082 633 1138 678 et
1164 625 1230 679 de
1260 622 1490 695 conjuge
1521 639 1638 678 mea
1675 633 1730 680 et
1781 626 1847 679 de
1897 624 2149 680 omnibus

555 716 691 772 meis
715 717 766 770 in
791 715 996 784 judicio
1027 715 1110 772 sui
1141 716 1361 772 dimcesi
1394 715 1772 786 episcoporum
1805 725 1864 770 et
1909 716 2146 787 episcopi

551 809 774 864 Arelato
804 824 900 878 per
940 809 1126 864 decem
1153 807 1320 862 millia
1341 807 1574 872 solidos;
1601 809 1690 876 qui
1720 807 1920 862 renuit.
1944 807 2148 862 Deinde

550 899 606 956 in
633 898 842 970 judicio
871 900 1030 971 legati
1062 899 1346 970 apostolici
1375 907 1432 954 et
1477 898 1637 967 hujus
1667 908 1869 954 sanctae
1912 899 2101 970 synodi
2127 914 2143 964 ;

550 1002 604 1047 et
629 993 772 1047 hunc
789 990 1012 1060 sprevit.
1043 991 1126 1044 Ad
1153 990 1399 1045 ultimum
1426 1004 1556 1044 vero
1578 989 1875 1045 exclamavi
1897 999 2146 1045 sanctum

550 1083 770 1139 Petrum
800 1091 854 1139 et
873 1082 1141 1152 judicium
1170 1083 1353 1138 domni
1384 1081 1666 1153 apostolici
1703 1091 1760 1136 ut
1794 1082 1931 1138 irem
1959 1096 2142 1136 coram

550 1190 638 1241 eo,
669 1184 720 1230 et
750 1175 804 1230 in
831 1174 947 1243 ejus
978 1190 1140 1229 manu
1167 1175 1216 1230 ei
1271 1173 1598 1230 alﬁrmarem
1646 1175 1932 1230 directum.
1990 1174 2145 1230 Hunc

552 1265 723 1321 multo
750 1264 1120 1336 parvipendit;
1157 1264 1253 1320 sed
1272 1263 1764 1318 escommunicavit
1793 1262 2145 1319 inclementer

548 1365 714 1426 atque
741 1354 942 1424 injuste
962 1368 1048 1409 me
1070 1361 1126 1408 et
1157 1368 1333 1408 meam
1361 1367 1610 1419 uxorem,
1644 1367 1906 1424 meosque
1957 1351 2141 1407 infan-

550 1457 664 1510 tes.
690 1456 745 1504 et
764 1462 981 1502 omnem
1013 1454 1254 1501 nostram
1281 1453 1504 1510 terram,
1560 1453 1667 1499 tam
1718 1444 2028 1508 crudeliter,
2067 1445 2140 1499 ita

547 1548 607 1591 ut
629 1536 810 1591 nnl'us
841 1536 912 1591 ibi
941 1536 1245 1606 baptizetur
1293 1535 1392 1607 (ὃ),
1426 1551 1526 1592 nec
1553 1535 2008 1602 communicetur,
2043 1551 2142 1592 nec

547 1628 859 1699 sepeliatur.
882 1626 989 1684 Nos
1012 1638 1218 1692 autem,
1255 1627 1358 1683 nisi
1408 1627 1572 1682 timor
1624 1627 1718 1682 Dei
1764 1636 1932 1692 esset,
1987 1627 2138 1698 parvi

547 1722 908 1790 penderemus
955 1735 1110 1774 suam
1153 1717 1794 1794 excommunicationem.
1847 1733 2009 1788 quem
2062 1725 2142 1772 tot

2254 542 2567 590 meaeterra:
2605 549 2926 591 consecrare
2958 535 3147 604 voluit,
3201 537 3371 594 donec
3417 539 3600 592 datum
3649 555 3828 596 earnm

2255 625 2444 679 tenuit.
2470 624 2650 698 Nuper
2677 636 2858 681 amem
2881 627 3017 681 duos
3044 643 3193 684 meos
3223 629 3422 684 milites
3466 632 3747 686 venientes
3770 649 3830 688 es

2251 719 2436 791 vigilia
2455 728 2656 774 sancta:
2681 704 2982 775 Salvatoris
3010 720 3260 786 Anianze,
3295 722 3382 776 die
3406 722 3744 792 Epiphania,
3772 739 3832 782 eo

2243 808 2468 879 jubente
2491 821 2650 880 atque
2676 809 3025 882 suffragante,
3055 821 3182 865 sunt
3203 812 3346 880 capti
3379 821 3432 866 et
3461 813 3622 877 lenti,
3673 822 3727 868 et
3747 829 3833 870 eos

2249 898 2338 967 qui
2371 898 2489 953 illos
2516 908 2777 968 ceperunt
2807 901 3134 969 patrocinat,
3179 910 3236 955 et
3283 900 3376 956 dat
3429 901 3512 957 eis
3561 901 3830 959 solidatas.

2247 990 2370 1045 Ideo
2394 1005 2493 1061 ego
2523 991 2882 1062 Berengarius
2902 992 3160 1062 przefatus
3187 993 3328 1048 hanc
3357 991 3510 1048 vobis
3533 1003 3591 1048 et
3615 995 3835 1052 Domino

2199 1098 2202 1102 '
2248 1082 2359 1139 Deo
2391 1082 2532 1139 facio
2558 1085 2976 1154 querimoniam,
3001 1094 3056 1140 et
3099 1085 3647 1156 postulo-justitiam;
3681 1101 3834 1156 quam

2247 1174 2351 1230 nisi
2383 1174 2768 1246 impetravero,
2798 1189 2911 1230 sua:
2948 1176 3497 1231 excommunicationi
3521 1175 3681 1245 parvi
3711 1191 3831 1243 pen-

2246 1269 2398 1333 dero,
2422 1277 2478 1339 et
2507 1269 2561 1322 in
2609 1283 2787 1324 meam
2821 1277 3026 1324 terram
3077 1280 3319 1337 treguam
3363 1267 3569 1324 nullam
3627 1269 3832 1332 tenebo,

2245 1373 2419 1430 neque
2437 1359 2702 1428 judicium
2725 1358 3003 1430 apostolici
3027 1358 3258 1430 amplius
3285 1358 3628 1414 acclamabo.

2313 1449 2469 1518 Quod
2518 1465 2619 1522 ego
2676 1449 3039 1522 Bcrengarius
3095 1451 3169 1505 ita
3223 1450 3474 1520 superius
3530 1464 3740 1520 queror
3775 1449 3835 1505 ad

2243 1539 2450 1611 legatos
2477 1541 2673 1595 summi
2702 1541 2973 1611 pontilicis
2993 1541 3264 1611 superius,
3290 1550 3345 1595 et
3367 1540 3435 1596 ad
3466 1552 3705 1596 cunctos
3733 1541 3836 1610 cpio

2242 1646 2439 1702 scopos
2459 1639 2516 1686 et
2542 1632 2786 1696 abbates,
2812 1631 3070 1702 quoniam
3095 1631 3162 1686 ad
3190 1631 3458 1703 synodum
3482 1630 3696 1685 Arelati
3743 1647 3830 1684 co-

2241 1725 2436 1780 nabam
2479 1727 2789 1782 ostendere.
2853 1725 2956 1782 Sed
3011 1727 3266 1797 quoniam
3324 1726 3458 1781 nihil
3508 1725 3744 1797 profuit,
3775 1725 3837 1780 ad

547 1813 703 1866 malis
747 1811 998 1866 novimus
1053 1811 1398 1876 sceleratum,
1445 1819 1500 1865 et
1539 1825 1567 1863 a
1593 1826 1728 1880 papa
1766 1810 1979 1864 Victore
2015 1823 2136 1864 cum

2243 1819 2500 1874 domnum
2522 1819 2877 1890 apostolicum
2893 1819 3015 1875 ideo
3032 1819 3203 1875 libens
3217 1820 3657 1874 mitterecuravi.
3675 1818 3835 1886 Quem

543 1923 648 1964 cxx
689 1908 957 1979 episcopis
986 1908 1502 1964 anathematizatum
1537 1907 1636 1976 (4),
1663 1919 1716 1961 et
1743 1905 2136 1972 Simoniacum,

545 2003 635 2072 qui
667 2018 858 2058 omnes
882 2001 1102 2057 ordines
1128 2016 1257 2056 suos
1278 1999 1545 2064 vendidit,
1579 2003 1670 2070 qui
1701 2015 1892 2055 omnes
1922 2000 2136 2069 episco-

546 2108 663 2162 pos,
692 2101 898 2148 taceam
929 2093 995 2148 de
1019 2091 1229 2158 alienis,
1263 2091 1357 2147 sed
1377 2107 1566 2147 omnes
1586 2107 1724 2161 quos
1759 2091 1811 2146 in
1843 2106 1960 2146 mea
1995 2100 2137 2145 terra

545 2183 837 2246 ordinavit,
869 2199 1040 2254 usque
1061 2183 1128 2238 ad
1180 2182 1533 2238 novissimum
1586 2181 1944 2252 quadrantem
1993 2182 2133 2236 redi-

547 2272 868 2330 merefecit.
901 2273 1054 2342 Quod
1083 2275 1128 2329 si
1157 2289 1261 2327 non
1292 2272 1534 2334 creditis.
1565 2271 1924 2328 Lutevensem
1956 2272 2136 2341 requi-

548 2367 651 2423 rite
699 2367 1014 2439 episcopum
1045 2375 1101 2422 et
1133 2366 1486 2423 llelenensem
1556 2373 1612 2421 et
1647 2364 1704 2420 hi
1749 2363 1851 2420 hoc
1874 2364 2028 2421 vobis
2061 2374 2135 2420 te-

617 2518 695 2588 (3)
727 2516 920 2574 Nullus
943 2519 1014 2575 ibi
1035 2520 1341 2590 baptizatur.
1373 2519 1576 2576 Durum
1602 2517 1730 2574 illud
1775 2534 1840 2572 ac
1865 2517 2019 2590 valde
2051 2516 2133 2572 in-

546 2589 861 2662 humanum,
893 2600 948 2646 et
982 2589 1204 2662 prorsus
1238 2592 1570 2645 conzrarium
1625 2590 1829 2662 regulis
1883 2589 2136 2662 ecclesia-

544 2660 714 2724 SIieis,
747 2677 868 2730 qua:
899 2660 1139 2731 tempore
1170 2663 1439 2714 interdicti
1483 2670 1704 2715 servant
1735 2660 1909 2714 locum
1939 2660 2132 2731 huma-

543 2731 720 2791 nitati,
754 2730 1112 2788 concedentes
1143 2732 1406 2800 baptisma
1438 2732 1806 2801 parvulorum,
1863 2730 2135 2800 paeniten-

545 2802 648 2856 tias
676 2804 1049 2866 morientium,
1081 2803 1337 2855 viaticum
1371 2802 1423 2855 in
1441 2800 1595 2856 exitu
1623 2803 1838 2864 mortis,
1883 2800 2125 2869 sepultu-

547 2888 662 2944 ram
718 2873 1038 2944 clericorum
1069 2913 1084 2937 ,
1141 2888 1439 2944 pauperum
1476 2913 1491 2936 ,
1553 2873 2040 2944 peregrinorum,
2079 2879 2131 2924 et

545 2942 830 2996 infantium
860 2958 888 2996 a
914 2944 1116 2998 bimatu
1143 2939 1200 2997 et
1229 2939 1809 3008 iiifra,benedicti0nes
1838 2939 2127 3010 nuptiales,

541 3013 950 3082 puriticationes
976 3013 1287 3075 mulierum.
1317 3023 1475 3083 prout
1513 3013 1565 3067 in
1621 3013 1788 3068 variis
1816 3011 2129 3083 regionibus

542 3081 739 3153 regulae
770 3085 998 3139 variant.
1029 3083 1084 3138 ln
1113 3081 1423 3138 universum
1457 3093 1633 3153 tamen
1659 3081 1928 3136 allirmare
1979 3081 2126 3146 licet,

2241 1928 2392 1984 rogo,
2421 1928 2518 1982 per
2547 1912 2714 1966 Deum
2745 1922 2800 1967 et
2821 1921 3067 1968 sanctum
3090 1911 3332 1977 Petrum,
3371 1921 3433 1967 ut
3475 1913 3546 1968 ab
3600 1914 3707 1967 hac
3750 1926 3834 1966 es-

2240 2004 2733 2060 communicatione
2786 2019 2874 2059 me
2916 2003 3184 2070 absolvat,
3235 2019 3465 2076 meoque
3498 2002 3726 2074 praesuli
3775 2003 3837 2058 de

2240 2110 2327 2150 me
2347 2094 2674 2159 satisfaciat,
2700 2096 2956 2166 quoniam
2987 2111 3156 2166 usque
3195 2096 3421 2152 Romam
3449 2111 3551 2168 ego
3584 2096 3835 2152 libentius

2238 2186 2556 2244 satisfacere
2581 2187 2664 2243 ire
2689 2204 2796 2243 non
2815 2188 3060 2260 ambigo;
3091 2187 3200 2256 ille,
3222 2189 3326 2246 nisi
3347 2189 3572 2261 ligatus,
3602 2203 3831 2260 unquam

2238 2288 2431 2350 sponte
2458 2296 2565 2336 non
2597 2279 2714 2336 ibit.

2237 2531 2382 2585 cap.,
2407 2515 2740 2587 Inquisitioni
2768 2526 2894 2581 tum,
2914 2516 2986 2570 De
3018 2517 3830 2576 sentent.excommun.Bswz.

2309 2587 2386 2657 (4)
2428 2587 2961 2657 ΑηαιΙιειηαιὶιψιηι.
2982 2587 3244 2641 Nimirum
3267 2589 3319 2642 in
3347 2588 3580 2642 concilio
3615 2588 3829 2644 Floren-

2240 2656 2379 2719 tino,
2408 2657 2551 2726 quod
2576 2675 2605 2710 a
2638 2672 2776 2728 papa
2813 2656 3027 2712 Victore
3081 2657 3124 2712 ll
3177 2659 3418 2714 habitum
3466 2658 3656 2714 fuerat
3697 2674 3830 2712 anno

2235 2730 2545 2798 superiore.
2601 2729 2696 2782 Cui
2745 2728 2977 2782 concilio
3034 2728 3344 2784 interfuisse
3390 2745 3492 2782 cxx
3547 2731 3830 2798 episcopos

2235 2801 2387 2852 do'eet
2426 2799 2511 2852 hic
2537 2797 2707 2869 locus.
2738 2798 2818 2852 Ad
2854 2814 2972 2852 eam
3002 2815 3164 2869 porro
3191 2799 3433 2854 Guifredi
3460 2797 3828 2854 Narbonensis

2235 2868 2851 2941 escommunicationem
2909 2868 3209 2941 respeajisse
3271 2871 3486 2924 videtur
3535 2869 3828 2941 Gregorius

2235 2937 2497 2999 Vll.dum
2529 2940 2644 2992 haec
2689 2939 2740 2992 in
2793 2937 3022 2994 concilio
3071 2939 3314 2995 Romano
3361 2937 3829 2995 sanciebat'auno

2236 3009 2412 3063 1078:
2445 3008 2770 3063 Ilenouamus
2810 3011 2968 3062 etiam
3011 3011 3609 3064 ercommunicnlionem
3637 3030 3668 3064 α
3700 3027 3828 3079 pm-

2233 3079 2801 3149 decessoribusnostris
2849 3081 3046 3148 {uetant
3090 3097 3246 3148 super
3295 3079 3617 3149 Gnifredum
3665 3080 3828 3134 archi-

543 3147 784 3234 ιρῇψοτε
821 3154 1090 3234 interdicti
1130 3154 1450 3234 penitissimi
1483 3152 1648 3207 fuisse
1679 3153 1947 3234 baptisma
1991 3168 2126 3234 ‘par-
2154 3153 2201 3217 ο
2231 3149 2529 3234 episcopum
2559 3147 2976 3234 Narbpngtsem,
2999 3161 3044 3204 et
3068 3147 3259 3234 absque
3283 3147 3826 3234 ttlfairequpcrationis

542 3220 810 3286 vulorum,
857 3225 1093 3294 itemque
1131 3220 1509 3301 pmltitentiatn
1566 3220 1932 3278 morientium.
1991 3220 2126 3277 Vide

2231 3237 2323 3291 spe
2346 3220 2410 3273 ab
2437 3219 2717 3288 episcopali
2739 3221 2904 3290 oﬁicio
2943 3236 3060 3274 eum
3090 3222 3468 3276 submoventes.
3494 3220 3572 3274 lo.

639 3373 3821 3421 -___________________________.=m

557 3374 730 3424 Si;

1838 3528 2006 3571 ANNO
2052 3527 2274 3570 DOMINI
2311 3526 2509 3567 Ml.\'ll.

1689 3674 2674 3837 THEUZO

1272 3929 1578 3988 ΕΙιιςΜιΤΑ
1620 3929 1706 3984 E'l‘
1752 3925 2128 3984 MONACHUS
2167 3923 2228 3980 S.
2262 3921 2504 3978 MARIIE
2546 3921 2633 3977 DE
2670 3921 3085 3979 FLORENTIA.

1566 4138 2080 4234 NOTITIA
2136 4132 2792 4229 HISTORICA

1515 4310 1767 4385 (Annales
1800 4314 2250 4378 Camuldulenses,
2285 4321 2415 4367 tom.
2455 4313 2518 4379 ll,
2547 4329 2670 4382 pag.
2720 4311 2864 4382 165)

616 4549 1040 4622 Distinguendus
1082 4561 1164 4606 est
1191 4549 1412 4604 Thenzo
1455 4546 1682 4602 eremita
1728 4553 1784 4600 et
1829 4542 2127 4599 monachus
2158 4523 2203 4581 υ
2231 4538 2522 4604 monacho,
2547 4537 2702 4606 cujus
2729 4539 3040 4594 interventu
3068 4538 3405 4594 Prataliense
3431 4540 3815 4596 monasterium

541 4648 758 4703 Sanctae
789 4643 970 4698 Mariae
1007 4643 1072 4697 de
1097 4640 1366 4695 Florentia
1399 4639 1469 4693 ab
1514 4637 1620 4693 alio
1649 4634 1850 4692 celebri
1881 4642 1938 4688 et
1969 4632 2130 4688 beato

540 4741 866 4802 Thcuzone,
917 4735 1092 4792 sancti
1136 4732 1364 4788 Joannis
1391 4729 1669 4787 Gualberti
1703 4726 1966 4798 discipulo
1992 4766 2010 4793 ,
2037 4723 2130 4795 qui

537 4835 730 4891 eodem
757 4840 1000 4899 tempore
1028 4827 1278 4890 vivebat;
1308 4825 1375 4880 de
1397 4837 1506 4893 quo
1535 4819 1845 4875 consulendi
1880 4827 2130 4873 auctores

544 4921 998 4979 Vallutubrosani.
1030 4918 1182 4973 Alius
1239 4916 1446 4988 pariter
1513 4913 1726 4968 videtur
1780 4927 1809 4965 a
1855 4909 2130 4963 Tltettzone

828 5021 873 5044 ΔΙ
903 5010 1124 5044 {utUt-nn
1155 5009 1421 5046 cnrarllnlo
1473 5005 1562 5046 ηιιί
1603 5019 1659 5048 QP.
1681 5001 1975 5048 QIIIDSPI'iIIiIL
2005 5006 2129 5050 “ost

539 5014 798 5044 ...ιιι-61⁸1011

2235 4629 2335 4684 sub
2378 4644 2474 4684 sua
2507 4629 2847 4698 protectione
2878 4644 3135 4700 recepere
3171 4645 3315 4685 anno
3342 4629 3483 4685 1002
3516 4628 3646 4687 Otto
3678 4630 3742 4694 ll,
3769 4637 3816 4682 et

2233 4737 2377 4777 anno
2409 4721 2548 4778 1020
2577 4720 2867 4786 Henricus,
2917 4724 3294 4793 imperatores.
3337 4723 3570 4780 Putatur
3604 4725 3817 4780 'l‘heuzo

2233 4813 2463 4868 eremita
2498 4822 2689 4867 auctor
2713 4812 3100 4869 Commentarii
3135 4815 3186 4868 in
3225 4814 3486 4886 Regulam
3513 4818 3687 4872 sancti
3720 4816 3813 4870 Ps-

2235 4908 2334 4962 tris
2385 4906 2700 4969 Benedicti,
2768 4923 2928 4977 quem
2991 4908 3192 4964 dicavit
3245 4910 3499 4980 episcopo
3548 4909 3811 4966 Odelrico.

2235 4999 2519 5050 Brixianus
2551 5001 2707 5050 huius
2735 5001 2973 5050 nominis
2999 5002 3228 5050 antistes
3251 5002 3461 5050 vivebat
3493 5018 3639 5050 anno
3663 5000 3812 5050 1027.
