4020 5392
192 313 293 383 815

966 327 1104 386 ODO
1139 325 1420 387 POSSAT.
1461 325 1859 386 MONACIIUS.
1907 355 1966 366 —
2004 322 2279 381 NOTITIA
2319 312 2699 384 ll'lSTORICA.

3356 327 3465 386 εω

191 458 387 500 ncuses
416 440 730 498 monachos.
756 439 1028 513 Integrutn
1061 458 1196 514 Opus
1238 445 1629 515 percurrimus,
1656 441 1775 498 nul-
1802 451 1851 516 Α
1881 439 2291 495 Mediolanensis
2339 441 2645 495 monasterii
2685 439 2845 494 abbas
2885 450 3147 512 perpetua:
3199 440 3468 512 {elicitam

191 535 392 604 iibiQue
421 549 482 590 se
505 543 695 588 auctor
729 536 909 605 prodit
957 535 1138 605 aliquo
1170 535 1404 600 indicio,
1453 536 1553 591 nisi
1593 537 1773 606 capite

194 630 274 689 Η,
320 629 410 683 ubi
461 628 742 699 inquirens
787 629 1048 700 quomodo
1091 632 1400 700 peragenda:
1440 630 1543 684 sint
1581 629 1772 701 uigilia:

192 718 243 776 in
296 721 554 777 natalitiis
605 733 930 787 sanctorum,
961 721 1266 792 exemplum
1323 719 1484 777 offert
1518 722 1774 777 Ecclesia:

195 813 643 877 Mediolanensis,
697 813 785 866 ubi
833 829 1054 882 corpora
1101 824 1376 868 servantur
1425 824 1474 867 et
1531 813 1776 868 coluntur

191 906 358 958 sancti
410 905 676 958 Ambrosii
711 915 758 957 et
807 914 1111 958 Sanctorum
1149 902 1386 958 Gervasii
1431 915 1476 958 et
1520 903 1774 958 Protasii.

193 998 254 1053 Et
298 997 481 1066 capite
524 998 587 1052 li‘l
635 995 865 1068 loquens
903 999 970 1053 de
1010 997 1290 1052 monachis
1339 997 1674 1068 peregrinis,
1711 1012 1775 1051 ac

189 1088 496 1157 exemplum
527 1089 800 1144 adducens
831 1089 1185 1144 forutatarum
1215 1089 1592 1160 epistularum,
1640 1105 1777 1157 quas

191 1177 430 1232 scribere
452 1177 652 1232 debent
678 1179 905 1234 abbates
929 1179 1221 1249 episcopis,
1241 1181 1354 1234 ba:c
1377 1180 1539 1235 verba
1569 1180 1732 1234 habet
1758 1196 1773 1232 :

201 1269 500 1323 Venerabili
539 1267 975 1329 Christicolarum
1025 1272 1129 1324 rita
1171 1272 1450 1335 decorato,
1495 1271 1613 1342 plus
1650 1271 1776 1326 calo

187 1375 343 1428 quam
364 1370 528 1416 terra:
555 1363 754 1426 vicino,
780 1364 972 1416 domno
1012 1362 1088 1417 ill.
1123 1363 1360 1432 prtcsuli
1379 1366 1668 1418 venerando
1695 1363 1776 1416 ill.

1879 534 2107 604 obpu‘dia
2132 543 2287 604 atque
2319 532 2672 604 angelicorum
2705 534 2919 604 synaxis
2945 535 3230 588 consortia.
3258 532 3468 589 Prteter

1879 624 2158 693 exemplar
2187 623 2501 678 chartarum
2531 620 2690 690 hujus
2711 622 3097 676 Cotntueularii
3131 623 3466 691 Theuzonis,

1879 716 2020 786 quod
2048 714 2317 771 asservari
2369 714 2421 768 in
2470 714 2684 768 abbatia
2728 713 3037 768 Florentina
3067 714 3168 770 sub
3221 731 3371 770 num.
3399 716 3470 773 5‘8

1879 806 2074 860 asserit
2109 805 2480 871 Mabillonius,
2531 805 2781 876 quodque
2829 805 3025 861 steculo
3051 791 3138 860 xvt
3183 805 3284 862 fuit
3336 824 3470 864 con-

1881 900 2173 971 scriptum,
2213 897 2602 954 nitidissimum
2630 899 2859 953 alterum
2891 899 3168 968 exemplar
3194 898 3470 954 membra-

1883 1008 2131 1058 naceum,
2161 991 2360 1048 saaculo
2379 1007 2470 1046 xtv
2497 991 2583 1046 vel
2614 1008 2681 1045 xv
2709 1001 3010 1055 exaratum,
3038 1002 3258 1046 servant
3279 1005 3469 1046 mona-

1880 1086 1966 1141 chi
1998 1087 2167 1140 nostri
2200 1084 2387 1140 Sancti
2421 1083 2635 1139 Mathize
2661 1085 2727 1140 de
2775 1083 3050 1149 Mariano,
3079 1099 3145 1138 cx
3173 1099 3278 1154 quo
3298 1084 3464 1139 etiam

1879 1177 2162 1248 epistolam
2188 1178 2356 1248 ipsius
2381 1176 2828 1248 nuncupatoriam
2874 1177 2940 1231 ad
2971 1175 3277 1233 Odelricam
3300 1217 3314 1241 ,
3347 1189 3466 1244 quae

1882 1271 2100 1341 praefixa
2145 1280 2227 1326 est
2253 1270 2658 1325 Commentario
2700 1285 2792 1324 seu
2838 1270 3016 1338 potius
3061 1267 3364 1324 collectioni
3397 1281 3463 1320 cx

1880 1362 2043 1416 dictis
2070 1361 2489 1437 przecedeutium
2518 1361 2764 1423 Patrum,
2803 1360 3011 1414 dantus.
3047 1349 3054 1356 ’

1439 1590 2126 1722 "PROLOGUS

482 1832 1156 1941 EXPOSITIONIS
1229 1843 1651 1944 REGUL/E
1727 1843 1802 1942 S.
1859 1845 1948 1941 P.
2003 1841 2110 1943 N.
2173 1839 2694 1941 BENEDICTI
2750 1839 3156 1940 ABBATIS

1263 2049 1563 2128 Scriptus
1607 2069 1645 2109 α
1682 2030 2036 2111 Τιιιευῑοειε
2065 2048 2386 2109 monacho.

293 2200 514 2288 (Annal.
549 2174 820 2279 Camuld.,
853 2221 987 2268 tom.
1009 2213 1076 2277 ll,
1103 2212 1351 2285 A-ppend.
1379 2229 1436 2284 p.
1469 2214 1595 2280 156,
1623 2230 1694 2340 clx
1725 2217 1916 2342 caldice
1936 2215 2120 2347 scopuli
2152 2232 2248 2272 xm
2275 2215 2591 2273 monasterii
2625 2212 2686 2269 S.
2724 2212 2937 2268 Matinae
2971 2214 3040 2270 de
3067 2213 3316 2270 Mariano

1671 2301 1775 2342 ene
1801 2302 2000 2343 tarum.

1671 2301 2000 2343 euettarum.

902 2567 1140 2614 INCIPIT
1184 2569 1517 2614 ειιιοειτιο
1551 2569 1820 2613 ιιηεευιηε
1854 2569 2040 2613 ΒΕΔΤΙ
2072 2569 2414 2612 ΒΕΝΕΒΙΟἸἹ
2451 2569 2732 2614 ΔΒΒΔΤῙὸν

268 2697 413 2758 Vera:
451 2700 766 2758 dilectionis
812 2701 1164 2773 praerogativa
1211 2698 1528 2755 circumfluo
1574 2702 1773 2756 domno
1807 2705 1848 2764 Β
1876 2699 2158 2770 ingratus;
2189 2698 2284 2754 sed
2320 2699 2471 2770 quia,
2507 2707 2567 2754 ut
2597 2699 2672 2754 ait
2703 2699 2892 2756 beatus
2942 2700 3261 2773 Gregorius,
3300 2702 3468 2774 deguo

204 2795 465 2851 'Oneuuco
495 2791 797 2848 venerabili
832 2793 1108 2862 episcopo,
1135 2792 1358 2847 Tbcu'zo
1383 2775 1638 2861 peccator
1661 2808 1784 2862 per-

206 2896 364 2955 petua:
406 2884 691 2940 felicitatis
729 2855 982 2949 obsituia,
1017 2897 1082 2938 ac
1127 2893 1401 2954 perpetuae
1438 2882 1782 2938 indelicentia

207 2976 468 3031 fulclitatis
493 2975 886 3032 emolumenta.

267 3065 612 3139 Quanquam,
648 3068 717 3122 mi
747 3069 1054 3124 venerande
1081 3067 1261 3135 Pater,
1295 3068 1437 3123 beati
1472 3063 1648 3123 Patris
1678 3065 1773 3122 Be-

207 3160 390 3214 nedicti
423 3159 651 3231 Regillth
681 3160 825 3214 dicta
869 3160 921 3215 in
956 3160 1229 3230 plerisque
1273 3160 1559 3216 videantur
1598 3168 1783 3231 aperta

205 3265 317 3306 esse
342 3260 394 3306 et
419 3251 661 3306 dilucida
680 3292 695 3316 ,
726 3260 906 3306 tamen
936 3252 989 3306 in
1021 3251 1344 3321 quibusdam
1369 3251 1548 3307 minus
1575 3251 1785 3306 studio.

205 3342 302 3407 sis,
332 3353 412 3406 et,
458 3351 520 3396 ut
567 3343 640 3396 ita
696 3341 907 3405 dicam,
940 3337 1140 3397 imitari
1182 3352 1236 3397 et
1269 3337 1409 3398 scire
1450 3342 1780 3409 nolentibus,

206 3448 303 3487 non
349 3433 506 3488 facile
558 3443 685 3487 sunt
727 3435 996 3503 patentia,
1047 3434 1342 3490 secundum
1385 3435 1526 3505 quod
1569 3434 1782 3490 illorum

208 3522 575 3577 demonstrant
602 3538 787 3593 opera.
822 3520 923 3590 Qui
950 3524 994 3579 si
1028 3524 1111 3579 vel
1135 3524 1331 3579 leviter
1354 3525 1646 3580 accedendi
1688 3541 1782 3597 po-

208 3611 461 3668 sudarent.
485 3605 803 3678 introitum,
834 3613 1119 3669 confestim
1162 3615 1262 3669 sibi
1308 3615 1483 3686 quoad
1524 3615 1782 3670 interiora

207 3713 479 3775 penetrare
504 3717 753 3778 possent,
786 3709 986 3764 ostium
1033 3709 1342 3764 invenirent
1370 3717 1637 3779 apertum.
1664 3707 1786 3763 Cla-

211 3796 283 3849 vis
303 3796 441 3851 enim
490 3795 738 3866 ejusdem
768 3799 891 3854 ostii
924 3799 1181 3854 continue
1227 3797 1424 3854 ibidem
1454 3799 1782 3868 dependens,

208 3902 308 3941 non
327 3903 384 3943 se
412 3889 743 3945 subduceret
767 3906 798 3945 a
829 3906 990 3946 manu
1015 3887 1252 3947 libenter
1279 3890 1494 3962 operire
1531 3889 1782 3946 volentis.

210 3973 322 4043 Duo
340 3979 526 4050 siquis
569 3980 738 4036 semel
766 3981 1003 4037 intrasse
1029 3981 1193 4038 fuerit
1215 3983 1431 4054 dignus,
1465 3981 1692 4037 ulterius
1720 3983 1786 4036 de

1884 2801 2033 2846 stare
2080 2790 2333 2845 nolumus
2385 2790 2724 2847 dulcedinem
2780 2793 2926 2848 intus
2987 2793 3144 2849 nobis
3198 2805 3462 2865 paratam,

1883 2897 2133 2938 amamus
2181 2881 2315 2938 foris
2357 2883 2540 2939 miseri
2585 2883 2784 2939 famem
2839 2895 3080 2941 nostram
3125 2904 3137 2941 :
3176 2897 3464 2958 propterea

1883 2987 1985 3044 ego
2023 2987 2088 3028 ex
2130 2973 2292 3029 dictis
2337 2975 2761 3045 praecedentium
2805 2974 3024 3031 Patrum
3081 2975 3184 3033 hoc
3217 2979 3465 3034 strictum

1883 3067 2230 3138 breviterque
2293 3069 2592 3141 perstrinxi
2653 3070 2992 3140 opusculum,
3040 3087 3149 3126 non
3199 3073 3469 3144 pcuitusa

1886 3176 1971 3215 me
2009 3160 2241 3226 editum,
2271 3161 2364 3216 sed
2409 3174 2476 3215 ex
2524 3159 2719 3216 alienis
2773 3161 3054 3217 laboribus
3106 3174 3372 3234 carptum,
3404 3180 3471 3219 no

1884 3249 2026 3306 forte
2054 3252 2156 3308 sibi
2199 3251 2322 3322 quis
2365 3251 2492 3306 velit
2531 3252 2900 3309 excusationis
2929 3252 3197 3310 asciscere
3240 3255 3465 3320 malum,

1884 3345 2088 3400 nudum
2116 3344 2334 3416 Regulae
2366 3360 2472 3399 non
2509 3353 2692 3416 posset
2719 3359 2944 3417 carpere
2979 3355 3206 3402 textum.
3229 3345 3474 3418 Denique

1885 3436 2136 3490 eumdem
2193 3441 2425 3497 textum,
2481 3435 2849 3505 particulatim
2904 3451 3000 3507 per
3054 3422 3468 3509 congrut’loca

1885 3526 2142 3591 divisum,
2181 3527 2462 3591 ordinans,
2505 3524 2764 3600 virgulas,
2813 3544 2920 3599 quo
2955 3529 3169 3585 facilius
3210 3529 3475 3600 quidquid

1883 3631 1952 3672 ex
2003 3632 2070 3672 eo
2111 3618 2374 3684 queritur
2435 3617 2664 3672 inveniri
2707 3621 2900 3689 possit,
2941 3619 3257 3688 pramotavi.
3316 3618 3468 3674 llauc

1886 3709 2052 3780 igitur
2097 3708 2470 3781 collectionem
2529 3718 2727 3764 vestra:
2779 3710 3092 3780 paternitati
3148 3709 3473 3765 examinan-

1887 3799 2011 3852 dam
2055 3797 2250 3854 olferre
2297 3800 2507 3864 curavi,
2537 3808 2614 3862 ut,
2649 3801 2693 3854 si
2724 3799 2865 3854 forte
2906 3800 2973 3854 ad
3013 3801 3329 3855 aemulorum
3357 3813 3474 3855 ma-

1887 3905 2008 3944 mus
2047 3889 2222 3944 delata
2259 3889 2441 3953 fuerit,
2492 3907 2596 3944 non
2643 3889 2716 3945 ibi
2760 3889 3055 3960 quidquam
3094 3892 3237 3960 quod
3278 3889 3474 3948 canino

1887 3978 2048 4033 dente
2069 3981 2386 4047 corrodant,
2417 3981 2511 4034 sed
2553 3981 2733 4049 potius
2762 3980 2830 4034 ad
2867 3995 2964 4035 eos
3001 3980 3070 4035 ab
3108 3980 3324 4037 infelice
3351 3995 3478 4052 per-

211 4070 418 4127 caducis
462 4083 630 4144 atque
670 4076 908 4130 terrenis
969 4075 1327 4130 incommodis
1373 4089 1480 4131 non
1516 4071 1779 4130 existeret
1806 4081 1853 4145 ο
1883 4071 2081 4125 tinacia
2107 4069 3115 4141 removeat,reperirequeantJ'alele.

219 4222 3477 4272 mm

1479 4351 1648 4395 ANNO
1689 4350 1916 4394 DOMINI
1962 4349 2192 4392 MLVIII.

1631 4501 2028 4660 ODO

919 4731 1694 4926 MONACHUS
1805 4773 2761 4895 FOSSATENSIS

1612 4975 2018 4995 *ἡ

1200 5036 1719 5176 NOTITIA
1781 5082 2475 5178 HIsTORICA.

797 5249 1034 5308 (Ρηιιιιι.
1072 5251 1396 5308 Bibliotheca
1427 5250 1615 5305 medio!
1641 5259 1690 5305 et
1714 5248 1912 5318 inﬁmae
1941 5248 2267 5313 Latinitatis,
2299 5257 2432 5306 tota.
2461 5253 2549 5318 IV,
2577 5263 2699 5321 pag.
2733 5238 2882 5316 158.)

1701 5385 2092 5392 .---
