4020 5392
573 350 683 407 867

1683 349 1933 409 ODONIS
1970 352 2392 410 FOSSATENIS
2444 355 2747 412 ιιοΝΑαιιι

3738 365 3830 420 88

573 460 630 515 in
665 458 784 530 ejus
804 455 1046 517 Historia
1080 454 1329 516 Civitatis
1351 455 1771 514 Meloduueusis.
1804 460 1975 514 Paris.
2004 460 2160 521 “528.
2195 472 2237 526 Α
2269 462 2509 519 Oduuetn
2538 469 2843 536 prodierat,
2883 467 3022 523 forte
3057 478 3233 526 tamen
3264 472 3332 525 ab
3366 472 3465 527 hoc
3501 475 3618 544 ipso
3662 477 3832 531 Oduue

573 553 628 608 Δ.
665 554 683 572 ⁶
723 549 1029 619 Subhujus
1076 551 1360 622 scriptoris
1398 552 1615 607 nomine
1661 553 1886 626 legimus
1933 555 2162 609 iudicata

573 643 713 713 apud
746 641 1092 698 Montfaucon
1121 642 1580 699 Bibliothecarum
1607 661 1727 717 pag.
1772 647 1937 711 I278,
1989 645 2164 700 Vitam

579 731 641 786 S.
672 729 855 785 Mauri
887 741 1062 786 metro
1102 741 1154 786 et
1200 747 1361 803 prosa
1391 733 1681 806 scriptam,
1709 751 1870 805 quam
1899 736 1950 791 in
1981 737 2165 792 nescio

578 837 685 893 qua
717 823 914 893 (neque
940 823 1083 878 enim
1113 824 1336 896 iudicat)
1366 823 1571 880 Gallica
1592 826 1922 884 Bibliotheca
1947 838 2164 884 exstare

579 913 731 969 dicit.
765 911 1074 985 Scriptores
1105 912 1353 970 Historia:
1385 915 1663 971 litterariae
1708 917 1847 973 Gall.
1878 928 2008 974 tom.
2040 919 2126 974 Vll
2146 961 2160 984 ,

574 1020 700 1078 pag.
753 1007 893 1074 494,
951 1018 1178 1063 censent
1225 1009 1401 1064 Vitam
1461 1010 1604 1064 illam
1664 1012 1720 1065 S.
1780 1011 1949 1066 Mauri
2000 1029 2162 1084 prosa

570 1096 834 1169 scriptam
862 1095 1026 1153 aliam
1065 1113 1171 1154 non
1203 1112 1325 1154 esse
1370 1099 1438 1154 ab
1481 1115 1544 1154 ea
1575 1115 1694 1171 quae
1724 1099 1836 1168 jam
1866 1103 1993 1158 olim
2038 1114 2163 1160 ante

2276 560 2619 612 recensitam.
2645 560 2882 614 Alteram
2909 577 3037 616 vero
3061 573 3234 616 metro
3255 563 3510 634 scriptam
3541 565 3695 621 facile
3723 569 3831 624 huic

2275 737 2581 793 Mabillonio
2628 741 2680 795 in
2733 742 2880 798 Actis
2936 742 3037 798 SS.
3072 743 3544 801 Beuedictiuorum
3590 758 3718 803 tom.
3768 749 3832 817 II,

2273 845 2392 900 pag.
2429 829 2564 895 596,
2603 833 2811 887 calamo
2857 830 3095 902 ejusdem
3141 834 3342 891 Odonis
3386 836 3574 892 deberi
3615 838 3835 910 Respon-

2271 923 2416 976 soria
2450 925 2501 977 iu
2535 924 2792 979 honorem
2828 925 2885 980 S.
2915 925 3148 982 Baroliui
3169 969 3184 989 ,
3215 929 3373 999 primi
3415 928 3630 985 abbatis
3658 931 3834 986 Fossa-

2267 1015 2468 1078 tensis,
2499 1030 2618 1084 qui:
2642 1015 2770 1069 olim
2798 1016 2848 1070 in
2878 1018 3061 1071 ollieio
3090 1017 3210 1074 festi
3245 1019 3486 1090 ejusdem
3510 1025 3684 1076 sancti
3714 1025 3835 1092 apol

2265 1105 2568 1157 caenobitas
2597 1105 2714 1160 illos
2743 1106 3095 1179 canebantur.

580 1273 3200 1303 Mm

1243 1388 1596 1502 VITA
1712 1389 2228 1502 DOMINI
2328 1388 3149 1506 BURCHARDI

1809 1603 2255 1660 VENERABILIS
2291 1603 2570 1662 COMITIS
2587 1647 2603 1672 ,

1157 1759 1284 1838 Qui
1311 1759 1425 1822 sub
1465 1759 1716 1838 regibus
1746 1759 2014 1838 Hugone
2044 1758 2276 1838 Capeto
2309 1767 2363 1821 et
2403 1763 2534 1842 ejus
2561 1760 2695 1841 ﬁlio
2726 1761 3000 1824 Robe-rto
3029 1760 3287 1844 ﬂoruit,

1366 1924 1746 1989 AUCTORE
1780 1925 2058 1986 ODONE
2105 1924 2508 1987 MONACHO
2548 1925 3057 1992 FOSSATENSI.
3137 1953 3142 1956 ·

571 2090 747 2162 (Apud
778 2090 1073 2156 Duehesn.,
1105 2087 1302 2152 Script.
1334 2086 1460 2144 lter.
1492 2087 1715 2162 Frane._,
1755 2096 1885 2162 tom.
1911 2085 2027 2162 *ιν-ε
2068 2101 2190 2162 pag.
2219 2085 2341 2150 ll5.
2370 2101 2437 2162 es
2478 2087 2942 2162 editionelacobi
2977 2089 3140 2146 Brolii
3167 2130 3182 2156 ,
3212 2091 3462 2147 monachi
3498 2091 3560 2148 S.
3600 2091 3831 2152 Germani

1585 2161 1652 2212 de
1683 2157 1883 2222 I’ratis,
1909 2159 1961 2212 in
1995 2158 2371 2227 Supplemtnt.
2404 2159 2589 2229 Antiq.
2617 2158 2819 2230 Paris.)

2169 2316 2388 2330 ﬁ

1601 2438 2062 2528 INCIPIT
2156 2435 2818 2529 PROLOGUS.

645 2631 1023 2702 Rcligiosorum
1082 2641 1228 2702 gesta
1280 2630 1548 2696 virorum,
1605 2641 1708 2683 sua
1774 2629 1881 2683 Deo
1937 2627 2165 2697 ﬁdeliter
2196 2633 2238 2693 [ι
2265 2628 2672 2698 persecutionem
2698 2629 2992 2697 patiuntur,
3024 2628 3139 2698 jam
3173 2629 3313 2682 dicto
3343 2627 3456 2682 loco
3478 2631 3552 2683 ad
3598 2645 3829 2685 summa:

569 2723 920 2792 placentium,
978 2721 1244 2774 memoria:
1285 2720 1493 2774 tradere
1555 2731 1880 2790 posterorum
1947 2721 2164 2790 dignum

578 2815 690 2882 [an
715 2823 1051 2867 autumamus
1087 2823 1240 2884 atque
1261 2813 1635 2883 justissimum.
1671 2811 2164 2867 Pertranseuutibus

575 2907 712 2961 enim
763 2907 965 2976 generis
993 2905 1213 2959 lmmani
1257 2906 1533 2970 attatibus,
1587 2905 1830 2960 oblivioni
1880 2904 2164 2958 traduntur

571 3013 689 3066 qua!
708 3006 960 3066 geruntur
978 3013 1010 3048 a
1033 2995 1301 3064 ﬁdelibus,
1325 2998 1424 3050 nisi
1447 2995 1580 3064 forte
1602 2997 1872 3064 contigerit
1903 2993 2164 3065 aliquibus

574 3088 893 3142 membranis
920 3088 1146 3142 inserere
1191 3103 1309 3158 qua:
1345 3088 1409 3141 ab
1443 3089 1567 3158 ipsis
1588 3128 1603 3152 ,
1635 3089 1760 3141 dum
1807 3088 2010 3152 vivunt,
2042 3102 2161 3155 per-

570 3190 806 3250 aguntur
853 3179 1241 3242 honestissime.
1293 3179 1652 3234 Commonitus
1716 3181 1891 3251 itaque
1938 3180 2163 3235 Patrum

567 3270 804 3338 priorum
835 3269 1118 3339 exemplis,
1153 3271 1244 3340 qui
1287 3270 1352 3324 de
1381 3269 1559 3323 ntultis
1597 3271 1680 3324 sui
1719 3270 1965 3340 temporis
2005 3271 2163 3340 gestis

573 3357 807 3427 plurima
831 3357 978 3412 nobis
1008 3359 1263 3430 reliquere
1283 3399 1298 3424 ,
1329 3359 1558 3413 maxime
1601 3359 1737 3413 beati
1767 3357 2010 3430 Gregorii
2056 3358 2164 3412 Ro-

573 3466 749 3505 mana:
792 3451 936 3505 urbis
990 3451 1293 3522 apostolici,
1345 3453 1435 3522 qui
1475 3450 1539 3505 de
1575 3450 1814 3522 plurimis
1856 3462 2162 3506 sanctorum

570 3540 728 3612 gestis
752 3550 858 3596 tam
888 3542 943 3597 in
971 3542 1194 3612 Dialogo
1216 3560 1310 3596 suo
1348 3559 1506 3614 quam
1547 3545 1598 3596 in
1637 3541 1890 3597 Homeliis
1930 3544 2160 3608 disserit,

569 3630 752 3684 studui
783 3631 962 3702 aliqua
989 3633 1242 3701 fratribus
1286 3631 1620 3688 Fossatensis
1659 3632 1912 3689 Ecclesia:
1939 3637 2161 3705 perscri-

571 3724 722 3792 bere,
751 3725 979 3797 qualiter
1005 3726 1311 3782 venerabilis
1338 3744 1505 3782 comes
1531 3725 1901 3792 Burchardus,
1947 3728 2162 3798 ejusque

569 3812 716 3882 ﬁlius
732 3855 748 3882 ,
769 3815 962 3886 pra’sul
981 3815 1178 3870 scilicet
1203 3815 1542 3887 Ragenaldus
1558 3857 1574 3884 ,
1596 3828 1777 3871 saneto
1799 3816 1999 3887 Spiritu
2023 3835 2164 3872 com-

567 3918 841 3970 monente,
868 3907 1107 3962 eumdem
1145 3906 1318 3962 locum
1349 3909 1635 3963 honoribus
1659 3926 1720 3963 ac
1748 3910 2160 3978 possessionibus

2266 2719 2492 2774 miseria:
2521 2719 2876 2772 calamitatem
2902 2721 3170 2775 decidente
3189 2762 3204 2784 ,
3242 2733 3527 2792 antequam
3555 2723 3750 2794 penitus
3772 2724 3828 2775 ad

2267 2813 2372 2866 iuta
2407 2823 2640 2876 corruat,
2688 2829 2847 2882 cogor
2889 2815 3122 2868 nativum
3164 2815 3453 2885 relinquere
3503 2816 3706 2881 solum,
3740 2831 3825 2886 qua

2264 2901 2566 2972 pueriliter,
2602 2911 2656 2955 ut
2698 2899 2906 2956 Christo
2949 2903 3200 2973 placitum
3235 2903 3366 2972 fuit,
3411 2906 3668 2959 educatus
3707 2923 3822 2958 sunt.

2268 2991 2539 3047 Pressuris
2559 2993 2814 3064 siquidem
2836 2994 2923 3064 plu
2934 2997 3076 3048 rimis
3098 2995 3394 3050 stimulatus
3412 3037 3424 3059 ,
3456 2999 3822 3067 infestationam

2257 3083 2459 3153 jaculis
2480 3083 2840 3154 colaphizatus
2864 3095 3020 3155 atque
3042 3086 3256 3156 fugatus
3275 3126 3289 3151 ,
3309 3098 3514 3141 exteras
3540 3089 3686 3158 cupio
3705 3087 3826 3139 adire

2266 3175 2522 3240 nationes,
2554 3176 2835 3246 ignorans,
2865 3179 3001 3229 sicut
3043 3177 3168 3230 dicit
3198 3177 3478 3247 Apostolus
3520 3179 3588 3232 de
3616 3196 3692 3240 se,
3721 3177 3824 3247 quid

2265 3267 2394 3320 mihi
2424 3267 2660 3337 futurum
2708 3268 2797 3321 sit.
2835 3266 2975 3334 Nec,
3023 3270 3120 3322 hoc
3169 3269 3397 3338 agendo,
3446 3281 3601 3324 extra
3643 3270 3824 3323 Domini

2264 3367 2579 3428 prteceptum
2629 3359 2802 3427 facere
2850 3361 3182 3429 pertimesco,
3234 3361 3324 3430 qui
3370 3378 3493 3415 suos
3539 3359 3742 3430 ﬁdeles,
3775 3368 3818 3409 ut

2264 3450 2428 3502 vitare
2461 3449 2685 3503 valerent
2717 3450 2910 3503 rabiem
2953 3454 3402 3520 persequentium,
3445 3453 3510 3507 de
3556 3451 3818 3507 civitatein

2264 3541 2522 3594 civitatem
2568 3539 2750 3611 [agere
2784 3540 2953 3609 jubet.
3006 3539 3181 3611 Ipsius
3227 3553 3403 3596 tamen
3439 3559 3602 3614 posco
3651 3550 3818 3595 sancta

2264 3631 2638 3684 misericordia:
2659 3629 2983 3701 largitatem,
3008 3641 3062 3685 ut
3085 3632 3148 3685 ab
3170 3632 3396 3686 hostium
3431 3645 3541 3687 tam
3572 3631 3818 3689 visibilium

2261 3739 2418 3792 quam
2454 3721 2794 3776 invisibiliam
2837 3722 3053 3777 incursu
3098 3735 3328 3794 ereptum
3360 3725 3564 3794 jugiter
3606 3727 3820 3794 dignetur

2262 3825 2529 3886 protegere
2547 3856 2565 3882 ,
2592 3831 2744 3886 quem
2771 3816 2998 3884 pretioso
3028 3816 3110 3869 sui
3132 3816 3302 3870 sancti
3326 3819 3600 3886 sanguinis
3628 3817 3812 3869 redemit

2264 3925 2469 3961 cruore.
2505 3908 2794 3978 Antequam
2833 3924 2954 3977 ergo
2995 3908 3198 3961 itineris
3238 3925 3330 3961 seu
3360 3910 3663 3962 mutationis
3691 3923 3814 3959 assa-

569 3995 1016 4063 sublimaverunt,
1072 4008 1228 4069 atque
1288 4002 1651 4069 postmodum,
1706 3979 2230 4070 appropinquantec
2263 4017 2400 4053 mam
2442 3999 2702 4066 laborem,
2746 4001 2843 4054 hoc
2882 4001 3130 4070 scripturn
3170 4000 3290 4070 jam
3340 4001 3498 4053 dictre
3549 3996 3817 4053 Fossateasi

575 4084 710 4156 ﬁne,
736 4087 1002 4157 religionis
1028 4091 1234 4144 habitu.
1271 4088 1438 4156 Nam,
1474 4089 1591 4144 licet
1618 4089 1785 4143 multa
1815 4107 1996 4144 eorum
2032 4091 2156 4144 bene

573 4189 718 4246 gesta
761 4186 860 4234 hac
909 4191 1088 4234 nostra
1137 4191 1292 4234 (etate
1321 4181 1576 4236 oblivione
1610 4182 1714 4235 sint
1755 4181 1945 4245 deleta,
1986 4190 2184 4251 pauca’

573 4277 784 4334 tamen,
833 4285 952 4339 quia
987 4270 1160 4323 adhuc
1202 4271 1425 4339 perspici
1451 4281 1667 4341 possunt
1709 4281 1758 4324 et
1785 4287 1903 4341 qua:
1933 4271 1998 4324 ab
2039 4283 2158 4324 ante

571 4356 710 4410 natis
732 4359 994 4427 comperi,
1023 4359 1086 4411 ob
1111 4375 1291 4412 eorum
1321 4371 1625 4429 perpetuum
1661 4359 1963 4414 memoriale
1996 4377 2162 4412 reme-

569 4447 906 4513 morandum,
921 4447 1054 4517 stylo
1064 4465 1364 4513 percurrere
1374 4466 1646 4520 aggressus
1661 4466 1798 4503 sum.
1814 4450 1876 4504 At
1891 4453 2158 4520 quoniam,

568 4538 857 4592 secundum
917 4538 1125 4593 Domini
1171 4540 1401 4606 dictum,
1452 4540 1751 4594 abundante
1796 4540 2070 4611 iniquitate
2110 4551 2158 4595 et

571 4627 936 4694 refrigescente
976 4629 1484 4695 charitateromnes
1534 4630 1626 4699 qui
1652 4631 1736 4700 pie
1778 4629 1955 4686 volunt
1995 4632 2131 4686 river

2266 4071 2516 4146 Ecclesia:
2565 4091 2743 4144 studui
2789 4089 3111 4162 relinquere,
3165 4100 3221 4145 ut
3279 4090 3501 4161 fratres,
3565 4086 3814 4144 derotionis

2262 4193 2416 4252 atque
2437 4192 2633 4237 sancta:
2659 4182 2952 4237 dilectionis
2978 4199 3210 4238 amorem
3251 4184 3390 4236 circa
3415 4200 3496 4236 me
3527 4182 3809 4237 exhibentes.

2263 4274 2390 4326 dum
2409 4273 2552 4328 docti
2571 4274 2637 4328 ab
2658 4274 2867 4330 indocto
2888 4279 3207 4347 perceperint
3229 4277 3386 4332 verba
3407 4278 3570 4348 hujus
3583 4273 3810 4332 lectionis.

2264 4370 2368 4422 sint
2416 4384 2668 4424 memores
2716 4368 2917 4424 Odonis
2964 4373 3292 4440 peccatoris,
3343 4381 3603 4442 quatenus
3657 4379 3806 4422 eorum

2267 4460 2462 4513 sanctis
2485 4459 2724 4529 precibus
2757 4477 2959 4514 merear
2985 4470 3101 4530 post
3131 4471 3349 4515 mortem
3388 4461 3565 4515 carnis
3599 4454 3809 4518 caused-5

2264 4551 2498 4605 brat-ium
2523 4560 2732 4605 (eterna:
2757 4551 3050 4618 felicitatis.
3082 4552 3268 4606 Amen.

1874 4758 2165 4803 EXPLICIT
2203 4761 2551 4805 PROLOGUS.

1697 4971 2235 5085 INCIPIT
2309 4971 2698 5088 VITA.
2745 5151 2748 5153 _

2089 5203 2112 5216 σι
2179 5199 2222 5216 ﬁ
2253 5188 2370 5216 -..ιη
2398 5189 2538 5216 ηιιζοιιι

2571 5189 2784 5216 κιαι-ἷΑΑΣ
2831 5188 3066 5216 ιίααηλαιε-ε
3092 5189 3419 5216 ο-ΑἏΑΔ-..“
3461 5191 3594 5216 ..ρ-ε-
3620 5185 3797 5216 ...δ-⁸1⁸2.
