4020 5392
179 364 274 434 sto

1268 360 1275 365 ’
1351 370 1511 439 Vm
1552 381 1947 440 nuncnum
1984 383 2281 441 cout'rts.

3312 356 3415 447 sae

179 512 206 546 ει
228 491 454 556 cunctis,
485 478 762 564 honorque
789 493 1061 551 maximus
1090 495 1140 551 ei
1170 492 1238 551 ab
1268 495 1520 553 omnibus
1553 495 1727 552 Fran-
1759 498 1809 560 Α
1840 495 1993 565 tulit,
2046 507 2102 553 et
2128 512 2314 554 secum
2354 496 2684 572 cogitatione
2729 499 2923 566 tacita,
2957 502 3227 571 quomodo
3255 504 3359 561 hoc
3385 522 3415 560 a

177 602 348 641 corum
371 584 682 656 proceribus
713 587 1146 657 impendebatur.
1180 587 1491 645 ilouoratur
1517 606 1735 662 quoque

180 679 240 733 ab
268 678 457 750 inclyto
488 694 641 751 rege,
676 697 916 752 auroque
936 690 991 737 et
1014 695 1271 755 argento,
1300 684 1498 740 castris
1517 699 1736 756 quoque

180 789 234 826 ac
261 773 685 842 possessionibus
734 773 919 830 multis
960 776 1195 840 dilator.
1244 777 1522 849 ipsiusque
1551 780 1734 835 consi-

181 866 350 920 liarius
388 863 737 921 ﬁdelissimus
772 867 1033 923 eflicilur.
1060 869 1298 944 Contigit
1329 872 1512 943 itaque
1546 872 1733 928 iisdem

183 956 530 1026 temporibus,
562 957 655 1014 Dei
684 958 1006 1031 disponente
1024 962 1260 1034 judicio.
1291 974 1350 1019 nt
1390 981 1573 1021 comes
1600 963 1735 1021 Cor-

181 1048 293 1103 boili
319 1048 512 1112 castri,
551 1051 767 1105 nomine
807 1050 1041 1123 llaymo,
1084 1055 1151 1109 ad
1191 1054 1376 1110 limina
1424 1066 1736 1113 sanctorum

179 1139 522 1209 apostolorth
558 1140 701 1197 Petri
734 1151 789 1197 et
819 1143 970 1199 Pauli
1003 1147 1267 1202 orationis
1304 1149 1475 1219 gratia
1507 1149 1738 1205 Romam

178 1236 437 1299 pergeret,
470 1228 779 1300 ibidemque
812 1232 864 1288 in
889 1233 1083 1288 eodem
1128 1235 1328 1290 itinere
1369 1236 1527 1291 bilem
1573 1238 1739 1310 hujus

178 1318 286 1372 vita:
312 1319 605 1388 acciperet.
637 1320 756 1389 Quo
796 1320 1086 1390 defuncto,
1137 1327 1463 1380 admonetur
1506 1337 1741 1384 strenuce

177 1410 444 1478 iuventutis
474 1411 583 1465 tiro
613 1410 955 1469 Burchardus
996 1422 1107 1470 tam
1136 1430 1167 1470 a
1199 1431 1323 1487 rege
1344 1432 1505 1487 quam
1528 1421 1741 1476 cmteris

174 1499 481 1555 Francorttm
500 1502 849 1572 primoribus,
861 1513 921 1559 ut
931 1505 1170 1576 praedicti
1184 1507 1627 1565 comitisuxorem
1642 1511 1744 1569 sibi

174 1588 397 1662 coningio
411 1591 712 1661 copularet.
740 1593 834 1650 ille
858 1611 1002 1663 vero,
1021 1612 1182 1667 quem
1198 1595 1309 1667 jam
1327 1597 1629 1670 iuventutis
1649 1617 1745 1657 seu

174 1689 357 1737 natura:
385 1683 639 1740 humana:
668 1689 963 1746 necessitas
992 1691 1115 1746 talia
1148 1691 1325 1748 facere
1343 1695 1592 1767 cogebat,
1616 1711 1749 1771 pne-

173 1775 323 1844 ceptis
336 1775 609 1847 regalibus
621 1777 852 1836 libenter
866 1783 1062 1852 paruit.
1081 1782 1247 1839 Datur
1266 1801 1397 1857 ergo
1414 1788 1554 1841 dono
1572 1787 1739 1860 regali

1837 593 2147 650 sanctuario
2200 591 2295 648 Dei
2353 593 2630 664 prohiberi
2677 604 2895 664 posset,
2944 594 3130 652 sedule
3188 597 3417 654 medita-

1836 690 2015 744 batur.
2057 686 2322 745 Omnibus
2363 702 2495 759 ergo
2525 687 2914 754 inscientibus,
2960 687 3155 745 abbate
3202 704 3420 761 quoque

1838 782 2155 853 ignorante,
2196 778 2509 850 religiosum
2553 778 2688 834 adiit
2732 779 3018 843 comitem,
3056 789 3305 835 cunctam
3335 780 3419 835 sul

1837 872 2019 930 cordis
2056 872 2105 929 ei
2131 872 2372 944 pandens
2402 869 2732 926 voluntatem
2752 911 2768 937 ,
2799 886 2864 925 ac
2895 869 3144 926 omnibus
3172 885 3296 926 eum
3319 886 3418 927 ex-

1838 980 2002 1020 orans
2025 963 2297 1034 precibus,
2316 972 2373 1017 ut
2391 961 2568 1019 locum
2592 963 2767 1033 ipsum
2791 978 2999 1018 memor
3019 977 3131 1018 sum
3150 962 3345 1018 animae
3362 961 3419 1018 in

1841 1055 2124 1128 pristinum
2165 1064 2367 1111 statum
2411 1056 2699 1111 restituere
2743 1055 3076 1127 dignaretur.
3109 1054 3179 1110 At
3207 1069 3418 1111 memo-

1842 1156 1991 1205 ratus
2022 1162 2239 1213 comes,
2274 1146 2399 1201 talia
2450 1155 2631 1203 mente
2662 1155 3030 1218 pertractans,
3064 1144 3334 1216 promittit
3362 1158 3423 1201 se

1840 1237 1957 1307 ejus
1980 1239 2231 1308 precibus
2252 1254 2533 1294 assensum
2548 1239 2925 1310 prmbiturum.
2945 1237 3224 1295 Accedens
3238 1237 3421 1306 itaque

1844 1330 1911 1384 ad
1945 1329 2087 1402 regis
2126 1329 2502 1400 praesentiam,
2538 1327 2729 1382 humili
2763 1335 2945 1383 mente
2993 1342 3057 1381 ac.
3102 1342 3234 1383 voce
3258 1325 3422 1395 etrapit

1845 1419 2027 1475 dicere
2052 1438 2064 1474 :
2094 1439 2111 1471 ι
2140 1418 2327 1485 Licet,
2352 1433 2447 1474 rex
2473 1416 2805 1472 Francorum
2828 1417 3089 1488 gloriose,
3115 1425 3207 1471 tua
3228 1416 3427 1488 regali:

1847 1511 2101 1582 Maiestas
2147 1526 2258 1581 pra:
2291 1509 2507 1565 caeteris
2533 1508 2669 1564 aula:
2712 1517 2817 1564 tuae
2843 1507 3087 1563 effecerit
3114 1523 3200 1563 me
3230 1508 3427 1562 castris

1847 1619 1909 1657 ac
1942 1602 2125 1657 multis
2153 1601 2451 1656 honoribus
2480 1600 2712 1655 terrenis
2739 1599 3013 1664 ditiorem,
3049 1613 3214 1653 unum
3246 1607 3425 1653 tamen

1848 1693 2021 1749 adhuc
2067 1692 2291 1764 requiro
2322 1701 2426 1745 tua:
2454 1690 2770 1762 benignitati
2791 1731 2807 1756 ,
2844 1689 2987 1760 quod
3023 1703 3091 1744 ne
3115 1687 3425 1760 prohibeas,

1848 1800 2013 1855 super
2048 1782 2259 1838 cunctis
2283 1782 2595 1853 precatibus
2625 1795 2712 1836 me
2754 1780 3047 1851 deposcere
3077 1792 3361 1850 agnoscas.
3399 1795 3422 1831 ι

175 1864 219 1919 ei
234 1867 475 1938 uxoriam
498 1868 628 1924 dicti
644 1847 1170 1944 comitisilaimonis,
1188 1847 1462 1933 Elisabeth
1478 1847 1732 1946 vocitata,
1767 1847 1813 1907 Β
1839 1847 2104 1947 ΔιΙήιιοηι
2132 1890 2228 1931 rex
2267 1847 2329 1930 ς’(
2361 1872 2530 1943 Quid,
2558 1872 2766 1942 inquit,
2794 1847 2924 1926 illud
2950 1879 3058 1936 est,
3083 1847 3430 1934 charissima,

177 1955 321 2013 nobili
366 1962 631 2031 progenie
674 1972 730 2019 et
774 1964 889 2034 ipsa
944 1976 1162 2034 exorta;
1224 1969 1739 2043 conjunguttturque
1838 1967 1979 2037 quod
2004 1965 2174 2020 tibiin
2200 1977 2567 2036 regnonostro
2588 1966 2755 2036 possit
2777 1958 3144 2036 negarihCui
3167 1976 3433 2018 veneran—

177 2060 280 2107 toro
300 2053 517 2123 nuptiali
537 2095 555 2120 ,
579 2064 666 2121 ut,
692 2057 983 2114 secundum
1011 2060 1221 2116 Domini
1245 2062 1532 2135 imperium
1551 2107 1567 2131 ,
1589 2064 1741 2138 prole
1839 2059 1937 2113 dus
1962 2072 2181 2113 comes:
2218 2076 2236 2109 ς
2273 2056 2389 2111 Non
2414 2055 2568 2111 valde
2591 2054 2926 2125 multumque
2943 2053 3124 2126 larga,
3147 2052 3241 2109 sed
3262 2060 3431 2123 parva

177 2140 466 2197 dulcissima
506 2147 855 2215 postmodum
896 2147 1228 2206 laetarentur.
1285 2151 1343 2209 In
1389 2169 1496 2225 quo
1535 2152 1741 2224 copulae

177 2233 395 2288 thalamo
442 2235 601 2292 dedit
637 2237 791 2310 llugo
835 2255 928 2296 rex
975 2241 1075 2297 sibi
1119 2241 1264 2298 ﬁdeli
1296 2245 1453 2300 militi
1485 2243 1737 2301 Castrum

178 2323 502 2391 Miliduuum,
542 2337 709 2399 atque
732 2331 847 2402 jam
887 2332 1090 2388 dictmn
1128 2332 1440 2390 Corboilum
1463 2376 1477 2401 ,
1515 2337 1742 2393 comita-

178 2424 380 2486 tumque
408 2415 704 2473 Parisiacae
743 2420 923 2483 urbis;
968 2421 1258 2492 taliterque
1313 2440 1498 2480 comes
1544 2424 1741 2497 regalis

176 2501 405 2561 efficitur.
431 2506 811 2580 Susceptoque
839 2512 1043 2567 honore
1068 2514 1383 2584 temporali,
1408 2516 1745 2587 gubernabat

178 2598 268 2653 sibi
297 2602 645 2658 commissam
679 2602 938 2659 familiam
976 2608 1267 2663 secundum
1310 2609 1522 2664 Domini
1553 2609 1746 2664 Volun-

180 2696 346 2745 tatem.
374 2692 506 2748 Erat
540 2694 687 2749 enim
732 2695 906 2750 ﬁdelis
939 2696 1195 2753 defensor
1231 2699 1584 2756 ecclesiarum
1624 2718 1744 2772 qua:

178 2783 264 2837 sub
285 2783 507 2855 imperio
546 2786 700 2858 regni
736 2786 1071 2845 Francorum
1109 2790 1487 2857 habebantur,
1519 2791 1746 2862 largitor

178 2873 630 2948 cleemosynarum
651 2918 667 2943 ,
695 2880 1005 2936 consolator
1035 2881 1358 2938 miserorum
1387 2924 1402 2944 ,
1433 2882 1747 2938 sublevatur

180 2966 430 3035 piissimus
452 2973 877 3038 monachorum,
895 2973 1237 3039 clericorum,
1253 2975 1537 3031 viduarum
1554 2978 1749 3048 ,jatque

180 3058 427 3129 virginum
449 3061 506 3117 in
534 3064 805 3119 ctenobiis
834 3064 947 3120 Deo
977 3066 1344 3122 militantium.

1842 2150 2052 2205 videtur
2086 2163 2172 2203 res
2198 2163 2319 2203 esse
2345 2162 2506 2217 quam
2555 2146 2793 2216 requiro.
2836 2144 2947 2202 Oro
2974 2158 3210 2214 namque
3243 2150 3305 2198 ut
3343 2155 3433 2199 eeo

1841 2240 2062 2298 clesiam
2086 2240 2429 2296 Fossatensis
2452 2237 2684 2293 coenobii
2703 2278 2718 2301 ,
2744 2252 2864 2307 qua:
2896 2234 3061 2308 regali
3087 2231 3306 2290 subdita
3346 2237 3433 2288 est

1843 2332 2114 2398 dominio,
2150 2341 2438 2402 vesterque
2468 2328 2631 2384 liscus
2659 2327 2778 2383 fore
2824 2327 3068 2393 videtur,
3098 2324 3231 2380 mihi
3261 2322 3433 2380 servi-

1845 2427 1975 2482 tutis
2014 2434 2206 2480 vestra:
2235 2423 2513 2494 obsequiis
2540 2421 2752 2495 parenti
2781 2430 2871 2477 tua
2895 2419 3153 2492 praecelsa
3176 2418 3434 2490 maiestas

1844 2518 2145 2572 concedere
2170 2515 2446 2588 dignetur.
2485 2534 2503 2569 ι
2546 2512 2644 2569 Cui
2677 2530 2771 2569 rex
2804 2514 2921 2568 ait:
2963 2532 2982 2566 ι
3019 2513 3154 2568 Cum
3181 2510 3436 2567 omnibus

1846 2619 2054 2666 constet
2085 2610 2544 2680 praedecessorum
2574 2615 2884 2662 nostrorum
2908 2605 3247 2675 temporibus
3274 2617 3431 2675 rega-

1847 2701 1949 2756 lem
1995 2716 2211 2771 semper
2252 2699 2419 2754 fuisse
2468 2698 2774 2765 abbatiam,
2822 2695 3092 2768 quomodo
3123 2694 3269 2750 valet
3304 2692 3426 2750 ﬁeri

1848 2803 1954 2847 uta
1981 2802 2166 2847 nostra
2195 2791 2359 2859 regali
2391 2798 2657 2861 potestate
2685 2789 3012 2859 separetur?
3045 2785 3103 2842 Si
3140 2787 3288 2841 enim
3327 2784 3434 2841 hoc

1846 2903 1877 2942 a
1907 2886 2061 2942 nobis
2087 2885 2288 2940 factum
2310 2884 2473 2939 fuerit
2489 2925 2503 2951 ,
2529 2882 2671 2938 forte
2695 2892 2818 2953 post
2840 2883 2915 2938 tui
2935 2881 3184 2952 corporis
3201 2879 3436 2945 obitum,

1848 2976 2124 3033 haeredqu
2148 2976 2264 3032 sive
2291 2990 2667 3031 successorum
2689 2983 2906 3029 tuorum
2930 2971 3186 3043 nequitiis
3212 2969 3440 3026 subver-

1850 3064 2026 3133 tetur,
2077 3075 2241 3137 atque
2313 3075 2439 3122 tunc
2505 3065 2881 3135 culpabimnr,
2937 3063 3438 3132 dett-intentumque

237 3145 365 3203 Cum
391 3148 562 3221 igitur
594 3151 675 3208 bis
699 3162 753 3207 et
779 3151 901 3209 aliis
932 3153 1119 3210 multis
1142 3155 1370 3212 Domino
1393 3157 1607 3228 placere
1632 3167 1746 3213 stu-
1772 3192 1820 3255 Ο
1851 3156 2045 3211 aninmo
2069 3154 2341 3226 patiemur
2365 3196 2380 3219 ,
2407 3169 2529 3209 cum
2574 3152 2754 3208 nullus
2786 3150 3015 3221 justitize
3044 3151 3209 3207 fuerit
3251 3149 3435 3213 locus.

178 3236 313 3293 deret
332 3239 657 3308 virtutibus,
691 3251 875 3313 utpote
900 3245 985 3299 vir
1009 3245 1254 3301 saaculari
1281 3246 1488 3303 militia:
1510 3248 1743 3316 deditus,

180 3337 323 3400 atque
341 3331 393 3386 in
416 3333 635 3389 cunctis
656 3335 840 3389 mundi
863 3336 1092 3406 negotiis
1114 3336 1410 3408 implicitus
1424 3380 1437 3401 ,
1458 3337 1575 3408 ejus
1598 3354 1751 3395 mens

179 3420 297 3494 llegi
322 3441 507 3496 regum
543 3425 782 3483 ﬁdeliter
815 3428 1008 3484 devota
1056 3433 1259 3487 mundo
1311 3432 1534 3487 minime
1579 3432 1748 3488 celari

178 3515 351 3582 potuit.
380 3516 499 3573 Non
534 3517 682 3573 enim
714 3519 933 3589 dignum
965 3529 1084 3575 erat
1109 3529 1168 3576 ut
1193 3520 1413 3577 lucerna
1441 3522 1543 3578 sub
1568 3522 1751 3578 modio

179 3606 340 3672 posita
386 3608 595 3664 diutius
619 3609 813 3666 lateret
838 3610 893 3665 in
934 3611 1203 3679 tenebris,
1234 3613 1329 3668 sed
1359 3628 1522 3684 super
1550 3613 1752 3670 cande-

179 3696 370 3754 labrum
408 3707 734 3772 poneretur,
772 3709 832 3756 ut
853 3700 1033 3757 lumen
1063 3701 1297 3758 lucernae
1332 3703 1481 3760 clare
1508 3703 1752 3760 ardentis

182 3792 413 3848 omnibus
460 3795 518 3847 in
560 3793 747 3849 limine
798 3804 1002 3850 sanctae
1044 3793 1301 3851 Ecclesiae
1350 3796 1752 3870 introeuntibus

180 3891 487 3950 patesceret.
539 3883 811 3955 Tempore
860 3899 990 3955 ergo
1047 3882 1160 3955 jam
1214 3885 1343 3941 dicti
1411 3886 1750 3942 Francorum

182 3974 312 4043 regis
344 3975 620 4047 Hugonis,
668 3976 899 4032 ecclesia
944 3976 1289 4033 Fussalensis
1333 3977 1601 4043 etenohii,
1633 3993 1754 4048 qua:

182 4062 299 4119 olim
323 4065 390 4121 ab
414 4066 659 4137 antiquis
691 4068 910 4139 regibus
936 4067 1190 4122 nobiliter
1216 4067 1396 4123 fuerat
1427 4067 1716 4123 sublimata
1735 4109 1751 4135 ,

181 4168 280 4220 prae
303 4159 517 4213 cteteris
543 4167 668 4212 erat
699 4158 953 4221 confusa,
987 4169 1149 4228 atque
1190 4159 1338 4212 omni
1372 4158 1622 4213 humanae
1660 4174 1756 4214 ne-

192 4247 531 4304 cessitudinis
560 4249 763 4304 auxilio
791 4249 1071 4306 destituta.
1102 4248 1214 4306 Hoc
1252 4259 1435 4305 autem
1482 4251 1757 4307 acciderat

185 4341 364 4407 partim
404 4341 633 4413 iustitiae
674 4342 933 4412 penuria,
977 4342 1174 4411 partim
1216 4356 1431 4413 quoque
1478 4352 1754 4399 rectorum

185 4428 514 4501 negligentia.
546 4432 740 4487 Iisdem
779 4446 1016 4502 namque
1042 4433 1232 4488 diebus
1275 4430 1638 4503 Magenardus
1667 4433 1757 4488 vir

1855 3248 2216 3317 fratribusque
2268 3247 2321 3301 in
2373 3261 2439 3302 eo
2492 3245 2810 3317 degentibus
2855 3243 3126 3299 infinitum
3177 3240 3440 3299 acciderit

1853 3340 2262 3394 detrimentum.
2300 3357 2319 3392 ι
2345 3337 2427 3393 Ad
2454 3338 2569 3393 [nec
2591 3350 2776 3392 comes
2817 3349 3137 3407 responsum
3164 3330 3436 3389 reddidit:

1859 3445 1877 3481 ι
1917 3428 2048 3481 Dum
2080 3427 2302 3482 minime
2345 3442 2488 3483 nunc
2517 3427 2811 3499 impetrare
2854 3426 3009 3482 valeo
3039 3435 3098 3480 ut
3144 3424 3277 3481 mihi
3314 3436 3439 3496 per-

1853 3519 2053 3592 petuali
2083 3519 2417 3575 concedatur
2441 3520 2584 3575 dono
2604 3560 2621 3587 ,
2650 3519 2842 3576 saltem
2889 3520 2991 3575 hoc
3023 3516 3295 3574 tribuatur
3341 3524 3429 3580 ut,

1853 3612 2247 3667 emendationis
2269 3627 2329 3665 ac
2354 3611 2770 3667 restaurationis
2793 3611 2966 3683 gratia
2982 3649 2999 3677 ,
3031 3624 3194 3665 causa
3223 3622 3439 3679 quoque

1854 3705 2044 3761 Salutis
2079 3713 2389 3760 nostrarum
2422 3704 2757 3768 animarum,
2790 3704 2891 3758 hoc
2924 3701 3205 3773 petitionis
3236 3699 3438 3756 donum

1854 3796 2133 3867 suscipere
2154 3809 2387 3850 merear.
2421 3791 2585 3847 Valde
2610 3793 2809 3864 quippe
2835 3792 3078 3847 delector
3102 3800 3211 3845 tam
3235 3788 3439 3860 pretio-

1855 3902 1972 3940 sum
2006 3887 2183 3939 locum
2236 3883 2304 3938 ad
2352 3882 2749 3937 emendandum
2791 3882 3099 3953 suscipere,
3149 3887 3441 3950 vestroque

1856 3975 2105 4031 suli’ultus
2151 3974 2384 4040 auxilio,
2418 3971 2717 4029 honoribus
2748 3987 2814 4027 ac
2850 3970 3283 4042 possessionibus
3329 3967 3442 4040 plu-

1858 4070 2010 4124 rimis
2029 4109 2044 4133 ,
2074 4068 2120 4123 si
2144 4067 2256 4121 vita
2282 4067 2392 4120 Deo
2430 4063 2663 4136 propitio
2688 4077 2875 4118 comes
2905 4061 3098 4125 fuerit,
3143 4059 3442 4117 sublimare

1857 4160 2021 4229 atque
2051 4157 2103 4212 in
2131 4156 2420 4227 pristinum
2450 4161 2651 4209 statum
2679 4153 2911 4224 erigere.
2946 4151 3191 4207 Salutem
3221 4163 3441 4222 quoque

1861 4266 1994 4306 meas
2014 4251 2208 4305 animae
2224 4289 2240 4312 ,
2272 4256 2436 4319 atque
2460 4244 2728 4302 scelerum
2749 4254 2805 4301 et
2824 4253 3172 4315 peccatorum
3195 4256 3441 4298 meorum

1860 4339 2274 4397 diminutionem
2316 4337 2788 4409 eleemosynarum
2819 4335 3106 4407 largitione
3132 4348 3229 4406 per
3259 4335 3437 4405 ipsum

1861 4434 2035 4490 locum
2054 4474 2069 4499 ,
2098 4431 2209 4487 Deo
2228 4439 2503 4487 annuente
2518 4470 2535 4496 ,
2564 4442 2725 4501 spero
2746 4427 3025 4498 consequi.
3047 4426 3113 4482 Et
3137 4435 3260 4499 post
3283 4424 3443 4496 huius

185 4522 395 4589 nobilis,
423 4524 725 4580 secundum
750 4524 909 4595 hujus
939 4525 1124 4580 caduci
1158 4526 1341 4581 szeculi
1366 4527 1625 4583 honorem
1658 4544 1755 4583 no-
1784 4533 1832 4593 ι)
1860 4525 2051 4583 caduci
2111 4523 2294 4580 saeculi
2355 4525 2644 4580 decursum
2667 4563 2684 4589 ,
2745 4520 2957 4591 fragilia
3030 4521 3135 4577 mei
3190 4519 3436 4590 corporis

186 4609 351 4670 billter
386 4626 586 4682 natus,
627 4618 873 4673 eamdem
916 4619 1254 4689 gubernabat
1292 4621 1606 4677 ecclesiam.
1649 4623 1753 4690 Qui

189 4718 281 4759 non
305 4708 460 4783 juxta
487 4708 661 4779 patris
688 4707 966 4764 Benedicti
994 4710 1275 4779 imperium
1297 4725 1465 4780 agens
1484 4752 1500 4775 ,
1547 4712 1751 4767 seaculo

191 4793 328 4850 Valde
375 4799 621 4861 deditus,
663 4799 967 4853 animarum
1021 4816 1085 4854 ac
1131 4814 1422 4871 corporum
1470 4802 1752 4857 commoda

189 4891 550 4957 postponebat.
577 4888 957 4946 Delectabatur
985 4893 1127 4947 enim
1154 4909 1349 4948 canum
1374 4903 1535 4964 atque
1558 4895 1758 4951 bestia-

192 4990 296 5031 rum
338 4980 724 5035 venationibus
794 4981 1084 5050 aviumqne
1156 4983 1444 5038 volatibus.
1511 4983 1757 5053 Dumque

191 5065 370 5123 alicubi
416 5070 672 5126 voluntas
716 5072 971 5142 pergendi
1001 5074 1246 5137 adesset,
1278 5071 1539 5142 depositis
1571 5088 1758 5128 mona-

1859 4617 2102 4672 membra
2132 4614 2255 4670 volo
2282 4613 2483 4671 ibidem
2513 4612 2793 4668 tumulari.
2827 4631 2845 4666 ι
2875 4610 3118 4668 Cernens
3142 4611 3323 4680 itaque
3345 4623 3441 4664 rex

1858 4724 1921 4763 ex
1951 4709 2048 4763 Dei
2076 4706 2355 4763 voluntate
2384 4721 2506 4762 esse
2533 4706 2677 4776 quod
2708 4720 2739 4758 a
2769 4711 2923 4759 tanto
2946 4702 3270 4773 poscebatur
3291 4700 3441 4764 viro,

1856 4813 2019 4857 causa
2045 4797 2445 4853 emendationis
2489 4811 2553 4850 ac
2593 4793 3001 4857 benefaciendi,
3046 4792 3189 4847 sicut
3231 4787 3448 4861 pollice-

1858 4888 2049 4955 batur,
2076 4887 2195 4958 ejus
2227 4886 2581 4958 providentize
2621 4884 2896 4938 commisit
2939 4892 2997 4937 ut
3038 4881 3350 4938 sublevatur
3377 4879 3447 4935 li-

1859 4981 1994 5037 delis
2025 4988 2190 5049 atque
2218 4978 2475 5034 defensor
2502 4975 2673 5046 ipsius
2700 4974 2945 5029 ecclesiae
2979 4974 3238 5028 adversus
3263 4970 3452 5029 hostes

1860 5071 2129 5143 malignos
2177 5078 2564 5139 terrarumque
2626 5064 2911 5122 iuvasores
2958 5065 3240 5120 existeret.
3291 5061 3450 5132 Quod
