4020 5392
559 318 662 375 83!

1660 326 1908 421 ODQMS
1943 329 2409 388 FDSSATENSIS
2445 328 2759 390 ΜΟΝΜΣῘΠ

2506 200 2531 207 -ς

3722 332 3825 389 8εὲ

558 447 685 487 nem
716 433 1088 504 adventusque
1115 435 1233 506 ejus
1256 435 1321 491 ad
1344 453 1468 492 eum
1494 452 1716 494 causam
1744 455 1775 494 a
1794 449 1903 495 tam
1928 440 2144 515 longin-
2172 453 2215 504 Α
2251 442 2460 512 cipens,
2500 442 2826 499 adhortante
2856 453 2982 496 eum
3017 440 3218 495 comite
3242 435 3571 501 Burchardo,
3600 444 3823 498 contulit

558 539 665 592 qua
700 523 891 595 patria,
918 524 1194 595 inquirere
1240 526 1471 582 studuit.
1510 527 1608 583 Cui
1640 543 1867 585 comes:
1905 549 1924 583 ι
1971 531 2141 587 Labo-

562 628 676 668 rem
702 613 835 669 tanti
860 613 1103 689 itineris
1141 628 1451 683 assumens,
1494 632 1600 672 non
1627 632 1791 674 causa
1819 619 2056 675 levitatis
2079 621 2148 676 ad

552 719 609 764 te
637 705 857 762 venisse
895 700 1225 764 credendum
1250 718 1361 764 est.
1386 708 1626 780 Supplex
1666 726 1900 780 namque
1928 713 2148 782 requiro

549 808 607 875 ut
636 797 919 868 petitionis
945 813 1079 854 mea:
1111 800 1276 855 verba
1304 799 1594 869 suscipias,
1633 813 1704 856 ne
1744 801 2017 871 ptenitens
2059 801 2145 856 in-

550 889 782 956 veniar,
835 898 945 946 tam
997 889 1162 962 longo
1209 890 1407 947 itinere
1448 890 1733 963 fatigatus,
1785 901 1893 947 tam
1936 891 2148 964 longin-

551 996 724 1050 quam
757 981 936 1038 adisse
961 981 1217 1053 patriam.
1244 981 1445 1038 Locum
1496 983 1761 1054 siquidem
1808 982 2152 1039 Fossatensis

552 1072 807 1147 ecclesia:
841 1088 1014 1143 nuper
1057 1087 1088 1127 a
1136 1073 1336 1130 domno
1377 1073 1602 1146 llugone
1649 1074 1982 1130 Francorum
2020 1088 2156 1145 rege

553 1166 961 1225 craeitdationis
1009 1169 1183 1239 gratia
1219 1166 1451 1238 suscepi.
1494 1182 1655 1240 quem
1704 1168 1940 1239 deposco
1964 1176 2149 1223 vestro

557 1261 847 1318 emendari
871 1276 936 1318 ae
959 1261 1236 1317 sublimari
1268 1262 1541 1333 praesidio,
1575 1271 1845 1333 quatenus
1891 1259 1951 1316 S.
1977 1261 2149 1316 Bene-

569 1352 701 1409 dicti
737 1352 1010 1409 institutio
1049 1352 1247 1408 ibidem
1280 1352 1533 1424 religiose
1562 1362 1840 1408 servetur.
1857 1350 1974 1407 Non
2001 1351 2147 1407 enim

566 1444 799 1518 alicujus
823 1445 1083 1500 auxilium
1112 1446 1393 1516 requirere
1428 1446 1636 1511 studui,
1664 1445 1766 1501 nisi
1789 1455 1959 1507 tuum,
1985 1459 2152 1515 quem

563 1537 679 1595 Deo
704 1537 923 1608 placere
942 1538 1207 1609 comperi.
1236 1558 1255 1592 ι
1289 1537 1386 1594 Cui
1407 1547 1564 1610 pater
1589 1537 1818 1594 Maiolus
1846 1538 2151 1601 admirans,

560 1629 878 1700 respondit:
917 1649 936 1682 ι
972 1628 1107 1685 Cum
1147 1629 1317 1685 multa
1365 1629 1697 1686 monasteria
1742 1631 1796 1685 in
1838 1640 2024 1685 vestro
2054 1627 2151 1683 ha-

558 1718 795 1774 beantur
824 1733 1013 1791 regno,
1052 1735 1153 1776 cur
1175 1719 1376 1777 abillis
1414 1735 1523 1777 non
1550 1719 1799 1790 accipitis
1820 1719 1963 1790 quod
1992 1735 2021 1773 a
2056 1734 2151 1773 nn-

2248 532 2492 589 ecelesia:
2518 531 2827 588 Fossatensi
2873 528 3054 585 villam
3097 542 3218 599 qua:
3257 529 3454 584 dicitur
3502 530 3824 597 Mansiours,

2247 638 2369 678 eum
2398 624 2665 688 ecclesiis,
2692 632 2748 678 et
2775 637 2898 677 eum
2926 621 3139 676 cunctis
3166 620 3267 675 sibi
3297 621 3645 691 adjacentiis.
3674 625 3823 679 sitam

2248 714 2302 768 in
2326 713 2600 780 Parisiaco
2624 714 2764 768 inter
2792 711 3099 782 Sequanam
3123 718 3180 765 et
3202 710 3527 777 Matronam,
3555 712 3702 767 sicut
3723 713 3826 783 ipse

2248 818 2375 858 eant
2400 802 2710 874 regalijure
2742 802 2944 858 habere
2973 800 3277 857 videbatur.
3307 800 3478 856 Facto
3519 802 3709 871 itaque
3757 814 3827 858 tc-

2248 905 2520 951 stamento
2565 904 3029 967 monogrammate
3056 894 3320 958 firmatur,
3343 903 3398 949 et
3423 894 3476 948 in
3507 910 3576 950 eo
3600 895 3832 965 sigillum

2248 987 2448 1058 regalis
2488 986 2792 1056 majestatis
2817 1003 2848 1042 ιι
2882 986 3193 1057 Bagenahlo
3218 985 3549 1041 cancellario
3587 974 3723 1045 lilio.
3747 1002 3837 1040 co-t

2248 1080 2423 1145 mitis,
2450 1088 2639 1150 postea
2682 1078 3021 1153 Parisiorum
3071 1070 3323 1149 praesule,
3356 1070 3663 1150 imponitur
3701 1093 3838 1134 anno

2248 1172 2518 1228 incarnati
2550 1170 2714 1228 Verbi
2753 1170 2878 1237 988,
2911 1171 3013 1227 sub
3041 1170 3127 1226 die
3170 1186 3246 1225 xu
3289 1170 3518 1225 Kalend.
3548 1167 3830 1232 Juliarom,

2249 1274 2619 1335 perpetuoque
2657 1264 2712 1319 in
2756 1262 2947 1320 eodem
2989 1263 3320 1323 monasterio
3353 1270 3735 1317 conservatur.
3761 1260 3833 1318 0b

2251 1354 2354 1409 hoc
2380 1355 2543 1409 etiam
2580 1353 2695 1410 dies
2715 1353 2895 1409 obitus
2918 1352 3087 1422 ipsius
3120 1352 3262 1424 regis
3290 1368 3343 1405 ix
3374 1351 3492 1406 Kal.
3516 1339 3839 1405 Novembris

2251 1459 2423 1514 usque
2445 1443 2607 1498 hodie
2629 1444 2684 1498 in
2702 1443 2821 1514 ipso
2841 1442 3174 1499 monasterio
3184 1439 3839 1499 solemnitereelcbratur.

2251 1530 2347 1589 His
2394 1534 2559 1606 igitur
2600 1533 2675 1589 ita
2716 1533 2972 1604 peractis,
3030 1539 3251 1589 sanctus
3293 1532 3454 1587 Pater
3496 1531 3734 1588 Maiolus
3773 1532 3837 1587 ad

2249 1626 2471 1698 propria
2500 1626 2714 1696 regredi
2737 1624 3098 1682 aceelerabat.
3123 1624 3482 1680 Committens
3505 1640 3647 1696 ergo
3671 1623 3842 1681 locum

2251 1721 2467 1776 cuidam
2518 1719 2774 1791 religioso
2823 1719 2961 1783 viro,
3013 1717 3234 1774 nomine
3277 1716 3529 1779 Teutoni,
3586 1732 3751 1788 quem
3781 1717 3839 1770 de

559 1808 647 1865 bis
670 1808 992 1879 requiritis?
1024 1809 1192 1865 Valde
1216 1811 1360 1866 enim
1398 1810 1731 1867 laboriosum
1763 1811 1922 1866 nobis
1949 1820 2032 1867 est
2054 1826 2150 1866 ex-
2179 1790 2228 1849 Β
2252 1808 2510 1867 Cluniaco
2556 1790 2744 1866 secum
2790 1825 2913 1867 cum
2955 1808 3168 1865 caeteris
3201 1807 3518 1874 adduxerat,
3556 1807 3678 1884 ipse
3712 1808 3840 1867 unde

562 1909 712 1958 teras
735 1912 898 1973 atque
925 1902 1229 1977 incognitas
1257 1902 1408 1959 adire
1440 1904 1711 1974 regiones,
1745 1915 2040 1975 nostraque
2067 1919 2151 1967 re-

559 1990 834 2062 linquere,
883 2001 938 2046 et
989 2002 1171 2048 vestra
1218 2003 1494 2064 appetere.
1534 1992 1582 2049 A
1628 1995 1827 2051 vestris
1871 2009 2000 2065 ergo
2050 1995 2152 2050 hoc

558 2082 743 2152 potius
764 2069 958 2138 vicinis
984 2084 1348 2155 expetendum
1378 2095 1463 2141 est
1491 2101 1655 2155 quam
1686 2100 1717 2141 a
1746 2086 1903 2142 nobis
1941 2087 2151 2157 longin-

562 2174 687 2245 quis
706 2181 762 2228 et
784 2174 1001 2244 ignotis.
1034 2193 1052 2227 ι
1083 2173 1195 2230 lloc
1224 2189 1413 2231 comes
1434 2175 1684 2241 audiens,
1707 2174 1859 2230 valde
1882 2175 2054 2230 tristis
2077 2184 2152 2231 al-

560 2283 668 2338 que
692 2277 917 2325 mmstus
944 2269 1210 2347 redditur,
1241 2270 1440 2326 timens
1472 2279 1680 2326 tantum
1732 2272 1835 2326 iter
1864 2273 1916 2327 in
1953 2289 2149 2328 vanum

562 2361 941 2431 assumpsisse.
993 2360 1193 2418 lterum
1244 2377 1377 2435 ergo
1421 2372 1585 2435 atque
1635 2365 1828 2419 iterum
1877 2366 1946 2421 ad
1989 2365 2153 2437 pedes

563 2454 742 2510 sancti
777 2455 879 2510 viri
933 2456 1321 2526 prosternitur,
1352 2471 1585 2537 poscens
1610 2467 1668 2513 ut
1696 2456 1925 2514 affectus
1947 2458 2154 2514 deside-

565 2546 631 2600 ι·ἰί
666 2545 785 2615 ejus
807 2548 1200 2619 susciperetur.
1245 2548 1484 2606 Sanctus
1507 2551 1690 2619 itaque
1712 2549 1941 2606 Maiolus
1970 2549 2153 2607 multis

572 2639 865 2714 venerandi
924 2641 1141 2695 comitis
1193 2641 1437 2696 devictus
1485 2641 1760 2711 precibus,
1805 2641 2153 2712 acceptisque

564 2729 986 2801 pcrfeetioribus
1015 2732 1098 2787 sui
1123 2732 1359 2788 cmnobii
1388 2731 1671 2796 fratribus,
1700 2747 1825 2787 cum
1844 2733 2033 2787 eodem
2060 2747 2152 2789 co-

568 2820 700 2877 mite
749 2821 817 2876 ad
864 2820 1199 2877 Parisiaeum
1250 2837 1421 2892 usque
1472 2821 1743 2894 pervenit,
1798 2838 2034 2895 cumque
2084 2822 2151 2877 ad

567 2898 788 2982 portum
812 2911 1013 2968 villula:
1039 2928 1204 2984 super
1237 2914 1457 2969 ﬂuvium
1504 2913 1770 2972 Matronae
1819 2916 2155 2972 monasterio

564 3002 882 3061 Fossatensi
910 3005 1171 3090 proxima:
1197 3008 1587 3089 pervenissent,
1606 3007 1763 3077 jubet
1777 3023 1963 3064 eomes
1988 3009 2156 3064 abba-

2252 1892 2489 1956 v'enerat
2510 1894 2764 1957 reversus
2794 1909 2899 1955 est.
3636 1964 3637 1967 η

2272 1992 2275 1995 ’
2324 1989 2459 2046 Post
2499 1990 2729 2045 multum
2780 2005 2909 2046 vero
2966 1988 3262 2059 temporis,
3313 1988 3437 2057 dum
3489 1998 3724 2050 sanctus
3768 1988 3841 2041 vir

2254 2065 2482 2141 lliaiolus
2534 2085 2588 2139 in
2631 2081 2859 2141 Galliam
2892 2081 3090 2136 reverti
3124 2079 3386 2146 differret,
3432 2080 3702 2136 defuncte
3739 2081 3837 2150 jam

2254 2176 2456 2249 inclyte
2492 2188 2619 2245 rege
2660 2171 2917 2242 Hugone,
2951 2186 3072 2226 cum
3122 2170 3222 2241 pia:
3270 2169 3546 2225 memoria:
3578 2168 3842 2225 Robertus

2253 2264 2349 2324 rex
2380 2267 2523 2322 filius
2548 2265 2668 2338 ejus
2692 2280 2914 2338 regnum
2934 2262 3532 2332 suscepisset,consilio
3553 2272 3615 2318 et
3635 2263 3841 2323 hortatu

2252 2363 2470 2422 comitis
2512 2361 2687 2416 eidem
2731 2358 2973 2417 Teutoni
3012 2356 3211 2413 donum
3259 2356 3492 2411 abbatis:
3541 2357 3721 2412 isdem
3755 2371 3842 2413 rex

2254 2457 2427 2520 dedit,
2485 2468 2720 2524 eumque
2771 2452 3023 2507 abbatem
3071 2449 3324 2504 ordinare
3372 2447 3660 2519 prter-epit.
3700 2446 3843 2514 Quod

2253 2564 2379 2606 eum
2430 2548 2498 2604 ad
2551 2559 2713 2601 aures
2758 2542 3195 2599 Cluniacensium
3255 2540 3647 2610 pervenisset,
3700 2536 3843 2592 valde

2256 2640 2444 2696 tristes
2468 2636 2651 2693 ell‘ecti
2675 2643 2829 2702 sunt,
2848 2634 2977 2702 quia
3006 2631 3296 2701 cupiebant
3319 2630 3423 2684 sibi
3459 2629 3643 2699 ipsum
3675 2629 3839 2683 locum

2254 2732 2322 2787 ad
2349 2729 2541 2786 cellam
2592 2709 2857 2792 redigere.
2891 2722 3186 2779 Ordinatus
3214 2729 3393 2777 autem
3428 2720 3732 2789 praedictus
3773 2718 3844 2770 ιιι·

2254 2824 2321 2880 ad
2349 2824 2611 2879 honorem
2626 2810 3150 2889 regiminis,'magno
3176 2814 3357 2870 studio
3379 2813 3693 2868 conabatur
3719 2826 3846 2865 onus

2254 2922 2565 2984 susceptum
2580 2926 2736 2982 aequo
2751 2910 3040 2980 disponere
3063 2905 3453 2970 moderamine,
3472 2920 3538 2961 ac
3558 2903 3843 2960 ecclesiam

2255 3010 2361 3065 sibi
2386 3008 2739 3065 commissam
2769 3019 2982 3061 summo
3003 3004 3297 3060 sublimare
3344 3004 3575 3059 honore.
3612 3001 3846 3060 Parietes

569 3105 678 3149 tem
721 3105 1081 3167 cunctamque
1109 3100 1582 3171 congregationem
1611 3100 1716 3156 sibi
1771 3100 1916 3156 ultra
1948 3099 2146 3175 ιιιιιιιθιι
2180 3132 2225 3193 c
2257 3102 2401 3156 enim
2434 3100 2605 3170 ipsius
2627 3097 2897 3169 anlte,qui
2921 3094 2989 3150 ab
3015 3094 3257 3166 antiquis
3280 3094 3495 3151 fuerant
3521 3094 3844 3156 constructi,

570 3201 887 3259 occurrere.
914 3186 993 3243 illi
1009 3198 1213 3257 autem,
1236 3190 1408 3262 ignari
1431 3190 1764 3257 futurorum,
1781 3193 2039 3248 alacriter
2044 3192 2155 3263 jus-

571 3279 650 3333 sis
704 3277 923 3336 comitis
959 3280 1243 3339 obediunt.
1286 3284 1531 3355 Cumque
1560 3285 1747 3360 cuncti
1765 3285 1986 3340 adunati
2015 3284 2154 3340 fuis-

572 3376 716 3434 sent,
751 3372 1008 3443 prmeepit
1039 3382 1097 3430 ut
1122 3374 1214 3444 qui
1242 3390 1367 3431 eum
1401 3375 1600 3431 abbate
1623 3373 1818 3431 Maiolo
1847 3390 2069 3431 manere
2099 3374 2153 3429 in

570 3460 823 3519 coenobio
857 3463 1177 3532 voluissent,
1205 3466 1431 3537 ejusque
1462 3466 1633 3537 jussis
1656 3467 1709 3522 in
1734 3467 1988 3523 omnibus
2021 3467 2157 3522 obe-

568 3549 707 3616 dire,
749 3552 992 3608 liberam
1033 3555 1299 3612 haberent
1343 3556 1618 3612 licentiam
1667 3557 2000 3613 revertendi.
2052 3555 2155 3624 Qui

568 3656 701 3698 vero
732 3642 957 3707 nollent,
986 3645 1201 3701 abirent
1230 3661 1339 3717 quo
1380 3647 1601 3703 vellent.
1647 3646 1728 3703 Illi
1763 3657 1945 3702 autem
1973 3647 2158 3703 tristes

568 3733 1073 3802 admodumelfecti,
1102 3746 1291 3808 utpote
1315 3738 1461 3792 omni
1483 3738 1720 3793 humano
1741 3736 1985 3792 destituti
2004 3737 2159 3791 ansi-

569 3821 663 3890 lio,
715 3826 887 3897 magis
930 3826 1213 3898 elegerunt
1254 3828 1371 3883 vias
1415 3827 1596 3883 cordis
1645 3828 1851 3899 proprii
1902 3837 2159 3898 appetere

568 3930 730 3985 quam
758 3933 882 3972 cum
908 3904 1111 3975 abbate
1138 3920 1219 3975 vel
1250 3920 1532 3976 monachis
1576 3919 1683 3975 sibi
1728 3920 1932 3991 ignotis
1967 3920 2034 3975 ad
2063 3934 2158 3975 ec-

573 4008 799 4064 clesiam
824 4009 1252 4085 redire.Nemini
1282 4012 1428 4066 enim
1458 4011 1614 4067 licuit
1633 4025 1701 4067 ex
1732 4011 1818 4066 his
1844 4025 1964 4079 quze
1994 4010 2158 4065 habe-

576 4099 704 4159 bant
732 4113 916 4155 secum
944 4101 1239 4173 quidquam
1269 4101 1502 4169 deferre,
1542 4100 1786 4172 exceptis
1828 4101 2160 4157 indumentis

570 4186 770 4254 quibus
802 4188 975 4245 induti
1006 4198 1184 4249 erant.
1215 4191 1398 4247 Abbas
1420 4201 1602 4269 autem
1632 4191 2010 4263 Magenardns,
2042 4192 2154 4262 qui,

571 4289 634 4332 ut
663 4279 921 4344 dixitnus,
964 4281 1160 4336 nobilis
1209 4283 1466 4354 progenie
1497 4293 1637 4349 erat,
1678 4299 1756 4347 ex
1787 4285 2159 4355 sanguinitate

569 4369 718 4433 enim
744 4370 1003 4426 Ansoaldi
1042 4371 1225 4428 divitis
1245 4372 1537 4435 Parisiaeze
1582 4374 1822 4435 civitatis
1863 4377 2156 4443 existebat,

2258 3192 2425 3247 ttltllia
2456 3198 2728 3246 vetustate
2759 3197 2917 3245 erant
2964 3185 3293 3256 consumpti.
3329 3183 3482 3252 Quod
3517 3185 3666 3259 idem
3696 3183 3844 3242 Pater

2257 3297 2508 3347 cernens,
2555 3295 2787 3352 eamque
2837 3261 3173 3335 meliorando
3226 3286 3540 3336 restaurare
3572 3338 3577 3343 _
3604 3276 3841 3347 cupiens,

2256 3390 2417 3430 omne
2446 3358 2734 3428 mdiliciunt
2768 3370 2910 3425 illius
2932 3369 3211 3425 solotenus
3239 3367 3460 3429 evertit,
3499 3379 3675 3436 atque
3692 3365 3840 3421 aliam

2258 3448 2484 3537 majoris
2511 3462 2888 3534 amplitudinis
2925 3471 2980 3517 et
3022 3460 3392 3516 cxcellentiori
3422 3459 3698 3538 dignitate
3726 3474 3844 3515 cou-

2254 3557 2529 3629 spicuam,
2555 3553 2666 3609 Deo
2691 3554 2795 3609 sibi
2818 3551 3138 3618 auxiliante,
3162 3550 3491 3608 construxit.
3521 3549 3733 3605 Deinde
3746 3548 3847 3609 duo

2257 3650 2411 3721 signa
2458 3648 2722 3719 pretiosa,
2755 3634 2952 3702 nomen
2994 3661 3155 3701 suum
3194 3645 3284 3701 uni
3319 3644 3631 3717 imponens,
3662 3644 3730 3699 ad
3754 3642 3844 3698 bo—

2257 3756 2446 3797 norem
2477 3738 2691 3794 Domini
2718 3737 2899 3794 facere
2928 3722 3211 3808 praecepit.
3237 3735 3361 3795 Haec
3386 3735 3575 3805 itaque
3601 3744 3661 3790 ct
3685 3732 3845 3795 multa

2260 3832 2364 3889 alia
2418 3832 2534 3904 ipse
2584 3831 2693 3885 Deo
2736 3829 2929 3900 dignus
2980 3828 3149 3884 abbas
3193 3827 3331 3883 bona
3387 3827 3440 3881 in
3489 3827 3686 3881 eodem
3733 3822 3844 3880 loco

2258 3935 2517 3997 operatus
2565 3932 2651 3979 est
2700 3937 2887 3992 opera.
2937 3919 3278 3999 Venerabilis
3327 3928 3508 3973 autem
3559 3932 3750 3973 con-es
3782 3917 3844 3983 de

2254 4000 2433 4071 salute
2486 4031 2598 4071 sua:
2647 4015 2842 4068 anima:
2891 4010 3045 4066 valde
3102 4010 3408 4076 sollicitus,
3463 4018 3666 4065 sancto
3727 4022 3841 4063 eum

2256 4090 2466 4179 Spiritu
2496 4105 2851 4168 adhortante,
2901 4103 3131 4158 contulit
3161 4102 3371 4157 dilecta:
3415 4100 3519 4158 sibi
3568 4099 3839 4160 ecclesiae,

2252 4180 2572 4275 sanctaéque
2599 4181 2779 4251 matri
2833 4194 3043 4251 Domini
3091 4193 3293 4259 Mariae,
3332 4201 3390 4248 et
3434 4190 3703 4263 apostolis
3735 4187 3845 4257 ejus

2260 4293 2435 4365 Petro
2457 4299 2512 4344 et
2542 4288 2731 4354 Paulo,
2763 4302 2971 4365 necnon
3004 4284 3299 4341 venerabili
3330 4283 3516 4339 Mauro
3544 4280 3843 4341 confessori

2261 4399 2351 4440 res
2389 4364 2747 4454 possessionis
2785 4364 2916 4444 suae,
2962 4393 3084 4448 quae
3122 4377 3370 4447 pretiosae
3403 4376 3668 4454 sibiesse
3702 4375 3840 4430 vide-

572 4459 627 4517 in
655 4460 907 4517 eoenobio
944 4463 1119 4517 sancti
1149 4462 1344 4529 Mauri,
1376 4465 1521 4530 (ιιιοά
1567 4464 1973 4528 Glannal‘olium
2003 4468 2152 4523 dice-

2257 4450 2476 4535 bantur.
2518 4473 2798 4529 llelizabet
2827 4487 3045 4541 quoque
3074 4469 3352 4526 comitissa
3383 4450 3569 4527 sociali
3596 4465 3839 4539 conjugio

569 4550 753 4616 batur,
782 4552 1133 4611 transmissus
1159 4562 1263 4619 est,
1296 4562 1355 4610 nt
1383 4554 1583 4616 ibidem
1614 4566 1802 4627 pastor
1832 4557 2061 4613 fratrum
2090 4559 2160 4617 il-

569 4642 644 4699 lic
669 4643 984 4712 degentium
1007 4647 1293 4704 existeret.
1313 4647 1416 4717 Qui
1443 4650 1685 4721 quandiu
1708 4650 1866 4717 vixit,
1891 4652 1942 4707 in
1964 4653 2157 4709 eodem

569 4731 694 4790 loco
743 4745 1099 4813 conversatus
1143 4748 1249 4794 est.
1283 4736 1404 4813 Quo
1437 4736 1725 4814 defuncto,
1772 4750 1899 4797 ante
1949 4741 2158 4797 vultum

573 4826 822 4882 cruciﬁxi
841 4828 1053 4886 Domini
1074 4829 1126 4886 in
1151 4830 1383 4885 ecclesia
1404 4844 1605 4900 corpus
1621 4831 1739 4902 ejus
1753 4831 2021 4902 sepultum
2052 4840 2157 4887 cst.

643 4918 881 4974 Sanctus
928 4918 1091 4989 igitur
1146 4919 1393 4987 Maiolus,
1450 4920 1764 4991 smpefatnm
1812 4922 1988 4978 locum
2036 4937 2158 4979 cum

570 5009 687 5064 suis
739 5011 1043 5082 suscipiens
1092 5013 1407 5091 monachis,
1458 5012 1851 5069 districtionem
1899 5014 2160 5083 regularis

569 5096 781 5155 ordinis
819 5100 1065 5157 districte
1107 5102 1403 5163 observare
1452 5103 1639 5174 cmpit,
1687 5113 1747 5160 nt
1774 5105 1995 5159 omnino
2026 5102 2160 5163 nihil

569 5191 1081 5257 praetermitteretur
1101 5207 1166 5248 ex
1202 5195 1287 5250 his
1308 5212 1429 5267 quae
1454 5196 1628 5250 sancti
1660 5195 1933 5251 Benedicti
1972 5194 2162 5271 ptumi.-

572 5277 657 5349 pit
704 5279 908 5348 rcgula.
968 5282 1211 5354 Cumque
1260 5286 1581 5356 regulariter
1610 5286 1758 5341 intus
1811 5297 1866 5340 et
1918 5285 2161 5340 exterius

2260 4568 2335 4631 illi
2359 4567 2569 4636 juncta,
2609 4580 2733 4619 cum
2802 4561 3115 4633 Ragenaldo
3161 4576 3260 4616 suo
3305 4558 3414 4615 lilio
3449 4557 3567 4628 jam
3617 4557 3839 4630 pmule

2252 4644 2412 4714 urbis
2440 4656 2635 4719 Parisii
2666 4655 2881 4720 ell'ecto,
2927 4652 3052 4708 talis
3087 4650 3213 4708 facti
3245 4640 3584 4717 assenSores,
3622 4659 3682 4706 et
3709 4647 3841 4705 desi-

2261 4746 2857 4818 derii,sui.participes
2894 4745 3238 4805 exstiterunt.
3284 4743 3564 4799 Accedens
3601 4758 3733 4813 ergo
3776 4740 3838 4793 ad

2262 4842 2405 4912 regis
2431 4839 2802 4911 praesentiam,
2832 4848 3091 4901 exoratus
3138 4848 3223 4895 est
3255 4846 3314 4892 ut
3354 4836 3520 4907 regali
3550 4852 3703 4889 more
3742 4834 3838 4888 hoc

2260 4939 2316 4985 et
2345 4932 2460 4998 ipse
2504 4939 2787 4995 annueret,
2817 4936 3313 4996 testamentnmque
3357 4941 3469 4980 sua:
3505 4922 3838 4984 auctoritatis

2254 5022 2474 5091 jnberet
2520 5019 2637 5076 ﬁeri
2687 5035 2753 5074 ac
2800 5035 2900 5074 suo
2945 5019 3098 5089 signo
3153 5016 3385 5087 muniri,
3436 5024 3704 5085 quatenus
3746 5024 3838 5083 per

2245 5117 2444 5186 futura
2477 5125 2719 5180 tempora
2747 5110 2968 5182 eisdem.
2996 5108 3157 5163 rebus
3206 5106 3520 5175 prmdictum
3572 5103 3837 5157 frueretur

2264 5203 2674 5271 monasterium,
2704 5212 2759 5257 et
2790 5201 2909 5273 ejus
2939 5198 3255 5255 tnetnoriale
3300 5198 3363 5271 in,
3383 5197 3691 5251 orationum
3720 5208 3835 5264 ρης

2245 5288 2473 5367 cstibus
2522 5310 2738 5365 semper
2783 5294 3095 5349 haberetur.
3151 5290 3412 5344 Hortante
3466 5288 3651 5357 itaque
3698 5284 3837 5354 regis
