4020 5392
209 274 316 334 853

1421 277 1573 337 \‘lTA
1618 275 2011 338 BlfitCllAliDi
2050 277 2344 337 COMITIS.

3358 281 3461 337 854

207 395 382 450 liacus
434 395 657 460 dicitur,
713 395 764 449 in
830 395 1139 466 episcopatu
1201 393 1563 449 Parisiacensi
1629 407 1792 462 super
1821 396 1864 454 Α
1897 393 2178 450 tribueret.
2233 395 2324 450 Ille
2364 410 2511 458 vero,
2556 397 2643 466 qui
2692 396 2912 465 Optabat
2956 403 3015 450 ut
3051 395 3231 450 cuncti
3276 395 3478 448 milites

207 486 412 540 ﬂumen
454 484 711 540 Matrona:
742 484 926 550 sitam,
953 499 1076 538 cum
1113 485 1466 539 advocatione
1490 493 1543 538 et
1575 484 1796 549 vicaria,

206 593 333 630 eum
355 576 584 632 ecclesia
610 586 664 631 et
685 576 866 640 altari,
894 585 1089 632 etcum
1116 576 1365 631 onmibus
1392 591 1511 646 qua:
1535 576 1600 629 ad
1631 576 1798 646 ipsam

207 667 502 735 aspiciunt.
535 666 664 720 Item
687 667 739 720 itt
772 665 960 720 eodem
990 681 1148 738 pago,
1192 667 1246 720 in
1294 666 1554 721 comitatu
1590 665 1799 721 Corbu-

209 758 399 813 liensis
424 759 617 822 castri,
650 757 703 812 in
735 757 860 812 villa
889 771 1008 828 qua:
1050 768 1274 812 vocatur
1302 757 1503 821 Licias,
1553 773 1800 812 mansum

207 849 466 920 Algirdis
510 863 636 904 cum
682 847 936 903 omnibus
981 847 1048 901 ad
1110 847 1256 902 illum
1294 847 1704 918 pertinentibus.
1745 845 1801 901 In

209 940 528 996 Vastinensi
575 955 789 1010 quoque
832 955 992 1009 pago,
1038 939 1090 993 in
1142 939 1400 993 comitatu
1450 937 1802 999 Nantonensi,

210 1044 379 1104 atque
412 1034 465 1088 in
495 1033 807 1103 episcopatu
829 1031 1160 1086 Senoneusis
1191 1029 1364 1095 urbis,
1389 1030 1644 1099 pendium
1667 1028 1806 1099 juris

212 1127 324 1190 sui,
383 1125 528 1196 quod
586 1131 928 1192 nuncupatur
984 1121 1128 1185 Scia,
1177 1137 1298 1176 cum
1359 1121 1708 1175 advocatione
1750 1126 1807 1174 et

212 1215 441 1279 vicaria,
461 1223 627 1284 atque
653 1211 907 1276 ecclesia,
933 1221 991 1266 et
1015 1225 1137 1265 cum
1163 1209 1373 1264 cunctis
1396 1225 1516 1279 qua:
1538 1211 1606 1264 ad
1630 1210 1805 1278 ipsum

217 1306 517 1376 aspiciunt.
573 1304 629 1359 In
676 1303 938 1359 comitatu
986 1302 1150 1358 etiam
1195 1299 1538 1355 Milidunensi
1571 1299 1805 1364 alodum,

211 1398 309 1469 qui
341 1406 570 1451 vocatur
595 1395 911 1461 Curciacus,
946 1410 1068 1449 cum
1100 1392 1454 1448 advocatione
1491 1400 1546 1446 et
1578 1391 1806 1455 vicaria,

209 1497 274 1543 α
301 1503 427 1543 cum
472 1485 727 1541 munibus
771 1485 838 1540 ad
867 1499 990 1539 eum
1019 1483 1439 1554 pertinentibus.
1484 1480 1634 1535 llanc
1679 1496 1809 1552 ergo

216 1592 332 1632 suae
355 1586 559 1633 sancta:
581 1575 883 1632 devotionis
894 1573 1224 1628 voluntatem
1241 1573 1456 1644 plurimi
1472 1572 1808 1628 Francorum

218 1667 468 1724 videntes
498 1677 557 1723 et
585 1667 888 1731 audientes,
915 1681 1044 1735 erga
1065 1666 1313 1720 eumdem
1338 1663 1514 1719 locum
1545 1673 1600 1719 et
1619 1663 1719 1734 ipsi
1743 1679 1808 1717 ex

217 1761 457 1833 propriis
482 1759 647 1814 rebus
674 1759 840 1814 multa
867 1758 1240 1813 conferebant.
1269 1757 1415 1813 lnter
1440 1743 1576 1828 quos
1595 1757 1810 1811 viceco-

220 1870 344 1912 mes
361 1852 734 1910 Milidunensis
759 1851 959 1918 Castri,
977 1851 1193 1907 nomine
1213 1850 1535 1914 Joscelinus,
1555 1859 1812 1905 exoratus

217 1956 314 2001 est
335 1945 446 2000 Deo
478 1944 735 1998 devotum
765 1942 1038 2006 comitem,
1063 1949 1123 1994 ut
1152 1941 1200 1996 ei
1222 1941 1529 2005 ecclesiam,
1568 1955 1688 2011 quae
1711 1941 1809 1993 sita

222 2049 314 2096 est
361 2039 415 2094 in
469 2039 590 2094 vico
641 2037 733 2107 qui
777 2035 1039 2091 Nosiacus
1067 2036 1244 2089 siccus
1274 2034 1488 2098 dicitur,
1542 2049 1701 2103 quam
1750 2033 1815 2086 de

221 2131 348 2202 ejus
369 2130 632 2187 beneticio
658 2129 990 2202 possidebat,
1019 2130 1125 2182 Deo
1158 2135 1213 2182 ct
1251 2127 1452 2181 sanctis
1476 2127 1591 2196 ejus
1619 2139 1814 2180 conce-

219 2223 361 2276 dere
387 2220 723 2290 dignaretur.
747 2218 942 2276 Comes
963 2232 1114 2281 vero,
1146 2217 1340 2288 gaudio
1365 2215 1621 2287 repletus,
1639 2225 1694 2269 et
1717 2216 1817 2270 hoc

222 2315 408 2382 ipsum
442 2311 634 2367 libenti
673 2311 856 2365 animo
885 2310 1174 2365 concessit.
1219 2307 1336 2376 Ipse
1362 2323 1577 2378 quoque
1609 2308 1819 2363 vieeco-

226 2420 374 2474 mes,
412 2403 684 2474 cingulum
747 2401 953 2456 militize
1000 2414 1098 2470 pro
1158 2399 1374 2454 Christo
1423 2398 1730 2471 deponens,
1764 2399 1819 2453 in

225 2497 426 2552 eodem
466 2497 716 2553 coenobio
745 2497 1044 2551 monachus
1093 2497 1437 2567 postmodum
1467 2505 1552 2552 est
1576 2496 1820 2560 effectus,

229 2603 404 2660 atque
442 2590 603 2661 digne
635 2590 797 2644 tinem
830 2605 940 2645 suae
969 2590 1247 2660 complens
1277 2590 1420 2656 vitzc,
1460 2590 1658 2644 ibidem
1691 2590 1826 2645 obiit

230 2682 338 2734 sub
377 2681 466 2736 die
494 2696 586 2736 xiv
629 2679 856 2735 Kalend.
906 2681 1193 2751 Aprilium.
1226 2680 1403 2751 Super
1431 2682 1515 2736 his
1545 2697 1676 2752 ergo
1707 2697 1826 2736 om-

231 2775 398 2830 nibus
436 2775 673 2847 inclytus
701 2791 794 2830 rex
844 2774 1114 2830 Rohertus
1154 2775 1494 2830 auctoritatis
1522 2791 1633 2830 suae
1665 2784 1827 2830 testa-

212 2855 478 2923 mentum
503 2867 620 2921 fieri
645 2866 828 2937 jussit,
865 2867 1320 2936 traditionemque
1360 2865 1539 2921 abbati
1573 2865 1824 2930 Teutoni,

233 2975 333 3014 seu
362 2958 587 3029 reliquis
635 2959 939 3024 monachis,
985 2957 1140 3026 fecit,
1187 2967 1243 3013 et
1298 2959 1535 3027 praefatae
1586 2956 1828 3012 ecclesia:

239 3051 634 3106 numiticentiee
680 3065 791 3106 sua:
830 3060 1096 3121 prrecepto
1140 3049 1510 3113 conﬁrmavit;
1551 3062 1646 3118 per
1685 3045 1826 3116 quod

230 3143 499 3212 praecepit
522 3141 720 3214 jubeus
748 3150 828 3206 ut,
853 3155 1021 3212 usque
1043 3141 1096 3195 in
1123 3142 1281 3195 finem
1306 3139 1510 3205 saeculi,
1539 3138 1829 3194 CtBttObilZB

231 3234 388 3292 illius
412 3233 515 3289 loci
559 3234 676 3289 haec
707 3233 887 3289 omnia
927 3241 1175 3288 tenerent
1204 3241 1366 3302 atque
1394 3231 1627 3300 pleniter
1652 3228 1827 3300 possi-

238 3325 470 3390 derent,
524 3323 810 3394 nullusque
860 3337 991 3389 rex,
1047 3322 1226 3377 nullus
1278 3321 1593 3391 episcopus,
1653 3319 1830 3373 nullus

239 3430 454 3482 comes,
485 3429 580 3474 aut
603 3414 714 3468 ulla
742 3413 987 3468 mortalis
1017 3421 1258 3482 potestas
1285 3411 1404 3466 illas
1436 3426 1522 3466 res
1548 3411 1832 3480 disponere

213 3527 220 3584 _‘
243 3518 339 3566 aut
364 3509 418 3562 in
450 3523 549 3563 sua
571 3515 843 3577 potestate
862 3506 1155 3576 quidquam
1191 3506 1383 3560 horum
1421 3505 1715 3558 decernere
1741 3510 1833 3554 aut

244 3595 499 3667 delegare
555 3603 937 3667 pnesumeret;
989 3595 1081 3648 sed
1135 3605 1391 3664 perpetua
1448 3593 1720 3647 soliditate
1778 3591 1830 3644 in

246 3693 488 3760 ipsorum
508 3689 634 3758 jure
659 3689 1041 3750 consisterent,
1066 3688 1382 3758 disponendi
1411 3695 1572 3755 atque
1601 3683 1833 3738 faciendi

241 3786 317 3837 ad
344 3782 633 3835 utilitatem
656 3779 760 3834 loci
783 3779 1041 3851 quidquid
1066 3778 1372 3848 elegissent.
1404 3775 1472 3830 Ut
1495 3792 1623 3830 vero
1667 3775 1836 3845 ipsius

243 3874 632 3946 praeceptionis
656 3883 819 3943 atque
854 3873 1218 3927 roborationis
1250 3871 1483 3926 edictum
1517 3885 1612 3939 per
1642 3878 1834 3924 cuncta

247 3967 349 4020 aevi
385 3977 626 4036 tempora
657 3963 1021 4018 inviolabilem
1062 3963 1334 4018 obtineret
1379 3959 1654 4014 firmitatis
1687 3959 1839 4029 vigo-

251 4074 391 4122 rem,
425 4072 574 4112 more
603 4055 948 4124 regalimanzt
958 4053 1176 4124 propria
1203 4035 1839 4113 confirmavit,etannuli

243 4151 335 4206 sui
367 4148 726 4218 impressione
758 4147 998 4216 insigniri
1018 4145 1200 4213 jussit.
1234 4143 1385 4211 Quod
1416 4141 1686 4212 Rogerius
1705 4157 1840 4195 can-

251 4241 508 4296 reltarius
532 4226 725 4294 devote
746 4237 974 4307 peregit,
1001 4239 1090 4306 qui
1115 4245 1322 4306 postea,
1353 4233 1462 4290 Deo
1492 4231 1840 4296 concedente,

249 4335 324 4389 ad
374 4333 636 4388 honorem
679 4329 1030 4400 pontificatus
1062 4329 1114 4382 in
1145 4327 1278 4381 urbe
1323 4324 1634 4380 Belvacensi
1681 4323 1845 4377 subli-

1901 486 2233 543 Franeorum
2264 489 2456 543 similia
2487 497 2828 558 peragerent,
2860 488 3081 543 liberam
3107 487 3251 542 dedit
3280 487 3350 541 illi
3403 485 3479 537 fa-

1901 577 2153 632 cultatem
2180 578 2340 633 dandi
2370 578 2628 649 quidquid
2669 577 2786 646 ejus
2828 577 3008 632 animo
3049 577 3302 648 placitum
3349 574 3482 629 fuis‘

1903 683 2006 727 set.
2064 671 2300 727 Veniens
2348 672 2530 740 itaque
2570 671 2637 726 ad
2669 669 2770 724 sibi
2815 669 3072 724 dilectum
3120 684 3231 739 pra:
3269 666 3481 723 cmterls

1905 760 2103 827 locum,
2129 777 2249 816 cum
2278 777 2373 816 sua
2403 759 2655 831 conjuge,
2688 775 2810 829 qua:
2850 758 3234 814 Ermensendis
3263 757 3481 815 diceba-

1907 864 2015 917 tur,
2043 854 2275 907 innotuit
2307 852 2559 921 religioso
2587 852 2766 907 abbati
2790 850 3018 906 Teutoni
3050 867 3114 906 ac
3140 853 3348 907 cmteris
3373 848 3482 905 fra-

1908 945 2078 999 tribus
2104 945 2186 999 sui
2210 945 2391 1000 cordis
2416 953 2708 999 secretum.
2732 943 2855 1011 Qui,
2886 943 3086 1014 gratias
3112 942 3220 998 Deo
3245 954 3484 1012 agentes,

1908 1035 1960 1088 in
1994 1035 2106 1089 suis
2136 1035 2477 1090 orationibus
2507 1035 2796 1104 praedictos
2850 1031 3105 1102 coujnges
3158 1031 3486 1102 suscipiunt,

1906 1126 2092 1195 sicque
2121 1125 2420 1180 familiares
2464 1125 2559 1180 Dei
2598 1139 2878 1181 servorum
2922 1122 3097 1178 effecti
3150 1131 3298 1190 sunt,
3329 1133 3491 1192 atque

1907 1215 2082 1271 locum
2113 1231 2222 1272 sua:
2253 1215 2620 1270 tumulation’s
2645 1225 2765 1286 post
2793 1214 3173 1269 resolutioncnt
3199 1228 3487 1282 corporum

1907 1315 2252 1377 acceperunt.
2283 1306 2554 1361 Dederqu
2593 1321 2724 1377 ergo
2777 1305 2976 1360 ibidem
3023 1303 3304 1374 praedium,
3337 1318 3492 1372 supeo

1910 1401 2022 1454 rius
2091 1400 2429 1454 nominatum
2481 1397 2728 1464 Jureum,
2773 1413 2936 1468 super
2986 1395 3186 1450 ﬂutiten
3227 1396 3492 1465 Sequana:

1908 1491 2094 1556 situm,
2119 1491 2404 1545 distantem
2459 1506 2488 1544 a
2528 1498 2710 1544 castro
2746 1487 2996 1544 Corboilo
3050 1485 3300 1541 milliario
3333 1494 3388 1539 ct
3413 1485 3495 1538 di-

1912 1581 2098 1644 midio,
2143 1579 2426 1636 ecclesiam
2458 1596 2675 1651 quoque
2709 1589 2764 1633 et
2806 1579 3083 1644 vicariam,
3109 1588 3164 1632 et
3189 1577 3497 1630 advocatio-

1913 1688 2073 1737 nem,
2102 1687 2224 1727 cum
2267 1671 2520 1727 omnibus
2563 1671 2630 1725 ad
2676 1686 2798 1725 eum
2849 1669 3263 1741 pertinentibus.
3321 1667 3497 1722 Simili

1843 1735 1884 1792 Β
1913 1735 2078 1815 etiam
2117 1760 2278 1815 modo
2301 1759 2649 1814 donationem
2677 1735 2922 1814 fecerunt
2943 1758 3008 1813 de
3039 1757 3159 1812 villa
3186 1753 3296 1827 jam
3328 1756 3494 1820 dicta,

1915 1873 2034 1926 qua!
2061 1865 2285 1911 vocatur
2313 1854 2513 1918 Licias,
2544 1853 2596 1906 in
2631 1851 2888 1921 prmdicto
2918 1865 3055 1918 pago
3104 1849 3234 1916 sita,
3264 1847 3500 1901 distante

1915 1956 2152 2003 acastro
2203 1945 2459 2001 milliario
2506 1952 2560 1998 et
2593 1941 2848 2006 dimidio;
2912 1955 3070 2010 quam
3123 1941 3186 1994 de
3238 1938 3501 1993 beneficio

1917 2037 2210 2093 Burchardi
2234 2035 2446 2092 comitis
2473 2043 2528 2089 et
2553 2033 2646 2086 filii
2670 2031 2786 2101 ejus
2812 2032 3014 2085 honore
3041 2027 3330 2099 pontificali
3361 2042 3499 2098 prae.

1917 2131 2149 2187 cluentis
2205 2126 2453 2183 Rainaldi
2511 2125 2786 2180 tenebant.
2833 2121 3073 2190 Quorum
3131 2134 3399 2174 consensu
3449 2126 3505 2173 et

1921 2225 2195 2278 voluntate
2265 2221 2369 2276 hoc
2409 2219 2608 2274 donum
2670 2215 2917 2271 fecerunt
2977 2227 3076 2284 pro
3128 2219 3342 2265 mtertta:
3379 2207 3504 2262 vita

1923 2313 2379 2377 remuneratione,
2409 2318 2465 2364 et
2508 2324 2607 2378 pro
2633 2306 2936 2362 animarum
2969 2318 3211 2368 suarum,
3259 2299 3372 2356 sive
3396 2297 3504 2354 Ge-

1922 2408 2084 2472 lonis,
2119 2406 2206 2461 cui
2261 2415 2605 2458 successores
2651 2395 2984 2460 existebant,
3029 2404 3192 2463 atque
3223 2397 3505 2462 parentum

1922 2514 2132 2564 eorum,
2157 2495 2516 2556 absolutione,
2547 2506 2670 2545 cum
2695 2486 3050 2542 advocatione
3077 2493 3131 2538 et
3177 2481 3501 2536 vicariorum

1921 2600 2208 2662 potestate,
2239 2596 2442 2643 etcum
2473 2583 2682 2638 cunctis
2731 2595 2851 2650 quae
2889 2579 2955 2634 ad
3006 2577 3174 2648 ipsam
3212 2573 3506 2644 aspiciunt.

1929 2685 2132 2738 Donum
2155 2695 2283 2750 ergo
2304 2679 2497 2732 barum
2529 2689 2709 2729 rerum
2745 2687 2908 2742 super
2937 2668 3106 2723 altare
3146 2665 3357 2721 Sancta:
3393 2663 3506 2717 Ma-

1927 2773 2021 2829 riae
2065 2769 2364 2838 Sauctique
2406 2765 2552 2820 Petri
2599 2761 2824 2833 apostoli
2864 2766 3158 2830 posuerunt
3192 2765 3376 2810 tenore
3414 2752 3504 2806 tali

1930 2873 1987 2916 ιιι
2014 2860 2291 2916 annuatim
2314 2855 2738 2927 recognitionem
2767 2863 2831 2904 ex
2849 2843 3511 2919 ipsisImherentdemuni-

1931 2966 2138 3016 natam,
2168 2951 2428 3006 ambobus
2456 2962 2586 3002 vero
2612 2946 2680 3000 ab
2711 2946 2813 2999 hac
2839 2945 2956 2996 luce
2981 2938 3360 3012 migrantihus,
3391 2949 3512 3006 pcr-

1854 3077 1900 3138 α
1931 3053 2093 3116 pctuo
2117 3038 2392 3095 habendas
2433 3037 2789 3107 possiderent.
2840 3032 2968 3086 Post
2996 3030 3111 3085 haec
3157 3027 3321 3082 etiam
3373 3023 3515 3138 qegis

1931 3137 2189 3192 adeuntes
2212 3131 2581 3203 prteSentiam,
2635 3123 2907 3196 deprecati
2936 3131 3064 3177 sunt
3111 3129 3170 3173 ut
3220 3119 3336 3173 hare
3377 3117 3515 3169 dona

1929 3225 2184 3300 praecepti
2214 3223 2295 3279 sui
2321 3220 2651 3277 auctoritate
2687 3216 2970 3271 roboraret
3005 3221 3060 3266 et
3086 3209 3271 3265 atmuli
3301 3207 3382 3261 sui
3416 3208 3515 3259 im-

1933 3318 2211 3390 pressione
2239 3313 2450 3368 munire
2480 3311 2812 3381 dignaretur.
2857 3301 2977 3375 l'pse
3017 3307 3238 3372 quoque
3264 3312 3376 3352 sua:
3402 3310 3517 3348 ma-

1937 3384 2032 3466 tris
2061 3406 2354 3470 Adelaidis,
2384 3402 2680 3471 uxorisque
2719 3397 2931 3452 Bertha:
2961 3389 3414 3464 suggestionibus,
3439 3384 3518 3439 uti

1898 3510 2186 3575 precatus
2241 3496 2442 3560 fuerat,
2501 3491 2730 3563 peregit.
2767 3486 3090 3556 Conscripto
3123 3483 3303 3551 itaque
3356 3487 3520 3532 testa-

1937 3568 2140 3660 ineuto,
2173 3607 2236 3647 ac
2264 3593 2726 3658 tnonogrammate
2752 3579 2892 3650 regis
2923 3591 3084 3632 manu
3112 3573 3276 3635 facto,
3306 3568 3518 3624 Franco

1941 3697 2068 3742 tunc
2116 3679 2496 3743 cancellarius,
2552 3684 2738 3744 postea
2797 3684 2924 3723 vero
2979 3666 3261 3736 episcopus
3326 3659 3522 3713 Parisii

1939 3779 2136 3839 factus,
2170 3772 2460 3843 imaginem
2489 3768 2632 3836 regis
2664 3761 2942 3833 imposuit.
2971 3758 3194 3814 Factum
3225 3765 3305 3808 ρει
3334 3761 3514 3805 autem

1942 3874 2042 3925 hoc
2063 3869 2116 3923 in
2139 3840 2391 3937 praedicta
2413 3859 2547 3914 urbe
2561 3871 2702 3911 anno
2726 3849 3117 3910 incarnationis
3133 3844 3333 3901 Chrisd
3363 3840 3521 3905 l000,

1943 3933 2234 4014 indictione
2260 3968 2357 4018 xu,
2389 3964 2531 4004 anno
2564 3962 2686 4002 vero
2714 3943 2865 4014 regni
2895 3938 3080 4011 inclyti
3133 3935 3275 4008 regis
3299 3933 3523 3988 Roberti

1945 4066 2017 4104 xu
2063 4047 2310 4103 feliciter.

2017 4139 2110 4194 His
2131 4138 2204 4191 ita
2226 4132 2480 4196 narratis,
2503 4131 2569 4184 ad
2592 4136 2837 4183 nostrum
2866 4120 3242 4178 Burchardum
3276 4118 3524 4172 reflecta-

1947 4240 2034 4287 tur
2060 4229 2252 4300 stylus.
2285 4225 2419 4280 Huic
2457 4238 2588 4293 ergo
2632 4218 2940 4275 venerando
2987 4213 3192 4278 comiti,
3239 4209 3534 4281 instigante

1946 4320 2166 4378 humani
2221 4315 2436 4388 generis
2489 4312 2730 4376 inimico,
2803 4308 3029 4364 infestus
3073 4313 3235 4373 atque
3281 4300 3535 4356 inimicus

255 4432 437 4479 malus
462 4434 564 4478 est.
591 4387 729 4479 Acta
755 4430 880 4475 sunt
909 4429 1088 4474 autem
1116 4417 1312 4473 hzeein
1337 4417 1553 4472 civitate
1579 4414 1838 4476 Parisius,
1874 4419 1920 4476 ι)
1945 4387 2389 4469 existebatvalde
2414 4405 2530 4462 Odo
2572 4418 2777 4469 comes,
2807 4387 3032 4470 ejusque
3057 4397 3214 4454 bonis
3259 4391 3534 4448 invidebat

255 4533 400 4572 anno
420 4513 693 4571 incarnati
717 4512 880 4591 Verbi
906 4512 1030 4577 998.,
1049 4503 1191 4566 anno
1213 4525 1342 4566 vero
1365 4508 1584 4564 Roberti
1609 4507 1751 4579 regis
1775 4505 1844 4571 Χ,

253 4609 360 4664 sub
386 4610 473 4664 die
503 4624 598 4665 xui
628 4607 747 4664 Kal.
775 4606 1055 4662 Maiarum.

330 4698 458 4754 Fuit
486 4699 652 4754 etiam
708 4697 837 4767 ipsis
867 4695 1057 4752 diebus
1104 4695 1259 4751 miles
1309 4694 1529 4765 quidam
1575 4692 1848 4764 egregius,

259 4790 523 4860 potentiis
546 4797 596 4843 et
636 4787 846 4842 divitiis
876 4785 1062 4842 smculi
1089 4785 1244 4840 valde
1273 4784 1541 4848 sublimis,
1588 4797 1856 4837 veneran-

258 4885 440 4954 doque
468 4882 658 4938 comiti
694 4880 888 4947 fidelis,
922 4881 1139 4935 nomine
1164 4877 1576 4941 Ermenfredus,
1617 4875 1853 4930 fideliter

259 4974 372 5032 Deo
418 4972 763 5043 complacere
810 4969 1144 5030 desiderans.
1207 4967 1310 5024 Hic
1379 4966 1593 5036 itaque,
1653 4977 1854 5035 pavore

259 5067 452 5123 ξιξεριηί
487 5064 737 5136 supplicii
767 5062 1088 5134 perterritus
1105 5071 1159 5118 et
1187 5059 1579 5129 exemplisjatn
1608 5059 1734 5114 dicti
1753 5055 1856 5110 viri

256 5159 520 5231 religiose
571 5156 864 5218 animatus,
907 5153 1091 5210 retulit
1140 5155 1188 5210 ei
1240 5149 1468 5206 multum
1515 5150 1692 5205 locum
1751 5147 1856 5203 sibi

254 5249 621 5306 commissum
649 5247 897 5316 diligere,
939 5260 1008 5310 ac
1039 5246 1102 5303 de
1138 5241 1377 5318 propriis
1421 5241 1858 5314 possessionibus

253 5358 316 5392 se
346 5339 496 5392 velle
527 5337 580 5392 iu
610 5351 675 5392 eo
713 5335 921 5392 largiri.
976 5335 1308 5392 Denrecatus
1351 5344 1436 5389 est
1487 5335 1667 5392 itaque
1708 5347 1854 5392 eum,

1948 4506 2180 4568 actibus,
2201 4501 2324 4572 quia
2342 4499 2500 4568 illum
2529 4497 2584 4552 in
2625 4496 2746 4550 aula
2781 4494 2922 4564 regis
2951 4492 3054 4546 sibi
3079 4486 3343 4561 praeponi,
3369 4493 3534 4553 atque

1951 4592 2238 4658 honorari,
2263 4599 2317 4646 et
2343 4589 2492 4659 diligi
2529 4604 2558 4643 a
2597 4587 2808 4658 cunctis
2831 4582 3217 4652 conspiciebat.
3240 4577 3354 4645 Qua
3388 4577 3452 4629 de
3482 4589 3538 4627 re

1953 4686 2269 4742 seductione
2291 4681 2525 4752 quadam
2550 4689 2714 4749 atque
2746 4677 3035 4731 traditione
3059 4673 3307 4728 Castrum
3331 4667 3541 4720 Milidm

1953 4797 2079 4836 num
2110 4779 2157 4832 ei
2201 4776 2407 4828 furatus
2455 4786 2559 4828 esu
2584 4771 2735 4840 Quod
2766 4784 2886 4825 cum
2909 4767 3206 4824 didicisset.
3244 4759 3538 4814 auxiliante

1955 4872 2056 4925 sibi
2117 4881 2263 4937 rege,
2315 4864 2622 4918 coadunato
2670 4861 3002 4916 Francorum
3051 4851 3319 4913 exercitu,
3361 4849 3546 4903 multis

1958 4963 2194 5017 millibus
2225 4956 2452 5011 militum
2477 4945 2924 5008 circumvallavit.
2952 4944 3196 5000 Cernens
3226 4941 3410 5011 itaque
3436 4942 3551 4996 Odo

1960 5069 2065 5108 non
2115 5064 2174 5104 se
2223 5059 2382 5115 posse
2433 5043 2629 5097 ibidem
2661 5039 2901 5108 quietum
2955 5049 3202 5095 manere,
3257 5044 3358 5084 nec
3411 5029 3554 5086 idem

1959 5152 2200 5198 castrum
2230 5133 2448 5205 proprio
2495 5133 2730 5186 retinere
2783 5126 3044 5193 dominio,
3073 5127 3214 5182 clam
3270 5137 3397 5176 cum
3445 5126 3558 5180 suis

1962 5239 2151 5292 abiens
2200 5229 2352 5300 fugit.
2414 5225 2759 5280 Burchardus
2808 5235 2936 5274 vero
2989 5219 3371 5288 introgressus
3431 5232 3558 5286 pro-

1961 5331 2140 5392 prium
2173 5321 2376 5390 recepit
2405 5326 2671 5374 castrum.
2703 5311 2975 5369 Galterius
3008 5327 3158 5376 vero,
3192 5306 3356 5374 Cujus
3381 5309 3559 5362 tradi-
