4020 5392
521 382 532 391 ,
566 304 672 362 :55

1643 314 1889 373 ODONlS
1926 318 2395 376 FOSSATENSIS
2430 317 2737 377 MONAClll

3718 327 3817 383 [56

567 432 703 490 pago
728 417 1067 476 Milidunensi
1107 420 1461 479 denominato
1495 424 1598 480 sibi
1631 425 1750 481 loco
1777 426 1972 483 bellmn
2002 430 2144 483 inter
2172 434 2216 492 Α
2248 429 2499 485 abbatem
2543 432 2866 502 suscepisse,
2918 446 3017 486 ncc
3050 430 3249 488 debere
3294 447 3420 489 eum
3469 434 3655 506 recipi,
3694 439 3817 506 quia

565 523 625 564 se
672 510 1049 565 condixerunt.
1099 512 1343 583 Cumque
1393 514 1591 571 ibidem
1632 520 2003 585 advenissent,
2048 536 2146 590 pu-

562 613 777 673 gnaque
798 602 867 655 ab
898 601 1143 672 utrisque
1165 605 1410 674 partibus
1435 607 1702 662 acerrime
1725 622 2142 680 pra-pararetur,

563 690 856 762 praedictus
885 689 1040 748 miles
1076 691 1483 762 Ermenfredus,
1532 696 1700 754 solius
1729 709 1857 753 tunc
1885 700 2027 769 regis
2050 700 2145 755 do-

566 780 735 837 minio
759 783 1031 849 subditus,
1057 785 1171 839 suis
1217 785 1468 842 manibus
1515 803 1578 843 ac
1608 786 1726 858 ejus
1755 790 2008 860 potestati
2041 789 2143 844 lm-

565 870 771 928 militer
797 888 858 928 se
892 874 1168 929 Sllbﬂliail.
1217 873 1337 931 Non
1385 877 1530 932 enim
1577 894 1695 933 mos
1741 889 1887 945 erat,
1934 896 2033 935 nec
2063 890 2145 935 est

562 962 814 1030 Francis,
844 964 898 1020 in
935 965 1076 1021 bello
1112 967 1296 1039 aliquo
1336 970 1497 1025 modo
1520 970 1747 1026 introire
1768 973 1973 1042 absque
1999 988 2141 1043 pra:-

517 1053 526 1062 “
562 1056 739 1112 lentia
790 1065 885 1112 aut
919 1057 1074 1129 jussu
1133 1059 1338 1128 proprii
1392 1061 1639 1117 senioris.
1679 1062 1975 1118 llumiliato
2012 1078 2145 1134 ergo

560 1144 880 1202 Bnrchardo
907 1147 1064 1203 valde
1093 1149 1147 1203 in
1178 1162 1469 1221 conspectu
1504 1151 1618 1220 Dei,
1658 1163 1926 1224 quatenus
1955 1164 2145 1209 contra

566 1237 776 1292 hostem
801 1239 1121 1310 superbum,
1138 1241 1406 1297 cervicem
1434 1245 1681 1315 corporis
1693 1255 1749 1300 et
1775 1248 1957 1300 cordis
1971 1247 2145 1317 rigide

560 1327 881 1398 erigentem,
906 1329 1134 1386 victoria
1162 1331 1264 1387 sibi
1293 1331 1537 1400 daretur,
1562 1335 1619 1389 iu
1640 1350 1890 1405 campum
1923 1336 2141 1401 villula,

562 1420 648 1474 cui
677 1436 870 1476 nomen
923 1420 1216 1479 Orceiacus
1265 1420 1609 1495 (Orsay)est,
1649 1426 1807 1481 simul
1858 1429 2141 1497 pugnaturi

563 1513 912 1570 conveniunt.
960 1513 1073 1569 Illis
1118 1514 1303 1584 itaque
1346 1515 1401 1570 in
1444 1517 1563 1572 acie
1602 1517 2024 1585 decet-tantibus,
2052 1520 2142 1574 Dei

556 1605 763 1676 judicio
784 1606 1057 1662 exercitus
1077 1606 1282 1665 Odouis
1310 1609 1451 1663 intra
1480 1610 1833 1679 semetipsum
1859 1610 2140 1675 dimicans,

567 1711 762 1766 magna
794 1697 942 1751 caede
965 1698 1362 1766 prosternitur.
1402 1698 1744 1753 Burchardns
1783 1715 1931 1761 vero,
1957 1698 2009 1752 in
2041 1699 2145 1752 Do-

564 1787 714 1842 mino
766 1787 1093 1843 ﬁducialitcr
1125 1788 1404 1845 conlidens
1430 1831 1445 1854 ,
1507 1807 1669 1860 super
1709 1792 1895 1847 hostes
1962 1791 2138 1857 irruit,
2173 1771 2218 1831 Β

564 1879 857 1949 multisque
888 1880 1126 1934 millibus
1177 1880 1495 1946 interfectis,
1529 1881 1755 1937 victoria
1793 1882 1866 1937 illi
1897 1883 1963 1937 de
2006 1883 2144 1939 cmlo

565 1969 843 2023 tribui.ur.
887 1968 1091 2025 Videtis
1123 1987 1340 2040 quoque
1382 1970 1498 2027 Odo
1528 1972 1756 2027 multum
1789 1988 1946 2027 suum
1980 1989 2141 2029 exer-

564 2061 729 2114 citum
756 2061 944 2127 minui,
976 2063 1241 2132 valdeque
1265 2064 1503 2118 occisum
1539 2078 1637 2133 per
1659 2064 1836 2133 campi
1864 2065 2140 2134 planitiem

556 2149 768 2221 jacere,
804 2168 903 2207 nec
932 2152 1018 2208 illa
1049 2154 1135 2209 die
1170 2155 1385 2222 penitus
1411 2171 1568 2225 posse
1597 2155 1857 2209 victorem
1887 2156 2142 2222 existere,

566 2259 764 2312 pavore
783 2244 960 2299 valido
982 2246 1331 2301 tremefactus
1345 2247 1602 2316 valdeque
1623 2245 1845 2301 elleettts
1864 2245 2139 2313 confusus,

550 2330 794 2389 'timebat
831 2334 1057 2389 minime
1084 2336 1209 2390 inde
1232 2339 1480 2403 evadere,
1511 2338 1603 2391 sed
1630 2337 1860 2391 latenter
1885 2339 2142 2394 auxilium

564 2423 703 2494 [υκαι
749 2424 1011 2480 citissime
1052 2426 1227 2496 petiit.
1268 2426 1359 2481 Sic
1399 2427 1579 2495 itaque
1605 2426 1713 2480 Deo
1743 2427 1914 2480 ﬁdelis
1939 2445 2139 2492 comes,

570 2517 744 2570 victor
791 2518 1059 2582 existens,
1101 2518 1325 2573 laudans
1374 2534 1496 2572 cum
1540 2520 1655 2574 suis
1698 2516 2016 2583 Dominum,
2077 2522 2147 2573 ad

563 2609 780 2680 propria
804 2624 925 2663 cum
949 2610 1143 2680 gaudio
1165 2611 1475 2665 revertitur.

635 2702 937 2775 Religiosus
967 2704 1198 2774 denique
1241 2703 1410 2759 abbas
1438 2705 1627 2767 Tento,
1663 2703 1906 2773 jejuniis,
1939 2714 1995 2758 et
2024 2721 2148 2758 ora-

569 2797 839 2862 tionibus,
892 2796 1309 2867 vigiliarumque
1376 2797 1875 2866 pernoctationibus
1930 2796 2146 2850 assidue

566 2891 831 2953 intentus,
865 2889 974 2942 Deo
1008 2903 1221 2957 semper
1269 2889 1482 2958 placere
1520 2886 1753 2942 ﬁdeliter
1779 2886 2143 2942 desiderabat.

566 2995 689 3035 cum
724 2994 855 3048 ergo
881 2980 933 3032 in
966 2977 1084 3034 loco
1132 2978 1235 3033 sibi
1280 2978 1572 3033 commisso
1611 2979 1857 3043 arduam,
1885 2979 2147 3048 utcupie-

565 3072 679 3134 bat,
706 3070 901 3134 vitam,
922 3071 991 3124 ob
1035 3070 1320 3140 pastoralis
1374 3071 1632 3126 custodia:
1671 3085 1879 3136 curam,
1929 3071 2149 3124 minime

570 3176 789 3215 servare
812 3170 1014 3228 posset,
1048 3160 1334 3215 Bernensis
1377 3160 1527 3215 urbis
1563 3176 1760 3230 pagum
1806 3160 1872 3215 ad
1903 3159 2152 3215 habitan-

538 3252 696 3319 rdum
748 3250 851 3304 sibi
882 3250 1067 3315 elegit.
1120 3249 1367 3305 Habetur
1409 3250 1679 3320 siquidem
1726 3250 1856 3305 illuc
1902 3249 2150 3320 qnmdam

534 3404 539 3407 _
572 3341 1031 3411 possessiuncula,
1068 3357 1228 3410 quam
1280 3340 1547 3411 gloriosus
1569 3356 1665 3395 rex
1692 3340 1918 3397 Carolus
1954 3340 2155 3395 Calvus

567 3431 813 3485 ecclesiae
859 3429 1188 3493 Fossatensi,
1243 3431 1533 3501 alibutique
1586 3430 1915 3498 Godofredo,
1956 3431 2148 3502 refugii

567 3538 733 3578 causa
771 3533 995 3594 propter
1032 3521 1465 3578 Normannorum
1496 3525 1949 3595 persecutionem,
1981 3524 2149 3590 dedit,

567 3613 622 3668 in
644 3627 751 3684 qua
775 3613 937 3668 etiam
971 3628 1167 3682 corpus
1195 3614 1367 3668 sancti
1400 3613 1571 3668 Mauri
1598 3612 1780 3668 multis
1810 3614 1968 3669 antiis
1999 3629 2152 3668 reve-

568 3715 756 3763 renter
786 3706 1021 3762 traditur
1051 3717 1453 3761 conservatum.
1483 3706 1611 3763 llluc
1656 3722 1788 3778 ergo
1817 3705 1930 3775 jam
1975 3706 2150 3762 dictus

565 3799 755 3861 abbas.
804 3799 1027 3853 arduum
1055 3814 1152 3868 pro
1194 3798 1410 3853 Christo
1454 3814 1724 3868 peragens
1759 3798 1947 3862 vitam,
1979 3797 2149 3852 multo

571 3902 818 3961 tempore
843 3897 1198 3946 conversatus
1229 3898 1331 3944 est.
1376 3889 1493 3956 Quo
1533 3902 1784 3959 pergens,
1842 3886 2149 3956 ibidemque

569 3995 889 4051 permanere
918 3979 1258 4044 desiderans,
1285 3979 1532 4035 baculum
1560 3994 1705 4035 cura:
1739 3977 2029 4048 pastoralis
2056 3992 2151 4047 per

568 4073 655 4126 sui
679 4072 881 4126 servitii
897 4071 1225 4136 ministrum,
1243 4070 1461 4126 nomine
1478 4068 1772 4133 Vaherutn,
1790 4084 1947 4139 quem
1963 4067 2076 4137 ipse
2094 4068 2148 4122 iu

570 4164 783 4219 Domini
836 4164 1029 4219 timore
1083 4164 1422 4227 nutriverat,
1485 4162 1745 4217 fratribus
1828 4161 2145 4222 transmisit,

570 4255 831 4309 mznlaus
900 4262 958 4307 ut
1023 4253 1127 4309 sibi
1200 4254 1496 4308 secundum
1559 4251 1760 4306 Christi
1816 4252 2147 4310 voluntatem

567 4347 789 4415 dignum
822 4354 1094 4415 pastorem
1123 4344 1403 4415 eligerent.
1439 4343 1552 4398 lloc
1577 4359 1709 4411 ergo
1739 4344 2024 4397 eoinohine
2054 4359 2151 4395 an-

2247 522 2551 577 animarum
2602 538 2790 578 curam
2841 523 3056 594 penitus
3106 522 3421 593 reliquerat.
3469 524 3607 580 Cum
3643 535 3817 581 autem

2247 609 2350 681 ipsi
2378 610 2473 666 Dei
2499 626 2656 667 servo
2677 612 2780 667 hoc
2807 611 3114 667 nuntiatum
3150 609 3360 680 fuisset,
3397 613 3552 668 valde
3594 625 3820 672 mestus

2245 701 2501 771 efﬁcitur,
2539 703 2799 774 ignorans
2832 705 2963 774 quid
3012 719 3175 776 agere
3217 717 3311 759 aut
3349 720 3457 775 quo
3505 721 3565 761 se
3616 717 3825 766 vertero

2246 794 2490 848 deberet.
2540 794 2777 850 Tandem
2821 795 3115 850 meditatus
3144 795 3200 849 in
3246 794 3408 851 corde
3440 812 3560 861 suo,
3606 795 3818 851 confor-

2250 895 2395 941 tante
2425 887 2572 941 illum
2599 885 2843 949 Domino,
2883 886 2975 956 qui
2999 896 3280 957 sperantes
3308 887 3443 941 inse
3465 904 3572 943 non
3603 889 3824 954 deserit,

2250 974 2466 1031 salubre
2491 976 2773 1031 consilium
2821 976 3042 1048 reperit.
3084 974 3217 1031 Nam
3243 988 3464 1046 repente
3511 977 3584 1031 ad
3616 976 3826 1031 Clunia-

2247 1082 2369 1121 eum
2402 1066 2485 1121 sui
2518 1067 2753 1122 casnobii
2789 1066 2967 1122 locum
2997 1066 3174 1122 rediit.
3202 1067 3387 1138 ibique
3416 1067 3553 1121 duos
3584 1065 3823 1129 abbatis,

2246 1158 2338 1229 qui
2369 1166 2490 1226 post
2518 1157 2690 1227 ipsum
2722 1157 2774 1211 in
2809 1157 2912 1212 sibi
2940 1158 3231 1214 commisso
3257 1158 3377 1214 loco
3405 1157 3653 1212 ordinati
3688 1169 3819 1221 sum,

2247 1246 2572 1317 supervixit,
2595 1256 2757 1316 atque
2787 1247 2839 1301 in
2867 1257 3051 1303 sancta
3103 1249 3541 1313 conversatione,
3567 1258 3632 1301 ut
3659 1262 3825 1315 emisi.

2252 1348 2360 1402 rat,
2384 1338 2706 1408 permansit.
2740 1336 2906 1392 Nemo
2942 1339 3088 1394 enim
3127 1338 3340 1393 illorum
3371 1339 3461 1392 diu
3502 1339 3696 1392 vivere
3745 1355 3829 1407 po-

2248 1429 2386 1494 tuit,
2424 1429 2573 1497 quia,
2620 1429 2829 1483 Domini
2868 1430 3188 1498 disponente
3227 1428 3453 1498 judicio,
3508 1439 3829 1499 potestatein

2246 1518 2527 1589 regiminis
2572 1518 2785 1572 nonnisi
2845 1519 3081 1588 quinque
3127 1519 3285 1573 annis
3324 1528 3641 1574 tenuerunt.
3682 1518 3829 1572 Com-

2245 1608 2847 1678 pletoigiturtermino,
2882 1609 2976 1678 qui
3021 1612 3285 1679 praeteriri
3332 1626 3434 1664 non
3485 1619 3699 1681 potest,
3733 1609 3828 1662 ibi-

2246 1698 2366 1753 dem
2397 1697 2630 1753 feliciter
2656 1698 2789 1752 obiit
2818 1699 2917 1752 sub
2943 1699 3030 1752 die
3072 1698 3259 1755 iduum
3302 1698 3735 1770 Septembrium.
3757 1695 3836 1753 Ad

2245 1787 2400 1856 cujus
2434 1790 2765 1859 sepulcrum,
2799 1799 2855 1842 nt
2906 1788 3112 1844 referre
3158 1790 3483 1853 audivimus,
3535 1789 3705 1844 multi
3755 1789 3833 1843 in-

2245 1879 2386 1933 lirmi
2411 1892 2596 1949 postea
2631 1879 2918 1935 sanitatem
2952 1888 3293 1947 receperunt.

2316 1971 2410 2026 llis
2443 1988 2572 2043 ergo
2599 1973 2668 2026 ita
2703 1972 2956 2037 narratis,
2996 1972 3062 2025 ad
3100 1987 3163 2025 ea
3191 1987 3311 2041 qua:
3340 1972 3545 2024 omissa
3588 1980 3720 2025 sunt
3757 1986 3833 2023 re-

2243 2063 2492 2119 Declatnr
2540 2064 2734 2135 stylus.
2802 2064 3003 2117 Audito
3062 2061 3244 2133 itaque
3300 2078 3395 2119 rex
3451 2063 3604 2131 quod
3662 2060 3833 2117 taliter

2245 2154 2598 2225 patcr'l'euto
2634 2154 2809 2208 locum
2861 2154 3166 2223 fratresque
3210 2152 3545 2221 reliquisset,
3604 2161 3835 2207 tractare

2245 2248 2344 2301 soil
2372 2247 2477 2300 cite
2507 2262 2627 2299 cum
2661 2244 3065 2301 vcnerahililms
3092 2244 3245 2309 viris,
3272 2243 3599 2297 Bnrcharilo
3627 2244 3831 2298 scilicet

2245 2349 2410 2407 atque
2447 2336 2712 2391 Rainaldo
2758 2335 3007 2405 praesule,
3057 2335 3244 2405 coepit,
3283 2334 3562 2404 quomodo
3617 2351 3686 2387 ex
3740 2335 3834 2386 Do-

2246 2431 2376 2485 mini
2411 2429 2688 2483 voluntate
2732 2429 2905 2498 ipsnm
2939 2427 3115 2483 locum
3157 2425 3411 2480 ordinare
3441 2434 3696 2496 possent.
3739 2426 3833 2491 Qui

2246 2524 2438 2579 solerti
2458 2521 2722 2576 industria
2742 2520 3077 2584 cmnnteniti,
3106 2519 3270 2572 ﬁlium
3295 2517 3586 2573 llaimonis
3602 2517 3834 2575 comitis,

2249 2616 2470 2670 fratrem
2514 2613 2683 2683 ipsius
2735 2610 2996 2680 episcopi,
3047 2610 3264 2665 nomine
3314 2608 3721 2671 Tlieobaldutn,
3750 2610 3838 2678 qui

2242 2707 2355 2776 jam
2396 2706 2648 2762 cwnobio
2686 2704 3080 2758 Cormariccnsi
3122 2711 3372 2773 praeerat,
3424 2703 3493 2755 ad
3538 2719 3605 2755 se
3658 2704 3835 2757 venire

2249 2797 2584 2867 praecipiunt.
2615 2795 2711 2850 Cui
2746 2811 2835 2848 rex
2875 2795 3077 2847 donum
3121 2792 3352 2848 abbatis:
3384 2792 3558 2853 dedit,
3606 2809 3839 2861 eumque

2248 2899 2456 2960 patrem
2487 2888 2879 2943 monachorum
2907 2885 3025 2941 fore
3046 2885 3349 2948 constituit,
3376 2885 3505 2953 quia
3540 2894 3602 2937 et
3634 2885 3750 2952 ipse
3773 2898 3835 2937 ex

2248 2980 2700 3036 Cluniacensibns
2760 2987 2925 3042 erat,
2978 2986 3144 3047 atque
3196 2975 3371 3030 sancti
3423 2975 3609 3044 patris
3665 2973 3837 3027 Maioli

2254 3069 2595 3124 institutione
2628 3067 2852 3121 edoctus
2898 3065 3095 3120 fuerat.
3125 3063 3414 3120 Nobilitate
3457 3074 3652 3119 autem
3687 3062 3837 3129 hujus

2255 3161 2444 3215 nmndi
2488 3159 2734 3215 sublimis
2763 3175 2946 3214 comes
2985 3175 3092 3213 non
3143 3158 3315 3213 solum
3351 3158 3403 3211 in
3447 3158 3572 3212 loco
3626 3158 3694 3211 de
3737 3172 3837 3225 quo

2252 3269 2435 3310 sermo
2462 3256 2662 3325 agitur,
2713 3268 2904 3308 verum
2946 3251 3111 3307 etiam
3157 3266 3255 3320 per
3292 3250 3459 3305 multa
3503 3251 3837 3312 mrmasteria

2252 3345 2405 3417 regni
2446 3343 2780 3399 Francorum
2830 3343 2995 3397 multa
3028 3342 3168 3397 bona
3221 3341 3481 3405 contulit,
3538 3343 3693 3396 inter
3724 3356 3836 3410 qtae

2252 3438 2558 3493 emnobium
2594 3436 2781 3491 Sancti
2806 3435 2950 3490 Petri
2983 3435 3374 3495 blilidunensis,
3401 3434 3546 3501 quod
3578 3433 3836 3501 Signinns

2251 3528 2602 3598 archiprzrsnl
2633 3526 2968 3581 Senoncnsis
2989 3525 3261 3580 :cdiﬁcare
3290 3534 3555 3594 catpct‘al,
3604 3521 3834 3595 propriis

2253 3620 2567 3674 muneribus
2619 3619 2795 3672 ditare
2822 3617 3046 3671 studuit.
3080 3615 3249 3670 Erant
3288 3624 3468 3668 autem
3516 3626 3575 3668 et
3625 3616 3683 3669 in
3720 3612 3836 3669 aliis

2250 3712 2402 3784 pagis
2441 3713 2670 3782 plurima
2716 3712 2765 3767 ei
2820 3718 3032 3777 castra,
3086 3724 3151 3763 ex
3209 3709 3404 3779 quibus
3460 3705 3837 3763 V’endocinum

2252 3802 2602 3876 (Vendome),
2664 3803 3019 3859 Lavarzinnm
3077 3800 3417 3874 (Laeardiu),
3465 3809 3522 3854 rt
3576 3799 3834 3855 Montem.

2251 3910 2477 3950 aureum
2510 3893 2786 3967 (Hontoir)
2819 3895 3037 3965 proprio
3071 3892 3338 3947 retinebat
3372 3892 3645 3957 dominio,
3678 3906 3833 3947 exce-

2249 3987 2358 4058 ptis
2382 3986 2524 4050 aliis,
2554 4001 2785 4055 quormn
2817 3986 3033 4040 nomina
3068 3984 3198 4037 mihi
3238 3983 3417 4051 ignota
3464 3983 3739 4045 existunt,
3782 3991 3831 4041 et

2251 4090 2371 4145 quie
2416 4076 2568 4129 multi
2618 4076 2818 4130 milites
2846 4073 3094 4130 beneﬁcii
3141 4084 3195 4126 et
3248 4072 3528 4127 lidelitatis
3561 4074 3738 4142 gratia
3766 4074 3834 4125 ab

2251 4167 2370 4234 ipso
2400 4167 2771 4235 possidebant.
2801 4165 2998 4219 Statuit
3024 4164 3253 4232 denique
3299 4165 3580 4217 decretum
3625 4172 3689 4217 ut
3715 4164 3829 4232 qni-

2251 4272 2466 4325 cnnque
2510 4255 2747 4310 ﬁdelium
2785 4268 3004 4310 suorum
3046 4268 3112 4307 ex
3158 4253 3272 4306 suis
3314 4252 3507 4306 castris
3537 4251 3705 4306 vellet
3740 4251 3833 4304 alia

2251 4362 2411 4415 quam
2436 4356 2641 4416 partem
2670 4355 2935 4400 terrarum
2958 4344 3200 4398 ecclesia:
3229 4342 3539 4397 Fossatensi
3572 4343 3829 4402 tribuere,

571 4439 804 4502 dientes,
845 4436 1001 4491 valde
1057 4436 1237 4490 mirati
1287 4447 1451 4504 atque
1501 4435 1685 4490 tristes
1716 4434 1912 4497 eliecti,
1961 4435 2143 4489 comiti
2176 4453 2224 4512 ι)
2253 4437 2477 4492 liberam
2527 4438 2752 4491 haberet
2790 4436 3065 4490 licentiam
3112 4433 3296 4498 dandi,
3342 4435 3548 4504 absque
3587 4433 3830 4502 jussione

569 4529 837 4598 praecipuo
865 4543 929 4582 ac
963 4526 1078 4596 ejus
1108 4527 1218 4581 ﬁlio
1250 4525 1582 4583 Parisiorum
1633 4527 1849 4596 przcsnli
1879 4526 2147 4582 llainaldo

569 4620 815 4687 protinus
838 4618 1159 4674 studuerunt
1189 4619 1553 4674 innotescere.
1583 4618 1658 4673 illi
1690 4631 1869 4672 autem
1897 4618 2012 4672 inec
2032 4634 2148 4672 om-

512 4775 517 4781 ,
570 4712 661 4769 nia
699 4698 843 4779 regis
885 4709 1110 4765 auribus
1159 4709 1528 4764 innotuerunt.
1579 4707 1919 4764 Venerabilis
1965 4719 2145 4763 autem

571 4810 727 4871 pater
756 4799 947 4865 Tento,
978 4800 1030 4854 in
1058 4799 1170 4869 jam
1203 4799 1344 4855 dicta
1383 4799 1509 4854 villa
1536 4800 1720 4854 multis
1763 4800 1952 4854 diebus
1994 4816 2145 4853 com-

514 4944 517 4945 ν
569 4904 829 4959 moratus,
861 4897 913 4948 in
938 4892 1164 4965 jejuniis
1187 4904 1241 4948 ct
1269 4895 1632 4958 orationibus,
1662 4902 1826 4963 atque
1856 4894 1908 4947 in
1937 4891 2147 4947 cunctis

572 4986 835 5040 bonorum
859 5000 1083 5056 Operum
1117 4986 1561 5051 cxhibitionibns,
1590 4986 1910 5055 inquautum
1939 4982 2147 5038 homini

578 5076 790 5130 mortali
821 5077 1077 5147 possibile
1120 5077 1240 5140 fuit,
1270 5077 1379 5133 Deo
1404 5077 1503 5132 sibi
1527 5093 1681 5148 opem
1708 5076 1938 5139 ferente,
1962 5075 2148 5127 solita-

575 5169 711 5221 rTam
739 5169 945 5240 peregit
972 5171 1161 5226 vitam.
1193 5170 1542 5225 Postmodum
1572 5186 1700 5224 vero
1721 5170 1942 5239 cupii-ns
1971 5169 2146 5221 locum

573 5256 676 5311 sibi
697 5261 1065 5325 commissum,
1090 5260 1395 5332 fratresque
1413 5277 1548 5329 quos
1577 5259 1868 5329 reliquerat
1890 5259 2145 5322 revisere,

573 5362 747 5392 "sum.
807 5351 872 5392 ml
910 5349 1266 5392 Nnvionnlnm
1324 5351 1921 5392 annnnLunr-Mnrnnl
1982 5365 2147 5392 nrnnp.

2249 4544 2470 4583 suorum
2524 4542 2900 4581 successorum
2929 4566 2943 4590 ,
2997 4524 3258 4594 quidquid
3321 4522 3506 4578 animo
3563 4521 3826 4578 libuisset.

2249 4621 2403 4688 Quod
2440 4635 2472 4675 a
2520 4619 2844 4690 quibusdam
2897 4625 3196 4681 servatura,
3233 4625 3420 4687 postea
3466 4614 3636 4669 multa
3678 4613 3832 4667 nobis

2249 4712 2428 4785 largiti
2471 4720 2617 4767 sunt.
2646 4710 2881 4767 Dederat
2919 4718 3101 4764 autem
3142 4709 3356 4763 cuidam
3388 4722 3488 4761 suo
3516 4706 3827 4776 pra-posito,

2248 4804 2469 4858 nomine
2502 4803 2730 4867 Badoni,
2760 4817 2825 4856 ac
2853 4801 3063 4855 duobus
3099 4801 3266 4869 ipsius
3307 4799 3632 4855 itmredibus.
3665 4799 3830 4866 quod.

2248 4895 2377 4950 dam
2410 4895 2734 4950 beneﬁcium
2762 4893 2943 4947 taliter
2970 4902 3050 4957 ut,
3072 4891 3263 4944 diebus
3289 4906 3400 4945 sua:
3430 4889 3576 4954 vita‘,
3609 4903 3826 4941 censum

2251 4984 2423 5053 ipsius
2459 4983 2788 5038 monasterio
2832 4980 3226 5051 persolverent,
3270 4979 3321 5034 id
3364 4988 3450 5033 est
3481 4993 3629 5032 Lxxn
3677 4991 3828 5030 nun:-

2251 5089 2406 5137 mos;
2442 5073 2548 5127 illis
2576 5088 2706 5126 vero
2752 5072 2819 5126 ab
2849 5073 2950 5126 hac
2982 5070 3102 5125 luce
3141 5068 3485 5131 substractis,
3521 5066 3693 5137 ipsam
3724 5074 3829 5118 ter-
3872 5064 3880 5074 '

2250 5179 2367 5220 ram
2399 5175 2661 5234 perpetuo
2690 5161 2975 5217 coenobitte
3004 5160 3365 5231 possiderent.
3393 5156 3522 5221 Sed,
3546 5155 3654 5224 jam
3686 5154 3830 5207 dicto

2250 5254 2366 5308 viro
2417 5256 2671 5316 obeunte,
2717 5253 2860 5307 ﬁlius
2909 5251 3100 5320 ipsius,
3140 5249 3417 5303 Alrannus
3453 5246 3691 5307 nomine,
3734 5242 3827 5313 qui

2248 5347 2454 5392 nrimns
2480 5347 2651 5392 lin-res
2688 5345 2994 5392 oxsliterul-
3024 5343 3281 5392 cuinsoue
3315 5353 3509 5392 nomen
3552 5336 3603 5389 in
3637 5336 3827 5388 charta
