4020 5392
243 350 347 404 8ῧῖ

1460 355 1615 412 νιΤΑ
1653 351 2055 412 Βυιιαιιλιιοι
2088 349 2388 408 (ΞΟΜΠῚΒ.

3414 348 3519 405 858

246 468 388 522 Sunt
435 474 616 520 autem
668 479 794 533 ipsa
839 479 925 518 res
980 456 1093 519 non
1132 483 1359 538 magiae,
1407 468 1502 522 sed
1541 469 1829 523 admodum
1859 474 1906 531 Λ
1938 468 2077 521 hanc
2111 478 2299 519 vocem
2332 460 2474 517 servi
2518 461 2614 515 Dei
2645 469 2701 515 et
2726 460 2979 532 precibus
3000 461 3176 516 sancti
3209 462 3291 518 sui
3323 478 3519 519 exora-

245 571 467 626 Ianm,
522 554 641 609 sita:
671 556 723 609 in
769 554 1124 611 Parisiaceusi
1166 573 1303 627 pago
1349 574 1453 612 non
1488 557 1643 628 longe
1673 576 1702 612 a
1744 575 1833 613 ca-

245 646 408 703 stello
437 645 716 711 Corboilo,
755 645 850 699 sed
881 647 933 700 in
963 645 1194 702 circuitu
1224 648 1467 720 ejusdem
1496 649 1685 703 castri.
1721 647 1834 704 Hoc

245 746 336 793 est
361 737 416 791 in
449 735 576 790 villa
607 753 727 805 qua:
771 747 997 792 vocatur
1033 737 1233 803 Licias,
1264 738 1503 793 villulam
1544 755 1666 810 qnze
1700 740 1835 794 dici-

250 840 338 883 tur
362 828 765 898 Burgunnaria,
796 842 862 882 eo
892 829 1036 898 quod
1065 829 1136 885 ibi
1180 830 1592 901 Burgundiones
1623 830 1836 885 habita-

249 930 474 986 verunt,
516 921 605 975 ubi
637 922 868 976 habetur
910 922 1041 976 silva
1090 939 1212 978 cum
1256 933 1398 978 terra
1443 923 1659 978 arabili.
1703 921 1835 977 Item

248 1030 421 1083 prope
467 1022 707 1068 castrum
744 1012 1096 1081 farinaritnn,
1148 1017 1291 1087 quod
1345 1025 1567 1071 vocatur
1608 1014 1792 1069 Tolvia
1818 1055 1834 1080 ,

246 1120 376 1158 cum
432 1103 658 1158 dimidio
698 1104 961 1173 aripenuo
1001 1115 1182 1170 terrm,
1232 1105 1299 1160 ad
1342 1105 1742 1171 aedificandum,
1791 1107 1836 1160 si

250 1196 426 1249 fuerit
455 1213 616 1266 opus.
662 1196 716 1250 ln
764 1196 879 1265 ipso
927 1212 1146 1267 quoque
1186 1197 1303 1251 loco
1334 1196 1727 1266 aliquantulum
1771 1194 1838 1250 de

252 1294 404 1339 terra
454 1283 639 1339 Sancti
699 1273 981 1354 Stephani.
1032 1285 1240 1341 Ctetera
1296 1302 1425 1341 vero
1456 1295 1605 1350 sunt,
1659 1285 1710 1340 id
1754 1293 1840 1340 est

247 1389 444 1431 contra
475 1376 758 1431 castellum
810 1377 987 1432 sancti
1034 1377 1316 1447 Exuperii,
1356 1389 1411 1432 et
1453 1378 1507 1432 in
1532 1376 1739 1448 juniori
1783 1385 1838 1431 et

250 1472 308 1526 in
353 1472 525 1525 veteri
572 1471 849 1535 Corboilo,
897 1481 953 1526 et
1012 1471 1066 1526 in
1116 1473 1319 1538 Ateias,
1375 1481 1431 1526 et
1487 1471 1539 1525 in
1593 1470 1837 1535 Sosiaco,

247 1561 496 1630 atquein
525 1560 753 1615 Sintrio.
786 1559 915 1627 Qua:
942 1561 1035 1631 qui
1082 1572 1276 1615 etmcta
1321 1576 1547 1616 noscere
1573 1562 1744 1633 cupit,
1784 1561 1839 1615 in

248 1649 534 1714 chartula,
588 1650 703 1704 sive
731 1649 783 1704 in
842 1658 1166 1704 testamento
1215 1651 1436 1705 ltolzerti
1476 1651 1649 1722 regis,
1695 1651 1842 1721 quod

249 1758 399 1794 auito
430 1740 699 1794 incarnati
729 1739 888 1795 Verbi
922 1740 1081 1806 1038,
1109 1757 1252 1795 anno
1281 1758 1410 1796 vero
1440 1741 1592 1812 regni
1625 1743 1705 1795 sui
1739 1758 1836 1806 xn,

250 1835 455 1892 factum
484 1844 591 1900 est,
616 1843 802 1905 aperte
834 1835 1073 1904 reperire
1103 1836 1322 1889 valebit.

328 1924 406 1977 Eo
466 1924 634 1992 igitur
697 1933 978 1993 tempore,
1039 1925 1165 1978 dum
1230 1924 1564 1981 Francorum
1615 1941 1839 2001 regnum

249 2015 461 2086 Optima
492 2031 625 2084 pace
657 2030 687 2068 a
737 2013 975 2070 Robcrlo
1015 2016 1251 2086 glorioso
1279 2031 1403 2087 rege
1446 2015 1842 2088 gubernaretur

248 2118 307 2160 et
337 2106 582 2161 Ecclesia
626 2105 719 2161 Dei
749 2108 900 2176 pacis
944 2108 1236 2161 concordia
1309 2108 1629 2177 repleretur,
1661 2106 1842 2161 subito

250 2199 395 2253 ide.n
462 2213 689 2268 regnum
758 2198 993 2270 maligna
1066 2202 1424 2254 conturbatur
1483 2199 1837 2255 adversitate.

250 2283 409 2342 Unde
436 2288 636 2343 accidit
660 2296 723 2341 ut
747 2288 967 2358 quidam
998 2288 1157 2357 hujus
1182 2291 1386 2356 sa'enli,
1427 2300 1651 2345 ventosa
1683 2290 1838 2345 nobi-

248 2377 408 2431 litate
431 2379 715 2446 prtedives,
744 2378 1019 2441 Arnull‘us
1036 2379 1325 2444 vocitatus,
1351 2379 1642 2435 comitatus
1666 2378 1843 2437 ofﬁcio

246 2472 562 2540 insignitus,
610 2484 803 2527 contra
856 2474 1113 2527 domuum
1165 2473 1465 2530 Robertum
1513 2474 1839 2547 insurgeret,

251 2571 451 2615 cuneta
501 2577 626 2631 qua:
672 2559 792 2629 ejus
827 2564 1020 2617 ditioni
1069 2564 1310 2634 subjecta
1365 2565 1480 2620 fore
1519 2567 1843 2621 videbantur

252 2652 507 2706 incendio
531 2662 932 2717 concremaret,
964 2663 1019 2708 et
1052 2670 1115 2707 ea
1150 2654 1286 2708 unda
1315 2671 1435 2724 qua:
1458 2656 1660 2710 inferre
1688 2666 1839 2726 pote-

252 2752 341 2796 rat
373 2744 424 2797 in
453 2744 710 2800 munibus
734 2745 1037 2800 adhiberet.
1069 2746 1186 2813 Qua
1217 2747 1484 2801 discordia
1515 2749 1842 2817 praevalente

258 2846 315 2887 et
365 2835 564 2890 diaboli
596 2836 801 2891 sevitia
843 2847 1139 2908 praeeunte,
1168 2838 1476 2893 emnobium
1512 2839 1687 2892 sancti
1716 2838 1844 2893 Wa-

256 2926 413 2982 tarici
455 2927 625 2993 adiit,
658 2927 911 2983 incendio
941 2939 1136 2982 cuncta
1168 2944 1287 2998 qua:
1316 2930 1492 2998 potuit
1516 2945 1846 2985 concrema-

254 3017 353 3079 \it,
382 3026 543 3086 atque
574 3018 752 3087 ipsum
790 3032 988 3089 corpus
1019 3019 1351 3074 confessoris
1385 3019 1591 3074 Christi
1620 3021 1844 3090 proprio

253 3107 496 3179 dominio
525 3109 787 3164 subdidit.
814 3110 929 3178 Qua
958 3113 1023 3166 de
1053 3127 1111 3166 re
1149 3112 1367 3167 tristitia
1414 3129 1607 3184 magna
1650 3114 1840 3183 repleti

255 3199 547 3262 monachi,
606 3210 758 3255 tanto
815 3210 1061 3255 carentes
1113 3212 1384 3272 patrono,
1434 3203 1597 3257 celeri
1652 3218 1840 3273 gressu

255 3304 438 3358 regem
470 3288 805 3344 Francorum
848 3293 1067 3356 adeunt,
1096 3304 1384 3361 poscentes
1420 3303 1475 3347 ut
1498 3294 1579 3350 eis
1618 3310 1844 3349 suecur~

255 3396 381 3434 rere
428 3381 768 3450 dignaretur.
800 3382 901 3448 Qui
948 3382 1028 3439 eis
1075 3384 1417 3452 praesentiant
1461 3386 1542 3440 sui
1584 3387 1845 3441 exhibere

259 3492 367 3530 non
392 3476 605 3541 valens,
641 3477 903 3532 domuum
932 3478 1309 3535 Burcbardum
1340 3481 1619 3536 exorando
1652 3483 1846 3552 depre-

253 3576 438 3631 Catur,
494 3578 554 3621 ut
588 3568 674 3622 eis
720 3584 817 3623 sua
865 3569 983 3625 vice
1027 3581 1393 3637 succurreret,
1438 3582 1495 3626 et
1530 3568 1614 3629 eis
1645 3588 1846 3644 corpus

255 3669 534 3723 sanctum,
595 3676 706 3730 quo
746 3661 975 3724 valeret,
1021 3660 1301 3725 juvamine
1352 3663 1582 3718 reddere
1620 3665 1842 3720 faceret.

259 3751 621 3806 Veneraudus
650 3767 775 3808 vero
796 3751 1144 3807 Burcbardus
1165 3768 1350 3809 comes
1378 3754 1504 3808 illuc
1527 3754 1842 3819 adveniens,

256 3852 325 3894 oe
361 3841 454 3895 Dei
489 3843 662 3910 gratia
708 3844 870 3897 corde
911 3842 1213 3908 confidens,
1246 3844 1499 3899 comitem
1545 3843 1842 3901 Flandren-

256 3950 376 3987 sem
414 3933 569 3999 adiit,
632 3935 777 4003 regia
824 3934 1034 4004 profert
1076 3938 1265 4002 verba,
1303 3946 1361 3991 et
1404 3952 1528 3991 eum
1568 3938 1846 3992 exorando

256 4028 604 4095 deprecatur,
648 4036 918 4096 quatenus
965 4027 1297 4085 confessoris
1325 4028 1532 4086 Christi
1575 4032 1844 4095 membra,

256 4133 381 4186 qum.
409 4118 595 4188 iniqua
623 4119 925 4189 cupiditate
946 4119 1263 4184 sustulerat,
1289 4120 1566 4175 voluntate
1594 4131 1650 4175 et
1684 4123 1848 4177 mise-

257 4213 495 4264 licortlia
549 4211 643 4265 Dei
692 4222 1006 4282 prmennte,
1067 4213 1184 4266 solo
1234 4213 1544 4267 restitueret
1602 4213 1843 4282 proprio.

258 4303 389 4368 Qui,
419 4300 536 4370 ejus
581 4304 838 4372 precibus
873 4319 1157 4359 assensum
1196 4303 1463 4373 praebens,
1496 4319 1684 4373 pacem
1720 4303 1848 4358 fecit

256 4410 383 4448 eum
432 4409 556 4463 rege
593 4404 652 4449 et
690 4393 938 4457 Francis,
966 4396 1188 4463 etquod
1232 4409 1264 4447 a
1299 4402 1451 4449 tanto
1477 4396 1676 4449 cernite
1703 4404 1849 4464 pete-

1939 567 2024 613 tus
2053 556 2334 618 Dominus,
2364 551 2542 608 subito
2565 568 2877 623 aequoreum
2901 568 3052 609 mare
3079 554 3151 609 ita
3181 554 3413 610 divisum
3435 566 3520 610 est

1937 656 1994 702 ut
2041 644 2204 714 baiuli
2245 644 2419 699 sancti
2458 644 2727 714 corporis,
2773 652 2828 697 ct
2870 654 3100 699 cunctus
3129 646 3356 717 populus
3402 646 3519 701 lan-

1936 738 2114 793 dandu
2142 747 2196 791 et
2217 735 2587 791 benedicendo
2617 734 2900 789 Dominum
2927 733 3119 800 Deum,
3148 752 3268 790 cum
3306 751 3518 791 summa

1936 831 2116 886 laudis
2140 830 2449 895 devotione,
2482 827 2612 882 illud
2656 841 2966 896 {equorenm
3014 828 3178 882 maris
3201 829 3516 899 perieulum,

1938 923 2099 979 siccis
2150 922 2412 991 vestigiis,
2466 920 2673 989 absque
2725 918 2832 971 ullo
2878 918 3045 972 maris
3090 919 3351 986 periculo,
3398 934 3523 990 per-

1941 1013 2220 1068 transiret.
2282 1012 2358 1067 Ex
2420 1026 2528 1080 quo
2585 1009 2729 1064 facto
2778 1008 2907 1061 illud
2959 1008 3219 1064 Dominus
3263 1009 3524 1064 reiterare

1938 1103 2194 1176 dignatus
2216 1112 2301 1158 est
2329 1101 2651 1158 miraculum
2695 1099 2838 1171 quod
2885 1115 2980 1170 per
3010 1099 3230 1171 Moysen
3265 1099 3521 1155 famulum

1939 1212 2121 1261 suum,
2175 1194 2504 1267 fugientibus
2564 1194 2690 1249 filiis
2730 1192 2912 1256 lsrael,
2952 1208 3051 1263 per
3091 1192 3328 1247 medium
3375 1209 3525 1248 mare

1939 1290 2153 1360 operari
2178 1289 2432 1360 dignatus
2461 1294 2566 1342 est.
2591 1285 2725 1341 illud
2753 1300 2971 1356 quoque
2991 1286 3302 1340 ctenobium
3339 1286 3525 1339 multis

1941 1381 2269 1450 praediorum
2301 1393 2525 1434 suorum
2564 1376 3001 1448 possessionibus
3033 1376 3264 1431 ditatum
3297 1374 3527 1431 reddere

1942 1472 2187 1543 cupiens,
2222 1471 2391 1525 multa
2440 1469 2770 1525 intrinsecus
2816 1476 2869 1523 et
2896 1469 3241 1523 extrinsecus
3268 1467 3339 1523 ob
3368 1484 3526 1521 suum

1943 1575 2260 1637 perpetuum
2334 1562 2651 1619 memoriale
2722 1563 3003 1634 largiendo
3066 1562 3316 1617 contulit.
3372 1559 3528 1616 Unde

1942 1658 2107 1712 etiam
2166 1657 2367 1711 ibidem
2413 1656 2532 1710 dies
2592 1653 2953 1709 anniversarii
3006 1652 3174 1722 ipsius
3213 1652 3529 1706 solemniter

1942 1750 2272 1815 celebratur,
2322 1759 2580 1819 tanquam
2628 1748 2672 1803 si
2722 1763 2963 1818 pra‘scns
3009 1746 3119 1800 ill:c
3149 1745 3365 1800 adesset
3406 1761 3529 1798 cor-

1873 1818 1916 1876 "
1946 1858 2098 1911 pore.
2145 1842 2245 1909 Qui
2295 1818 2459 1896 etiam
2505 1839 2754 1893 testando
2784 1838 3128 1907 profitentur,
3179 1836 3222 1891 si
3272 1834 3528 1907 possibile

1942 1944 2108 1998 esset,
2142 1944 2200 1988 ut
2244 1933 2385 2003 apud
2431 1932 2551 1986 illos
2603 1945 2800 1999 corpus
2845 1929 2988 1983 illius
3035 1929 3348 1992 haberetur,
3380 1926 3524 1998 quod

1945 2026 2060 2081 fieri
2098 2041 2201 2079 non
2231 2024 2391 2087 valet,
2423 2022 2548 2092 quia
2582 2022 2683 2075 hoc
2732 2018 2992 2073 voluntati
3040 2018 3132 2072 Dei
3175 2017 3385 2087 placere
3414 2031 3525 2071 non

1944 2117 2297 2179 confidimus;
2330 2125 2510 2169 tamen
2551 2112 2695 2166 illius
2723 2109 3089 2163 venerandum
3120 2122 3318 2178 corpus
3362 2122 3531 2179 penes

1944 2207 2125 2262 sancti
2165 2203 2426 2262 Walarici
2472 2218 2670 2272 corpus
2706 2208 3022 2268 poneretur.
3062 2206 3330 2265 quatenus
3366 2211 3527 2266 quem

1945 2299 2218 2353 honorare
2240 2294 2447 2350 studuit
2484 2293 2536 2346 in
2567 2301 2731 2353 terra,
2773 2305 2896 2345 cum
2931 2289 3045 2359 ipso
3070 2302 3285 2358 quoque
3310 2302 3339 2339 a
3373 2285 3530 2340 Chri-

1944 2400 2030 2447 sto
2081 2387 2536 2444 honorillcaretur
2581 2384 2633 2437 in
2675 2383 2812 2438 coelo
2857 2390 2911 2437 et
2957 2382 3009 2436 in
3058 2391 3224 2436 terra.
3265 2377 3392 2441 Sed,
3446 2377 3531 2432 his

1943 2481 2182 2543 omissis,
2213 2479 2280 2532 ad
2314 2486 2559 2533 nostrum
2609 2472 2982 2529 llurrbardmn
3029 2473 3372 2527 i-t-llectantus
3398 2471 3533 2523 arti-

1944 2572 2149 2634 culum,
2194 2585 2258 2624 ac
2288 2568 2527 2638 qualiter
2557 2565 2625 2621 ad
2670 2580 2889 2620 sacrum
2930 2564 3175 2629 ordinem
3214 2559 3529 2622 accesserit,

1944 2672 1998 2717 et
2037 2662 2104 2715 ad
2142 2660 2419 2715 Christum
2463 2656 2805 2725 postmodum
2854 2652 3189 2724 pervenerit,
3232 2648 3533 2704 auxiliante

1949 2753 2200 2815 Domino,
2252 2757 2500 2803 vertatur
2533 2747 2725 2818 stylus,
2771 2754 2827 2800 et
2854 2743 3069 2799 cunctis
3109 2738 3532 2809 ltocignoranti-

1945 2847 2046 2901 bus
2094 2851 2281 2897 nostra
2330 2841 2581 2897 oratione
2626 2837 3022 2903 manifestaque
3062 2835 3272 2889 ratione
3318 2829 3532 2888 cunctis

1944 2937 2346 2991 demonstretur
2364 2929 2703 2987 mortalibus.

2016 3027 2219 3082 Diebus
2249 3027 2413 3095 igitur
2439 3022 2681 3092 praedicti
2716 3019 2950 3081 abbatis,
2985 3018 3139 3072 miles
3163 3015 3397 3070 invictus
3419 3012 3532 3068 Deo

1900 3165 1916 3183 ,
1950 3121 2176 3176 devotus
2205 3132 2388 3174 comes
2432 3114 2778 3169 Burchardus
2820 3113 2872 3165 in
2923 3108 3255 3164 infirmitatis
3303 3107 3532 3176 languo-

1951 3228 2063 3269 rem
2095 3211 2318 3267 decidit.
2350 3209 2459 3264 Sed
2500 3207 2757 3277 quoniam
2807 3203 2987 3258 murds
3015 3200 3160 3255 Illius
3197 3199 3289 3270 qui
3331 3196 3529 3266 recipi-

1949 3315 2103 3360 tura
2173 3305 2284 3359 Deo
2332 3297 2782 3363 misericorditer,
2836 3293 3158 3366 ﬂagellatur,
3216 3287 3534 3345 desiderans

1949 3395 2179 3452 inveniri
2237 3393 2470 3463 vigilans
2514 3391 2710 3444 anima!
2746 3404 2879 3452 suae,
2916 3395 3100 3441 custos
3147 3380 3371 3456 pervigil
3417 3379 3536 3434 exi-

1946 3499 2095 3544 stere
2153 3488 2423 3557 cupiebat.
2492 3483 2748 3537 Protinus
2793 3480 2939 3535 enim
2999 3477 3190 3533 militia
3249 3473 3529 3531 saeCularis

1947 3579 2351 3642 contemnitur,
2401 3574 2737 3630 monachalis
2780 3573 2888 3627 vita
2950 3570 3263 3641 appetitur,
3311 3565 3534 3622 caeleste

1950 3687 2172 3742 regnum
2223 3680 2335 3725 toto
2366 3668 2565 3723 mentis
2609 3666 2807 3720 intuitu
2854 3660 3279 3731 concupiscitur.
3321 3654 3533 3711 Formi-

1948 3777 2085 3817 oans
2106 3778 2236 3833 ergo
2265 3761 2457 3815 mortis
2491 3758 2791 3829 perieulum
2841 3756 3065 3811 minime
3092 3768 3250 3823 posse
3275 3749 3531 3812 evadere,

1949 3863 2174 3923 accepto
2201 3868 2336 3906 auro
2362 3861 2418 3907 et
2442 3859 2687 3920 argento,
2716 3847 3001 3919 palliisque
3040 3854 3096 3898 et
3134 3841 3314 3896 multis
3346 3855 3534 3892 motui-

1949 3946 2263 4003 sterialibus
2290 3944 2650 4005 ornamentis,
2685 3943 2738 3995 in
2772 3947 3088 3994 constructo
3112 3946 3168 3991 et
3194 3932 3458 3989 aediﬁcato
3502 3947 3532 3984 a

1949 4054 2007 4094 se
2046 4039 2166 4093 loco
2205 4035 2542 4092 mouacbalia
2596 4034 2909 4087 indumenta
2947 4029 3178 4100 requirit
3223 4036 3280 4082 et
3311 4024 3531 4094 accipit.

1951 4130 2038 4185 Fit
2065 4132 2243 4186 luctus
2283 4130 2474 4200 ingens
2520 4127 2588 4180 ab
2618 4124 2871 4179 omnibus
2908 4121 3244 4176 Francorum
3289 4114 3533 4187 proceri-

1948 4223 2071 4287 bus,
2122 4238 2152 4277 a
2210 4219 2517 4284 monachis,
2573 4233 2602 4273 a
2659 4216 2899 4278 clericis,
2944 4229 2973 4267 a
3020 4212 3214 4275 viduis,
3255 4226 3284 4263 a
3323 4205 3536 4264 cunctis

1950 4314 2235 4369 ordinibus
2272 4311 2560 4380 utriusque
2587 4323 2752 4362 sexus
2774 4316 2827 4362 et
2860 4306 3061 4367 :etatis,
3091 4317 3157 4357 eo
3196 4301 3338 4371 quod
3386 4300 3534 4369 ipso-

1951 4421 2071 4460 rum
2117 4414 2380 4474 patronus
2412 4418 2508 4457 eos
2558 4402 2831 4455 desereret
2867 4410 3003 4468 quos
3032 4393 3231 4450 aﬂ‘abili
3279 4390 3532 4453 consilio,

258 4487 423 4539 batur
458 4488 558 4542 cel.
578 4487 715 4541 riter
761 4487 1108 4557 adimpletur.
1164 4486 1410 4557 Cumque
1455 4489 1729 4542 venissent
1779 4488 1841 4542 ad

1956 4496 2268 4551 dulcissimo
2319 4493 2554 4561 alloquio
2612 4489 2922 4545 confortare
2979 4485 3206 4541 solebat.
3266 4482 3536 4550 Plangunt

254 4576 480 4632 ﬂuvium
521 4579 613 4648 qui
647 4577 873 4633 Summa
922 4578 1143 4642 dicitur,
1199 4588 1253 4632 et
1300 4579 1424 4632 inde
1477 4579 1709 4633 transire
1737 4580 1850 4635 vel-

258 4667 394 4731 lent,
448 4679 672 4738 repente
699 4663 872 4723 'tnare
918 4678 1152 4724 cernunt
1209 4671 1532 4735 inuudasse,
1590 4680 1645 4726 et
1704 4673 1846 4726 viam

259 4772 451 4817 sancto
468 4762 712 4832 corpori,
740 4762 1036 4831 comitique
1066 4763 1400 4827 Burchardo,
1432 4773 1488 4817 et
1515 4764 1729 4818 caneris
1753 4763 1848 4834 qui

258 4866 380 4913 cum
410 4869 475 4907 eo
504 4863 684 4919 erant,
731 4852 1023 4921 denegare.
1062 4851 1214 4906 Tunc
1253 4868 1458 4917 comes,
1506 4855 1597 4924 qui
1639 4852 1850 4923 bajnlus

259 4946 432 5000 sancti
471 4934 723 5015 corporis
754 4952 895 5004 erat,
945 4944 1159 4997 eunetis
1205 4945 1550 5000 audientibus
1579 4955 1633 4999 et
1680 4944 1848 4998 Deum

256 5042 370 5091 tota
397 5046 578 5093 mente
602 5036 1005 5105 ignorantibus,
1029 5035 1167 5090 dia-it
1192 5055 1204 5090 :
1236 5056 1256 5088 ι
1286 5036 1513 5092 Doruine
1538 5035 1665 5092 Jesn
1693 5037 1851 5092 Chri-

258 5139 341 5160 ..1η
388 5129 433 5160 οἶ
462 5129 843 5160 υἷι-ιιιοέηηηῖἶη
870 5128 1160 5160 νιιΙηιιιιιΙῖο
1205 5137 1308 5160 Cncn
1351 5127 1536 5160 Δτῖοιῖι
1564 5138 1614 5160 nl
1652 5142 1848 5160 Annon-aa

1952 4587 2134 4642 cuncti
2209 4585 2452 4650 milites,
2518 4583 2882 4637 lamentantur
2936 4576 3174 4633 universi
3226 4587 3533 4644 pauperes,

1951 4678 2208 4749 quoniam
2239 4675 2551 4731 consolator
2582 4675 2921 4733 ιιιὶεοιὈιειιιιι,
2959 4668 3275 4724 sublevatur
3300 4663 3533 4718 amictu-

1953 4785 2096 4837 rum,
2137 4777 2461 4823 cunctorum
2504 4767 2738 4821 militum
2782 4777 2907 4834 spes
2936 4774 2990 4815 et
3018 4756 3310 4826 refugium,
3340 4752 3409 4807 ab
3443 4768 3536 4807 eo-

1953 4877 2071 4916 rum
2124 4859 2546 4914 subtrabebatnr
2585 4855 2915 4925 aspectibus,
2962 4861 3018 4905 et
3067 4848 3169 4918 ipsi
3216 4843 3535 4914 prtesidium

1954 4955 2122 5007 l01ius
2166 4965 2278 5004 sua:
2314 4949 2507 5004 salutis
2555 4959 2613 5005 et
2643 4943 3032 5001 consolationis
3080 4935 3425 4994 amittebant.
3471 4934 3539 4989 At

1951 5054 2144 5099 contra
2192 5041 2497 5104 coenobitte,
2553 5036 2763 5101 Christi
2801 5035 2969 5099 servi,
3007 5034 3136 5088 licet
3184 5028 3250 5081 de
3286 5024 3406 5097 eius
3453 5027 3541 5081 in-

2703 5121 3000 5160 ηιιηὶοὶεσιηι
3041 5133 3243 5160 natura“-
3289 5118 3550 5160 nnnuiam

1955 5132 2238 5160 Αλ-..ΑαιιΑιΙΛ
2269 5141 2282 5160 Ι
2294 5131 2525 5160 μῖοιηιειιη
2537 5142 2553 5160 Ι
2571 5149 2637 5160 -..ι
