4020 5392
529 385 637 437 san
652 354 657 359 ’

1219 388 1469 448 ODOMS
1510 393 1935 453 FOSSATENIS
1972 391 2279 451 MONAlIlll
2332 392 2489 450 \‘l'l‘A
2524 387 2923 452 BUllCllAlllll
2970 389 3129 452 ($05!.
3699 398 3795 455 860

520 492 717 549 altaris
755 495 1057 552 ministeria
1107 492 1457 570 deputantur.
1506 502 1651 559 Inter
1683 505 1799 562 haec
1833 496 1965 577 ergo
2002 509 2109 568 duo

2220 503 2438 560 chorum
2500 506 2737 577 agmine.
2803 505 3030 578 Corpori
3091 506 3474 579 persolvuntur
3542 509 3793 579 obsequia

537 598 657 637 rasa
706 585 945 653 pretiosa
997 586 1063 641 ad
1112 586 1373 659 limpham
1427 592 1761 652 fundendum
1812 586 1929 656 sive
1970 604 2114 656 rcci-

528 672 781 743 piendam
836 677 889 729 in
952 679 1254 736 sacerdotis
1311 685 1601 754 manibus,
1673 704 1904 759 quorum
1949 709 2113 749 unum

526 769 860 840 manipulum
888 787 1164 842 vocamus,
1187 792 1253 832 eo
1290 780 1435 849 quod
1464 798 1624 838 manu
1654 785 1884 856 geritur,
1913 786 1966 842 in
2008 806 2116 860 quo

524 859 688 943 etiam
719 860 917 919 littera:
946 864 1221 922 habentur
1248 885 1371 940 qua:
1408 873 1642 945 Abagari
1703 876 1847 947 regis
1878 878 1945 933 ad
1990 859 2131 934 san?

525 951 746 1021 guinem
797 955 1150 1013 minuendum
1183 975 1309 1015 eum
1355 962 1522 1020 fuisse
1560 974 1847 1023 testantur.
1893 968 1950 1023 ln
1998 970 2116 1041 ipso

524 1058 743 1116 quoque
790 1046 907 1117 ipse
959 1064 1054 1105 rex
1104 1068 1227 1107 eum
1280 1069 1341 1111 se
1389 1055 1833 1125 phlebotomante
1899 1060 2116 1134 alioque

528 1132 633 1188 sibi
684 1138 980 1208 serviente,
1025 1158 1090 1197 ex
1141 1145 1380 1215 pretioso
1419 1163 1665 1221 puroque
1708 1168 1841 1208 auro
1869 1154 2115 1211 cernitur

531 1226 881 1300 imaginatus,
916 1242 1133 1305 tamque
1173 1239 1473 1308 pretiosum
1516 1257 1582 1297 ac
1623 1243 1881 1299 decorum
1928 1261 2023 1303 vas
2061 1247 2115 1303 in

530 1319 634 1376 hac
675 1325 846 1392 patria
893 1328 1115 1385 minime
1164 1331 1368 1389 dicitur
1416 1335 1670 1393 inveniri.
1720 1339 1924 1417 Toxlus
1951 1340 2115 1399 etiam

530 1412 653 1470 libri
683 1418 857 1473 sancti
886 1419 1183 1493 Evangelii,
1208 1426 1411 1497 optime
1438 1427 1635 1487 litteris
1665 1413 1847 1489 aureis
1869 1435 2115 1490 conscri-

528 1514 681 1576 ptus,
719 1523 855 1565 auro
900 1521 955 1567 et
997 1524 1223 1587 argento
1252 1525 1416 1588 atque
1453 1521 1620 1578 ebore
1671 1522 1845 1579 inciso
1889 1524 2119 1596 pulchre

529 1609 808 1669 operatus,
840 1602 1062 1660 minime
1100 1606 1292 1664 defuit.
1321 1609 1541 1668 Aureus
1567 1628 1783 1685 quoque
1810 1616 1960 1672 ensis
1991 1631 2116 1673 cum

530 1686 745 1760 cingulo
788 1706 976 1757 aureo,
1022 1709 1088 1750 ex
1119 1711 1227 1767 quo
1268 1702 1372 1756 hoc
1422 1717 1678 1772 magnum
1721 1706 2116 1762 monasterium

532 1779 737 1838 dicitur
781 1799 902 1842 esse
947 1786 1275 1858 inemptum,
1323 1809 1354 1847 a
1402 1783 1600 1851 lumbis
1647 1797 1945 1864 resolutus,
2000 1798 2117 1870 ejus

2217 599 2486 665 funebria,
2517 610 2762 655 sanctam
2799 600 2910 657 Deo
2940 602 3388 657 commendantes
3418 601 3691 657 animam.
3718 601 3798 657 Fit

2219 699 2441 761 repente
2480 691 2688 746 t-lamor
2731 706 2828 763 per
2866 692 3077 757 urbem,
3120 708 3219 764 per
3263 691 3510 756 castella,
3555 692 3705 747 viros
3747 701 3798 748 et

2217 780 2445 851 plateas.
2501 780 2848 838 Concurrunt
2896 783 3128 848 milites,
3170 784 3364 838 divites
3409 792 3463 838 et
3506 799 3794 854 pauperes,

2217 886 2372 926 senes
2392 884 2446 928 et
2462 870 2712 942 juvenes,
2738 874 2911 928 vidua:
2932 874 3255 946 etvirgines,
3280 875 3460 929 cuncti
3486 875 3801 945 plangente:

2216 970 2272 1016 et
2325 960 2605 1031 ejulantes,
2663 964 2855 1033 repleti
2906 965 3093 1020 dolore
3137 974 3193 1021 et
3250 966 3491 1021 miseria.
3554 966 3802 1035 Impletur

2216 1048 2475 1108 Fossatu's
2504 1054 2651 1110 luctu
2701 1065 2758 1110 et
2787 1055 2991 1128 gemitu
3025 1056 3309 1126 omnisque
3337 1055 3549 1111 doloris
3580 1056 3802 1127 plenitu-

2217 1140 2363 1208 dine,
2395 1141 2653 1199 amittens
2695 1155 2987 1215 patronum
3031 1160 3087 1202 et
3134 1147 3484 1206 advocatum.
3516 1162 3686 1217 quem
3716 1146 3802 1200 ba-

2216 1233 2348 1289 bere
2391 1236 2592 1289 meruit
2635 1236 2976 1292 defensorem
3006 1248 3062 1294 et
3097 1232 3496 1293 sublevatorem
3552 1237 3798 1292 ﬁdelissi-

2218 1338 2387 1377 mum.
2417 1323 2629 1380 Clamat
2658 1341 2718 1382 se
2743 1326 2967 1382 minime
2991 1327 3221 1399 amplius
3251 1327 3410 1381 talem
3435 1335 3801 1397 reperturum,

2217 1411 2371 1480 cujus
2397 1412 2683 1472 nobilitate
2705 1416 2933 1483 ditetur,
2955 1415 3109 1487 cujus
3130 1418 3332 1473 auxilio
3353 1427 3463 1472 tam
3494 1418 3803 1473 lldelissime

2229 1506 2538 1572 muniatur;
2577 1508 2671 1562 sed
2709 1509 2980 1566 morsibus
3018 1507 3208 1580 patere
3236 1508 3630 1581 malignorum,
3664 1509 3804 1563 iuva-

2218 1593 2371 1649 sione
2396 1594 2557 1667 diripi
2588 1596 2848 1660 hostium,
2865 1608 3028 1669 atque
3052 1611 3372 1655 cunctorum
3396 1599 3801 1655 adversantium

2222 1687 2556 1757 malignitate
2584 1689 2936 1747 circumdari.
2974 1693 3129 1760 Quod
3173 1693 3247 1747 ita
3285 1694 3642 1763 postmodum
3675 1691 3803 1745 acri-

2220 1776 2394 1843 disse,
2427 1774 2642 1835 cunctis
2675 1780 2835 1837 hodie
2864 1799 2962 1854 per
3003 1783 3194 1839 orbem
3240 1784 3571 1852 degentibus
3617 1783 3800 1838 claret.

531 1871 672 1928 dono
710 1873 907 1932 Ξιιιιηηε
937 1877 1059 1933 ειυίι⁸
1108 1880 1237 1937 Ile",
1269 1899 1363 1939 vas
1399 1887 1699 1956 pretiosum
1742 1889 1899 1946 valde
1941 1866 2119 1947 εχία,
2149 1887 2193 1946 υ
2222 1866 2495 1939 Sepelitur
2525 1871 2691 1941 igitur
2716 1883 2823 1927 tam
2864 1873 3060 1931 nobilis
3092 1875 3191 1930 viri
3220 1876 3470 1946 corporis
3501 1874 3662 1945 gleba
3686 1884 3802 1930 ante

528 1962 676 2034 pide,
707 1980 867 2036 quem
900 1969 1149 2026 berillum
1174 1973 1428 2042 dicimus,
1455 1992 1519 2031 ex
1543 1992 1652 2047 quo
1679 1994 1820 2050 aqua
1845 1980 1899 2034 in
1928 1988 2118 2036 sancto

528 2053 700 2113 calice
751 2056 1097 2129 fundebatur,
1153 2063 1441 2137 locumque
1471 2084 1580 2139 quo
1625 2070 1827 2128 milites
1868 2074 2117 2129 exerceri

533 2146 712 2205 solent
758 2152 1063 2209 cristallino
1112 2156 1292 2227 lapide
1353 2160 1559 2231 optime
1602 2173 1887 2232 operatum
1931 2179 2116 2221 secum

532 2239 744 2297 detulit.
793 2242 1085 2302 Servorum
1130 2264 1345 2320 quoque
1392 2261 1447 2308 et
1476 2254 1796 2312 ancillarum
1844 2256 2118 2313 inﬁnitum

535 2331 769 2389 contulit
806 2350 1116 2394 numerum.
1146 2339 1286 2408 Quid
1319 2341 1519 2411 plura?
1566 2361 1726 2401 nemo
1765 2347 1870 2403 hac
1901 2349 2117 2404 mortali

537 2438 706 2479 carne
748 2427 966 2499 tegitur,
997 2432 1087 2500 qui
1118 2444 1315 2488 cuncta
1356 2433 1473 2503 ejus
1524 2437 1664 2492 dona
1709 2438 1942 2509 pleniter
1979 2456 2116 2496 enu-

534 2530 751 2572 merare
812 2519 1009 2575 valeat.
1064 2521 1198 2579 Cum
1257 2541 1387 2597 ergo
1444 2535 1551 2582 tam
1607 2529 1877 2599 gloriosus
1934 2547 2120 2588 comes

535 2604 839 2664 innumeris
871 2609 924 2666 in
960 2612 1158 2669 smculo
1198 2613 1459 2672 claruerit
1495 2616 1814 2685 honoribus,
1845 2620 1976 2675 nulli
2005 2621 2115 2676 ba:-

531 2696 745 2761 redum,
765 2698 896 2754 nulli
925 2704 1247 2772 amicorum,
1272 2707 1404 2762 nulli
1432 2724 1656 2765 suorum
1680 2711 1919 2767 fidelium
1945 2722 2117 2778 tanta,

529 2789 774 2858 exceptis
810 2794 1030 2859 castris,
1086 2796 1337 2867 reliquit,
1388 2810 1590 2870 quanta
1639 2800 1751 2857 Deo
1801 2804 2120 2876 sanctisque

532 2877 649 2947 ejus
679 2882 733 2939 in
770 2883 891 2940 loco
917 2886 1019 2941 sibi
1063 2905 1175 2959 pra}
1197 2894 1410 2949 cunctis
1445 2893 1644 2953 dilecto
1681 2912 1780 2967 pro
1805 2896 1979 2953 salute
2009 2915 2120 2953 sua:

533 2969 730 3049 anima:
754 2975 1002 3033 contulit.

603 3059 774 3118 Sacro
802 3066 965 3135 igitur
1007 3070 1285 3127 schemate
1315 3073 1566 3146 religiose
1589 3075 1844 3145 indutus,
1876 3078 1930 3134 in
1959 3078 2119 3135 domo

536 3150 636 3207 sibi
656 3150 808 3220 juxta
835 3158 1123 3216 ecclesiam
1147 3175 1450 3235 praeparata
1479 3166 1727 3238 plurimis
1747 3171 1941 3228 diebus
1969 3172 2120 3228 infir-

530 3256 651 3299 mus
665 3244 855 3314 jacnit,
882 3255 1228 3336 postmodum
1252 3273 1471 3313 suorum
1497 3275 1776 3318 servorum
1801 3278 1991 3334 pseces
2016 3281 2115 3336 pro

528 3351 595 3392 eo
621 3352 837 3408 semper
866 3340 1206 3400 fundentium
1224 3332 1482 3406 dominus
1504 3353 1624 3421 pius
1643 3332 1891 3425 placatus
1915 3332 2116 3412 conva-

531 3427 738 3485 lescere
785 3433 974 3504 erepit,
1023 3447 1188 3507 atque
1232 3456 1356 3496 eum
1385 3445 1599 3500 caeteris
1628 3445 1781 3504 abire
1824 3448 2111 3507 fratribus.

531 3518 668 3575 Cum
708 3522 893 3611 itaque
920 3527 1139 3584 sanitati
1180 3533 1424 3590 redditus
1459 3535 1686 3594 Domino
1725 3538 1957 3596 fideliter
1995 3540 2114 3613 pla-

531 3627 657 3669 cere
691 3606 967 3685 studeret,
1000 3620 1075 3675 illi
1100 3622 1213 3695 jngi
1226 3635 1308 3679 ter
1343 3629 1550 3697 gratias
1582 3616 1852 3688 referebat
1881 3606 2117 3705 eumque

533 3704 725 3763 humili
756 3719 937 3766 mente
964 3711 1341 3781 benedicehat,
1371 3719 1497 3789 quia
1524 3735 1636 3777 suae
1657 3730 1859 3779 sancta:
1897 3704 2113 3783 miseri-

532 3799 734 3856 cordize
758 3803 993 3873 gratiam
1032 3805 1107 3861 illi
1134 3808 1299 3864 etiam
1344 3811 1398 3866 in
1427 3813 1531 3869 hoc
1558 3814 1752 3872 ordine
1774 3814 2112 3876 conferebat.

534 3892 831 3953 Servitium
878 3917 1096 3973 quoque
1156 3915 1361 3963 sanctae.
1420 3909 1710 3979 Ecclesia},
1760 3915 1901 3985 quod
1963 3932 2117 3975 more

528 3992 926 4049 etenobitarum
952 4012 982 4050 a
1005 3998 1206 4054 smeulo
1223 4003 1473 4060 conversi
1499 4005 1608 4061 Deo
1622 4007 1882 4065 exhibere
1895 4009 2114 4080 debent,

532 4079 647 4148 ipse
692 4081 775 4136 vir
816 4083 1188 4145 nobilissimus
1231 4091 1420 4148 humili
1468 4095 1760 4155 devotione
1803 4079 2113 4172 peragebat.

530 4168 772 4265 cumque
792 4174 841 4227 ei
868 4190 899 4228 a
924 4173 1184 4234 fratribus
1205 4180 1511 4257 diceretur:
1543 4184 1605 4242 Ut
1631 4189 1760 4258 quid
1787 4201 1894 4265 tam
1920 4168 2119 4249 nobilis

529 4257 616 4313 vir
649 4263 896 4319 saeculari
925 4267 1187 4338 dignitate
1221 4278 1540 4343 praecelsus,
1673 4287 1974 4343 senectutis
1997 4287 2114 4357 jam

529 4346 721 4449 labore
765 4352 994 4423 fractus,
1048 4375 1110 4416 se
1152 4363 1493 4437 humiliando
1537 4371 1777 4443 afﬂigere
1830 4346 2119 4449 dignatur?

530 4435 625 4495 ille
650 4445 1059 4520 respondebat:
1099 4469 1117 4503 σ
1156 4436 1471 4526 Si,inquit,
1506 4475 1629 4516 eum
1649 4435 2119 4528 'militari‘honore
2154 4504 2180 4513 η-

531 4530 854 4611 sublitnatus
882 4552 1080 4608 essem,
1098 4552 1282 4614 atque,
1314 4556 1374 4603 ut
1401 4549 1601 4619 dicitis,

533 4627 778 4699 agmine,
814 4633 1107 4711 comitatus
1136 4637 1399 4709 dignitate
1427 4641 1725 4714 fulgerem;
1755 4627 1979 4719 mortali
2006 4655 2119 4724 regi

533 4721 754 4782 lucerna
768 4727 1031 4800 indigenti
1051 4748 1270 4790 cereum
1298 4753 1462 4794 manu
1490 4743 1894 4811 anteferebam,_
1914 4721 2121 4816 quanto

534 4817 707 4889 magis
756 4835 902 4876 nunc
955 4820 1249 4880 immortali
1303 4827 1619 4900 Imperatori
1667 4833 1837 4889 debeo
1887 4837 2119 4904 servire,

532 4918 699 4979 atque
719 4921 845 4969 ante
869 4914 1045 4983 ipsum
1079 4917 1405 4976 candelabra
1431 4922 1678 4979 ardentia
1719 4928 1974 4985 manibus
1995 4944 2119 4986 cum

534 5003 872 5063 exhibitione
908 5008 1233 5067 humilitatis
1270 5025 1585 5072 reverenter
1611 5016 1795 5074 ferre?
1833 5039 1854 5074 ι
1893 5021 2005 5078 Hoc
2034 5022 2120 5077 di-

534 5110 669 5151 cens
696 5108 753 5154 et
779 5115 967 5170 agens,
999 5120 1253 5174 magnum
1283 5107 1351 5164 de
1371 5123 1430 5163 se
1460 5110 1786 5168 humilitatis
1811 5114 2120 5185 exemplum

533 5187 750 5234 cunctis
788 5190 1095 5234 νίἀρηιὶιιιιει
1136 5205 1190 5234 ιη
1242 5199 1584 5234 magnast-.2,

1635 5206 1967 5234 η-ΛηΛηηιιιιο
2031 5205 2122 5234 ας..

2221 1961 2428 2016 vultum
2474 1964 2651 2018 nostri
2692 1963 3072 2036 Redemptoris
3099 1962 3153 2022 in
3182 1967 3362 2033 domo,
3390 1967 3478 2021 ubi
3516 1966 3716 2020 fratres
3742 1965 3803 2020 ad

2224 2054 2551 2110 matutinum
2602 2065 2659 2112 et
2712 2057 3009 2114 serotinum
3054 2061 3447 2116 conveniebant
3491 2058 3804 2132 capitulum,

2223 2142 2561 2201 Studucrunt
2604 2158 2786 2204 autem
2831 2152 3039 2222 antiqui
3084 2162 3272 2224 patres
3312 2154 3430 2221 ejus
3475 2152 3803 2209 mausoleum

2226 2233 2424 2289 talibus
2486 2237 2746 2294 decorare
2788 2241 3103 2306 versiculis,
3155 2258 3265 2312 quo
3314 2244 3431 2314 ejus
3486 2254 3804 2317 perpetuum

2224 2314 2543 2405 iacntoriale
2573 2328 2692 2384 sine
2721 2329 2828 2385 line
2856 2342 3102 2387 maneret
3135 2333 3462 2390 inviolabile.

2374 2441 2466 2512 Hic
2491 2444 2563 2512 vir
2584 2457 2791 2512 magnus
2813 2454 2922 2512 erat
2945 2448 3186 2511 quondam
3200 2450 3326 2512 dum
3347 2463 3560 2511 corpore
3581 2452 3716 2512 vixit,

2374 2502 2582 2570 lfuiniue
2604 2502 2928 2569 Barchardus,
2954 2502 3042 2570 per
3067 2511 3227 2560 mundi
3254 2502 3450 2561 elimati
3475 2502 3645 2560 notus.

2374 2564 2543 2634 Celsus
2565 2576 2672 2634 erat
2700 2564 2926 2634 meritis,
2943 2564 3087 2621 dictis
3109 2570 3345 2634 factisque
3371 2575 3660 2621 molestus:

2384 2626 2690 2698 Pauperibus
2712 2626 3078 2698 largus,'vitl_uis
3101 2626 3381 2698 pet-cuncta
3407 2635 3675 2698 benignus.

2382 2687 2539 2756 ipsius
2561 2704 2624 2739 en
2649 2687 2825 2756 corpu-4i
2850 2687 3035 2743 tumulo
3058 2687 3326 2756 requiescit
3350 2698 3396 2745 in
3426 2687 3541 2752 ista:

2378 2749 2581 2801 Martius
2606 2749 3016 2817 ostenditquarto
3038 2749 3277 2819 migrasse
3303 2749 3553 2807 Kalendas

2221 2850 2315 2905 llla
2347 2862 2529 2907 autem
2563 2854 2744 2909 tabula
2780 2857 3011 2925 sepulcri
3066 2858 3232 2927 ipsius
3262 2859 3331 2912 ab
3360 2858 3801 2915 antecessoribus

2223 2942 2424 2999 nostris
2447 2945 2651 3015 optime
2677 2957 2900 3018 operata
2924 2963 2989 3004 ac
3009 2950 3262 3005 decorata
3289 2947 3405 3012 lhit,
3434 2965 3606 3020 super
3627 2959 3801 3019 pectus

2222 3029 2339 3097 ejus
2374 3050 2507 3089 t-rux
2546 3035 2806 3092 deaurata
2837 3054 2961 3094 cum
3008 3038 3204 3095 litteris
3240 3064 3275 3096 α
3302 3051 3358 3095 et
3384 3064 3425 3095 ω
3460 3041 3797 3112 superposita

2222 3120 2360 3176 fuit:
2392 3132 2447 3178 et
2468 3139 2564 3179 nos
2590 3140 2806 3196 quoque
2842 3128 3087 3197 pueritiae
3115 3138 3316 3184 nostra:
3350 3138 3600 3201 tempore
3632 3130 3799 3185 oculis

2146 3230 2191 3292 ρ
2223 3215 2426 3272 nostris
2453 3215 2807 3287 inspeximus.
2827 3217 2957 3286 Qtue
2971 3229 3167 3275 cuncta
3192 3221 3563 3292 postmodum,
3583 3220 3800 3277 uthodic

2220 3313 2392 3376 patet,
2424 3306 2640 3375 penitus
2677 3306 2949 3362 destructa
2974 3308 3235 3363 existunt.

2289 3394 2630 3451 Venerabilis
2655 3411 2872 3467 quoque
2917 3396 3154 3453 Elisabet
3194 3398 3477 3455 comitissa
3518 3414 3664 3455 uxor
3689 3397 3796 3469 ejus

2216 3484 2466 3538 eumdem
2489 3483 2666 3540 locum
2694 3486 2989 3542 secundum
3014 3501 3175 3543 sexus
3201 3488 3283 3543 sui
3314 3497 3569 3543 naturam
3602 3490 3796 3559 magnis

2219 3575 2532 3631 muneribus
2582 3575 2759 3632 ditare
2804 3577 3041 3640 studuit,
3079 3593 3200 3649 qua:
3248 3593 3279 3633 a
3323 3579 3522 3633 steculo
3572 3580 3796 3650 migrans

2219 3668 2418 3725 ibidem
2460 3670 2669 3741 sepulta
2716 3670 2881 3741 jacet.
2923 3671 3089 3743 Cujus
3119 3672 3301 3727 obitus
3338 3672 3455 3729 dies
3509 3676 3697 3745 agitur
3733 3686 3794 3725 xv

2218 3759 2338 3816 Kal.
2371 3758 2720 3815 Februarias.
2755 3761 2921 3832 Cujus
2950 3763 3113 3819 etiam
3140 3764 3495 3836 polyandrum
3532 3766 3622 3822 his
3652 3765 3798 3821 dero.

2220 3862 2373 3908 ratur
2396 3853 2679 3909 versiculis
2706 3870 2720 3909 :

2372 3986 2475 4056 llo:
2498 3987 2672 4056 placuit
2700 3987 2901 4056 Domino
2928 3964 3061 4056 vivos
3082 3970 3389 4056 conjungere
3424 3993 3590 4056 binos,

2438 4047 2507 4098 Et
2525 4047 2781 4114 polyandra
2803 4052 2947 4114 simul
2967 4047 3465 4114 jungerésie'voluit.

2373 4109 2480 4179 Hoc
2502 4109 2786 4179 quicunque
2811 4109 3209 4179 legis,'per7solve
3232 4120 3443 4166 carmina
3468 4116 3666 4179 malmi,

2436 4169 2651 4235 Spiritus
2680 4169 2732 4225 ut
2758 4169 2956 4226 valeant
2980 4169 3222 4227 Scandere
3242 4189 3392 4241 regna
3415 4169 3513 4237 poli

2221 4293 2349 4351 llaec
2392 4295 2461 4351 de
2506 4296 2691 4354 multis
2738 4298 2956 4354 comitis
3002 4299 3170 4370 gestis
3211 4299 3443 4357 sufﬁciat
3486 4317 3782 4359 enarrasse.

2221 4384 2363 4440 Sunt
2390 4387 2628 4457 denique
2661 4387 2944 4445 innumera
2971 4390 3235 4447 bonorum
3259 4390 3379 4463 ejus
3405 4409 3635 4465 operum
3660 4404 3791 4455 aeta,

2220 4494 2342 4550 «pne
2387 4480 2608 4536 fastidio
2639 4481 2999 4552 eompellente
3032 4482 3417 4554 relinquimus,
3446 4487 3575 4557 quia
3605 4488 3670 4542 ad
3696 4486 3789 4540 alia

1630 4555 1859 4613 militum
1887 4560 2118 4630 stipatus
2150 4574 2196 4633 D
2222 4569 2456 4639 gerenda
2488 4569 2714 4625 festinat
2735 4572 2973 4627 animus.
2996 4572 3163 4629 Nobis
3191 4589 3345 4646 ergo,
3374 4555 3600 4642 fratres,
3621 4575 3789 4632 solerti

2221 4661 2402 4717 studio
2428 4661 2820 4732 providendum
2869 4673 2956 4719 est
2985 4675 3043 4718 ut
3072 4666 3229 4721 istius
3251 4667 3355 4722 viri
3382 4678 3788 4735 caeterorumqnc

2222 4750 2631 4807 benefactorum
2675 4753 3085 4827 eleemosynas,
3116 4771 3254 4825 quas
3292 4772 3394 4828 pro
3435 4758 3789 4828 redemptione

2221 4843 2510 4897 criminum
2569 4858 2791 4899 suorum
2842 4844 2972 4901 huic
3022 4846 3142 4903 loco
3198 4846 3580 4915 contulerunt,
3630 4847 3789 4903 taliter

2222 4943 2349 4988 ante
2394 4934 2581 4990 oculos
2619 4934 2932 4992 Conditoris
2979 4952 3080 5008 pro
3130 4938 3263 5007 ipsis
3312 4939 3707 5001 deserviamus,
3739 4945 3788 4990 ut

2223 5040 2351 5088 non,
2380 5024 2524 5097 quod
2565 5036 2778 5082 avertat
2803 5026 2948 5083 Deus
2971 5044 3003 5082 a
3044 5028 3220 5092 nobis,
3249 5029 3315 5083 ad
3341 5038 3602 5085 a-ternam
3623 5025 3787 5084 confu-

2223 5117 2431 5171 sionem
2476 5118 2818 5186 proveniaut.
2846 5116 3141 5173 Sciendum
3172 5125 3258 5173 est
3298 5120 3446 5174 enim
3485 5121 3630 5190 quod
3662 5118 3788 5174 elec-

2224 5207 2461 5234 ..ιηρνυιξιιι
2507 5207 2770 5234 ιιΑἎΑ-ιιυυι
2815 5208 3056 5234 ..ξυμ-..-ω
3102 5209 3382 5234 λοι-Ακιιιιιξα
3411 5211 3536 5234 -.ξιω
3574 5224 3766 5234 --.μ-ι...
