4020 5392
499 372 603 426 883

1205 367 1552 426 ItllOGONlS
1588 367 1898 426 EPISCOl’l
1934 369 2314 426 BELLOVAC.
2347 399 2417 413 —-
2454 368 2784 425 EPISTULA
2823 368 2914 424 AD
2958 368 3040 424 π.

3652 365 3762 424 864

499 486 875 552 llaudivillari,
901 486 968 542 de
1003 485 1191 541 Exulio
1218 495 1273 541 et
1306 487 1373 541 de
1411 484 1470 541 S.
1500 485 1769 551 Eusebia;
1802 486 2082 542 monachis
2108 493 2155 550 Α
2187 503 2322 558 papa
2348 496 2574 541 vocatus
2603 488 2669 540 ad
2707 486 2999 543 concilium
3031 484 3318 552 Remeusc,
3345 501 3445 542 nec
3482 486 3763 553 convenit,

499 595 627 635 vero
674 577 734 633 8.
784 576 1008 633 Luciani
1068 576 1201 632 alias
1243 576 1507 633 ecclesias
1549 593 1674 633 cttm
1719 579 1980 632 comitatu
2021 587 2078 633 et

501 669 704 725 vicaria
751 668 1021 731 Warlosi,
1068 669 1223 738 cujus
1276 670 1352 723 rei
1413 670 1663 725 chartam
1720 671 1888 725 habcs
1934 671 2075 741 apud

499 760 782 817 Luvetium
829 770 961 815 tom.
988 760 1061 824 ll,
1091 776 1213 832 pag.
1249 760 1371 816 l90.
1401 763 1559 815 Anno
1599 762 1733 816 10l7
1758 763 2080 833 subscripsit

497 849 695 920 placito
753 849 971 906 llcnrici
1010 850 1027 906 Ι
1073 854 1218 921 regis
1279 868 1378 921 pro
1425 853 1677 908 cmnobio
1727 853 1787 908 8.
1835 853 2076 909 Medardi

496 939 909 996 Snessioneusis
947 941 1207 997 adversus
1237 942 1535 997 Robertum
1571 941 1993 1012 Codiacensem;
2024 955 2081 1000 et

497 1028 774 1085 donationi
803 1030 1049 1085 Baldnini
1081 1032 1391 1087 cancellarii
1434 1032 1486 1087 in
1514 1033 1745 1105 gratiam
1781 1036 2080 1090 monacho-

500 1135 620 1176 rum
647 1119 706 1177 S.
738 1121 981 1193 Pricjecti
1012 1123 1632 1194 Quintinopolitanorum
1661 1140 1804 1180 anno
1830 1127 2077 1195 sequenti

500 1208 671 1265 adfuit
697 1212 924 1268 concilio
957 1212 1367 1270 Silvanectensi.
1391 1213 1548 1269 Anno
1579 1214 1713 1269 lOt9
1736 1230 1764 1268 a
1802 1213 1981 1269 Leone
2010 1214 2078 1269 IX

513 1401 3689 1429 mw

2186 596 2285 635 nec
2341 580 2489 635 misit
2537 581 2986 646 excusationem;
3027 579 3122 635 sed
3170 579 3222 634 in
3276 580 3541 635 comitatu
3605 580 3757 650 regis

2183 687 2529 727 commanens
2550 673 2791 743 perrexit
2816 673 2881 727 ad
2911 671 3142 738 bellum;
3173 687 3342 742 quare
3385 672 3769 727 excommuni-

2182 774 2339 819 catus
2368 773 2452 819 est
2488 781 2608 818 cum
2660 764 3071 835 archiepiscopo
3125 765 3459 829 Scnonensi,
3512 763 3771 833 episcopo

2182 852 2556 918 Ambianensi,
2587 866 2642 910 et
2678 855 2875 910 abbate
2901 853 2958 910 8.
2994 854 3251 909 Medardi.
3282 851 3388 908 Sed
3432 853 3597 924 paulo
3645 861 3773 922 post

2186 945 2257 1003 ab
2312 945 2879 1000 excun‘mtuuicatiuue
2930 946 3165 1000 solutum
3230 944 3594 1014 conjicimus,
3638 958 3770 999 nam

2186 1035 2490 1093 Ecdcsiam
2537 1053 2687 1092 suam
2734 1038 3041 1109 gubernare
3091 1038 3362 1108 perrexit,
3401 1046 3569 1108 atque
3616 1036 3675 1091 in
3706 1051 3771 1091 ea

2188 1126 2415 1196 pacillce
2473 1127 2614 1182 diem
2670 1126 2869 1183 clausit
2921 1136 3244 1183 extremum.
3303 1125 3520 1186 Obiisse
3567 1124 3777 1183 dicitur

2189 1236 2331 1275 anno
2371 1219 2514 1275 l058.

1669 1531 2601 1649 DROGONIS

932 1756 1512 1852 EPISTOLA
1596 1758 1745 1847 AD
1818 1761 1977 1852 W.
2057 1757 2893 1854 COEPISCOPUM
2966 1763 3325 1857 SUUM.

1503 1946 1680 2017 {Apud
1710 1946 1893 2002 Balnz.
1931 1946 2164 2017 Capitul.
2207 1956 2335 2006 tom.
2370 1948 2435 2015 ll,
2461 1950 2561 2005 col.
2599 1951 2758 2007 1549.

574 2206 857 2284 σοιιειιιιιιε
887 2225 918 2261 a
953 2207 1183 2284 ll’idone
1210 2211 1468 2277 episcopo,
1499 2221 1550 2263 ut
1585 2211 1832 2284 videtur,
1854 2210 2431 2284 Silvanectensigquidg
2459 2217 2719 2283 agendum
2752 2212 2884 2283 foret
2923 2213 3333 2284 dequibnsdant
3359 2213 3666 2269 hominibus
3693 2216 3782 2284 qui

505 2277 828 2352 sacerdotem
852 2279 1045 2331 acriter
1070 2280 1487 2352 vertiernocrunt,
1515 2287 1795 2352 respondet
1816 2282 1955 2334 inter
1978 2281 2089 2335 alia
2111 2299 2178 2336 ea:
2218 2277 2637 2347 Ctipitularibus,
2674 2296 2721 2337 et
2750 2277 2903 2352 caput
2949 2277 3165 2339 θείϋῆ
3192 2299 3265 2347 Vt,
3292 2284 3369 2339 De
3395 2277 3784 2340 sacerdotii-ts

508 2358 559 2400 ct
592 2346 769 2402 levitis
791 2358 952 2418 atque
973 2350 1256 2404 monachis
1286 2346 1691 2405 intct‘fcctisvel
1715 2351 2029 2410 debilitatis.
2071 2352 2140 2405 ad
2177 2354 2447 2407 sententia:
2474 2371 2584 2407 sua:
2619 2346 2981 2423 probationem
3007 2355 3245 2409 adducit.

580 2479 757 2534 Fratri
805 2491 860 2535 et
916 2481 1235 2552 coepiscopo
1293 2480 1380 2536 W.
1408 2521 1422 2545 ,
1479 2481 1541 2537 D.
1588 2480 1937 2537 Belvacorum
1983 2483 2093 2553 cpi-
2128 2489 2170 2548 Β
2197 2484 2335 2540 citer
2353 2485 2727 2541 emendentur.
2754 2485 3102 2542 Postmodutn
3140 2488 3342 2560 exigite
3361 2487 3433 2543 ab
3451 2490 3535 2544 eis
3554 2490 3782 2559 triginta

510 2583 726 2639 Scopas,
751 2569 999 2625 salutem.

580 2661 638 2716 Si
666 2676 753 2716 res
804 2661 879 2716 ita
934 2676 994 2717 se
1045 2661 1211 2717 habet
1267 2671 1325 2717 ut
1383 2663 1533 2718 vobis
1579 2674 1763 2720 vester
1791 2663 1964 2719 ﬁdelis
2011 2663 2088 2719 ill.

509 2755 773 2817 narravit,
802 2754 919 2809 illos
947 2755 1243 2826 sacrilegos
1269 2772 1375 2811 non
1430 2766 1538 2811 tam
1577 2758 2094 2814 excommunicastis

508 2862 670 2909 quam
714 2849 1210 2905 excommunicatos
1265 2864 1386 2905 esse
1430 2850 1809 2905 denuntiastis.
1860 2849 1993 2904 Nam
2045 2853 2091 2907 si

511 2945 745 2996 humana
806 2941 984 3014 lingua
1038 2952 1250 3008 taceat,
1304 2943 1483 2999 divina
1561 2953 1742 2999 tamen
1794 2945 2094 3001 auctoritas

511 3041 631 3102 post
657 3041 927 3103 patratum
969 3033 1230 3104 ﬂagitium
1290 3050 1412 3090 mox
1469 3034 1589 3090 illos
1635 3036 2090 3091 anathematizat.

511 3126 666 3193 Quod
693 3142 757 3181 ex
789 3127 968 3182 verbis
998 3127 1210 3184 Domini
1257 3129 1565 3200 colligimus
1592 3133 1671 3186 sic
1717 3131 1989 3200 loquentis
2024 3131 2091 3186 ad

511 3216 805 3288 discipulus
840 3234 1007 3273 suos:
1079 3221 1182 3285 Qui
1227 3237 1312 3275 vos
1366 3223 1563 3292 spernit
1618 3239 1699 3276 me
1736 3225 1954 3292 spernit.
1988 3224 2095 3289 Qui

512 3324 601 3361 cos
650 3311 837 3377 tangit,
894 3311 1060 3379 tangit
1106 3311 1364 3381 pupillam
1427 3312 1587 3379 oculi,
1625 3312 1767 3367 mei.”
1800 3312 1891 3369 lsti
1945 3315 2091 3368 cnitn

515 3399 755 3453 membra
792 3399 992 3455 Christi
1021 3414 1076 3458 et
1101 3402 1359 3473 pupillam
1404 3402 1666 3459 Dominici
1701 3404 1839 3459 oettli
1871 3421 1973 3458 non
1999 3420 2092 3458 so-

516 3489 625 3543 lam
654 3489 971 3560 tetigerunt,
997 3494 1115 3555 sed.
1141 3505 1199 3548 ut
1220 3495 1398 3561 audio,
1421 3498 1621 3552 acriter
1647 3498 2088 3571 verberaveruut.

517 3577 673 3633 Unde
699 3587 754 3635 et
782 3581 1031 3649 protinus
1061 3583 1243 3639 divino
1266 3583 1475 3653 judicio
1497 3587 1872 3642 communione
1896 3588 2091 3659 privati

519 3670 755 3726 inerunt.
814 3671 914 3728 Ubi
960 3674 1029 3729 de
1077 3688 1136 3729 re
1186 3678 1425 3746 peritura
1473 3678 1674 3749 agitur,
1726 3680 1916 3735 dandae
1968 3690 2095 3735 sunt

517 3761 745 3816 forsitan
773 3762 827 3817 iu
876 3764 1200 3833 quibusdam
1241 3768 1473 3837 negotiis
1528 3769 1721 3825 harum
1747 3771 2090 3825 vacationum

2193 2573 2360 2630 libras
2385 2590 2506 2646 quae
2529 2575 2707 2631 solent
2733 2575 2850 2631 dari
2877 2592 2976 2646 pro
3003 2577 3327 2633 infractioue
3352 2579 3478 2633 atrii
3503 2579 3779 2634 ecclesias

2194 2666 2358 2722 Multo
2385 2667 2530 2723 enim
2554 2667 2843 2748 pretiosior
2872 2677 2954 2723 est
2986 2668 3078 2724 Dei
3107 2668 3355 2725 minister
3378 2685 3543 2738 quam
3572 2671 3781 2725 atrium

2194 2758 2376 2830 templi
2405 2757 2488 2814 vel
2515 2761 2772 2829 parietes.
2804 2759 3070 2815 Praeterea
3089 2776 3327 2830 congrua
3354 2762 3677 2832 injnngatur
3702 2764 3782 2818 eis

2195 2849 2508 2918 paenitentia
2539 2858 2633 2904 aut
2669 2859 2875 2919 septem
2927 2858 3021 2904 aut
3048 2851 3286 2920 quinque
3314 2865 3609 2917 annorum,
3637 2862 3703 2905 ut
3728 2861 3785 2906 et

2194 2938 2284 2995 isti
2305 2940 2652 3012 corrigantur
2678 2949 2735 2996 et
2780 2941 2963 2996 czeteri
3016 2948 3219 2995 metum
3271 2941 3533 2996 habeant.
3557 2939 3674 2996 Hoc
3699 2952 3783 2997 cst

2192 3040 2507 3102 excerptum
2530 3032 2596 3087 de
2622 3041 2775 3087 sexto
2798 3030 2938 3087 libro
2959 3030 3370 3102 Capitularium,
3400 3030 3643 3101 capitulo
3669 3030 3781 3087 98:

2194 3121 2253 3178 Si
2277 3124 2393 3194 quis
2417 3125 2739 3178 sacerdotem
2771 3123 2847 3177 vel
2870 3124 3081 3178 (evitant
3114 3132 3204 3176 aut
3244 3123 3558 3176 monachum
3590 3120 3783 3176 debili-

2194 3216 2398 3279 taverit,
2432 3215 2593 3285 juxta
2629 3225 2829 3269 statuta
2871 3215 3107 3283 priorum
3152 3213 3502 3282 capitulorum
3529 3228 3653 3283 qua:
3681 3211 3784 3282 legi

2195 3302 2389 3358 Salica:
2416 3317 2534 3358 sunt
2562 3304 2749 3358 addita
2810 3312 3088 3373 componat
3120 3342 3135 3366 ,
3191 3311 3240 3356 et
3291 3302 3508 3371 insuper
3547 3301 3782 3353 bennam

2195 3404 2454 3460 nostrum,
2481 3393 2535 3448 id
2562 3404 2638 3449 est
2684 3395 2959 3465 sexaginta
3006 3392 3201 3446 solidos
3233 3393 3381 3446 nobis
3415 3391 3710 3462 persolvat,
3737 3401 3782 3443 et

2195 3501 2344 3540 arma
2391 3486 2698 3556 relinquat,
2757 3497 2913 3556 atque
2958 3490 3013 3541 in
3076 3485 3392 3539 monasterio
3439 3484 3626 3538 diebus
3667 3485 3784 3538 citi:

2193 3596 2306 3635 sua:
2354 3579 2450 3634 sub
2498 3579 2670 3633 ardua
2754 3580 3054 3647 “enitendo
3110 3578 3213 3632 Deo
3271 3579 3462 3632 serviat
3520 3593 3782 3646 nusquam

2192 3679 2305 3740 post
2335 3669 2547 3723 modum
2580 3669 2775 3723 siccqu
2831 3669 3265 3723 ectsa‘cularibns
3309 3668 3658 3732 militaturus,
3692 3683 3783 3721 ne-

2192 3778 2291 3831 que
2311 3777 2526 3817 uxorem
2556 3760 2923 3832 copulaturus.

516 3851 821 3909 dilationes.
855 3851 1083 3922 Quando
1108 3866 1289 3912 autem
1323 3858 1425 3913 hoc
1481 3859 1591 3915 tale
1641 3870 1695 3915 et
1748 3869 1855 3915 tant
1913 3863 2086 3918 tnaxi-
2120 3844 2165 3904 C
2270 3855 2537 3925 Tempore
2566 3854 2822 3910 Ludovici
2873 3856 3036 3926 regis
3068 3854 3240 3925 patris
3288 3852 3555 3917 Lolbarii.
3612 3852 3783 3908 ierim

518 3962 662 4001 ιιιιιιιι
692 3947 1052 4003 committitur
1075 3950 1443 4022 sacrilegium,
1503 3953 1554 4007 in
1602 3969 1710 4024 quo
1764 3970 1949 4010 verum
2000 3954 2095 4009 Dei

518 4035 772 4105 templum
805 4052 911 4093 non
938 4037 1305 4096 tuanul'actutn
1334 4039 1585 4109 violatur,
1608 4044 1797 4098 eodem
1823 4052 2097 4102 momento

515 4137 770 4195 operator
798 4130 958 4201 hujus
986 4132 1288 4202 iniquitatis
1314 4150 1420 4189 non
1477 4143 1687 4190 tantum
1719 4149 1845 4190 reus
1866 4134 2099 4190 edicitur

517 4224 1116 4291 excommunicationis,
1174 4227 1268 4279 sed
1294 4226 1456 4280 etiam
1492 4226 1720 4294 alicujus
1770 4228 2099 4297 magnisup-

518 4310 664 4380 plicii
721 4312 865 4381 quod
912 4316 1081 4382 possit
1133 4325 1189 4371 et
1240 4318 1411 4387 ipsam
1461 4333 1720 4386 superare
1774 4320 2094 4388 gehennam.

520 4402 689 4459 Recte
746 4404 910 4475 igitur
973 4421 1066 4459 cos
1120 4406 1325 4477 absque
1377 4407 1636 4463 dilatione
1664 4409 2098 4465 excommunica-

519 4496 616 4547 stis
696 4498 786 4564 qui
869 4512 974 4550 non
1053 4498 1350 4551 tintucrunt
1420 4500 1715 4555 extendere
1786 4516 1981 4554 manus
2044 4501 2097 4554 in

519 4595 740 4640 sanctos
799 4586 915 4643 Dei.
976 4588 1129 4657 Quod
1189 4590 1234 4644 si
1289 4598 1566 4659 quaeratur
1605 4591 1877 4660 quomodo
1922 4591 2099 4661 puniti

518 4675 606 4730 vel
651 4678 856 4746 corripi
911 4677 1169 4744 debeant,
1226 4679 1449 4749 expedit
1499 4680 1579 4735 eis
1605 4688 1665 4737 ut
1698 4680 1839 4735 mula
1862 4682 2098 4736 asinaria

518 4771 733 4842 gravati
758 4772 1149 4841 demerguntur
1174 4772 1226 4827 in
1258 4773 1584 4843 profundum
1635 4774 1827 4839 maris,
1871 4774 1962 4845 qui
2015 4772 2099 4827 fa-

526 4862 687 4918 muiis
715 4863 917 4919 Christi
958 4864 1271 4919 scandalum
1321 4864 1618 4920 inferentes
1665 4866 1978 4920 uerberibus
2006 4880 2100 4920 eos

518 4966 574 5010 et
598 4955 942 5010 contumeliis
975 4956 1302 5010 alllixcrunt.
1354 4955 1524 5026 Leges
1567 4972 1781 5025 quoque
1817 4956 2102 5011 mundana:

518 5048 573 5102 in
606 5047 1007 5115 Capitularibus
1047 5047 1369 5118 przccipiunt
1400 5046 1706 5117 huiusmodi
1759 5054 1854 5100 aut
1881 5045 2097 5115 capitali

522 5138 789 5190 sententia
831 5139 1032 5206 puniri,
1062 5149 1154 5193 aut
1180 5139 1371 5194 exsilio
1417 5139 1715 5209 deportari,
1758 5147 1852 5192 aut
1908 5153 2100 5192 manus

520 5226 921 5281 incontinenter
969 5240 1223 5284 extensus
1266 5229 1509 5299 praecidi,
1550 5237 1644 5282 aut
1672 5228 1931 5297 depositis
1959 5226 2099 5280 mili-

523 5317 732 5362 tarihus
760 5318 927 5362 armis
953 5319 1006 5362 in
1042 5320 1372 5362 mnnnetnrin
1426 5321 1526 5362 enh
1571 5328 1825 5362 nornntnn
1887 5318 2094 5362 ron-mli

2197 3948 2449 4019 quiddam
2474 3957 2676 4004 actum.
2730 3947 2865 4003 Cum
2917 3948 3136 4019 quidam
3163 3948 3241 4000 ira
3272 3955 3549 4016 permotus
3588 3959 3782 4015 quem-

2199 4043 2324 4095 dam
2349 4040 2691 4097 sacerdotem
2726 4038 3068 4111 gravissimis
3095 4037 3347 4092 aﬁ'cclum
3376 4035 3593 4105 injuriis
3625 4044 3683 4090 et
3717 4034 3781 4087 ad

2200 4143 2503 4187 extremum
2554 4131 2728 4202 plagis
2788 4147 2894 4186 non
2955 4130 3172 4185 timeret
3212 4129 3452 4185 lacerare
3504 4126 3781 4197 plurimis,

2202 4234 2429 4294 uterque
2478 4239 2662 4279 coram
2720 4224 2867 4294 regia
2927 4238 3157 4278 censura
3216 4222 3468 4276 reductus
3513 4228 3621 4273 est.
3681 4217 3780 4285 Qui

2201 4316 2489 4387 diligenter
2515 4330 2737 4370 causam
2782 4315 3123 4378 examinans,
3153 4311 3354 4369 Christi
3407 4308 3676 4364 ministris
3726 4320 3781 4361 ut

2200 4411 2422 4465 doceret
2474 4423 2693 4465 onmem
2741 4406 3099 4461 exhibendam
3154 4403 3538 4466 reverentiam,
3592 4415 3782 4458 omnes

2200 4506 2613 4560 circumstantes
2649 4502 2750 4557 sibi
2782 4502 2862 4556 sic
2906 4500 3171 4555 allocutus
3222 4508 3346 4552 est:
3404 4514 3424 4547 ι
3453 4494 3668 4556 Omnis,
3701 4493 3777 4548 in-

2200 4597 2340 4667 quit,
2387 4603 2589 4650 nostrte
2629 4592 2907 4664 religionis
2958 4591 3139 4647 cultus
3168 4605 3266 4662 per
3296 4586 3645 4643 sacerdotum
3668 4583 3780 4639 olli.

2201 4687 2286 4744 cia
2337 4683 2775 4754 percelcbratur;
2821 4682 3051 4749 ideoque
3097 4681 3177 4734 eis
3224 4676 3551 4735 omnimodis
3605 4673 3781 4729 cultus

2203 4778 2521 4833 reverentiae
2542 4775 2741 4830 divinae
2767 4773 3075 4836 exhibetur,
3131 4787 3237 4825 non
3266 4783 3454 4824 eorum
3491 4765 3781 4835 aliquando

2203 4869 2306 4923 hoc
2350 4866 2603 4936 exigente
2651 4864 2773 4920 vita:
2824 4864 3041 4924 merito,
3097 4859 3191 4916 sed
3245 4870 3304 4913 ut
3344 4860 3398 4913 in
3424 4858 3505 4911 eis
3537 4857 3782 4911 Vulcatur

2202 4975 2231 5013 a
2278 4956 2434 5013 nobis
2484 4954 2848 5027 obtemperari
2894 4954 3132 5011 Christo.
3180 4948 3337 5006 Unde
3376 4950 3519 5004 hunc
3560 4947 3655 5016 qui
3702 4946 3781 5000 sic

2205 5050 2630 5117 intemperanter
2692 5044 2949 5101 eﬂcratus
3022 5044 3074 5097 in
3142 5041 3239 5097 Dei
3303 5039 3643 5096 sacerdotem
3699 5043 3780 5090 est

2204 5140 2534 5202 deductum,
2599 5152 2795 5194 censeo
2854 5136 2922 5191 ad
2989 5134 3202 5190 arboris
3250 5129 3497 5202 stipitem
3543 5128 3778 5197 stringi.

2201 5230 2349 5283 omni
2418 5229 2865 5284 vestimentorum
2926 5227 3178 5297 adempto
3224 5222 3506 5278 tutamine.
3570 5238 3592 5273 ι
3644 5217 3778 5275 Cum

2205 5320 2387 5360 itamm
2430 5316 2577 5360 imrtn
2630 5317 2773 5360 moi:
2816 5315 3139 5360 contentis!!!
3182 5313 3640 5360 eamnmltensnl-
3682 5325 3780 5358 mt-
