  <div class='ocr_page' id='page_1' title='image "/cluster/home/n/w/nwhite01/storage/ocr_20150623/143/hvd.32044015471816/437.png"; bbox 0 0 4020 5392; ppageno 0'>
   <div class='ocr_carea' id='block_1_1' title="bbox 580 328 680 384">
    <p class='ocr_par' dir='ltr' id='par_1_1' title="bbox 580 328 680 384">
     <span class='ocr_line' id='line_1_1' title="bbox 580 328 680 384; baseline -0.02 -1"><span class='ocrx_word' id='word_1_1' title='bbox 580 328 680 384; x_wconf 70' lang='grc'><strong>867</strong></span> 
     </span>
    </p>
   </div>
   <div class='ocr_carea' id='block_1_2' title="bbox 1877 311 3828 383">
    <p class='ocr_par' dir='ltr' id='par_1_2' title="bbox 1877 311 3828 383">
     <span class='ocr_line' id='line_1_2' title="bbox 1877 311 3828 383; baseline 0.003 -6"><span class='ocrx_word' id='word_1_2' title='bbox 1877 314 2212 377; x_wconf 69' lang='lat' dir='ltr'><strong>STEPHANI</strong></span> <span class='ocrx_word' id='word_1_3' title='bbox 2258 311 2300 376; x_wconf 70' lang='grc' dir='ltr'><strong>Χ</strong></span> <span class='ocrx_word' id='word_1_4' title='bbox 2341 321 2539 376; x_wconf 64' lang='lat' dir='ltr'><strong>PAI‘A‘.</strong></span> <span class='ocrx_word' id='word_1_5' title='bbox 3740 321 3828 383; x_wconf 71' lang='lat'><strong>868</strong></span> 
     </span>
    </p>
   </div>
   <div class='ocr_carea' id='block_1_3' title="bbox 577 433 3826 511">
    <p class='ocr_par' dir='ltr' id='par_1_3' title="bbox 577 433 3826 511">
     <span class='ocr_line' id='line_1_3' title="bbox 577 433 3826 511; baseline 0 -16"><span class='ocrx_word' id='word_1_6' title='bbox 577 444 739 495; x_wconf 87' lang='lat' dir='ltr'><strong>domo</strong></span> <span class='ocrx_word' id='word_1_7' title='bbox 769 438 921 495; x_wconf 90' lang='lat' dir='ltr'><strong>ducis</strong></span> <span class='ocrx_word' id='word_1_8' title='bbox 950 436 1337 510; x_wconf 75' lang='lat' dir='ltr'><strong>Lothariugize,</strong></span> <span class='ocrx_word' id='word_1_9' title='bbox 1365 434 1683 494; x_wconf 85' lang='lat' dir='ltr'><strong>Gotbelouis</strong></span> <span class='ocrx_word' id='word_1_10' title='bbox 1711 434 1863 492; x_wconf 87' lang='lat' dir='ltr'><strong>ducis</strong></span> <span class='ocrx_word' id='word_1_11' title='bbox 1892 434 2061 500; x_wconf 84' lang='lat' dir='ltr'><strong>filius,</strong></span> <span class='ocrx_word' id='word_1_12' title='bbox 2106 445 2160 491; x_wconf 89' lang='lat' dir='ltr'><strong>et</strong></span> <span class='ocrx_word' id='word_1_13' title='bbox 2189 443 2233 502; x_wconf 73' lang='grc' dir='ltr'>Α</span> <span class='ocrx_word' id='word_1_14' title='bbox 2264 436 2476 491; x_wconf 88' lang='lat' dir='ltr'><strong>nalibus</strong></span> <span class='ocrx_word' id='word_1_15' title='bbox 2513 435 2762 490; x_wconf 90' lang='lat' dir='ltr'><strong>omnibus</strong></span> <span class='ocrx_word' id='word_1_16' title='bbox 2802 449 2923 490; x_wconf 90' lang='lat' dir='ltr'><strong>cum</strong></span> <span class='ocrx_word' id='word_1_17' title='bbox 2963 433 3108 491; x_wconf 86' lang='lat' dir='ltr'><strong>clero</strong></span> <span class='ocrx_word' id='word_1_18' title='bbox 3151 436 3451 511; x_wconf 82' lang='lat' dir='ltr'><strong>populoque</strong></span> <span class='ocrx_word' id='word_1_19' title='bbox 3491 438 3737 496; x_wconf 85' lang='lat' dir='ltr'><strong>Romano</strong></span> <span class='ocrx_word' id='word_1_20' title='bbox 3769 445 3826 497; x_wconf 83' lang='lat' dir='ltr'><strong>ad</strong></span> 
     </span>
    </p>
   </div>
   <div class='ocr_carea' id='block_1_4' title="bbox 575 525 2158 600">
    <p class='ocr_par' dir='ltr' id='par_1_4' title="bbox 575 525 2158 600">
     <span class='ocr_line' id='line_1_4' title="bbox 575 525 2158 600; baseline -0.007 -10"><span class='ocrx_word' id='word_1_21' title='bbox 575 531 874 590; x_wconf 68' lang='lat' dir='ltr'><strong>Gothifreili</strong></span> <span class='ocrx_word' id='word_1_22' title='bbox 913 528 1186 600; x_wconf 81' lang='lat' dir='ltr'><strong>IV-magni</strong></span> <span class='ocrx_word' id='word_1_23' title='bbox 1227 527 1378 583; x_wconf 88' lang='lat' dir='ltr'><strong>ducis</strong></span> <span class='ocrx_word' id='word_1_24' title='bbox 1413 526 1603 591; x_wconf 92' lang='lat' dir='ltr'><strong>frater,</strong></span> <span class='ocrx_word' id='word_1_25' title='bbox 1643 526 1791 596; x_wconf 85' lang='lat' dir='ltr'><strong>regio</strong></span> <span class='ocrx_word' id='word_1_26' title='bbox 1828 525 2158 582; x_wconf 78' lang='lat' dir='ltr'><strong>Francorum</strong></span> 
     </span>
    </p>
   </div>
   <div class='ocr_carea' id='block_1_5' title="bbox 575 616 2160 694">
    <p class='ocr_par' dir='ltr' id='par_1_5' title="bbox 575 616 2160 694">
     <span class='ocr_line' id='line_1_5' title="bbox 575 616 2160 694; baseline -0.004 -17"><span class='ocrx_word' id='word_1_27' title='bbox 575 638 773 694; x_wconf 83' lang='lat' dir='ltr'><strong>genere</strong></span> <span class='ocrx_word' id='word_1_28' title='bbox 814 621 1095 681; x_wconf 81' lang='lat' dir='ltr'><strong>oriundus.</strong></span> <span class='ocrx_word' id='word_1_29' title='bbox 1144 619 1360 673; x_wconf 89' lang='lat' dir='ltr'><strong>natione</strong></span> <span class='ocrx_word' id='word_1_30' title='bbox 1401 617 1604 680; x_wconf 88' lang='lat' dir='ltr'><strong>Gallus,</strong></span> <span class='ocrx_word' id='word_1_31' title='bbox 1652 616 1964 673; x_wconf 76' lang='lat' dir='ltr'><strong>liberalibus</strong></span> <span class='ocrx_word' id='word_1_32' title='bbox 1999 616 2160 672; x_wconf 88' lang='lat' dir='ltr'><strong>disci-</strong></span> 
     </span>
    </p>
   </div>
   <div class='ocr_carea' id='block_1_6' title="bbox 574 709 2158 782">
    <p class='ocr_par' dir='ltr' id='par_1_6' title="bbox 574 709 2158 782">
     <span class='ocr_line' id='line_1_6' title="bbox 574 709 2158 782; baseline 0.002 -18"><span class='ocrx_word' id='word_1_33' title='bbox 574 713 736 782; x_wconf 87' lang='lat' dir='ltr'><strong>plinis</strong></span> <span class='ocrx_word' id='word_1_34' title='bbox 763 728 790 766; x_wconf 89' lang='lat' dir='ltr'><strong>a</strong></span> <span class='ocrx_word' id='word_1_35' title='bbox 822 727 990 782; x_wconf 90' lang='lat' dir='ltr'><strong>puero</strong></span> <span class='ocrx_word' id='word_1_36' title='bbox 1020 711 1338 773; x_wconf 90' lang='lat' dir='ltr'><strong>instructus,</strong></span> <span class='ocrx_word' id='word_1_37' title='bbox 1378 719 1434 765; x_wconf 88' lang='lat' dir='ltr'><strong>et</strong></span> <span class='ocrx_word' id='word_1_38' title='bbox 1469 709 1855 766; x_wconf 74' lang='lat' dir='ltr'><strong>ecclesiasticis</strong></span> <span class='ocrx_word' id='word_1_39' title='bbox 1883 711 2158 780; x_wconf 84' lang='lat' dir='ltr'><strong>obsequiis</strong></span> 
     </span>
    </p>
   </div>
   <div class='ocr_carea' id='block_1_7' title="bbox 576 800 2158 872">
    <p class='ocr_par' dir='ltr' id='par_1_7' title="bbox 576 800 2158 872">
     <span class='ocr_line' id='line_1_7' title="bbox 576 800 2158 872; baseline -0.001 -16"><span class='ocrx_word' id='word_1_40' title='bbox 576 802 835 866; x_wconf 70' lang='lat' dir='ltr'><strong>traditus,</strong></span> <span class='ocrx_word' id='word_1_41' title='bbox 876 801 1051 871; x_wconf 91' lang='lat' dir='ltr'><strong>primo</strong></span> <span class='ocrx_word' id='word_1_42' title='bbox 1089 801 1236 855; x_wconf 90' lang='lat' dir='ltr'><strong>enim</strong></span> <span class='ocrx_word' id='word_1_43' title='bbox 1273 800 1563 856; x_wconf 88' lang='lat' dir='ltr'><strong>canonicus</strong></span> <span class='ocrx_word' id='word_1_44' title='bbox 1605 801 1864 872; x_wconf 88' lang='lat' dir='ltr'><strong>regularis</strong></span> <span class='ocrx_word' id='word_1_45' title='bbox 1900 801 1957 856; x_wconf 89' lang='lat' dir='ltr'><strong>S.</strong></span> <span class='ocrx_word' id='word_1_46' title='bbox 2001 801 2158 856; x_wconf 80' lang='lat' dir='ltr'><strong>Lam-</strong></span> 
     </span>
    </p>
   </div>
   <div class='ocr_carea' id='block_1_8' title="bbox 573 891 2157 963">
    <p class='ocr_par' dir='ltr' id='par_1_8' title="bbox 573 891 2157 963">
     <span class='ocr_line' id='line_1_8' title="bbox 573 891 2157 963; baseline 0.001 -17"><span class='ocrx_word' id='word_1_47' title='bbox 573 893 709 962; x_wconf 78' lang='lat' dir='ltr'><strong>pi-rti</strong></span> <span class='ocrx_word' id='word_1_48' title='bbox 773 893 825 946; x_wconf 91' lang='lat' dir='ltr'><strong>in</strong></span> <span class='ocrx_word' id='word_1_49' title='bbox 883 892 1225 962; x_wconf 86' lang='lat' dir='ltr'><strong>Lotharingia</strong></span> <span class='ocrx_word' id='word_1_50' title='bbox 1289 891 1483 948; x_wconf 83' lang='lat' dir='ltr'><strong>factus.</strong></span> <span class='ocrx_word' id='word_1_51' title='bbox 1543 891 1665 947; x_wconf 77' lang='lat' dir='ltr'><strong>Mox</strong></span> <span class='ocrx_word' id='word_1_52' title='bbox 1725 907 1754 946; x_wconf 94' lang='lat' dir='ltr'><strong>a</strong></span> <span class='ocrx_word' id='word_1_53' title='bbox 1810 893 1967 948; x_wconf 91' lang='lat' dir='ltr'><strong>beato</strong></span> <span class='ocrx_word' id='word_1_54' title='bbox 2019 909 2157 963; x_wconf 85' lang='lat' dir='ltr'><strong>papa</strong></span> 
     </span>
    </p>
   </div>
   <div class='ocr_carea' id='block_1_9' title="bbox 571 979 2159 1054">
    <p class='ocr_par' dir='ltr' id='par_1_9' title="bbox 571 979 2159 1054">
     <span class='ocr_line' id='line_1_9' title="bbox 571 979 2159 1054; baseline -0.001 -15"><span class='ocrx_word' id='word_1_55' title='bbox 571 979 752 1040; x_wconf 88' lang='lat' dir='ltr'><strong>Leone</strong></span> <span class='ocrx_word' id='word_1_56' title='bbox 794 981 841 1038; x_wconf 77' lang='grc' dir='ltr'><strong>Χ</strong></span> <span class='ocrx_word' id='word_1_57' title='bbox 883 985 1144 1037; x_wconf 78' lang='lat' dir='ltr'><strong>diaconus</strong></span> <span class='ocrx_word' id='word_1_58' title='bbox 1190 983 1502 1048; x_wconf 87' lang='lat' dir='ltr'><strong>cardinalis,</strong></span> <span class='ocrx_word' id='word_1_59' title='bbox 1551 991 1606 1038; x_wconf 86' lang='lat' dir='ltr'><strong>et</strong></span> <span class='ocrx_word' id='word_1_60' title='bbox 1656 982 1964 1054; x_wconf 75' lang='lat' dir='ltr'><strong>apostolica:</strong></span> <span class='ocrx_word' id='word_1_61' title='bbox 2013 984 2159 1038; x_wconf 83' lang='lat' dir='ltr'><strong>sedis</strong></span> 
     </span>
    </p>
   </div>
   <div class='ocr_carea' id='block_1_10' title="bbox 571 1075 2159 1147">
    <p class='ocr_par' dir='ltr' id='par_1_10' title="bbox 571 1075 2159 1147">
     <span class='ocr_line' id='line_1_10' title="bbox 571 1075 2159 1147; baseline 0 -17"><span class='ocrx_word' id='word_1_62' title='bbox 571 1076 930 1131; x_wconf 88' lang='lat' dir='ltr'><strong>caiicellarius</strong></span> <span class='ocrx_word' id='word_1_63' title='bbox 959 1087 1192 1138; x_wconf 88' lang='lat' dir='ltr'><strong>creatus,</strong></span> <span class='ocrx_word' id='word_1_64' title='bbox 1245 1075 1770 1146; x_wconf 77' lang='lat' dir='ltr'><strong>Constantinopolim</strong></span> <span class='ocrx_word' id='word_1_65' title='bbox 1830 1075 2039 1147; x_wconf 85' lang='lat' dir='ltr'><strong>legatus</strong></span> <span class='ocrx_word' id='word_1_66' title='bbox 2091 1075 2159 1130; x_wconf 88' lang='lat' dir='ltr'><strong>de</strong></span> 
     </span>
    </p>
   </div>
   <div class='ocr_carea' id='block_1_11' title="bbox 572 1163 2159 1237">
    <p class='ocr_par' dir='ltr' id='par_1_11' title="bbox 572 1163 2159 1237">
     <span class='ocr_line' id='line_1_11' title="bbox 572 1163 2159 1237; baseline -0.001 -17"><span class='ocrx_word' id='word_1_67' title='bbox 572 1166 740 1222; x_wconf 86' lang='lat' dir='ltr'><strong>latere</strong></span> <span class='ocrx_word' id='word_1_68' title='bbox 769 1181 892 1222; x_wconf 92' lang='lat' dir='ltr'><strong>cum</strong></span> <span class='ocrx_word' id='word_1_69' title='bbox 923 1166 1219 1221; x_wconf 84' lang='lat' dir='ltr'><strong>Humberto</strong></span> <span class='ocrx_word' id='word_1_70' title='bbox 1253 1168 1504 1237; x_wconf 90' lang='lat' dir='ltr'><strong>episcopo</strong></span> <span class='ocrx_word' id='word_1_71' title='bbox 1535 1165 1796 1222; x_wconf 88' lang='lat' dir='ltr'><strong>cardiuah</strong></span> <span class='ocrx_word' id='word_1_72' title='bbox 1837 1165 1996 1220; x_wconf 71' lang='lat' dir='ltr'><strong>Silva:</strong></span> <span class='ocrx_word' id='word_1_73' title='bbox 2024 1163 2159 1220; x_wconf 87' lang='lat' dir='ltr'><strong>Can-</strong></span> 
     </span>
    </p>
   </div>
   <div class='ocr_carea' id='block_1_12' title="bbox 572 1257 2158 1321">
    <p class='ocr_par' dir='ltr' id='par_1_12' title="bbox 572 1257 2158 1321">
     <span class='ocr_line' id='line_1_12' title="bbox 572 1257 2158 1321; baseline -0.001 -9"><span class='ocrx_word' id='word_1_74' title='bbox 572 1260 711 1314; x_wconf 85' lang='lat' dir='ltr'><strong>didae</strong></span> <span class='ocrx_word' id='word_1_75' title='bbox 746 1257 962 1321; x_wconf 87' lang='lat' dir='ltr'><strong>missus,</strong></span> <span class='ocrx_word' id='word_1_76' title='bbox 998 1257 1308 1315; x_wconf 64' lang='lat' dir='ltr'><strong>Griecorum</strong></span> <span class='ocrx_word' id='word_1_77' title='bbox 1351 1273 1564 1314; x_wconf 89' lang='lat' dir='ltr'><strong>errores</strong></span> <span class='ocrx_word' id='word_1_78' title='bbox 1599 1257 1915 1312; x_wconf 81' lang='lat' dir='ltr'><strong>confutavit.</strong></span> <span class='ocrx_word' id='word_1_79' title='bbox 1959 1257 2158 1312; x_wconf 85' lang='lat' dir='ltr'><strong>Deinde</strong></span> 
     </span>
    </p>
   </div>
   <div class='ocr_carea' id='block_1_13' title="bbox 572 1347 2155 1418">
    <p class='ocr_par' dir='ltr' id='par_1_13' title="bbox 572 1347 2155 1418">
     <span class='ocr_line' id='line_1_13' title="bbox 572 1347 2155 1418; baseline -0.001 -16"><span class='ocrx_word' id='word_1_80' title='bbox 572 1348 626 1402; x_wconf 92' lang='lat' dir='ltr'><strong>in</strong></span> <span class='ocrx_word' id='word_1_81' title='bbox 678 1347 872 1402; x_wconf 87' lang='lat' dir='ltr'><strong>Urbem</strong></span> <span class='ocrx_word' id='word_1_82' title='bbox 920 1362 1192 1412; x_wconf 86' lang='lat' dir='ltr'><strong>reversus,</strong></span> <span class='ocrx_word' id='word_1_83' title='bbox 1240 1357 1452 1402; x_wconf 90' lang='lat' dir='ltr'><strong>mortuo</strong></span> <span class='ocrx_word' id='word_1_84' title='bbox 1495 1363 1631 1418; x_wconf 89' lang='lat' dir='ltr'><strong>papa</strong></span> <span class='ocrx_word' id='word_1_85' title='bbox 1680 1347 1858 1403; x_wconf 91' lang='lat' dir='ltr'><strong>Leone</strong></span> <span class='ocrx_word' id='word_1_86' title='bbox 1890 1362 2051 1411; x_wconf 91' lang='lat' dir='ltr'><strong>nono,</strong></span> <span class='ocrx_word' id='word_1_87' title='bbox 2089 1347 2155 1400; x_wconf 90' lang='lat' dir='ltr'><strong>ad</strong></span> 
     </span>
    </p>
   </div>
   <div class='ocr_carea' id='block_1_14' title="bbox 572 1439 2158 1510">
    <p class='ocr_par' dir='ltr' id='par_1_14' title="bbox 572 1439 2158 1510">
     <span class='ocr_line' id='line_1_14' title="bbox 572 1439 2158 1510; baseline 0 -16"><span class='ocrx_word' id='word_1_88' title='bbox 572 1439 957 1495; x_wconf 86' lang='lat' dir='ltr'><strong>monasterium</strong></span> <span class='ocrx_word' id='word_1_89' title='bbox 996 1439 1286 1496; x_wconf 86' lang='lat' dir='ltr'><strong>Casiuense</strong></span> <span class='ocrx_word' id='word_1_90' title='bbox 1326 1440 1599 1510; x_wconf 84' lang='lat' dir='ltr'><strong>profectus</strong></span> <span class='ocrx_word' id='word_1_91' title='bbox 1645 1452 1763 1506; x_wconf 85' lang='lat' dir='ltr'><strong>est,</strong></span> <span class='ocrx_word' id='word_1_92' title='bbox 1812 1441 1900 1494; x_wconf 92' lang='lat' dir='ltr'><strong>ubi</strong></span> <span class='ocrx_word' id='word_1_93' title='bbox 1946 1448 2158 1510; x_wconf 88' lang='lat' dir='ltr'><strong>sumpto</strong></span> 
     </span>
    </p>
   </div>
   <div class='ocr_carea' id='block_1_15' title="bbox 569 1528 2156 1599">
    <p class='ocr_par' dir='ltr' id='par_1_15' title="bbox 569 1528 2156 1599">
     <span class='ocr_line' id='line_1_15' title="bbox 569 1528 2156 1599; baseline 0.003 -20"><span class='ocrx_word' id='word_1_94' title='bbox 569 1530 754 1598; x_wconf 88' lang='lat' dir='ltr'><strong>(quam</strong></span> <span class='ocrx_word' id='word_1_95' title='bbox 785 1543 814 1582; x_wconf 90' lang='lat' dir='ltr'><strong>a</strong></span> <span class='ocrx_word' id='word_1_96' title='bbox 845 1544 1012 1599; x_wconf 90' lang='lat' dir='ltr'><strong>puero</strong></span> <span class='ocrx_word' id='word_1_97' title='bbox 1039 1543 1252 1598; x_wconf 82' lang='lat' dir='ltr'><strong>semper</strong></span> <span class='ocrx_word' id='word_1_98' title='bbox 1281 1529 1526 1596; x_wconf 90' lang='lat' dir='ltr'><strong>amavit),</strong></span> <span class='ocrx_word' id='word_1_99' title='bbox 1551 1528 1826 1599; x_wconf 78' lang='lat' dir='ltr'><strong>religionis</strong></span> <span class='ocrx_word' id='word_1_100' title='bbox 1855 1529 2028 1584; x_wconf 89' lang='lat' dir='ltr'><strong>sancti</strong></span> <span class='ocrx_word' id='word_1_101' title='bbox 2058 1529 2156 1584; x_wconf 83' lang='lat' dir='ltr'><strong>Be-</strong></span> 
     </span>
    </p>
   </div>
   <div class='ocr_carea' id='block_1_16' title="bbox 569 1617 2156 1688">
    <p class='ocr_par' dir='ltr' id='par_1_16' title="bbox 569 1617 2156 1688">
     <span class='ocr_line' id='line_1_16' title="bbox 569 1617 2156 1688; baseline 0.002 -18"><span class='ocrx_word' id='word_1_102' title='bbox 569 1617 768 1672; x_wconf 88' lang='lat' dir='ltr'><strong>nedicti</strong></span> <span class='ocrx_word' id='word_1_103' title='bbox 816 1617 1025 1682; x_wconf 87' lang='lat' dir='ltr'><strong>habitu,</strong></span> <span class='ocrx_word' id='word_1_104' title='bbox 1078 1617 1274 1672; x_wconf 83' lang='lat' dir='ltr'><strong>ibidem</strong></span> <span class='ocrx_word' id='word_1_105' title='bbox 1325 1633 1421 1687; x_wconf 90' lang='lat' dir='ltr'><strong>per</strong></span> <span class='ocrx_word' id='word_1_106' title='bbox 1461 1619 1680 1688; x_wconf 82' lang='lat' dir='ltr'><strong>aliquod</strong></span> <span class='ocrx_word' id='word_1_107' title='bbox 1732 1631 1942 1688; x_wconf 87' lang='lat' dir='ltr'><strong>tempus</strong></span> <span class='ocrx_word' id='word_1_108' title='bbox 1990 1619 2156 1673; x_wconf 89' lang='lat' dir='ltr'><strong>vitam</strong></span> 
     </span>
    </p>
   </div>
   <div class='ocr_carea' id='block_1_17' title="bbox 569 1707 2155 1781">
    <p class='ocr_par' dir='ltr' id='par_1_17' title="bbox 569 1707 2155 1781">
     <span class='ocr_line' id='line_1_17' title="bbox 569 1707 2155 1781; baseline 0.003 -21"><span class='ocrx_word' id='word_1_109' title='bbox 569 1709 849 1778; x_wconf 85' lang='lat' dir='ltr'><strong>transegit.</strong></span> <span class='ocrx_word' id='word_1_110' title='bbox 883 1707 1106 1762; x_wconf 85' lang='lat' dir='ltr'><strong>Biennio</strong></span> <span class='ocrx_word' id='word_1_111' title='bbox 1138 1723 1266 1762; x_wconf 90' lang='lat' dir='ltr'><strong>vero</strong></span> <span class='ocrx_word' id='word_1_112' title='bbox 1301 1710 1368 1762; x_wconf 90' lang='lat' dir='ltr'><strong>ab</strong></span> <span class='ocrx_word' id='word_1_113' title='bbox 1400 1707 1515 1776; x_wconf 80' lang='lat' dir='ltr'><strong>ejus</strong></span> <span class='ocrx_word' id='word_1_114' title='bbox 1543 1709 1788 1781; x_wconf 85' lang='lat' dir='ltr'><strong>ingressu</strong></span> <span class='ocrx_word' id='word_1_115' title='bbox 1826 1711 1911 1763; x_wconf 74' lang='lat' dir='ltr'><strong>vix</strong></span> <span class='ocrx_word' id='word_1_116' title='bbox 1942 1719 2155 1776; x_wconf 81' lang='lat' dir='ltr'><strong>exacto,</strong></span> 
     </span>
    </p>
   </div>
   <div class='ocr_carea' id='block_1_18' title="bbox 567 1791 2230 1871">
    <p class='ocr_par' dir='ltr' id='par_1_18' title="bbox 567 1791 2230 1871">
     <span class='ocr_line' id='line_1_18' title="bbox 567 1791 2230 1871; baseline -0.001 -20"><span class='ocrx_word' id='word_1_117' title='bbox 567 1797 873 1854; x_wconf 82' lang='lat' dir='ltr'><strong>tricesimus</strong></span> <span class='ocrx_word' id='word_1_118' title='bbox 917 1809 1102 1854; x_wconf 82' lang='lat' dir='ltr'><strong>sextus</strong></span> <span class='ocrx_word' id='word_1_119' title='bbox 1146 1799 1198 1853; x_wconf 90' lang='lat' dir='ltr'><strong>in</strong></span> <span class='ocrx_word' id='word_1_120' title='bbox 1230 1800 1442 1853; x_wconf 84' lang='lat' dir='ltr'><strong>abbatis</strong></span> <span class='ocrx_word' id='word_1_121' title='bbox 1479 1799 1699 1855; x_wconf 78' lang='lat' dir='ltr'><strong>ltoberti</strong></span> <span class='ocrx_word' id='word_1_122' title='bbox 1744 1800 2032 1864; x_wconf 87' lang='lat' dir='ltr'><strong>demortui,</strong></span> <span class='ocrx_word' id='word_1_123' title='bbox 2064 1801 2156 1871; x_wconf 91' lang='lat' dir='ltr'><strong>qui</strong></span> <span class='ocrx_word' id='word_1_124' title='bbox 2189 1791 2230 1850; x_wconf 82' lang='grc' dir='ltr'><strong>Β</strong></span> 
     </span>
    </p>
   </div>
   <div class='ocr_carea' id='block_1_19' title="bbox 565 1892 2156 1963">
    <p class='ocr_par' dir='ltr' id='par_1_19' title="bbox 565 1892 2156 1963">
     <span class='ocr_line' id='line_1_19' title="bbox 565 1892 2156 1963; baseline 0.001 -17"><span class='ocrx_word' id='word_1_125' title='bbox 565 1892 714 1946; x_wconf 92' lang='lat' dir='ltr'><strong>illum</strong></span> <span class='ocrx_word' id='word_1_126' title='bbox 757 1901 1090 1963; x_wconf 88' lang='lat' dir='ltr'><strong>susceperat,</strong></span> <span class='ocrx_word' id='word_1_127' title='bbox 1141 1893 1340 1959; x_wconf 85' lang='lat' dir='ltr'><strong>locuui,</strong></span> <span class='ocrx_word' id='word_1_128' title='bbox 1381 1893 1547 1948; x_wconf 84' lang='lat' dir='ltr'><strong>abbas</strong></span> <span class='ocrx_word' id='word_1_129' title='bbox 1575 1893 1886 1948; x_wconf 85' lang='lat' dir='ltr'><strong>Casinensis</strong></span> <span class='ocrx_word' id='word_1_130' title='bbox 1915 1894 2156 1948; x_wconf 89' lang='lat' dir='ltr'><strong>omnium</strong></span> 
     </span>
    </p>
   </div>
   <div class='ocr_carea' id='block_1_20' title="bbox 564 1976 2159 2061">
    <p class='ocr_par' dir='ltr' id='par_1_20' title="bbox 564 1976 2159 2061">
     <span class='ocr_line' id='line_1_20' title="bbox 564 1976 2159 2061; baseline -0.001 -17"><span class='ocrx_word' id='word_1_131' title='bbox 564 1987 958 2048; x_wconf 81' lang='lat' dir='ltr'><strong>:zionachorum</strong></span> <span class='ocrx_word' id='word_1_132' title='bbox 1009 2001 1281 2045; x_wconf 76' lang='lat' dir='ltr'><strong>etuiseiisu</strong></span> <span class='ocrx_word' id='word_1_133' title='bbox 1335 1976 1676 2061; x_wconf 68' lang='lat' dir='ltr'><strong>designatus.</strong></span> <span class='ocrx_word' id='word_1_134' title='bbox 1721 1985 1830 2045; x_wconf 81' lang='lat' dir='ltr'><strong>Pro</strong></span> <span class='ocrx_word' id='word_1_135' title='bbox 1871 1999 2159 2044; x_wconf 68' lang='lat' dir='ltr'><strong>consurre-</strong></span> 
     </span>
    </p>
   </div>
   <div class='ocr_carea' id='block_1_21' title="bbox 565 2081 2156 2152">
    <p class='ocr_par' dir='ltr' id='par_1_21' title="bbox 565 2081 2156 2152">
     <span class='ocr_line' id='line_1_21' title="bbox 565 2081 2156 2152; baseline -0.003 -14"><span class='ocrx_word' id='word_1_136' title='bbox 565 2087 709 2138; x_wconf 87' lang='lat' dir='ltr'><strong>tiune</strong></span> <span class='ocrx_word' id='word_1_137' title='bbox 745 2095 947 2147; x_wconf 82' lang='lat' dir='ltr'><strong>autem,</strong></span> <span class='ocrx_word' id='word_1_138' title='bbox 979 2095 1036 2138; x_wconf 89' lang='lat' dir='ltr'><strong>ut</strong></span> <span class='ocrx_word' id='word_1_139' title='bbox 1077 2100 1195 2138; x_wconf 88' lang='lat' dir='ltr'><strong>mus</strong></span> <span class='ocrx_word' id='word_1_140' title='bbox 1230 2093 1371 2146; x_wconf 90' lang='lat' dir='ltr'><strong>erat,</strong></span> <span class='ocrx_word' id='word_1_141' title='bbox 1403 2084 1470 2136; x_wconf 91' lang='lat' dir='ltr'><strong>ad</strong></span> <span class='ocrx_word' id='word_1_142' title='bbox 1500 2082 1802 2136; x_wconf 86' lang='lat' dir='ltr'><strong>Romanum</strong></span> <span class='ocrx_word' id='word_1_143' title='bbox 1850 2081 2156 2152; x_wconf 87' lang='lat' dir='ltr'><strong>pontificem</strong></span> 
     </span>
    </p>
   </div>
   <div class='ocr_carea' id='block_1_22' title="bbox 565 2170 2158 2242">
    <p class='ocr_par' dir='ltr' id='par_1_22' title="bbox 565 2170 2158 2242">
     <span class='ocr_line' id='line_1_22' title="bbox 565 2170 2158 2242; baseline -0.003 -14"><span class='ocrx_word' id='word_1_144' title='bbox 565 2175 838 2230; x_wconf 75' lang='lat' dir='ltr'><strong>Victorem</strong></span> <span class='ocrx_word' id='word_1_145' title='bbox 885 2173 1200 2238; x_wconf 88' lang='lat' dir='ltr'><strong>secundum,</strong></span> <span class='ocrx_word' id='word_1_146' title='bbox 1243 2175 1334 2242; x_wconf 89' lang='lat' dir='ltr'><strong>qui</strong></span> <span class='ocrx_word' id='word_1_147' title='bbox 1379 2182 1489 2226; x_wconf 92' lang='lat' dir='ltr'><strong>tum</strong></span> <span class='ocrx_word' id='word_1_148' title='bbox 1533 2170 1818 2227; x_wconf 73' lang='lat' dir='ltr'><strong>Florentia:</strong></span> <span class='ocrx_word' id='word_1_149' title='bbox 1857 2186 2158 2225; x_wconf 86' lang='lat' dir='ltr'><strong>commora-</strong></span> 
     </span>
    </p>
   </div>
   <div class='ocr_carea' id='block_1_23' title="bbox 563 2261 2154 2334">
    <p class='ocr_par' dir='ltr' id='par_1_23' title="bbox 563 2261 2154 2334">
     <span class='ocr_line' id='line_1_23' title="bbox 563 2261 2154 2334; baseline -0.004 -11"><span class='ocrx_word' id='word_1_150' title='bbox 563 2268 742 2334; x_wconf 89' lang='lat' dir='ltr'><strong>batur,</strong></span> <span class='ocrx_word' id='word_1_151' title='bbox 773 2269 1018 2334; x_wconf 90' lang='lat' dir='ltr'><strong>veniens,</strong></span> <span class='ocrx_word' id='word_1_152' title='bbox 1045 2278 1168 2322; x_wconf 87' lang='lat' dir='ltr'><strong>octo</strong></span> <span class='ocrx_word' id='word_1_153' title='bbox 1197 2266 1476 2320; x_wconf 84' lang='lat' dir='ltr'><strong>monachis</strong></span> <span class='ocrx_word' id='word_1_154' title='bbox 1501 2265 1808 2328; x_wconf 89' lang='lat' dir='ltr'><strong>comitatus,</strong></span> <span class='ocrx_word' id='word_1_155' title='bbox 1842 2279 1947 2317; x_wconf 90' lang='lat' dir='ltr'><strong>uou</strong></span> <span class='ocrx_word' id='word_1_156' title='bbox 1980 2261 2154 2317; x_wconf 87' lang='lat' dir='ltr'><strong>solum</strong></span> 
     </span>
    </p>
   </div>
   <div class='ocr_carea' id='block_1_24' title="bbox 562 2344 2157 2419">
    <p class='ocr_par' dir='ltr' id='par_1_24' title="bbox 562 2344 2157 2419">
     <span class='ocr_line' id='line_1_24' title="bbox 562 2344 2157 2419; baseline -0.004 -3"><span class='ocrx_word' id='word_1_157' title='bbox 562 2361 616 2416; x_wconf 92' lang='lat' dir='ltr'><strong>iu</strong></span> <span class='ocrx_word' id='word_1_158' title='bbox 657 2361 908 2415; x_wconf 82' lang='lat' dir='ltr'><strong>abbatem</strong></span> <span class='ocrx_word' id='word_1_159' title='bbox 945 2359 1297 2415; x_wconf 87' lang='lat' dir='ltr'><strong>Casiiieiiscm</strong></span> <span class='ocrx_word' id='word_1_160' title='bbox 1334 2367 1420 2412; x_wconf 91' lang='lat' dir='ltr'><strong>est</strong></span> <span class='ocrx_word' id='word_1_161' title='bbox 1462 2344 1834 2419; x_wconf 86' lang='lat' dir='ltr'><strong>consecratus,</strong></span> <span class='ocrx_word' id='word_1_162' title='bbox 1875 2370 2060 2410; x_wconf 90' lang='lat' dir='ltr'><strong>verum</strong></span> <span class='ocrx_word' id='word_1_163' title='bbox 2102 2365 2157 2410; x_wconf 90' lang='lat' dir='ltr'><strong>et</strong></span> 
     </span>
    </p>
   </div>
   <div class='ocr_carea' id='block_1_25' title="bbox 562 2446 2152 2522">
    <p class='ocr_par' dir='ltr' id='par_1_25' title="bbox 562 2446 2152 2522">
     <span class='ocr_line' id='line_1_25' title="bbox 562 2446 2152 2522; baseline -0.002 -18"><span class='ocrx_word' id='word_1_164' title='bbox 562 2451 844 2522; x_wconf 80' lang='lat' dir='ltr'><strong>presbyter</strong></span> <span class='ocrx_word' id='word_1_165' title='bbox 869 2449 1162 2505; x_wconf 88' lang='lat' dir='ltr'><strong>cardiiialis</strong></span> <span class='ocrx_word' id='word_1_166' title='bbox 1195 2450 1245 2504; x_wconf 94' lang='lat' dir='ltr'><strong>in</strong></span> <span class='ocrx_word' id='word_1_167' title='bbox 1281 2448 1434 2503; x_wconf 92' lang='lat' dir='ltr'><strong>titulo</strong></span> <span class='ocrx_word' id='word_1_168' title='bbox 1485 2446 1667 2502; x_wconf 89' lang='lat' dir='ltr'><strong>Sancti</strong></span> <span class='ocrx_word' id='word_1_169' title='bbox 1701 2446 2035 2520; x_wconf 82' lang='lat' dir='ltr'><strong>Chrysogoni</strong></span> <span class='ocrx_word' id='word_1_170' title='bbox 2068 2463 2152 2503; x_wconf 66' lang='lat' dir='ltr'><strong>oro</strong></span> 
     </span>
    </p>
   </div>
   <div class='ocr_carea' id='block_1_26' title="bbox 561 2525 2154 2620">
    <p class='ocr_par' dir='ltr' id='par_1_26' title="bbox 561 2525 2154 2620">
     <span class='ocr_line' id='line_1_26' title="bbox 561 2525 2154 2620; baseline -0.003 -20"><span class='ocrx_word' id='word_1_171' title='bbox 561 2546 778 2600; x_wconf 87' lang='lat' dir='ltr'><strong>diiiatus</strong></span> <span class='ocrx_word' id='word_1_172' title='bbox 804 2553 907 2599; x_wconf 87' lang='lat' dir='ltr'><strong>est.</strong></span> <span class='ocrx_word' id='word_1_173' title='bbox 939 2543 983 2597; x_wconf 82' lang='lat' dir='ltr'><strong>A</strong></span> <span class='ocrx_word' id='word_1_174' title='bbox 1013 2559 1120 2614; x_wconf 92' lang='lat' dir='ltr'><strong>quo</strong></span> <span class='ocrx_word' id='word_1_175' title='bbox 1147 2543 1213 2597; x_wconf 93' lang='lat' dir='ltr'><strong>ad</strong></span> <span class='ocrx_word' id='word_1_176' title='bbox 1257 2541 1646 2620; x_wconf 87' lang='lat' dir='ltr'><strong>monasterium</strong></span> <span class='ocrx_word' id='word_1_177' title='bbox 1674 2556 1832 2597; x_wconf 90' lang='lat' dir='ltr'><strong>suum</strong></span> <span class='ocrx_word' id='word_1_178' title='bbox 1853 2525 2154 2596; x_wconf 82' lang='lat' dir='ltr'><strong>Casinense</strong></span> 
     </span>
    </p>
   </div>
   <div class='ocr_carea' id='block_1_27' title="bbox 562 2633 2152 2701">
    <p class='ocr_par' dir='ltr' id='par_1_27' title="bbox 562 2633 2152 2701">
     <span class='ocr_line' id='line_1_27' title="bbox 562 2633 2152 2701; baseline -0.001 -11"><span class='ocrx_word' id='word_1_179' title='bbox 562 2651 879 2691; x_wconf 77' lang='lat' dir='ltr'><strong>reversurus</strong></span> <span class='ocrx_word' id='word_1_180' title='bbox 910 2635 1214 2701; x_wconf 89' lang='lat' dir='ltr'><strong>discedens,</strong></span> <span class='ocrx_word' id='word_1_181' title='bbox 1245 2649 1367 2690; x_wconf 92' lang='lat' dir='ltr'><strong>cum</strong></span> <span class='ocrx_word' id='word_1_182' title='bbox 1399 2633 1628 2688; x_wconf 83' lang='lat' dir='ltr'><strong>Romam</strong></span> <span class='ocrx_word' id='word_1_183' title='bbox 1666 2635 1934 2700; x_wconf 84' lang='lat' dir='ltr'><strong>venisset,</strong></span> <span class='ocrx_word' id='word_1_184' title='bbox 1969 2634 2152 2688; x_wconf 90' lang='lat' dir='ltr'><strong>statim</strong></span> 
     </span>
    </p>
   </div>
   <div class='ocr_carea' id='block_1_28' title="bbox 559 2729 1919 2802">
    <p class='ocr_par' dir='ltr' id='par_1_28' title="bbox 559 2729 1919 2802">
     <span class='ocr_line' id='line_1_28' title="bbox 559 2729 1919 2802; baseline -0.004 -16"><span class='ocrx_word' id='word_1_185' title='bbox 559 2731 741 2786; x_wconf 89' lang='lat' dir='ltr'><strong>obitus</strong></span> <span class='ocrx_word' id='word_1_186' title='bbox 761 2744 912 2802; x_wconf 71' lang='lat' dir='ltr'><strong>papa:</strong></span> <span class='ocrx_word' id='word_1_187' title='bbox 942 2729 1176 2786; x_wconf 84' lang='lat' dir='ltr'><strong>Victoris</strong></span> <span class='ocrx_word' id='word_1_188' title='bbox 1199 2729 1419 2784; x_wconf 83' lang='lat' dir='ltr'><strong>secundi</strong></span> <span class='ocrx_word' id='word_1_189' title='bbox 1451 2729 1793 2784; x_wconf 87' lang='lat' dir='ltr'><strong>renuntiatus</strong></span> <span class='ocrx_word' id='word_1_190' title='bbox 1817 2737 1919 2782; x_wconf 88' lang='lat' dir='ltr'><strong>est.</strong></span> 
     </span>
    </p>
   </div>
   <div class='ocr_carea' id='block_1_29' title="bbox 633 2818 2151 2890">
    <p class='ocr_par' dir='ltr' id='par_1_29' title="bbox 633 2818 2151 2890">
     <span class='ocr_line' id='line_1_29' title="bbox 633 2818 2151 2890; baseline -0.001 -14"><span class='ocrx_word' id='word_1_191' title='bbox 633 2821 746 2880; x_wconf 85' lang='lat' dir='ltr'><strong>lloc</strong></span> <span class='ocrx_word' id='word_1_192' title='bbox 779 2823 969 2878; x_wconf 88' lang='lat' dir='ltr'><strong>nuntio</strong></span> <span class='ocrx_word' id='word_1_193' title='bbox 1004 2821 1230 2876; x_wconf 80' lang='lat' dir='ltr'><strong>Romam</strong></span> <span class='ocrx_word' id='word_1_194' title='bbox 1268 2820 1450 2886; x_wconf 88' lang='lat' dir='ltr'><strong>allato,</strong></span> <span class='ocrx_word' id='word_1_195' title='bbox 1483 2819 1712 2874; x_wconf 89' lang='lat' dir='ltr'><strong>Romani</strong></span> <span class='ocrx_word' id='word_1_196' title='bbox 1743 2818 2013 2890; x_wconf 76' lang='lat' dir='ltr'><strong>extemplo</strong></span> <span class='ocrx_word' id='word_1_197' title='bbox 2062 2835 2151 2874; x_wconf 88' lang='lat' dir='ltr'><strong>co-</strong></span> 
     </span>
    </p>
   </div>
   <div class='ocr_carea' id='block_1_30' title="bbox 559 2900 2153 2984">
    <p class='ocr_par' dir='ltr' id='par_1_30' title="bbox 559 2900 2153 2984">
     <span class='ocr_line' id='line_1_30' title="bbox 559 2900 2153 2984; baseline -0.001 -16"><span class='ocrx_word' id='word_1_198' title='bbox 559 2916 710 2969; x_wconf 86' lang='lat' dir='ltr'><strong>milia</strong></span> <span class='ocrx_word' id='word_1_199' title='bbox 737 2914 1079 2983; x_wconf 73' lang='lat' dir='ltr'><strong>subrogando</strong></span> <span class='ocrx_word' id='word_1_200' title='bbox 1107 2900 1348 2984; x_wconf 82' lang='lat' dir='ltr'><strong>pontifici</strong></span> <span class='ocrx_word' id='word_1_201' title='bbox 1378 2913 1704 2976; x_wconf 90' lang='lat' dir='ltr'><strong>habuerunt,</strong></span> <span class='ocrx_word' id='word_1_202' title='bbox 1733 2911 1803 2966; x_wconf 90' lang='lat' dir='ltr'><strong>ibi</strong></span> <span class='ocrx_word' id='word_1_203' title='bbox 1828 2912 1949 2966; x_wconf 91' lang='lat' dir='ltr'><strong>aliis</strong></span> <span class='ocrx_word' id='word_1_204' title='bbox 1977 2911 2153 2966; x_wconf 84' lang='lat' dir='ltr'><strong>llilde-</strong></span> 
     </span>
    </p>
   </div>
   <div class='ocr_carea' id='block_1_31' title="bbox 557 3002 2151 3075">
    <p class='ocr_par' dir='ltr' id='par_1_31' title="bbox 557 3002 2151 3075">
     <span class='ocr_line' id='line_1_31' title="bbox 557 3002 2151 3075; baseline -0.001 -15"><span class='ocrx_word' id='word_1_205' title='bbox 557 3006 843 3067; x_wconf 89' lang='lat' dir='ltr'><strong>brandum,</strong></span> <span class='ocrx_word' id='word_1_206' title='bbox 873 3005 964 3075; x_wconf 92' lang='lat' dir='ltr'><strong>qui</strong></span> <span class='ocrx_word' id='word_1_207' title='bbox 994 3021 1115 3060; x_wconf 93' lang='lat' dir='ltr'><strong>cum</strong></span> <span class='ocrx_word' id='word_1_208' title='bbox 1149 3005 1362 3059; x_wconf 78' lang='lat' dir='ltr'><strong>Victore</strong></span> <span class='ocrx_word' id='word_1_209' title='bbox 1389 3014 1532 3070; x_wconf 90' lang='lat' dir='ltr'><strong>erat,</strong></span> <span class='ocrx_word' id='word_1_210' title='bbox 1559 3003 2002 3073; x_wconf 78' lang='lat' dir='ltr'><strong>exspectandum,</strong></span> <span class='ocrx_word' id='word_1_211' title='bbox 2031 3002 2151 3058; x_wconf 88' lang='lat' dir='ltr'><strong>aliis</strong></span> 
     </span>
    </p>
   </div>
   <div class='ocr_carea' id='block_1_32' title="bbox 558 3091 2148 3162">
    <p class='ocr_par' dir='ltr' id='par_1_32' title="bbox 558 3091 2148 3162">
     <span class='ocr_line' id='line_1_32' title="bbox 558 3091 2148 3162; baseline -0.003 -13"><span class='ocrx_word' id='word_1_212' title='bbox 558 3111 765 3149; x_wconf 89' lang='lat' dir='ltr'><strong>moram</strong></span> <span class='ocrx_word' id='word_1_213' title='bbox 796 3095 996 3149; x_wconf 89' lang='lat' dir='ltr'><strong>nullam</strong></span> <span class='ocrx_word' id='word_1_214' title='bbox 1024 3094 1240 3149; x_wconf 91' lang='lat' dir='ltr'><strong>comitis</strong></span> <span class='ocrx_word' id='word_1_215' title='bbox 1269 3094 1715 3162; x_wconf 89' lang='lat' dir='ltr'><strong>interponendam</strong></span> <span class='ocrx_word' id='word_1_216' title='bbox 1739 3107 1859 3147; x_wconf 88' lang='lat' dir='ltr'><strong>esse</strong></span> <span class='ocrx_word' id='word_1_217' title='bbox 1879 3091 2148 3146; x_wconf 88' lang='lat' dir='ltr'><strong>censenti-</strong></span> 
     </span>
    </p>
   </div>
   <div class='ocr_carea' id='block_1_33' title="bbox 557 3183 2144 3254">
    <p class='ocr_par' dir='ltr' id='par_1_33' title="bbox 557 3183 2144 3254">
     <span class='ocr_line' id='line_1_33' title="bbox 557 3183 2144 3254; baseline -0.004 -10"><span class='ocrx_word' id='word_1_218' title='bbox 557 3189 678 3244; x_wconf 91' lang='lat' dir='ltr'><strong>bus.</strong></span> <span class='ocrx_word' id='word_1_219' title='bbox 709 3188 910 3243; x_wconf 87' lang='lat' dir='ltr'><strong>Omnes</strong></span> <span class='ocrx_word' id='word_1_220' title='bbox 938 3188 1151 3242; x_wconf 89' lang='lat' dir='ltr'><strong>demum</strong></span> <span class='ocrx_word' id='word_1_221' title='bbox 1179 3202 1286 3240; x_wconf 94' lang='lat' dir='ltr'><strong>uno</strong></span> <span class='ocrx_word' id='word_1_222' title='bbox 1309 3199 1573 3240; x_wconf 90' lang='lat' dir='ltr'><strong>consensu</strong></span> <span class='ocrx_word' id='word_1_223' title='bbox 1605 3183 1940 3239; x_wconf 85' lang='lat' dir='ltr'><strong>Fridericum</strong></span> <span class='ocrx_word' id='word_1_224' title='bbox 1971 3183 2144 3254; x_wconf 87' lang='lat' dir='ltr'><strong>ipsum</strong></span> 
     </span>
    </p>
   </div>
   <div class='ocr_carea' id='block_1_34' title="bbox 557 3277 2144 3349">
    <p class='ocr_par' dir='ltr' id='par_1_34' title="bbox 557 3277 2144 3349">
     <span class='ocr_line' id='line_1_34' title="bbox 557 3277 2144 3349; baseline -0.003 -13"><span class='ocrx_word' id='word_1_225' title='bbox 557 3281 906 3344; x_wconf 86' lang='lat' dir='ltr'><strong>cardinalem,</strong></span> <span class='ocrx_word' id='word_1_226' title='bbox 957 3297 1022 3335; x_wconf 84' lang='lat' dir='ltr'><strong>ex</strong></span> <span class='ocrx_word' id='word_1_227' title='bbox 1066 3279 1260 3334; x_wconf 88' lang='lat' dir='ltr'><strong>Tuscia</strong></span> <span class='ocrx_word' id='word_1_228' title='bbox 1307 3280 1420 3349; x_wconf 90' lang='lat' dir='ltr'><strong>ipsa</strong></span> <span class='ocrx_word' id='word_1_229' title='bbox 1464 3277 1623 3348; x_wconf 91' lang='lat' dir='ltr'><strong>paulo</strong></span> <span class='ocrx_word' id='word_1_230' title='bbox 1669 3286 1794 3331; x_wconf 83' lang='lat' dir='ltr'><strong>ante</strong></span> <span class='ocrx_word' id='word_1_231' title='bbox 1841 3291 2144 3341; x_wconf 83' lang='lat' dir='ltr'><strong>reversum,</strong></span> 
     </span>
    </p>
   </div>
   <div class='ocr_carea' id='block_1_35' title="bbox 559 3369 2144 3444">
    <p class='ocr_par' dir='ltr' id='par_1_35' title="bbox 559 3369 2144 3444">
     <span class='ocr_line' id='line_1_35' title="bbox 559 3369 2144 3444; baseline -0.001 -18"><span class='ocrx_word' id='word_1_232' title='bbox 559 3373 790 3438; x_wconf 87' lang='lat' dir='ltr'><strong>adeunt,</strong></span> <span class='ocrx_word' id='word_1_233' title='bbox 818 3388 1051 3444; x_wconf 90' lang='lat' dir='ltr'><strong>eumque</strong></span> <span class='ocrx_word' id='word_1_234' title='bbox 1098 3386 1194 3442; x_wconf 91' lang='lat' dir='ltr'><strong>per</strong></span> <span class='ocrx_word' id='word_1_235' title='bbox 1235 3371 1342 3425; x_wconf 86' lang='lat' dir='ltr'><strong>vim</strong></span> <span class='ocrx_word' id='word_1_236' title='bbox 1386 3387 1451 3426; x_wconf 82' lang='lat' dir='ltr'><strong>ex</strong></span> <span class='ocrx_word' id='word_1_237' title='bbox 1488 3371 1720 3440; x_wconf 89' lang='lat' dir='ltr'><strong>hospitio</strong></span> <span class='ocrx_word' id='word_1_238' title='bbox 1759 3370 2044 3434; x_wconf 88' lang='lat' dir='ltr'><strong>eductum,</strong></span> <span class='ocrx_word' id='word_1_239' title='bbox 2079 3369 2144 3424; x_wconf 92' lang='lat' dir='ltr'><strong>ad</strong></span> 
     </span>
    </p>
   </div>
   <div class='ocr_carea' id='block_1_36' title="bbox 558 3461 2147 3530">
    <p class='ocr_par' dir='ltr' id='par_1_36' title="bbox 558 3461 2147 3530">
     <span class='ocr_line' id='line_1_36' title="bbox 558 3461 2147 3530; baseline -0.003 -10"><span class='ocrx_word' id='word_1_240' title='bbox 558 3464 837 3520; x_wconf 86' lang='lat' dir='ltr'><strong>basilicam</strong></span> <span class='ocrx_word' id='word_1_241' title='bbox 886 3464 1070 3519; x_wconf 88' lang='lat' dir='ltr'><strong>Sancti</strong></span> <span class='ocrx_word' id='word_1_242' title='bbox 1122 3464 1264 3518; x_wconf 84' lang='lat' dir='ltr'><strong>Petri</strong></span> <span class='ocrx_word' id='word_1_243' title='bbox 1316 3462 1382 3518; x_wconf 87' lang='lat' dir='ltr'><strong>ad</strong></span> <span class='ocrx_word' id='word_1_244' title='bbox 1421 3461 1644 3518; x_wconf 77' lang='lat' dir='ltr'><strong>Vincula</strong></span> <span class='ocrx_word' id='word_1_245' title='bbox 1690 3462 1939 3522; x_wconf 84' lang='lat' dir='ltr'><strong>trahunt.</strong></span> <span class='ocrx_word' id='word_1_246' title='bbox 1985 3471 2147 3530; x_wconf 90' lang='lat' dir='ltr'><strong>atque</strong></span> 
     </span>
    </p>
   </div>
   <div class='ocr_carea' id='block_1_37' title="bbox 555 3553 2148 3629">
    <p class='ocr_par' dir='ltr' id='par_1_37' title="bbox 555 3553 2148 3629">
     <span class='ocr_line' id='line_1_37' title="bbox 555 3553 2148 3629; baseline -0.001 -19"><span class='ocrx_word' id='word_1_247' title='bbox 555 3558 866 3629; x_wconf 79' lang='lat' dir='ltr'><strong>pontificem</strong></span> <span class='ocrx_word' id='word_1_248' title='bbox 904 3557 1102 3612; x_wconf 88' lang='lat' dir='ltr'><strong>lectum</strong></span> <span class='ocrx_word' id='word_1_249' title='bbox 1134 3554 1467 3626; x_wconf 86' lang='lat' dir='ltr'><strong>Stephanum</strong></span> <span class='ocrx_word' id='word_1_250' title='bbox 1501 3553 1719 3608; x_wconf 86' lang='lat' dir='ltr'><strong>nomine</strong></span> <span class='ocrx_word' id='word_1_251' title='bbox 1761 3554 2058 3624; x_wconf 84' lang='lat' dir='ltr'><strong>appellant;</strong></span> <span class='ocrx_word' id='word_1_252' title='bbox 2103 3555 2148 3609; x_wconf 92' lang='lat' dir='ltr'><strong>is</strong></span> 
     </span>
    </p>
   </div>
   <div class='ocr_carea' id='block_1_38' title="bbox 556 3635 2145 3716">
    <p class='ocr_par' dir='ltr' id='par_1_38' title="bbox 556 3635 2145 3716">
     <span class='ocr_line' id='line_1_38' title="bbox 556 3635 2145 3716; baseline -0.004 -14"><span class='ocrx_word' id='word_1_253' title='bbox 556 3648 702 3702; x_wconf 90' lang='lat' dir='ltr'><strong>enim</strong></span> <span class='ocrx_word' id='word_1_254' title='bbox 733 3648 848 3702; x_wconf 88' lang='lat' dir='ltr'><strong>dies</strong></span> <span class='ocrx_word' id='word_1_255' title='bbox 877 3656 996 3702; x_wconf 89' lang='lat' dir='ltr'><strong>erat</strong></span> <span class='ocrx_word' id='word_1_256' title='bbox 1027 3662 1077 3700; x_wconf 92' lang='lat' dir='ltr'><strong>iv</strong></span> <span class='ocrx_word' id='word_1_257' title='bbox 1116 3644 1296 3700; x_wconf 84' lang='lat' dir='ltr'><strong>Nonas</strong></span> <span class='ocrx_word' id='word_1_258' title='bbox 1330 3645 1587 3716; x_wconf 83' lang='lat' dir='ltr'><strong>Augusti,</strong></span> <span class='ocrx_word' id='word_1_259' title='bbox 1621 3635 1727 3714; x_wconf 87' lang='lat' dir='ltr'><strong>quo</strong></span> <span class='ocrx_word' id='word_1_260' title='bbox 1761 3645 1847 3698; x_wconf 87' lang='lat' dir='ltr'><strong>die</strong></span> <span class='ocrx_word' id='word_1_261' title='bbox 1889 3642 2145 3697; x_wconf 87' lang='lat' dir='ltr'><strong>memoria</strong></span> 
     </span>
    </p>
   </div>
   <div class='ocr_carea' id='block_1_39' title="bbox 557 3731 2148 3809">
    <p class='ocr_par' dir='ltr' id='par_1_39' title="bbox 557 3731 2148 3809">
     <span class='ocr_line' id='line_1_39' title="bbox 557 3731 2148 3809; baseline -0.004 -16"><span class='ocrx_word' id='word_1_262' title='bbox 557 3738 731 3793; x_wconf 87' lang='lat' dir='ltr'><strong>sancti</strong></span> <span class='ocrx_word' id='word_1_263' title='bbox 779 3737 1038 3809; x_wconf 89' lang='lat' dir='ltr'><strong>Stephani</strong></span> <span class='ocrx_word' id='word_1_264' title='bbox 1087 3736 1356 3807; x_wconf 85' lang='lat' dir='ltr'><strong>pontificis</strong></span> <span class='ocrx_word' id='word_1_265' title='bbox 1400 3744 1454 3790; x_wconf 89' lang='lat' dir='ltr'><strong>ct</strong></span> <span class='ocrx_word' id='word_1_266' title='bbox 1495 3734 1750 3806; x_wconf 83' lang='lat' dir='ltr'><strong>martyris</strong></span> <span class='ocrx_word' id='word_1_267' title='bbox 1793 3732 1862 3787; x_wconf 91' lang='lat' dir='ltr'><strong>ab</strong></span> <span class='ocrx_word' id='word_1_268' title='bbox 1909 3731 2148 3787; x_wconf 80' lang='lat' dir='ltr'><strong>Ecclesia</strong></span> 
     </span>
    </p>
   </div>
   <div class='ocr_carea' id='block_1_40' title="bbox 557 3822 2124 3898">
    <p class='ocr_par' dir='ltr' id='par_1_40' title="bbox 557 3822 2124 3898">
     <span class='ocr_line' id='line_1_40' title="bbox 557 3822 2124 3898; baseline 0 -18"><span class='ocrx_word' id='word_1_269' title='bbox 557 3827 773 3893; x_wconf 80' lang='lat' dir='ltr'><strong>colitur.</strong></span> <span class='ocrx_word' id='word_1_270' title='bbox 798 3828 973 3898; x_wconf 77' lang='lat' dir='ltr'><strong>Atque</strong></span> <span class='ocrx_word' id='word_1_271' title='bbox 1004 3827 1127 3882; x_wconf 89' lang='lat' dir='ltr'><strong>inde</strong></span> <span class='ocrx_word' id='word_1_272' title='bbox 1153 3827 1531 3897; x_wconf 73' lang='lat' dir='ltr'><strong>plaudentibus</strong></span> <span class='ocrx_word' id='word_1_273' title='bbox 1557 3822 1809 3882; x_wconf 88' lang='lat' dir='ltr'><strong>omnibus</strong></span> <span class='ocrx_word' id='word_1_274' title='bbox 1837 3827 1904 3880; x_wconf 88' lang='lat' dir='ltr'><strong>ad</strong></span> <span class='ocrx_word' id='word_1_275' title='bbox 1931 3825 2124 3880; x_wconf 87' lang='lat' dir='ltr'><strong>Latcra</strong></span> 
     </span>
    </p>
   </div>
   <div class='ocr_carea' id='block_1_41' title="bbox 559 3909 2144 3986">
    <p class='ocr_par' dir='ltr' id='par_1_41' title="bbox 559 3909 2144 3986">
     <span class='ocr_line' id='line_1_41' title="bbox 559 3909 2144 3986; baseline -0.001 -17"><span class='ocrx_word' id='word_1_276' title='bbox 559 3930 686 3970; x_wconf 90' lang='lat' dir='ltr'><strong>num</strong></span> <span class='ocrx_word' id='word_1_277' title='bbox 726 3917 1028 3982; x_wconf 72' lang='lat' dir='ltr'><strong>tiCdthlltJ;</strong></span> <span class='ocrx_word' id='word_1_278' title='bbox 1070 3909 1328 3986; x_wconf 86' lang='lat' dir='ltr'><strong>postridie</strong></span> <span class='ocrx_word' id='word_1_279' title='bbox 1368 3931 1493 3972; x_wconf 91' lang='lat' dir='ltr'><strong>vero</strong></span> <span class='ocrx_word' id='word_1_280' title='bbox 1527 3917 1615 3971; x_wconf 89' lang='lat' dir='ltr'><strong>die</strong></span> <span class='ocrx_word' id='word_1_281' title='bbox 1652 3915 1931 3971; x_wconf 86' lang='lat' dir='ltr'><strong>Domiiiico</strong></span> <span class='ocrx_word' id='word_1_282' title='bbox 1968 3915 2144 3970; x_wconf 88' lang='lat' dir='ltr'><strong>cardi-</strong></span> 
     </span>
    </p>
   </div>
   <div class='ocr_carea' id='block_1_42' title="bbox 2259 525 3829 601">
    <p class='ocr_par' dir='ltr' id='par_1_42' title="bbox 2259 525 3829 601">
     <span class='ocr_line' id='line_1_42' title="bbox 2259 525 3829 601; baseline 0.004 -18"><span class='ocrx_word' id='word_1_283' title='bbox 2259 542 2381 583; x_wconf 79' lang='lat' dir='ltr'><strong>enm</strong></span> <span class='ocrx_word' id='word_1_284' title='bbox 2423 526 2840 592; x_wconf 82' lang='lat' dir='ltr'><strong>conﬂuentibus,</strong></span> <span class='ocrx_word' id='word_1_285' title='bbox 2887 527 2939 582; x_wconf 90' lang='lat' dir='ltr'><strong>in</strong></span> <span class='ocrx_word' id='word_1_286' title='bbox 2982 525 3241 584; x_wconf 79' lang='lat' dir='ltr'><strong>Vaticano</strong></span> <span class='ocrx_word' id='word_1_287' title='bbox 3285 547 3472 601; x_wconf 79' lang='lat' dir='ltr'><strong>magna</strong></span> <span class='ocrx_word' id='word_1_288' title='bbox 3522 535 3829 590; x_wconf 76' lang='lat' dir='ltr'><strong>crereiuonia</strong></span> 
     </span>
    </p>
   </div>
   <div class='ocr_carea' id='block_1_43' title="bbox 2260 617 3830 693">
    <p class='ocr_par' dir='ltr' id='par_1_43' title="bbox 2260 617 3830 693">
     <span class='ocr_line' id='line_1_43' title="bbox 2260 617 3830 693; baseline 0.006 -20"><span class='ocrx_word' id='word_1_289' title='bbox 2260 629 2599 673; x_wconf 84' lang='lat' dir='ltr'><strong>consecrant.</strong></span> <span class='ocrx_word' id='word_1_290' title='bbox 2632 617 2810 684; x_wconf 87' lang='lat' dir='ltr'><strong>Sedit,</strong></span> <span class='ocrx_word' id='word_1_291' title='bbox 2839 619 3165 690; x_wconf 87' lang='lat' dir='ltr'><strong>imperatore</strong></span> <span class='ocrx_word' id='word_1_292' title='bbox 3193 619 3424 678; x_wconf 85' lang='lat' dir='ltr'><strong>Henrico</strong></span> <span class='ocrx_word' id='word_1_293' title='bbox 3447 634 3666 693; x_wconf 88' lang='lat' dir='ltr'><strong>quarto,</strong></span> <span class='ocrx_word' id='word_1_294' title='bbox 3694 643 3830 683; x_wconf 84' lang='lat' dir='ltr'><strong>inen-</strong></span> 
     </span>
    </p>
   </div>
   <div class='ocr_carea' id='block_1_44' title="bbox 2259 711 2828 776">
    <p class='ocr_par' dir='ltr' id='par_1_44' title="bbox 2259 711 2828 776">
     <span class='ocr_line' id='line_1_44' title="bbox 2259 711 2828 776; baseline 0.004 -12"><span class='ocrx_word' id='word_1_295' title='bbox 2259 725 2347 765; x_wconf 87' lang='lat' dir='ltr'><strong>ses</strong></span> <span class='ocrx_word' id='word_1_296' title='bbox 2370 725 2466 776; x_wconf 84' lang='lat' dir='ltr'><strong>vn,</strong></span> <span class='ocrx_word' id='word_1_297' title='bbox 2496 711 2609 765; x_wconf 90' lang='lat' dir='ltr'><strong>dies</strong></span> <span class='ocrx_word' id='word_1_298' title='bbox 2637 726 2828 766; x_wconf 82' lang='lat' dir='ltr'><strong>xxviii.</strong></span> 
     </span>
    </p>
   </div>
   <div class='ocr_carea' id='block_1_45' title="bbox 2331 788 3832 871">
    <p class='ocr_par' dir='ltr' id='par_1_45' title="bbox 2331 788 3832 871">
     <span class='ocr_line' id='line_1_45' title="bbox 2331 788 3832 871; baseline 0.006 -15"><span class='ocrx_word' id='word_1_299' title='bbox 2331 803 2486 856; x_wconf 84' lang='lat' dir='ltr'><strong>Anno</strong></span> <span class='ocrx_word' id='word_1_300' title='bbox 2535 801 2824 857; x_wconf 70' lang='lat' dir='ltr'><strong>Dominicre</strong></span> <span class='ocrx_word' id='word_1_301' title='bbox 2869 788 3174 860; x_wconf 66' lang='lat' dir='ltr'><strong>Nativitatis</strong></span> <span class='ocrx_word' id='word_1_302' title='bbox 3220 805 3375 871; x_wconf 81' lang='lat' dir='ltr'><strong>l057,</strong></span> <span class='ocrx_word' id='word_1_303' title='bbox 3423 807 3512 862; x_wconf 90' lang='lat' dir='ltr'><strong>die</strong></span> <span class='ocrx_word' id='word_1_304' title='bbox 3563 823 3623 862; x_wconf 90' lang='grc' dir='ltr'><strong>ιιι</strong></span> <span class='ocrx_word' id='word_1_305' title='bbox 3673 809 3832 866; x_wconf 70' lang='lat' dir='ltr'><strong>Nonas</strong></span> 
     </span>
    </p>
   </div>
   <div class='ocr_carea' id='block_1_46' title="bbox 2258 893 3830 965">
    <p class='ocr_par' dir='ltr' id='par_1_46' title="bbox 2258 893 3830 965">
     <span class='ocr_line' id='line_1_46' title="bbox 2258 893 3830 965; baseline 0.005 -18"><span class='ocrx_word' id='word_1_306' title='bbox 2258 893 2506 964; x_wconf 79' lang='lat' dir='ltr'><strong>Augusti,</strong></span> <span class='ocrx_word' id='word_1_307' title='bbox 2539 893 2710 949; x_wconf 89' lang='lat' dir='ltr'><strong>altero</strong></span> <span class='ocrx_word' id='word_1_308' title='bbox 2732 903 2851 965; x_wconf 89' lang='lat' dir='ltr'><strong>post</strong></span> <span class='ocrx_word' id='word_1_309' title='bbox 2879 895 3196 951; x_wconf 88' lang='lat' dir='ltr'><strong>electionem</strong></span> <span class='ocrx_word' id='word_1_310' title='bbox 3223 898 3329 961; x_wconf 88' lang='lat' dir='ltr'><strong>die,</strong></span> <span class='ocrx_word' id='word_1_311' title='bbox 3360 897 3412 952; x_wconf 91' lang='lat' dir='ltr'><strong>in</strong></span> <span class='ocrx_word' id='word_1_312' title='bbox 3445 899 3672 954; x_wconf 89' lang='lat' dir='ltr'><strong>basilica</strong></span> <span class='ocrx_word' id='word_1_313' title='bbox 3698 899 3830 955; x_wconf 85' lang='lat' dir='ltr'><strong>Prin-</strong></span> 
     </span>
    </p>
   </div>
   <div class='ocr_carea' id='block_1_47' title="bbox 2259 983 3828 1060">
    <p class='ocr_par' dir='ltr' id='par_1_47' title="bbox 2259 983 3828 1060">
     <span class='ocr_line' id='line_1_47' title="bbox 2259 983 3828 1060; baseline 0.002 -22"><span class='ocrx_word' id='word_1_314' title='bbox 2259 983 2394 1055; x_wconf 88' lang='lat' dir='ltr'><strong>cipis</strong></span> <span class='ocrx_word' id='word_1_315' title='bbox 2420 985 2816 1055; x_wconf 90' lang='lat' dir='ltr'><strong>apostolorum,</strong></span> <span class='ocrx_word' id='word_1_316' title='bbox 2851 985 2903 1040; x_wconf 94' lang='lat' dir='ltr'><strong>in</strong></span> <span class='ocrx_word' id='word_1_317' title='bbox 2931 986 3238 1057; x_wconf 90' lang='lat' dir='ltr'><strong>episcopum</strong></span> <span class='ocrx_word' id='word_1_318' title='bbox 3274 996 3328 1041; x_wconf 90' lang='lat' dir='ltr'><strong>et</strong></span> <span class='ocrx_word' id='word_1_319' title='bbox 3366 989 3676 1058; x_wconf 90' lang='lat' dir='ltr'><strong>pontiticeiu</strong></span> <span class='ocrx_word' id='word_1_320' title='bbox 3711 1005 3828 1060; x_wconf 77' lang='lat' dir='ltr'><strong>papa</strong></span> 
     </span>
    </p>
   </div>
   <div class='ocr_carea' id='block_1_48' title="bbox 2261 1062 3829 1143">
    <p class='ocr_par' dir='ltr' id='par_1_48' title="bbox 2261 1062 3829 1143">
     <span class='ocr_line' id='line_1_48' title="bbox 2261 1062 3829 1143; baseline 0.004 -16"><span class='ocrx_word' id='word_1_321' title='bbox 2261 1071 2569 1143; x_wconf 88' lang='lat' dir='ltr'><strong>Stephanus</strong></span> <span class='ocrx_word' id='word_1_322' title='bbox 2607 1073 2653 1129; x_wconf 77' lang='grc' dir='ltr'><strong>Χ</strong></span> <span class='ocrx_word' id='word_1_323' title='bbox 2698 1073 2884 1129; x_wconf 77' lang='lat' dir='ltr'><strong>Roma:</strong></span> <span class='ocrx_word' id='word_1_324' title='bbox 2927 1062 3278 1130; x_wconf 86' lang='lat' dir='ltr'><strong>consecratus</strong></span> <span class='ocrx_word' id='word_1_325' title='bbox 3309 1085 3425 1141; x_wconf 91' lang='lat' dir='ltr'><strong>cst,</strong></span> <span class='ocrx_word' id='word_1_326' title='bbox 3472 1083 3590 1131; x_wconf 72' lang='lat' dir='ltr'><strong>Sua:</strong></span> <span class='ocrx_word' id='word_1_327' title='bbox 3625 1093 3829 1134; x_wconf 79' lang='lat' dir='ltr'><strong>corona-</strong></span> 
     </span>
    </p>
   </div>
   <div class='ocr_carea' id='block_1_49' title="bbox 2262 1165 3830 1237">
    <p class='ocr_par' dir='ltr' id='par_1_49' title="bbox 2262 1165 3830 1237">
     <span class='ocr_line' id='line_1_49' title="bbox 2262 1165 3830 1237; baseline 0.004 -18"><span class='ocrx_word' id='word_1_328' title='bbox 2262 1165 2421 1219; x_wconf 91' lang='lat' dir='ltr'><strong>tionis</strong></span> <span class='ocrx_word' id='word_1_329' title='bbox 2451 1165 2680 1236; x_wconf 87' lang='lat' dir='ltr'><strong>insignia</strong></span> <span class='ocrx_word' id='word_1_330' title='bbox 2707 1167 2945 1237; x_wconf 81' lang='lat' dir='ltr'><strong>suscepit</strong></span> <span class='ocrx_word' id='word_1_331' title='bbox 2979 1183 3073 1237; x_wconf 86' lang='lat' dir='ltr'><strong>per</strong></span> <span class='ocrx_word' id='word_1_332' title='bbox 3106 1165 3440 1222; x_wconf 80' lang='lat' dir='ltr'><strong>Mainardum</strong></span> <span class='ocrx_word' id='word_1_333' title='bbox 3467 1167 3530 1224; x_wconf 88' lang='lat' dir='ltr'><strong>S.</strong></span> <span class='ocrx_word' id='word_1_334' title='bbox 3567 1169 3634 1222; x_wconf 89' lang='lat' dir='ltr'><strong>R.</strong></span> <span class='ocrx_word' id='word_1_335' title='bbox 3669 1171 3724 1223; x_wconf 80' lang='grc' dir='ltr'><strong>Ε.</strong></span> <span class='ocrx_word' id='word_1_336' title='bbox 3751 1187 3830 1226; x_wconf 79' lang='lat' dir='ltr'><strong>ar-</strong></span> 
     </span>
    </p>
   </div>
   <div class='ocr_carea' id='block_1_50' title="bbox 2259 1255 2660 1311">
    <p class='ocr_par' dir='ltr' id='par_1_50' title="bbox 2259 1255 2660 1311">
     <span class='ocr_line' id='line_1_50' title="bbox 2259 1255 2660 1311; baseline 0 -1"><span class='ocrx_word' id='word_1_337' title='bbox 2259 1255 2660 1311; x_wconf 87' lang='lat' dir='ltr'><strong>chiiliaconuiu.</strong></span> 
     </span>
    </p>
   </div>
   <div class='ocr_carea' id='block_1_51' title="bbox 2330 1342 3826 1421">
    <p class='ocr_par' dir='ltr' id='par_1_51' title="bbox 2330 1342 3826 1421">
     <span class='ocr_line' id='line_1_51' title="bbox 2330 1342 3826 1421; baseline 0.004 -23"><span class='ocrx_word' id='word_1_338' title='bbox 2330 1342 2657 1413; x_wconf 89' lang='lat' dir='ltr'><strong>Stephanus,</strong></span> <span class='ocrx_word' id='word_1_339' title='bbox 2689 1345 3002 1417; x_wconf 74' lang='lat' dir='ltr'><strong>pontificatu</strong></span> <span class='ocrx_word' id='word_1_340' title='bbox 3030 1347 3180 1414; x_wconf 91' lang='lat' dir='ltr'><strong>inito,</strong></span> <span class='ocrx_word' id='word_1_341' title='bbox 3210 1347 3482 1419; x_wconf 76' lang='lat' dir='ltr'><strong>extemplo</strong></span> <span class='ocrx_word' id='word_1_342' title='bbox 3517 1349 3748 1421; x_wconf 86' lang='lat' dir='ltr'><strong>legatum</strong></span> <span class='ocrx_word' id='word_1_343' title='bbox 3771 1352 3826 1405; x_wconf 84' lang='lat' dir='ltr'><strong>ad</strong></span> 
     </span>
    </p>
   </div>
   <div class='ocr_carea' id='block_1_52' title="bbox 2257 1435 3830 1511">
    <p class='ocr_par' dir='ltr' id='par_1_52' title="bbox 2257 1435 3830 1511">
     <span class='ocr_line' id='line_1_52' title="bbox 2257 1435 3830 1511; baseline 0.004 -20"><span class='ocrx_word' id='word_1_344' title='bbox 2257 1435 2517 1507; x_wconf 85' lang='lat' dir='ltr'><strong>Agnetem</strong></span> <span class='ocrx_word' id='word_1_345' title='bbox 2549 1438 2873 1509; x_wconf 80' lang='lat' dir='ltr'><strong>Augustam,</strong></span> <span class='ocrx_word' id='word_1_346' title='bbox 2911 1439 3127 1494; x_wconf 83' lang='lat' dir='ltr'><strong>Heurici</strong></span> <span class='ocrx_word' id='word_1_347' title='bbox 3163 1442 3342 1511; x_wconf 88' lang='lat' dir='ltr'><strong>quarti</strong></span> <span class='ocrx_word' id='word_1_348' title='bbox 3377 1451 3645 1510; x_wconf 87' lang='lat' dir='ltr'><strong>matrem,</strong></span> <span class='ocrx_word' id='word_1_349' title='bbox 3671 1442 3830 1498; x_wconf 73' lang='lat' dir='ltr'><strong>Hilde-</strong></span> 
     </span>
    </p>
   </div>
   <div class='ocr_carea' id='block_1_53' title="bbox 2258 1525 3829 1603">
    <p class='ocr_par' dir='ltr' id='par_1_53' title="bbox 2258 1525 3829 1603">
     <span class='ocr_line' id='line_1_53' title="bbox 2258 1525 3829 1603; baseline 0.005 -23"><span class='ocrx_word' id='word_1_350' title='bbox 2258 1525 2521 1581; x_wconf 88' lang='lat' dir='ltr'><strong>braudum</strong></span> <span class='ocrx_word' id='word_1_351' title='bbox 2549 1528 2714 1592; x_wconf 88' lang='lat' dir='ltr'><strong>misit,</strong></span> <span class='ocrx_word' id='word_1_352' title='bbox 2737 1527 2829 1598; x_wconf 85' lang='lat' dir='ltr'><strong>qui</strong></span> <span class='ocrx_word' id='word_1_353' title='bbox 2851 1529 2916 1584; x_wconf 86' lang='lat' dir='ltr'><strong>de</strong></span> <span class='ocrx_word' id='word_1_354' title='bbox 2939 1530 3098 1584; x_wconf 87' lang='lat' dir='ltr'><strong>rebus</strong></span> <span class='ocrx_word' id='word_1_355' title='bbox 3121 1530 3256 1585; x_wconf 90' lang='lat' dir='ltr'><strong>actis</strong></span> <span class='ocrx_word' id='word_1_356' title='bbox 3278 1546 3398 1585; x_wconf 89' lang='lat' dir='ltr'><strong>eam</strong></span> <span class='ocrx_word' id='word_1_357' title='bbox 3422 1532 3670 1596; x_wconf 90' lang='lat' dir='ltr'><strong>doceret,</strong></span> <span class='ocrx_word' id='word_1_358' title='bbox 3690 1543 3829 1603; x_wconf 80' lang='lat' dir='ltr'><strong>atque</strong></span> 
     </span>
    </p>
   </div>
   <div class='ocr_carea' id='block_1_54' title="bbox 2259 1615 3825 1692">
    <p class='ocr_par' dir='ltr' id='par_1_54' title="bbox 2259 1615 3825 1692">
     <span class='ocr_line' id='line_1_54' title="bbox 2259 1615 3825 1692; baseline 0.006 -22"><span class='ocrx_word' id='word_1_359' title='bbox 2259 1615 2383 1672; x_wconf 89' lang='lat' dir='ltr'><strong>inde</strong></span> <span class='ocrx_word' id='word_1_360' title='bbox 2421 1617 2488 1671; x_wconf 92' lang='lat' dir='ltr'><strong>ad</strong></span> <span class='ocrx_word' id='word_1_361' title='bbox 2528 1620 2990 1688; x_wconf 87' lang='lat' dir='ltr'><strong>prosequendam,</strong></span> <span class='ocrx_word' id='word_1_362' title='bbox 3047 1638 3166 1692; x_wconf 78' lang='lat' dir='ltr'><strong>qua:</strong></span> <span class='ocrx_word' id='word_1_363' title='bbox 3204 1621 3448 1676; x_wconf 90' lang='lat' dir='ltr'><strong>instituta</strong></span> <span class='ocrx_word' id='word_1_364' title='bbox 3487 1633 3640 1687; x_wconf 86' lang='lat' dir='ltr'><strong>erat,</strong></span> <span class='ocrx_word' id='word_1_365' title='bbox 3681 1627 3825 1680; x_wconf 88' lang='lat' dir='ltr'><strong>refor-</strong></span> 
     </span>
    </p>
   </div>
   <div class='ocr_carea' id='block_1_55' title="bbox 2259 1709 3824 1789">
    <p class='ocr_par' dir='ltr' id='par_1_55' title="bbox 2259 1709 3824 1789">
     <span class='ocr_line' id='line_1_55' title="bbox 2259 1709 3824 1789; baseline 0.006 -27"><span class='ocrx_word' id='word_1_366' title='bbox 2259 1710 2550 1766; x_wconf 89' lang='lat' dir='ltr'><strong>mationem</strong></span> <span class='ocrx_word' id='word_1_367' title='bbox 2585 1709 2840 1767; x_wconf 75' lang='lat' dir='ltr'><strong>Ecclesia.-</strong></span> <span class='ocrx_word' id='word_1_368' title='bbox 2873 1727 2931 1768; x_wconf 90' lang='lat' dir='ltr'><strong>se</strong></span> <span class='ocrx_word' id='word_1_369' title='bbox 2967 1714 3255 1768; x_wconf 82' lang='lat' dir='ltr'><strong>convertit.</strong></span> <span class='ocrx_word' id='word_1_370' title='bbox 3291 1713 3558 1770; x_wconf 87' lang='lat' dir='ltr'><strong>Restabat</strong></span> <span class='ocrx_word' id='word_1_371' title='bbox 3590 1715 3729 1789; x_wconf 88' lang='lat' dir='ltr'><strong>enim</strong></span> <span class='ocrx_word' id='word_1_372' title='bbox 3759 1718 3824 1771; x_wconf 85' lang='lat' dir='ltr'><strong>iii-</strong></span> 
     </span>
    </p>
   </div>
   <div class='ocr_carea' id='block_1_56' title="bbox 2260 1795 3825 1878">
    <p class='ocr_par' dir='ltr' id='par_1_56' title="bbox 2260 1795 3825 1878">
     <span class='ocr_line' id='line_1_56' title="bbox 2260 1795 3825 1878; baseline 0.003 -20"><span class='ocrx_word' id='word_1_373' title='bbox 2260 1819 2392 1874; x_wconf 84' lang='lat' dir='ltr'><strong>gens</strong></span> <span class='ocrx_word' id='word_1_374' title='bbox 2429 1819 2553 1860; x_wconf 90' lang='lat' dir='ltr'><strong>cum</strong></span> <span class='ocrx_word' id='word_1_375' title='bbox 2597 1805 2712 1876; x_wconf 89' lang='lat' dir='ltr'><strong>ipso</strong></span> <span class='ocrx_word' id='word_1_376' title='bbox 2758 1805 2989 1861; x_wconf 84' lang='lat' dir='ltr'><strong>Henrico</strong></span> <span class='ocrx_word' id='word_1_377' title='bbox 3025 1807 3142 1876; x_wconf 78' lang='lat' dir='ltr'><strong>ejus</strong></span> <span class='ocrx_word' id='word_1_378' title='bbox 3182 1806 3292 1862; x_wconf 82' lang='lat' dir='ltr'><strong>filio</strong></span> <span class='ocrx_word' id='word_1_379' title='bbox 3331 1795 3648 1873; x_wconf 86' lang='lat' dir='ltr'><strong>certamen,</strong></span> <span class='ocrx_word' id='word_1_380' title='bbox 3690 1809 3770 1878; x_wconf 92' lang='lat' dir='ltr'><strong>qui</strong></span> <span class='ocrx_word' id='word_1_381' title='bbox 3799 1825 3825 1862; x_wconf 79' lang='grc' dir='ltr'><strong>ι</strong></span> 
     </span>
    </p>
   </div>
   <div class='ocr_carea' id='block_1_57' title="bbox 2262 1893 3825 1977">
    <p class='ocr_par' dir='ltr' id='par_1_57' title="bbox 2262 1893 3825 1977">
     <span class='ocr_line' id='line_1_57' title="bbox 2262 1893 3825 1977; baseline 0.008 -28"><span class='ocrx_word' id='word_1_382' title='bbox 2262 1895 2616 1952; x_wconf 85' lang='lat' dir='ltr'><strong>familiaribus</strong></span> <span class='ocrx_word' id='word_1_383' title='bbox 2656 1893 3002 1968; x_wconf 81' lang='lat' dir='ltr'><strong>depravatus,</strong></span> <span class='ocrx_word' id='word_1_384' title='bbox 3045 1900 3302 1959; x_wconf 64' lang='lat' dir='ltr'><strong>ecclmias</strong></span> <span class='ocrx_word' id='word_1_385' title='bbox 3339 1917 3443 1960; x_wconf 85' lang='lat' dir='ltr'><strong>non</strong></span> <span class='ocrx_word' id='word_1_386' title='bbox 3491 1902 3560 1962; x_wconf 86' lang='lat' dir='ltr'><strong>iis</strong></span> <span class='ocrx_word' id='word_1_387' title='bbox 3601 1905 3688 1976; x_wconf 81' lang='lat' dir='ltr'><strong>qui</strong></span> <span class='ocrx_word' id='word_1_388' title='bbox 3727 1905 3825 1977; x_wconf 77' lang='lat' dir='ltr'><strong>plus</strong></span> 
     </span>
    </p>
   </div>
   <div class='ocr_carea' id='block_1_58' title="bbox 2260 1987 3826 2067">
    <p class='ocr_par' dir='ltr' id='par_1_58' title="bbox 2260 1987 3826 2067">
     <span class='ocr_line' id='line_1_58' title="bbox 2260 1987 3826 2067; baseline 0.003 -21"><span class='ocrx_word' id='word_1_389' title='bbox 2260 1987 2561 2047; x_wconf 73' lang='lat' dir='ltr'><strong>litterarum</strong></span> <span class='ocrx_word' id='word_1_390' title='bbox 2585 2009 2649 2048; x_wconf 92' lang='lat' dir='ltr'><strong>ac</strong></span> <span class='ocrx_word' id='word_1_391' title='bbox 2677 1994 2798 2047; x_wconf 74' lang='lat' dir='ltr'><strong>vita:</strong></span> <span class='ocrx_word' id='word_1_392' title='bbox 2828 1994 2984 2050; x_wconf 90' lang='lat' dir='ltr'><strong>laude</strong></span> <span class='ocrx_word' id='word_1_393' title='bbox 3013 2006 3302 2060; x_wconf 87' lang='lat' dir='ltr'><strong>mererent,</strong></span> <span class='ocrx_word' id='word_1_394' title='bbox 3328 1997 3421 2052; x_wconf 91' lang='lat' dir='ltr'><strong>sed</strong></span> <span class='ocrx_word' id='word_1_395' title='bbox 3443 1997 3541 2067; x_wconf 90' lang='lat' dir='ltr'><strong>qui</strong></span> <span class='ocrx_word' id='word_1_396' title='bbox 3565 1997 3684 2067; x_wconf 87' lang='lat' dir='ltr'><strong>plus</strong></span> <span class='ocrx_word' id='word_1_397' title='bbox 3707 2016 3826 2052; x_wconf 85' lang='lat' dir='ltr'><strong>nier-</strong></span> 
     </span>
    </p>
   </div>
   <div class='ocr_carea' id='block_1_59' title="bbox 2259 2085 3824 2158">
    <p class='ocr_par' dir='ltr' id='par_1_59' title="bbox 2259 2085 3824 2158">
     <span class='ocr_line' id='line_1_59' title="bbox 2259 2085 3824 2158; baseline 0.003 -19"><span class='ocrx_word' id='word_1_398' title='bbox 2259 2085 2409 2140; x_wconf 90' lang='lat' dir='ltr'><strong>cedis</strong></span> <span class='ocrx_word' id='word_1_399' title='bbox 2439 2101 2501 2141; x_wconf 90' lang='lat' dir='ltr'><strong>ac</strong></span> <span class='ocrx_word' id='word_1_400' title='bbox 2525 2087 2764 2156; x_wconf 80' lang='lat' dir='ltr'><strong>pecuniae</strong></span> <span class='ocrx_word' id='word_1_401' title='bbox 2789 2087 3167 2157; x_wconf 63' lang='lat' dir='ltr'><strong>praebuissent,</strong></span> <span class='ocrx_word' id='word_1_402' title='bbox 3193 2098 3376 2158; x_wconf 87' lang='lat' dir='ltr'><strong>aperta</strong></span> <span class='ocrx_word' id='word_1_403' title='bbox 3405 2105 3686 2144; x_wconf 86' lang='lat' dir='ltr'><strong>sacrorum</strong></span> <span class='ocrx_word' id='word_1_404' title='bbox 3711 2108 3824 2145; x_wconf 83' lang='lat' dir='ltr'><strong>nua-</strong></span> 
     </span>
    </p>
   </div>
   <div class='ocr_carea' id='block_1_60' title="bbox 2257 2175 3822 2252">
    <p class='ocr_par' dir='ltr' id='par_1_60' title="bbox 2257 2175 3822 2252">
     <span class='ocr_line' id='line_1_60' title="bbox 2257 2175 3822 2252; baseline 0 -22"><span class='ocrx_word' id='word_1_405' title='bbox 2257 2175 2554 2242; x_wconf 90' lang='lat' dir='ltr'><strong>dinatione,</strong></span> <span class='ocrx_word' id='word_1_406' title='bbox 2591 2177 2826 2234; x_wconf 85' lang='lat' dir='ltr'><strong>vendere</strong></span> <span class='ocrx_word' id='word_1_407' title='bbox 2861 2177 3185 2234; x_wconf 85' lang='lat' dir='ltr'><strong>instituerat.</strong></span> <span class='ocrx_word' id='word_1_408' title='bbox 3221 2179 3466 2246; x_wconf 86' lang='lat' dir='ltr'><strong>Quatuor</strong></span> <span class='ocrx_word' id='word_1_409' title='bbox 3505 2180 3670 2252; x_wconf 84' lang='lat' dir='ltr'><strong>igitur</strong></span> <span class='ocrx_word' id='word_1_410' title='bbox 3697 2199 3822 2234; x_wconf 83' lang='lat' dir='ltr'><strong>nicu-</strong></span> 
     </span>
    </p>
   </div>
   <div class='ocr_carea' id='block_1_61' title="bbox 2257 2268 3822 2342">
    <p class='ocr_par' dir='ltr' id='par_1_61' title="bbox 2257 2268 3822 2342">
     <span class='ocr_line' id='line_1_61' title="bbox 2257 2268 3822 2342; baseline 0.001 -20"><span class='ocrx_word' id='word_1_411' title='bbox 2257 2283 2346 2324; x_wconf 90' lang='lat' dir='ltr'><strong>ses</strong></span> <span class='ocrx_word' id='word_1_412' title='bbox 2389 2268 2575 2323; x_wconf 76' lang='lat' dir='ltr'><strong>Roma:</strong></span> <span class='ocrx_word' id='word_1_413' title='bbox 2620 2278 2880 2334; x_wconf 90' lang='lat' dir='ltr'><strong>moratus,</strong></span> <span class='ocrx_word' id='word_1_414' title='bbox 2931 2285 3120 2325; x_wconf 92' lang='lat' dir='ltr'><strong>omnes</strong></span> <span class='ocrx_word' id='word_1_415' title='bbox 3171 2270 3222 2324; x_wconf 93' lang='lat' dir='ltr'><strong>in</strong></span> <span class='ocrx_word' id='word_1_416' title='bbox 3291 2269 3376 2324; x_wconf 91' lang='lat' dir='ltr'><strong>his</strong></span> <span class='ocrx_word' id='word_1_417' title='bbox 3428 2272 3822 2342; x_wconf 87' lang='lat' dir='ltr'><strong>cogitationibus</strong></span> 
     </span>
    </p>
   </div>
   <div class='ocr_carea' id='block_1_62' title="bbox 2257 2360 3823 2432">
    <p class='ocr_par' dir='ltr' id='par_1_62' title="bbox 2257 2360 3823 2432">
     <span class='ocr_line' id='line_1_62' title="bbox 2257 2360 3823 2432; baseline 0.001 -17"><span class='ocrx_word' id='word_1_418' title='bbox 2257 2360 2599 2431; x_wconf 86' lang='lat' dir='ltr'><strong>consiliisque</strong></span> <span class='ocrx_word' id='word_1_419' title='bbox 2628 2361 2989 2431; x_wconf 90' lang='lat' dir='ltr'><strong>consumpsit,</strong></span> <span class='ocrx_word' id='word_1_420' title='bbox 3019 2362 3214 2432; x_wconf 90' lang='lat' dir='ltr'><strong>quibus</strong></span> <span class='ocrx_word' id='word_1_421' title='bbox 3242 2371 3295 2416; x_wconf 92' lang='lat' dir='ltr'><strong>et</strong></span> <span class='ocrx_word' id='word_1_422' title='bbox 3324 2361 3624 2417; x_wconf 85' lang='lat' dir='ltr'><strong>Henricum</strong></span> <span class='ocrx_word' id='word_1_423' title='bbox 3672 2364 3823 2419; x_wconf 83' lang='lat' dir='ltr'><strong>Simo-</strong></span> 
     </span>
    </p>
   </div>
   <div class='ocr_carea' id='block_1_63' title="bbox 2256 2450 3820 2523">
    <p class='ocr_par' dir='ltr' id='par_1_63' title="bbox 2256 2450 3820 2523">
     <span class='ocr_line' id='line_1_63' title="bbox 2256 2450 3820 2523; baseline 0 -17"><span class='ocrx_word' id='word_1_424' title='bbox 2256 2451 2426 2506; x_wconf 67' lang='lat' dir='ltr'><strong>tiiaca:</strong></span> <span class='ocrx_word' id='word_1_425' title='bbox 2454 2451 2676 2506; x_wconf 65' lang='lat' dir='ltr'><strong>haeresis</strong></span> <span class='ocrx_word' id='word_1_426' title='bbox 2715 2451 3031 2506; x_wconf 89' lang='lat' dir='ltr'><strong>insimulare</strong></span> <span class='ocrx_word' id='word_1_427' title='bbox 3060 2467 3127 2506; x_wconf 88' lang='lat' dir='ltr'><strong>ac</strong></span> <span class='ocrx_word' id='word_1_428' title='bbox 3157 2451 3355 2506; x_wconf 86' lang='lat' dir='ltr'><strong>factum</strong></span> <span class='ocrx_word' id='word_1_429' title='bbox 3386 2450 3507 2520; x_wconf 89' lang='lat' dir='ltr'><strong>ejus</strong></span> <span class='ocrx_word' id='word_1_430' title='bbox 3537 2468 3722 2523; x_wconf 86' lang='lat' dir='ltr'><strong>aspero</strong></span> <span class='ocrx_word' id='word_1_431' title='bbox 3747 2455 3820 2506; x_wconf 84' lang='lat' dir='ltr'><strong>dc-</strong></span> 
     </span>
    </p>
   </div>
   <div class='ocr_carea' id='block_1_64' title="bbox 2255 2540 3818 2616">
    <p class='ocr_par' dir='ltr' id='par_1_64' title="bbox 2255 2540 3818 2616">
     <span class='ocr_line' id='line_1_64' title="bbox 2255 2540 3818 2616; baseline 0.001 -22"><span class='ocrx_word' id='word_1_432' title='bbox 2255 2550 2406 2596; x_wconf 84' lang='lat' dir='ltr'><strong>creto</strong></span> <span class='ocrx_word' id='word_1_433' title='bbox 2435 2548 2621 2595; x_wconf 89' lang='lat' dir='ltr'><strong>notare</strong></span> <span class='ocrx_word' id='word_1_434' title='bbox 2650 2555 2757 2595; x_wconf 90' lang='lat' dir='ltr'><strong>non</strong></span> <span class='ocrx_word' id='word_1_435' title='bbox 2787 2540 3072 2606; x_wconf 81' lang='lat' dir='ltr'><strong>dubitavit,</strong></span> <span class='ocrx_word' id='word_1_436' title='bbox 3103 2551 3157 2596; x_wconf 92' lang='lat' dir='ltr'><strong>et</strong></span> <span class='ocrx_word' id='word_1_437' title='bbox 3175 2542 3336 2616; x_wconf 86' lang='lat' dir='ltr'><strong>novis</strong></span> <span class='ocrx_word' id='word_1_438' title='bbox 3361 2543 3818 2597; x_wconf 76' lang='lat' dir='ltr'><strong>constitutionibus</strong></span> 
     </span>
    </p>
   </div>
   <div class='ocr_carea' id='block_1_65' title="bbox 2255 2632 3818 2705">
    <p class='ocr_par' dir='ltr' id='par_1_65' title="bbox 2255 2632 3818 2705">
     <span class='ocr_line' id='line_1_65' title="bbox 2255 2632 3818 2705; baseline -0.002 -18"><span class='ocrx_word' id='word_1_439' title='bbox 2255 2632 2574 2688; x_wconf 91' lang='lat' dir='ltr'><strong>clericorum</strong></span> <span class='ocrx_word' id='word_1_440' title='bbox 2621 2632 3066 2688; x_wconf 91' lang='lat' dir='ltr'><strong>incontinentiam</strong></span> <span class='ocrx_word' id='word_1_441' title='bbox 3095 2643 3148 2687; x_wconf 91' lang='lat' dir='ltr'><strong>et</strong></span> <span class='ocrx_word' id='word_1_442' title='bbox 3175 2633 3702 2705; x_wconf 85' lang='lat' dir='ltr'><strong>consanguineorum</strong></span> <span class='ocrx_word' id='word_1_443' title='bbox 3740 2649 3818 2685; x_wconf 87' lang='lat' dir='ltr'><strong>nu-</strong></span> 
     </span>
    </p>
   </div>
   <div class='ocr_carea' id='block_1_66' title="bbox 2255 2724 2721 2796">
    <p class='ocr_par' dir='ltr' id='par_1_66' title="bbox 2255 2724 2721 2796">
     <span class='ocr_line' id='line_1_66' title="bbox 2255 2724 2721 2796; baseline 0 -18"><span class='ocrx_word' id='word_1_444' title='bbox 2255 2726 2394 2796; x_wconf 88' lang='lat' dir='ltr'><strong>ptias</strong></span> <span class='ocrx_word' id='word_1_445' title='bbox 2424 2724 2721 2781; x_wconf 75' lang='lat' dir='ltr'><strong>interdixit.</strong></span> 
     </span>
    </p>
   </div>
   <div class='ocr_carea' id='block_1_67' title="bbox 2326 2814 3816 2891">
    <p class='ocr_par' dir='ltr' id='par_1_67' title="bbox 2326 2814 3816 2891">
     <span class='ocr_line' id='line_1_67' title="bbox 2326 2814 3816 2891; baseline -0.005 -16"><span class='ocrx_word' id='word_1_446' title='bbox 2326 2819 2633 2891; x_wconf 84' lang='lat' dir='ltr'><strong>Stephanus</strong></span> <span class='ocrx_word' id='word_1_447' title='bbox 2671 2818 2716 2871; x_wconf 84' lang='lat' dir='ltr'><strong>X</strong></span> <span class='ocrx_word' id='word_1_448' title='bbox 2769 2818 3028 2890; x_wconf 87' lang='lat' dir='ltr'><strong>synodum</strong></span> <span class='ocrx_word' id='word_1_449' title='bbox 3071 2816 3317 2872; x_wconf 89' lang='lat' dir='ltr'><strong>Laterani</strong></span> <span class='ocrx_word' id='word_1_450' title='bbox 3357 2817 3736 2889; x_wconf 75' lang='lat' dir='ltr'><strong>congregavit,</strong></span> <span class='ocrx_word' id='word_1_451' title='bbox 3773 2814 3816 2869; x_wconf 84' lang='lat' dir='ltr'><strong>ia</strong></span> 
     </span>
    </p>
   </div>
   <div class='ocr_carea' id='block_1_68' title="bbox 2253 2909 3814 2988">
    <p class='ocr_par' dir='ltr' id='par_1_68' title="bbox 2253 2909 3814 2988">
     <span class='ocr_line' id='line_1_68' title="bbox 2253 2909 3814 2988; baseline -0.006 -21"><span class='ocrx_word' id='word_1_452' title='bbox 2253 2928 2358 2983; x_wconf 90' lang='lat' dir='ltr'><strong>qua</strong></span> <span class='ocrx_word' id='word_1_453' title='bbox 2383 2913 2621 2988; x_wconf 72' lang='lat' dir='ltr'><strong>Ecclesia</strong></span> <span class='ocrx_word' id='word_1_454' title='bbox 2651 2911 3088 2976; x_wconf 85' lang='lat' dir='ltr'><strong>Mediolaueusis,</strong></span> <span class='ocrx_word' id='word_1_455' title='bbox 3115 2925 3233 2981; x_wconf 68' lang='lat' dir='ltr'><strong>qua:</strong></span> <span class='ocrx_word' id='word_1_456' title='bbox 3255 2909 3526 2980; x_wconf 66' lang='lat' dir='ltr'><strong>superbiae</strong></span> <span class='ocrx_word' id='word_1_457' title='bbox 3555 2909 3688 2964; x_wconf 85' lang='lat' dir='ltr'><strong>fastu</strong></span> <span class='ocrx_word' id='word_1_458' title='bbox 3711 2917 3814 2960; x_wconf 78' lang='lat' dir='ltr'><strong>ante</strong></span> 
     </span>
    </p>
   </div>
   <div class='ocr_carea' id='block_1_69' title="bbox 2253 2997 3816 3074">
    <p class='ocr_par' dir='ltr' id='par_1_69' title="bbox 2253 2997 3816 3074">
     <span class='ocr_line' id='line_1_69' title="bbox 2253 2997 3816 3074; baseline -0.008 -14"><span class='ocrx_word' id='word_1_459' title='bbox 2253 3006 2514 3060; x_wconf 89' lang='lat' dir='ltr'><strong>ducentos</strong></span> <span class='ocrx_word' id='word_1_460' title='bbox 2544 3003 2715 3060; x_wconf 88' lang='lat' dir='ltr'><strong>ferme</strong></span> <span class='ocrx_word' id='word_1_461' title='bbox 2735 3019 2906 3059; x_wconf 86' lang='lat' dir='ltr'><strong>annos</strong></span> <span class='ocrx_word' id='word_1_462' title='bbox 2931 3019 2961 3058; x_wconf 89' lang='lat' dir='ltr'><strong>a</strong></span> <span class='ocrx_word' id='word_1_463' title='bbox 2989 3002 3233 3058; x_wconf 86' lang='lat' dir='ltr'><strong>Romana</strong></span> <span class='ocrx_word' id='word_1_464' title='bbox 3257 3017 3320 3074; x_wconf 88' lang='lat' dir='ltr'><strong>se</strong></span> <span class='ocrx_word' id='word_1_465' title='bbox 3337 3000 3698 3061; x_wconf 73' lang='lat' dir='ltr'><strong>subtraxerat,</strong></span> <span class='ocrx_word' id='word_1_466' title='bbox 3725 2997 3816 3051; x_wconf 81' lang='lat' dir='ltr'><strong>Hil-</strong></span> 
     </span>
    </p>
   </div>
   <div class='ocr_carea' id='block_1_70' title="bbox 2252 3092 3814 3166">
    <p class='ocr_par' dir='ltr' id='par_1_70' title="bbox 2252 3092 3814 3166">
     <span class='ocr_line' id='line_1_70' title="bbox 2252 3092 3814 3166; baseline -0.005 -16"><span class='ocrx_word' id='word_1_467' title='bbox 2252 3095 2513 3152; x_wconf 90' lang='lat' dir='ltr'><strong>debrandi</strong></span> <span class='ocrx_word' id='word_1_468' title='bbox 2553 3095 2820 3166; x_wconf 69' lang='lat' dir='ltr'><strong>praecipue</strong></span> <span class='ocrx_word' id='word_1_469' title='bbox 2842 3110 3028 3164; x_wconf 88' lang='lat' dir='ltr'><strong>opera,</strong></span> <span class='ocrx_word' id='word_1_470' title='bbox 3059 3109 3199 3148; x_wconf 91' lang='lat' dir='ltr'><strong>nunc</strong></span> <span class='ocrx_word' id='word_1_471' title='bbox 3220 3093 3434 3147; x_wconf 90' lang='lat' dir='ltr'><strong>demum</strong></span> <span class='ocrx_word' id='word_1_472' title='bbox 3465 3092 3814 3160; x_wconf 71' lang='lat' dir='ltr'><strong>obtemperare</strong></span> 
     </span>
    </p>
   </div>
   <div class='ocr_carea' id='block_1_71' title="bbox 2253 3181 3814 3256">
    <p class='ocr_par' dir='ltr' id='par_1_71' title="bbox 2253 3181 3814 3256">
     <span class='ocr_line' id='line_1_71' title="bbox 2253 3181 3814 3256; baseline -0.007 -14"><span class='ocrx_word' id='word_1_473' title='bbox 2253 3189 2446 3242; x_wconf 90' lang='lat' dir='ltr'><strong>iterum</strong></span> <span class='ocrx_word' id='word_1_474' title='bbox 2473 3187 2636 3256; x_wconf 76' lang='lat' dir='ltr'><strong>ccepit</strong></span> <span class='ocrx_word' id='word_1_475' title='bbox 2680 3195 2736 3240; x_wconf 93' lang='lat' dir='ltr'><strong>iit</strong></span> <span class='ocrx_word' id='word_1_476' title='bbox 2774 3200 2898 3240; x_wconf 85' lang='lat' dir='ltr'><strong>vere</strong></span> <span class='ocrx_word' id='word_1_477' title='bbox 2927 3186 3166 3240; x_wconf 90' lang='lat' dir='ltr'><strong>omnium</strong></span> <span class='ocrx_word' id='word_1_478' title='bbox 3195 3183 3564 3238; x_wconf 85' lang='lat' dir='ltr'><strong>Ecclesiarum</strong></span> <span class='ocrx_word' id='word_1_479' title='bbox 3596 3181 3742 3237; x_wconf 84' lang='lat' dir='ltr'><strong>matri</strong></span> <span class='ocrx_word' id='word_1_480' title='bbox 3771 3188 3814 3233; x_wconf 88' lang='lat' dir='ltr'><strong>et</strong></span> 
     </span>
    </p>
   </div>
   <div class='ocr_carea' id='block_1_72' title="bbox 2252 3273 3812 3351">
    <p class='ocr_par' dir='ltr' id='par_1_72' title="bbox 2252 3273 3812 3351">
     <span class='ocr_line' id='line_1_72' title="bbox 2252 3273 3812 3351; baseline -0.007 -16"><span class='ocrx_word' id='word_1_481' title='bbox 2252 3281 2548 3351; x_wconf 72' lang='lat' dir='ltr'><strong>magistrm,</strong></span> <span class='ocrx_word' id='word_1_482' title='bbox 2591 3295 2752 3350; x_wconf 91' lang='lat' dir='ltr'><strong>quam</strong></span> <span class='ocrx_word' id='word_1_483' title='bbox 2784 3286 2968 3350; x_wconf 89' lang='lat' dir='ltr'><strong>postea</strong></span> <span class='ocrx_word' id='word_1_484' title='bbox 3011 3278 3083 3332; x_wconf 87' lang='lat' dir='ltr'><strong>ita</strong></span> <span class='ocrx_word' id='word_1_485' title='bbox 3117 3275 3443 3339; x_wconf 89' lang='lat' dir='ltr'><strong>observavit,</strong></span> <span class='ocrx_word' id='word_1_486' title='bbox 3489 3284 3554 3328; x_wconf 91' lang='lat' dir='ltr'><strong>ut</strong></span> <span class='ocrx_word' id='word_1_487' title='bbox 3595 3273 3812 3341; x_wconf 63' lang='lat' dir='ltr'><strong>legitima</strong></span> 
     </span>
    </p>
   </div>
   <div class='ocr_carea' id='block_1_73' title="bbox 2254 3368 3614 3444">
    <p class='ocr_par' dir='ltr' id='par_1_73' title="bbox 2254 3368 3614 3444">
     <span class='ocr_line' id='line_1_73' title="bbox 2254 3368 3614 3444; baseline -0.008 -15"><span class='ocrx_word' id='word_1_488' title='bbox 2254 3374 2376 3429; x_wconf 69' lang='lat' dir='ltr'><strong>filia:</strong></span> <span class='ocrx_word' id='word_1_489' title='bbox 2399 3373 2698 3444; x_wconf 90' lang='lat' dir='ltr'><strong>piissimam</strong></span> <span class='ocrx_word' id='word_1_490' title='bbox 2731 3381 2958 3427; x_wconf 89' lang='lat' dir='ltr'><strong>matrem</strong></span> <span class='ocrx_word' id='word_1_491' title='bbox 2987 3368 3166 3425; x_wconf 90' lang='lat' dir='ltr'><strong>colere</strong></span> <span class='ocrx_word' id='word_1_492' title='bbox 3194 3376 3614 3422; x_wconf 83' lang='lat' dir='ltr'><strong>consueverunt.</strong></span> 
     </span>
    </p>
   </div>
   <div class='ocr_carea' id='block_1_74' title="bbox 2319 3453 3811 3526">
    <p class='ocr_par' dir='ltr' id='par_1_74' title="bbox 2319 3453 3811 3526">
     <span class='ocr_line' id='line_1_74' title="bbox 2319 3453 3811 3526; baseline -0.009 -6"><span class='ocrx_word' id='word_1_493' title='bbox 2319 3467 2477 3520; x_wconf 83' lang='lat' dir='ltr'><strong>Anno</strong></span> <span class='ocrx_word' id='word_1_494' title='bbox 2505 3465 2799 3520; x_wconf 73' lang='lat' dir='ltr'><strong>Dominicze</strong></span> <span class='ocrx_word' id='word_1_495' title='bbox 2826 3462 3135 3521; x_wconf 74' lang='lat' dir='ltr'><strong>Nativitatis</strong></span> <span class='ocrx_word' id='word_1_496' title='bbox 3159 3459 3315 3526; x_wconf 74' lang='grc'><strong>1058,</strong></span> <span class='ocrx_word' id='word_1_497' title='bbox 3345 3459 3430 3513; x_wconf 89' lang='lat' dir='ltr'><strong>die</strong></span> <span class='ocrx_word' id='word_1_498' title='bbox 3457 3474 3508 3512; x_wconf 89' lang='lat' dir='ltr'><strong>iv</strong></span> <span class='ocrx_word' id='word_1_499' title='bbox 3537 3456 3652 3512; x_wconf 79' lang='lat' dir='ltr'><strong>Kal.</strong></span> <span class='ocrx_word' id='word_1_500' title='bbox 3680 3453 3811 3524; x_wconf 81' lang='lat' dir='ltr'><strong>Apri-</strong></span> 
     </span>
    </p>
   </div>
   <div class='ocr_carea' id='block_1_75' title="bbox 2251 3545 3808 3624">
    <p class='ocr_par' dir='ltr' id='par_1_75' title="bbox 2251 3545 3808 3624">
     <span class='ocr_line' id='line_1_75' title="bbox 2251 3545 3808 3624; baseline -0.009 -12"><span class='ocrx_word' id='word_1_501' title='bbox 2251 3559 2317 3614; x_wconf 88' lang='lat' dir='ltr'><strong>lis</strong></span> <span class='ocrx_word' id='word_1_502' title='bbox 2357 3558 2642 3613; x_wconf 71' lang='lat' dir='ltr'><strong>Florentia:</strong></span> <span class='ocrx_word' id='word_1_503' title='bbox 2683 3568 2926 3612; x_wconf 91' lang='lat' dir='ltr'><strong>mortuus</strong></span> <span class='ocrx_word' id='word_1_504' title='bbox 2964 3563 3050 3610; x_wconf 87' lang='lat' dir='ltr'><strong>est</strong></span> <span class='ocrx_word' id='word_1_505' title='bbox 3083 3569 3218 3624; x_wconf 90' lang='lat' dir='ltr'><strong>papa</strong></span> <span class='ocrx_word' id='word_1_506' title='bbox 3259 3552 3570 3620; x_wconf 74' lang='lat' dir='ltr'><strong>Stephanus</strong></span> <span class='ocrx_word' id='word_1_507' title='bbox 3593 3548 3656 3614; x_wconf 78' lang='grc' dir='ltr'><strong>Χ,</strong></span> <span class='ocrx_word' id='word_1_508' title='bbox 3681 3545 3808 3616; x_wconf 86' lang='lat' dir='ltr'><strong>cujus</strong></span> 
     </span>
    </p>
   </div>
   <div class='ocr_carea' id='block_1_76' title="bbox 2251 3641 3809 3722">
    <p class='ocr_par' dir='ltr' id='par_1_76' title="bbox 2251 3641 3809 3722">
     <span class='ocr_line' id='line_1_76' title="bbox 2251 3641 3809 3722; baseline -0.009 -17"><span class='ocrx_word' id='word_1_509' title='bbox 2251 3666 2448 3722; x_wconf 89' lang='lat' dir='ltr'><strong>corpus</strong></span> <span class='ocrx_word' id='word_1_510' title='bbox 2493 3651 2692 3706; x_wconf 90' lang='lat' dir='ltr'><strong>ibidem</strong></span> <span class='ocrx_word' id='word_1_511' title='bbox 2737 3650 2790 3705; x_wconf 89' lang='lat' dir='ltr'><strong>in</strong></span> <span class='ocrx_word' id='word_1_512' title='bbox 2841 3647 3069 3704; x_wconf 89' lang='lat' dir='ltr'><strong>ecclesia</strong></span> <span class='ocrx_word' id='word_1_513' title='bbox 3113 3643 3408 3700; x_wconf 86' lang='lat' dir='ltr'><strong>catliedrali</strong></span> <span class='ocrx_word' id='word_1_514' title='bbox 3457 3642 3518 3697; x_wconf 90' lang='lat' dir='ltr'><strong>S.</strong></span> <span class='ocrx_word' id='word_1_515' title='bbox 3560 3641 3809 3712; x_wconf 68' lang='lat' dir='ltr'><strong>Reparatie</strong></span> 
     </span>
    </p>
   </div>
   <div class='ocr_carea' id='block_1_77' title="bbox 2252 3745 2646 3814">
    <p class='ocr_par' dir='ltr' id='par_1_77' title="bbox 2252 3745 2646 3814">
     <span class='ocr_line' id='line_1_77' title="bbox 2252 3745 2646 3814; baseline -0.003 -15"><span class='ocrx_word' id='word_1_516' title='bbox 2252 3745 2518 3814; x_wconf 82' lang='lat' dir='ltr'><strong>sepultum</strong></span> <span class='ocrx_word' id='word_1_517' title='bbox 2543 3752 2646 3798; x_wconf 86' lang='lat' dir='ltr'><strong>est.</strong></span> 
     </span>
    </p>
   </div>
   <div class='ocr_carea' id='block_1_78' title="bbox 2330 3831 2984 3892">
    <p class='ocr_par' dir='ltr' id='par_1_78' title="bbox 2330 3831 2984 3892">
     <span class='ocr_line' id='line_1_78' title="bbox 2330 3831 2984 3892; baseline -0.006 -1"><span class='ocrx_word' id='word_1_518' title='bbox 2330 3837 2546 3892; x_wconf 87' lang='lat' dir='ltr'><strong>Vacavit</strong></span> <span class='ocrx_word' id='word_1_519' title='bbox 2573 3835 2728 3890; x_wconf 90' lang='lat' dir='ltr'><strong>sedes</strong></span> <span class='ocrx_word' id='word_1_520' title='bbox 2756 3833 2870 3889; x_wconf 89' lang='lat' dir='ltr'><strong>dies</strong></span> <span class='ocrx_word' id='word_1_521' title='bbox 2893 3831 2984 3888; x_wconf 74' lang='grc'><strong>28.</strong></span> 
     </span>
    </p>
   </div>
   <div class='ocr_carea' id='block_1_79' title="bbox 1663 4227 2752 4323">
    <p class='ocr_par' dir='ltr' id='par_1_79' title="bbox 1663 4227 2752 4323">
     <span class='ocr_line' id='line_1_79' title="bbox 1663 4227 2752 4323; baseline 0 -3"><span class='ocrx_word' id='word_1_522' title='bbox 1663 4229 2180 4323; x_wconf 82' lang='lat' dir='ltr'><strong>NOTITIA</strong></span> <span class='ocrx_word' id='word_1_523' title='bbox 2249 4227 2752 4321; x_wconf 80' lang='lat' dir='ltr'><strong>ALTERA.</strong></span> 
     </span>
    </p>
   </div>
   <div class='ocr_carea' id='block_1_80' title="bbox 1670 4421 2744 4495">
    <p class='ocr_par' dir='ltr' id='par_1_80' title="bbox 1670 4421 2744 4495">
     <span class='ocr_line' id='line_1_80' title="bbox 1670 4421 2744 4495; baseline 0.002 -20"><span class='ocrx_word' id='word_1_524' title='bbox 1670 4421 1850 4494; x_wconf 80' lang='lat' dir='ltr'><strong>(Apud</strong></span> <span class='ocrx_word' id='word_1_525' title='bbox 1882 4423 2078 4486; x_wconf 65' lang='lat' dir='ltr'><strong>Manst,</strong></span> <span class='ocrx_word' id='word_1_526' title='bbox 2103 4421 2458 4479; x_wconf 81' lang='lat' dir='ltr'><strong>Concilioriim</strong></span> <span class='ocrx_word' id='word_1_527' title='bbox 2492 4433 2618 4478; x_wconf 85' lang='lat' dir='ltr'><strong>tum.</strong></span> <span class='ocrx_word' id='word_1_528' title='bbox 2654 4423 2744 4495; x_wconf 77' lang='grc' dir='ltr'><strong>Χ.)</strong></span> 
     </span>
    </p>
   </div>
   <div class='ocr_carea' id='block_1_81' title="bbox 635 4695 3795 4804">
    <p class='ocr_par' dir='ltr' id='par_1_81' title="bbox 635 4695 3795 4804">
     <span class='ocr_line' id='line_1_81' title="bbox 635 4695 3795 4804; baseline -0.001 -25"><span class='ocrx_word' id='word_1_529' title='bbox 635 4718 964 4794; x_wconf 87' lang='lat' dir='ltr'><strong>Stephanus,</strong></span> <span class='ocrx_word' id='word_1_530' title='bbox 988 4730 1146 4776; x_wconf 90' lang='lat' dir='ltr'><strong>antea</strong></span> <span class='ocrx_word' id='word_1_531' title='bbox 1170 4708 1481 4777; x_wconf 74' lang='lat' dir='ltr'><strong>Fridericus</strong></span> <span class='ocrx_word' id='word_1_532' title='bbox 1511 4722 1832 4793; x_wconf 88' lang='lat' dir='ltr'><strong>appellatus,</strong></span> <span class='ocrx_word' id='word_1_533' title='bbox 1858 4740 1924 4781; x_wconf 80' lang='lat' dir='ltr'><strong>ex</strong></span> <span class='ocrx_word' id='word_1_534' title='bbox 1954 4727 2150 4784; x_wconf 89' lang='lat' dir='ltr'><strong>abbate</strong></span> <span class='ocrx_word' id='word_1_535' title='bbox 2179 4695 2227 4755; x_wconf 68' lang='grc' dir='ltr'>θ</span> <span class='ocrx_word' id='word_1_536' title='bbox 2253 4731 2506 4790; x_wconf 70' lang='lat' dir='ltr'><strong>Candida:</strong></span> <span class='ocrx_word' id='word_1_537' title='bbox 2541 4732 2826 4804; x_wconf 85' lang='lat' dir='ltr'><strong>episcopus</strong></span> <span class='ocrx_word' id='word_1_538' title='bbox 2863 4739 2919 4787; x_wconf 93' lang='lat' dir='ltr'><strong>et</strong></span> <span class='ocrx_word' id='word_1_539' title='bbox 2957 4725 3262 4786; x_wconf 87' lang='lat' dir='ltr'><strong>Desiderius</strong></span> <span class='ocrx_word' id='word_1_540' title='bbox 3300 4726 3469 4782; x_wconf 91' lang='lat' dir='ltr'><strong>abbas</strong></span> <span class='ocrx_word' id='word_1_541' title='bbox 3496 4719 3795 4783; x_wconf 66' lang='lat' dir='ltr'><strong>Cassluena&#39;s</strong></span> 
     </span>
    </p>
   </div>
   <div class='ocr_carea' id='block_1_82' title="bbox 560 4813 2151 4886">
    <p class='ocr_par' dir='ltr' id='par_1_82' title="bbox 560 4813 2151 4886">
     <span class='ocr_line' id='line_1_82' title="bbox 560 4813 2151 4886; baseline 0.004 -17"><span class='ocrx_word' id='word_1_542' title='bbox 560 4813 868 4870; x_wconf 83' lang='lat' dir='ltr'><strong>Cassineusi</strong></span> <span class='ocrx_word' id='word_1_543' title='bbox 905 4823 960 4871; x_wconf 86' lang='lat' dir='ltr'><strong>et</strong></span> <span class='ocrx_word' id='word_1_544' title='bbox 987 4813 1262 4867; x_wconf 89' lang='lat' dir='ltr'><strong>cardinale</strong></span> <span class='ocrx_word' id='word_1_545' title='bbox 1304 4815 1641 4886; x_wconf 88' lang='lat' dir='ltr'><strong>presbytero,</strong></span> <span class='ocrx_word' id='word_1_546' title='bbox 1671 4818 1942 4872; x_wconf 91' lang='lat' dir='ltr'><strong>communi</strong></span> <span class='ocrx_word' id='word_1_547' title='bbox 1985 4821 2151 4875; x_wconf 88' lang='lat' dir='ltr'><strong>totius</strong></span> 
     </span>
    </p>
   </div>
   <div class='ocr_carea' id='block_1_83' title="bbox 561 4905 2151 4979">
    <p class='ocr_par' dir='ltr' id='par_1_83' title="bbox 561 4905 2151 4979">
     <span class='ocr_line' id='line_1_83' title="bbox 561 4905 2151 4979; baseline 0.005 -20"><span class='ocrx_word' id='word_1_548' title='bbox 561 4908 691 4962; x_wconf 77' lang='lat' dir='ltr'><strong>cleri</strong></span> <span class='ocrx_word' id='word_1_549' title='bbox 723 4921 986 4964; x_wconf 88' lang='lat' dir='ltr'><strong>consensu</strong></span> <span class='ocrx_word' id='word_1_550' title='bbox 1019 4907 1217 4962; x_wconf 85' lang='lat' dir='ltr'><strong>invitus</strong></span> <span class='ocrx_word' id='word_1_551' title='bbox 1250 4905 1424 4962; x_wconf 86' lang='lat' dir='ltr'><strong>factus</strong></span> <span class='ocrx_word' id='word_1_552' title='bbox 1457 4913 1540 4962; x_wconf 90' lang='lat' dir='ltr'><strong>est</strong></span> <span class='ocrx_word' id='word_1_553' title='bbox 1568 4907 1830 4978; x_wconf 87' lang='lat' dir='ltr'><strong>pontifex,</strong></span> <span class='ocrx_word' id='word_1_554' title='bbox 1862 4909 2024 4979; x_wconf 79' lang='lat' dir='ltr'><strong>hujus</strong></span> <span class='ocrx_word' id='word_1_555' title='bbox 2053 4927 2151 4966; x_wconf 92' lang='lat' dir='ltr'><strong>no-</strong></span> 
     </span>
    </p>
   </div>
   <div class='ocr_carea' id='block_1_84' title="bbox 565 4997 2152 5069">
    <p class='ocr_par' dir='ltr' id='par_1_84' title="bbox 565 4997 2152 5069">
     <span class='ocr_line' id='line_1_84' title="bbox 565 4997 2152 5069; baseline 0.005 -21"><span class='ocrx_word' id='word_1_556' title='bbox 565 4997 724 5051; x_wconf 86' lang='lat' dir='ltr'><strong>minis</strong></span> <span class='ocrx_word' id='word_1_557' title='bbox 773 5012 966 5060; x_wconf 90' lang='lat' dir='ltr'><strong>uonus,</strong></span> <span class='ocrx_word' id='word_1_558' title='bbox 1015 5011 1158 5050; x_wconf 92' lang='lat' dir='ltr'><strong>anno</strong></span> <span class='ocrx_word' id='word_1_559' title='bbox 1202 4997 1402 5051; x_wconf 80' lang='lat' dir='ltr'><strong>Christi</strong></span> <span class='ocrx_word' id='word_1_560' title='bbox 1454 4999 1810 5069; x_wconf 85' lang='lat' dir='ltr'><strong>redemptoris</strong></span> <span class='ocrx_word' id='word_1_561' title='bbox 1860 4999 2017 5069; x_wconf 73' lang='lat'><strong>1057,</strong></span> <span class='ocrx_word' id='word_1_562' title='bbox 2064 5018 2152 5056; x_wconf 75' lang='lat' dir='ltr'><strong>re-</strong></span> 
     </span>
    </p>
   </div>
   <div class='ocr_carea' id='block_1_85' title="bbox 2253 4811 3792 4893">
    <p class='ocr_par' dir='ltr' id='par_1_85' title="bbox 2253 4811 3792 4893">
     <span class='ocr_line' id='line_1_85' title="bbox 2253 4811 3792 4893; baseline -0.006 -17"><span class='ocrx_word' id='word_1_563' title='bbox 2253 4822 2583 4893; x_wconf 84' lang='lat' dir='ltr'><strong>designatus.</strong></span> <span class='ocrx_word' id='word_1_564' title='bbox 2625 4821 2760 4876; x_wconf 88' lang='lat' dir='ltr'><strong>Dato</strong></span> <span class='ocrx_word' id='word_1_565' title='bbox 2799 4821 2904 4876; x_wconf 89' lang='lat' dir='ltr'><strong>illis</strong></span> <span class='ocrx_word' id='word_1_566' title='bbox 2949 4836 3129 4875; x_wconf 76' lang='lat' dir='ltr'><strong>rerum</strong></span> <span class='ocrx_word' id='word_1_567' title='bbox 3171 4820 3498 4890; x_wconf 88' lang='lat' dir='ltr'><strong>agendarum</strong></span> <span class='ocrx_word' id='word_1_568' title='bbox 3540 4811 3792 4873; x_wconf 84' lang='lat' dir='ltr'><strong>commoni-</strong></span> 
     </span>
    </p>
   </div>
   <div class='ocr_carea' id='block_1_86' title="bbox 2253 4911 3792 4983">
    <p class='ocr_par' dir='ltr' id='par_1_86' title="bbox 2253 4911 3792 4983">
     <span class='ocr_line' id='line_1_86' title="bbox 2253 4911 3792 4983; baseline -0.004 -18"><span class='ocrx_word' id='word_1_569' title='bbox 2253 4913 2414 4978; x_wconf 90' lang='lat' dir='ltr'><strong>torio,</strong></span> <span class='ocrx_word' id='word_1_570' title='bbox 2441 4914 2694 4983; x_wconf 75' lang='lat' dir='ltr'><strong>prmcepit.</strong></span> <span class='ocrx_word' id='word_1_571' title='bbox 2720 4922 2779 4966; x_wconf 91' lang='lat' dir='ltr'><strong>nt</strong></span> <span class='ocrx_word' id='word_1_572' title='bbox 2805 4911 3204 4982; x_wconf 89' lang='lat' dir='ltr'><strong>quamprimum</strong></span> <span class='ocrx_word' id='word_1_573' title='bbox 3232 4920 3453 4981; x_wconf 88' lang='lat' dir='ltr'><strong>possent</strong></span> <span class='ocrx_word' id='word_1_574' title='bbox 3481 4911 3692 4965; x_wconf 86' lang='lat' dir='ltr'><strong>reditum</strong></span> <span class='ocrx_word' id='word_1_575' title='bbox 3717 4919 3792 4974; x_wconf 80' lang='lat' dir='ltr'><strong>pa-</strong></span> 
     </span>
    </p>
   </div>
   <div class='ocr_carea' id='block_1_87' title="bbox 2254 4996 3788 5072">
    <p class='ocr_par' dir='ltr' id='par_1_87' title="bbox 2254 4996 3788 5072">
     <span class='ocr_line' id='line_1_87' title="bbox 2254 4996 3788 5072; baseline -0.007 -15"><span class='ocrx_word' id='word_1_576' title='bbox 2254 5013 2451 5058; x_wconf 88' lang='lat' dir='ltr'><strong>rarent.</strong></span> <span class='ocrx_word' id='word_1_577' title='bbox 2475 5002 2550 5058; x_wconf 84' lang='lat' dir='ltr'><strong>De</strong></span> <span class='ocrx_word' id='word_1_578' title='bbox 2579 5003 2740 5057; x_wconf 90' lang='lat' dir='ltr'><strong>l&#39;uturi</strong></span> <span class='ocrx_word' id='word_1_579' title='bbox 2771 5001 3038 5072; x_wconf 77' lang='lat' dir='ltr'><strong>pontiﬁcis</strong></span> <span class='ocrx_word' id='word_1_580' title='bbox 3059 5001 3322 5056; x_wconf 85' lang='lat' dir='ltr'><strong>electione</strong></span> <span class='ocrx_word' id='word_1_581' title='bbox 3342 5002 3612 5056; x_wconf 85' lang='lat' dir='ltr'><strong>ilecrctum</strong></span> <span class='ocrx_word' id='word_1_582' title='bbox 3633 4996 3788 5055; x_wconf 84' lang='lat' dir='ltr'><strong>edidit,</strong></span> 
     </span>
    </p>
   </div>
  </div>
