4020 5392
211 300 322 356 869

1427 288 1783 352 ειηδτοιηλε
1829 294 1912 349 ΕΤ
1951 292 2358 352 ι’ῐιινευιῑοιλ.

3398 291 3501 348 8το

211 414 348 464 itum
377 406 535 462 sedes
573 405 862 478 apostolica
905 407 1104 461 intacta
1150 413 1398 471 vacaret,
1429 404 1546 475 ejus
1584 405 1800 459 demum
1832 413 1878 470 Α
1908 406 2068 469 dunt,
2105 415 2160 460 et
2193 404 2452 461 Joannem
2487 406 2839 461 \‘clitrensem
2869 405 3208 479 episcopum,
3242 405 3500 462 Mincium

208 495 517 551 ordinanda
544 495 790 550 concilio.
828 517 844 546 ι
877 494 959 550 Ad
997 495 1336 550 invisendum
1367 504 1613 548 sanctum
1643 493 1808 548 Joan-

207 603 333 642 nem
377 587 762 651 Gualbertnm,
810 585 952 640 fama
1000 586 1308 640 sanctitatis
1350 584 1803 662 celeberrimtnn,

206 678 542 733 Florentiam
574 677 847 748 profectus
889 677 1078 732 incidit
1121 676 1173 731 in
1205 677 1484 740 morbum;
1531 683 1584 731 et
1619 675 1806 746 paucis

205 771 401 824 diebus
431 781 719 840 postquam
748 777 1098 839 mgrotasset,
1129 770 1263 823 obiit
1301 779 1498 840 quarto
1537 769 1804 824 Kalendas

203 861 444 931 Aprilis.
476 877 618 915 anno
649 861 804 915 l058.
839 881 856 912 ι
896 861 1130 921 Interea,
1162 861 1345 930 inquit
1373 858 1482 915 Leo
1511 861 1798 927 Ostiensis,

204 949 506 1023 Gregorius
551 950 966 1014 Laterancnsis,
1023 959 1076 1003 et
1121 948 1538 1003 Tttsculancnsis
1595 961 1796 1013 comes,

202 1050 491 1111 comperto
531 1039 762 1096 Romani
802 1040 1071 1111 pontificis
1107 1039 1280 1103 obitu,
1319 1041 1524 1093 sociato
1557 1039 1656 1092 sibi
1697 1037 1800 1093 Gc-

203 1131 372 1185 rardo
420 1129 712 1184 Galvsensc
757 1129 1098 1203 [Galerense,
1153 1129 1426 1183 Bcnedict.
1470 1126 1537 1192 Χ,
1568 1128 1796 1198 pseudo-

202 1237 339 1293 papa
374 1230 431 1277 et
462 1220 862 1294 scliismaticus]
887 1233 939 1274 et
965 1221 1220 1274 Reiiianis
1243 1221 1550 1289 potentibus
1572 1221 1795 1291 aliquot,

202 1326 370 1372 noctu
407 1332 530 1372 cum
575 1325 907 1371 armatorum
953 1315 1125 1368 turbis
1155 1313 1440 1368 ecclesiam
1473 1329 1576 1367 una
1608 1305 1798 1384 perva-

1909 506 2094 567 postea
2121 496 2579 566 cognominatum,
2610 512 2802 568 papam
2826 499 3184 563 constituunt,
3217 497 3501 555 Benedicti

1907 589 1981 644 illi
2024 588 2274 658 imposito
2311 588 2548 643 nomine.
2581 588 2731 656 Quod
2769 604 2891 644 cum
2938 589 3132 645 Petrus
3175 589 3492 658 Damianns,

1906 679 1990 733 vir
2035 677 2184 733 valde
2233 677 2550 750 religiosus,
2594 693 2754 748 quem
2801 694 2867 735 eo
2905 691 3145 749 tempore
3187 679 3496 751 Stephanus

1906 788 2042 844 papa
2078 773 2145 827 ab
2175 786 2361 827 eremo
2401 779 2704 828 extractum
2747 771 2801 827 in
2846 771 3079 828 Ostiensi
3111 773 3352 829 Ecclesia
3380 789 3498 847 ept-

1909 879 2131 935 scopum
2163 863 2364 919 fecerat
2404 864 2786 934 comperisset,
2817 879 2922 918 una
2959 879 3085 920 cum
3126 865 3498 924 cardinalibus

1908 957 2161 1011 resistere
2191 970 2256 1010 ac
2296 954 2591 1009 reclamare
2618 956 2782 1024 cmpit
2815 963 2980 1026 atque
3012 955 3492 1014 anathematizare.

1909 1047 2014 1103 Sed
2047 1056 2224 1103 tamen
2273 1047 2324 1101 bi
2355 1062 2546 1102 omnes
2581 1047 2775 1102 timore
2803 1045 3034 1117 perculsi
3072 1063 3170 1117 per
3191 1049 3336 1102 varia
3376 1048 3492 1104 loca

1905 1141 2114 1211 fugere.
2146 1157 2168 1192 ι
2200 1137 2314 1206 Qua
2361 1141 2570 1192 ratione
2613 1146 2792 1192 autem
2837 1137 3213 1193 schlsmaticus
3247 1138 3373 1194 sede
3401 1155 3494 1195 ex-

1905 1231 2091 1302 pulsus
2120 1228 2305 1295 fuerit,
2338 1229 2476 1284 infra
2507 1229 2562 1284 in
2591 1227 2710 1285 Vita
2742 1226 2942 1284 Nicolai
2974 1229 3012 1283 ll
3045 1230 3270 1284 dicetur.

225 1484 3484 1511 _———__——.—_——.—————————-——————-—-——_—

1118 1621 1631 1716 ΝΟΤΙΤΙΑ
1706 1617 2570 1712 DIPLOMATICA.

1331 1813 1534 1884 (Jun,
1563 1813 1786 1884 Regesta
1819 1823 1966 1883 pont.
2009 1813 2182 1877 Rom,
2214 1813 2362 1884 58!.)

1649 1995 2047 2010 ———-——-—-

266 2119 580 2189 Stephanus
604 2119 647 2174 X
677 2119 730 2174 in
763 2121 919 2176 bullis
949 2120 1051 2175 hac
1081 2119 1347 2177 sententia
1375 2133 1505 2174 usus
1531 2129 1614 2176 est
1637 2139 1650 2176 :
1677 2121 1791 2176 less
1825 2125 1868 2183 Β
1967 2120 2116 2175 Datze
2146 2136 2244 2192 per
2271 2137 2486 2176 manum

195 2225 291 2265 tasr
329 2226 435 2264 PAX
472 2226 680 2265 aosrtu
718 2211 795 2280 (ιι.
825 2211 881 2271 2,
913 2212 989 2278 5).

265 2301 500 2372 Scriptze
529 2301 689 2357 bulla:
718 2301 833 2370 ejus
861 2312 988 2358 sunt
1017 2318 1112 2372 per
1141 2319 1358 2358 manum

263 2389 511 2463 Gregorii
537 2393 729 2446 notarii
759 2405 805 2448 et
833 2394 1100 2448 scriniarii
1125 2395 1202 2464 (η.
1233 2394 1287 2459 ‘2,
1317 2396 1372 2460 5,
1398 2394 1454 2460 4,
1487 2394 1540 2462 6,
1569 2396 1644 2466 7).

1973 2208 2249 2264 Humberti
2289 2208 2346 2265 S.
2393 2209 2641 2265 Ecclesite
2681 2209 2840 2266 Silete
2880 2208 3136 2267 Candith
3179 2212 3406 2284 ρρικαρῑ
3437 2223 3487 2270 ρο

1900 2303 2276 2357 bibliothecarii
2330 2303 2541 2359 Sancta:
2599 2303 2854 2359 Romana:
2899 2314 2946 2359 et
3000 2305 3300 2375 apostolica:
3345 2306 3485 2362 sedis

1897 2396 1976 2466 (η.
2007 2395 2063 2460 2,
2093 2397 2147 2461 :5,
2178 2397 2231 2463 4,
2264 2395 2317 2460 5,
2350 2397 2421 2467 7).

940 2723 1881 2838 STEPHANI
1971 2723 2105 2836 Σ
2192 2723 2745 2836 ΡΔΡΕ

851 2954 1600 3070 EPISTOL/E
1711 2954 1894 3068 ET
1995 2953 2864 3074 PRIVILEGIA.

191 3331 265 3402 (1)
295 3329 535 3400 Epistola
560 3329 812 3401 Stephani
837 3330 887 3384 Χ
919 3333 988 3384 ad
1016 3330 1320 3386 Gervasium
1344 3331 1789 3401 archiepiscopum

266 3404 594 3456 licmensem.
613 3400 805 3454 —I’ro
829 3401 1076 3470 religione
1104 3401 1312 3470 fortiter
1331 3404 1504 3470 agenti
1530 3403 1788 3455 auxilium

266 3419 594 3456 tremensem.
613 3419 805 3454 —rro
829 3419 1076 3471 religione
1104 3419 1312 3470 [ormer
1331 3419 1502 3472 agenti
1530 3419 1788 3455 auxilium

259 3475 564 3541 pollicetur;
585 3471 929 3526 Bituricensis
949 3473 1322 3542 archiepiscopi
1339 3488 1555 3526 causam
1575 3473 1628 3525 in
1641 3473 1788 3525 aliud

258 3553 464 3608 tentpus
493 3544 670 3612 (ti/fert
690 3558 710 3607 ,°
733 3545 788 3596 in
811 3542 988 3597 urbem
1010 3543 1078 3596 ad
1099 3545 1357 3612 synodum
1381 3559 1504 3597 cum
1525 3543 1790 3613 suﬂ'raga-

257 3614 370 3666 neis
398 3613 514 3666 suis
544 3628 665 3667 eum
689 3623 887 3667 evocat.

803 3704 982 3774 (Anno
1009 3703 1194 3774 1057.)

604 3794 796 3867 ῙΜΑΝδι
827 3794 1028 3850 Concil.
1065 3795 1208 3860 XIX,
1239 3792 1390 3869 862.]

256 3885 586 3943 Srerntxus
629 3887 938 3958 episc0pus,
969 3902 1158 3942 servus
1192 3903 1471 3943 servorum
1500 3886 1620 3955 Dei,
1643 3886 1788 3944 Gen-

189 3996 340 4036 usio
371 3979 630 4034 Reiucnsi
658 3979 1066 4052 archiepiscopo
1102 3979 1331 4035 salutem
1357 3989 1412 4034 et
1437 3979 1786 4052 apostolicam

189 4069 647 4124 benedictionem.

257 4159 600 4216 Promotioni
652 4171 886 4226 nostrae,
937 4161 1078 4218 sicut
1127 4160 1284 4216 nobis
1331 4159 1627 4232 scripsisti,
1679 4177 1784 4216 non

191 4254 516 4326 ambigimus
541 4263 596 4310 te
623 4254 918 4325 gratulari;
947 4254 1242 4309 amicitiam
1272 4269 1487 4324 quoque
1515 4255 1783 4310 sinceram

188 4353 244 4400 et
281 4344 532 4400 volumus
567 4353 623 4399 et
662 4353 912 4416 optamus
957 4345 1098 4398 inter
1144 4359 1242 4399 nos
1288 4342 1405 4399 fore
1448 4354 1781 4416 perpetuam.

189 4433 359 4491 Porro
387 4435 754 4492 obedientiam
783 4434 1229 4505 ﬁdelitatemque,
1257 4451 1418 4506 quam
1449 4436 1604 4492 nobis
1629 4436 1784 4506 polli-

190 4529 352 4592 ceris,
381 4538 436 4582 te
463 4527 811 4596 integerrime
835 4535 1176 4582 servaturum
1203 4527 1271 4587 si,
1299 4534 1356 4580 ut
1383 4527 1546 4582 debes
1570 4536 1625 4582 et
1650 4538 1706 4582 ut
1733 4536 1784 4582 te

1809 3250 1854 3310 C
1885 3256 1940 3300 et
1974 3245 2117 3316 quod
2161 3252 2240 3308 tu,
2290 3244 2431 3299 sicut
2479 3243 2621 3298 inter
2664 3257 2762 3297 nos
2798 3242 3070 3310 convenit,
3114 3259 3218 3299 non
3257 3259 3478 3301 reman-

1893 3335 2053 3401 dasti,
2092 3350 2160 3388 an
2199 3335 2249 3388 in
2292 3334 2394 3388 hoc
2435 3342 2580 3388 esset
2621 3332 2764 3402 regis
2803 3333 3134 3389 consensus?
3176 3334 3280 3391 Sed
3322 3346 3374 3390 et
3412 3338 3480 3393 de

1891 3423 2216 3481 Bituricensi
2247 3424 2675 3494 archiepiscopo,
2701 3423 2825 3494 quia
2857 3423 3086 3480 dilectus
3119 3424 3263 3481 filius
3297 3436 3482 3482 noster

1894 3517 2306 3581 Hddebrandus,
2335 3519 2419 3574 cui
2459 3516 2600 3572 illius
2630 3532 2792 3572 causa
2822 3517 3056 3572 maxime
3085 3527 3208 3573 nota
3237 3525 3350 3585 est,
3381 3519 3480 3573 ab-

1889 3619 1992 3674 est,
2024 3610 2126 3664 boc
2151 3618 2356 3663 tantum
2389 3608 2772 3678 respondemus
2795 3609 2961 3677 quod,
2989 3622 3053 3662 eo
3092 3617 3394 3664 revertente
3423 3616 3480 3662 et

1892 3710 1943 3754 te
1977 3715 2098 3754 cum
2130 3697 2221 3753 illo
2261 3699 2327 3752 ad
2373 3712 2469 3753 nos
2504 3697 2774 3763 veniente,
2811 3707 2916 3751 tam
2962 3711 3027 3750 ex
3076 3696 3178 3752 hoc
3211 3712 3373 3766 quam
3409 3711 3477 3752 ex

1889 3793 2008 3848 aliis
2041 3792 2425 3849 ecclesiasticis
2471 3791 2701 3862 negotiis
2745 3798 2895 3844 tuum
2926 3787 3210 3844 consilium
3251 3787 3478 3844 habebi-

1891 3900 2029 3939 mus.
2076 3882 2153 3938 Ne
2183 3882 2402 3938 deﬁcias
2447 3891 2539 3936 aut
2577 3879 2869 3951 frangaris,
2910 3879 2954 3934 si
2995 3877 3336 3932 adversarios
3377 3893 3478 3949 pro

1889 3974 2146 4030 ﬁdelitate
2177 3981 2380 4028 sanctae
2409 3970 2666 4026 Romana:
2697 3969 2972 4034 Ecclesiaz,
3000 3968 3108 4023 imo
3133 3983 3231 4038 pro
3257 3975 3475 4023 sancto-

1889 4082 2006 4122 rum
2045 4079 2309 4120 canonmn
2349 4061 2662 4117 defensione
2697 4059 2918 4132 pateris,
2951 4059 3149 4123 sciens,
3178 4058 3476 4113 secundum

1886 4156 2223 4228 Apostolum,
2259 4155 2403 4227 quod
2452 4153 2506 4209 in
2551 4154 2656 4209 hoc
2700 4153 2908 4225 positus
2948 4153 3023 4208 sis
3061 4150 3114 4222 (1
3149 4150 3328 4206 Thess.
3366 4154 3472 4221 ιιι).

1885 4249 2156 4306 Auxilium
2183 4248 2327 4304 enim
2354 4255 2594 4302 nostrum
2619 4255 2675 4302 et
2702 4245 2989 4302 consilium
3020 4245 3116 4301 tibi
3148 4243 3474 4316 projustitia

1886 4340 2190 4412 agauizanti
2241 4349 2481 4408 tempore
2532 4337 2700 4393 nostri
2752 4336 3134 4408 pontificatus,
3194 4338 3262 4391 ad
3311 4351 3472 4406 quem

1885 4437 2032 4494 nullo
2067 4451 2187 4492 meo
2220 4436 2414 4491 merito
2441 4417 2628 4490 videor
2665 4443 2993 4504 assumptus,
3028 4450 3136 4490 non
3174 4434 3381 4502 deerit;
3421 4444 3479 4490 et

1885 4531 2179 4587 secundum
2215 4529 2357 4600 quod
2389 4543 2536 4595 oras,
2561 4529 2839 4586 arabimus
2871 4526 3155 4582 Dominum
3190 4525 3374 4584 Jesum
3407 4542 3476 4583 ne

191 4620 377 4686 decet,
431 4593 772 4684 serva—veris;
832 4617 970 4676 facis
1013 4619 1156 4690 quod
1222 4618 1528 4674 faciendum
1579 4621 1780 4689 optime
1813 4593 1860 4653 Ι)
1886 4638 1914 4676 a
1946 4622 2087 4677 bono
2114 4593 2391 4691 proposito
2413 4593 2703 4690 aliquando
2729 4619 2965 4674 decidas.
2990 4619 3257 4674 (Ia-terum
3283 4615 3472 4674 Roma:

191 4713 315 4776 scis,
346 4714 492 4783 quod
525 4712 877 4783 principalem
920 4720 975 4768 et
1017 4727 1360 4767 communem
1388 4721 1638 4777 matrem,
1672 4729 1777 4768 non

194 4805 351 4859 modo
377 4819 477 4859 nos
506 4804 776 4860 revereris
808 4803 862 4858 in
900 4802 1077 4859 nobis.
1106 4803 1180 4858 De
1209 4801 1439 4858 concilio
1465 4811 1641 4858 autem
1671 4803 1778 4858 Re-

195 4897 294 4950 mis
337 4897 587 4952 habendo
607 4897 735 4967 quid
781 4895 926 4950 aliud
951 4895 1256 4960 dicendum,
1289 4895 1392 4950 nisi
1418 4895 1561 4966 quod
1608 4895 1780 4950 beatae

194 4986 465 5042 memoria:
485 4987 738 5042 dominus
761 4985 948 5041 Victor
971 4985 1060 5040 Dei
1084 4984 1288 5052 judicio
1310 4985 1435 5040 hinc
1455 4994 1540 5041 cst
1561 4993 1774 5054 raptus;

261 5121 340 5191 (Ι)
383 5121 457 5175 Ex
496 5119 818 5176 bibliotheca
853 5118 1051 5191 Papirii
1085 5116 1607 5191 hlzissoni_limc_CIim
1638 5132 1775 5191 qua-

195 5186 564 5250 mIor'Nicolai,
595 5202 648 5245 et
678 5186 952 5246 sexdecim
984 5189 1270 5243 Alexandri
1297 5186 1340 5240 ll
1365 5188 1430 5239 ad
1456 5187 1774 5266 Gerrasium

1881 4713 2070 4783 quinto
2106 4711 2318 4766 decimo
2359 4711 2447 4766 die
2493 4721 2615 4780 post
2659 4721 2906 4766 sanctum
2951 4707 3158 4764 Pascha
3203 4710 3470 4779 synodum

1880 4803 2237 4866 celebraturi,
2292 4812 2437 4856 tuam
2493 4801 2888 4856 fraternitatem
2937 4815 3061 4855 cum
3117 4797 3474 4870 suﬂ'raganeis

1879 4896 2019 4965 ejus,
2048 4895 2296 4948 volumus
2334 4902 2388 4948 et
2415 4894 2740 4948 auctoritate
2773 4891 3067 4960 apostolica
3097 4887 3354 4959 jubemus
3383 4889 3468 4944 in-

1880 4998 2086 5044 teresse
2113 4985 2316 5054 absque
2347 4983 2639 5039 inevitabili
2670 4983 3014 5038 necessitate.

1881 5132 1938 5178 ut
1964 5123 2152 5177 videre
2182 5126 2265 5172 est
2307 5116 2372 5188 in
2392 5116 2638 5188 catalogo
2671 5115 3022 5188 Remensium
3048 5113 3432 5188 episcoporum
3456 5158 3472 5185 ,

1879 5197 1969 5265 qni
2011 5203 2105 5268 est.
2136 5189 2276 5268 apud
2317 5184 2703 5268 Hadoardum,
2742 5185 2996 5268 Remensi
3045 5184 3298 5268 Ecclesia!
3340 5184 3476 5256 prae;
