4020 5392
552 334 647 388 Nil
1250 354 1258 358 ~
1866 323 2203 382 STEPHANI
2247 321 2293 381 Κ
2334 323 2533 382 PARS

1312 439 1373 497 ll.

559 556 816 630 Stephani
854 553 903 609 Χ
940 553 1084 630 ῥαιιή
1120 570 1213 623 per
1240 568 1398 630 quam
1436 552 1732 630 _roaﬁrmat
1769 552 1893 606 cieri
1922 551 2139 630 sa'ral‘a-

624 623 698 682 ris
730 626 1112 683 immuuiiatent
1137 643 1170 678 a
1201 623 1537 679 swcularium
1560 633 1879 693 potestatum
1916 623 2138 693 judiciis

623 708 671 752 et
697 698 962 754 oneribus.

1147 787 1328 855 (Anno
1355 785 1540 856 l058.)

852 874 1184 952 [Μυιυιτοιιῃ
1217 876 1395 945 Antii].
1426 872 1553 929 Ital.
1586 873 1648 936 ν,
1674 871 1823 946 973.]

627 994 946 1054 Summus
971 992 1274 1063 episcOpus,
1308 1004 1497 1045 servus
1526 1004 1807 1043 servorum
1848 987 1964 1054 Dei,
2000 987 2136 1044 dile-

555 1086 819 1146 ctissimis
858 1088 911 1142 in
961 1084 1180 1141 Christo
1230 1081 1357 1138 ﬁliis
1418 1081 1673 1134 omnibus
1737 1078 2134 1142 sacerdotibus,

557 1177 761 1244 levitis,
800 1175 1172 1244 univetsisque
1204 1174 1379 1229 sacris
1428 1172 1731 1236 ordinibus,
1781 1170 1941 1225 Luca:
1990 1186 2137 1226 com-

554 1266 922 1331 morantibus,
972 1282 1067 1320 seu
1135 1265 1203 1320 de
1251 1264 1504 1319 onmihus
1560 1262 1825 1333 plebibus,
1899 1261 2133 1326 clericis,

558 1357 851 1429 acolythis,
904 1354 1349 1419 subdiacouibus,
1414 1353 1753 1417 diaconibus,
1806 1352 2137 1423 presbyteris

554 1448 884 1505 suburbanis
939 1447 1201 1503 Lucensis
1228 1447 1591 1517 episcopatus,
1636 1454 1694 1500 et
1724 1444 1976 1500 omnibus
2013 1457 2136 1499 suc-

556 1540 869 1597 cessoribus
898 1555 1084 1594 eorum
1120 1538 1173 1592 in
1203 1547 1542 1608 perpetuum.

626 1634 683 1688 Si
707 1649 833 1704 erga
868 1631 1105 1686 ﬁdelium
1135 1630 1396 1685 laicorum
1433 1628 1707 1693 ordinem,
1754 1622 1981 1698 legalem
2007 1639 2135 1681 con-

559 1725 902 1781 suetudinem
925 1732 980 1777 ct
1003 1723 1222 1778 decreta
1253 1720 1475 1791 pictatis
1496 1735 1716 1774 servare
1745 1719 1902 1774 nobis
1931 1733 2134 1774 conve-

3722 334 3823 397 875

2161 445 2209 503 Α
2240 454 2363 505 niis,
2418 440 2855 505 vocemissarius,
2896 441 2980 497 vel
3025 443 3188 500 etiam
3235 445 3339 501 ulla
3381 463 3615 517 persona
3648 451 3817 512 horae

2243 547 2368 584 num
2399 535 2594 587 audeat
2637 534 2960 590 interdicere
2988 537 3070 591 vel
3099 540 3475 612 constringere
3511 543 3643 604 hoc.
3674 548 3817 617 quod

2243 639 2273 676 a
2306 624 2473 678 nobis
2531 626 2881 680 constitutum
2909 636 2965 683 et
2991 628 3370 686 conﬁrmatum
3427 643 3533 687 est.
3597 634 3659 690 Si
3706 639 3822 708 qui!

2242 723 2421 769 autem
2478 714 2642 788 (quod
2699 733 2803 772 non
2849 719 3144 792 credimus)
3201 725 3489 779 temerario
3528 742 3671 782 ausu
3702 729 3818 786 huic

2244 816 2430 860 nostro
2479 808 2778 877 apostolico
2826 810 3108 882 privilegio
3157 817 3467 871 contrarius
3521 820 3820 885 exstiterit,

2240 895 2379 951 sciat
2410 913 2490 964 se,
2526 899 2629 953 nisi
2684 901 3007 971 resipuerit,
3057 913 3112 959 et
3155 906 3408 962 damnum
3446 910 3595 978 quod
3643 911 3827 968 fecerit

2239 992 2638 1056 emendaverit,
2669 996 2997 1051 auctoritate
3032 996 3124 1052 Dei
3152 1000 3568 1068 omnipotentis,
3600 1012 3662 1058 et
3690 1005 3826 1059 beati

2242 1080 2387 1137 Petri
2417 1076 2783 1153 apostolorum
2832 1088 3098 1160 principis
3124 1106 3189 1146 ac
3229 1103 3434 1156 nostra,
3459 1098 3830 1153 anathematis

2241 1174 2454 1228 vinculo
2517 1175 2855 1242 innodatum,
2888 1189 3013 1241 eLa
3045 1198 3213 1253 regno
3248 1182 3339 1237 Dei
3366 1186 3639 1248 alienum.
3670 1200 3826 1260 atque

2238 1278 2361 1318 eum
2388 1263 2524 1321 Jada
2560 1269 2824 1323 traditore
2851 1271 3133 1326 sociatum.
3167 1274 3390 1344 Insuper
3417 1281 3827 1349 compositurus

2238 1362 2437 1414 existat
2466 1360 2597 1414 auri.
2613 1362 2802 1431 optimi
2845 1365 3010 1420 libras
3039 1367 3247 1429 decem,
3273 1371 3627 1426 medietatem
3677 1390 3827 1429 sacro

2239 1459 2424 1504 nostro
2453 1446 2674 1521 palatio,
2702 1452 3048 1510 medietatem
3075 1457 3181 1512 illis
3216 1459 3411 1529 quibus
3445 1461 3656 1531 injuria
3685 1465 3824 1521 illata

2238 1538 2421 1595 fuerit.
2454 1540 2556 1608 Qui
2606 1558 2739 1599 vero
2794 1560 2893 1615 pro
2938 1547 3134 1603 intuitu
3180 1560 3366 1606 custos
3398 1562 3456 1608 et
3500 1557 3826 1613 observator

2240 1630 2396 1700 hujus
2430 1633 2603 1689 nostri
2637 1635 2920 1703 apostolici
2950 1642 3207 1711 praecepti
3256 1645 3557 1710 exstiterit,
3604 1647 3822 1704 benedi-

2239 1722 2439 1775 ctionis
2487 1724 2798 1793 apostolicze
2850 1728 3107 1796 gratiam.
3152 1731 3432 1802 vitamque
3477 1745 3752 1791 aeternam
3796 1756 3822 1792 ι

554 1822 672 1882 ηπ,
727 1816 898 1872 multo
949 1813 1183 1884 amplius
1227 1813 1377 1868 circa
1426 1812 1749 1867 clericorum
1795 1809 1998 1881 gradus
2042 1808 2133 1879 qui
2168 1811 2209 1871 Β
2240 1811 2469 1867 Domino
2516 1817 2626 1870 Deo
2673 1825 2861 1872 nostro
2898 1821 3153 1890 consequi
3195 1837 3472 1880 mereatur
3515 1828 3575 1881 in
3632 1832 3828 1885 stecula

557 1907 817 1964 Ecclesia:
847 1906 939 1961 Dei
975 1904 1207 1959 lideliter
1256 1903 1569 1957 ministrant
1617 1910 1673 1956 et
1722 1902 1971 1955 serviunt
2018 1900 2132 1954 visa

552 1999 828 2071 aequitatis
866 1997 1182 2060 observare,
1206 2003 1261 2050 et
1306 1994 1647 2049 observanda
1693 1992 2020 2048 conﬁrmare
2047 1992 2138 2046 dc-

555 2090 766 2145 bemus.
798 2087 1143 2158 Quapropter
1172 2085 1242 2141 ob
1269 2085 1630 2139 interventum
1659 2083 1999 2139 dilectissimi
2045 2098 2137 2138 co-

546 2182 790 2253 episcopi
823 2181 993 2236 nostri
1017 2177 1257 2233 Auseltni
1279 2177 1544 2232 Lucensis
1573 2177 1835 2247 episcopi,
1863 2176 2135 2248 simulque

550 2272 827 2328 Benedicti
856 2269 1264 2325 Belletrineusis
1286 2267 1548 2338 episcOpi,
1583 2277 1639 2322 et
1678 2265 1941 2321 Bouil‘acii
1972 2265 2137 2321 Alba-

552 2363 740 2418 uensis
760 2360 1024 2431 episcopi,
1056 2369 1112 2414 et
1138 2359 1321 2413 domui
1353 2355 1636 2412 llumberti
1668 2356 1887 2411 Sanctae
1932 2357 2138 2412 ltutinzc

557 2456 705 2511 sedis
734 2453 994 2524 episcopi,
1022 2467 1123 2507 nec
1147 2454 1254 2506 non
1279 2450 1426 2506 Petri
1465 2449 1851 2505 Lavicanensis
1876 2449 2135 2519 episcOpi,

553 2544 826 2615 simulque
866 2541 1092 2599 Joannis
1144 2541 1462 2598 Portuensis
1513 2541 1775 2612 episcopi,
1828 2555 1930 2595 nec
1956 2555 2061 2595 non
2084 2552 2138 2595 et

553 2636 737 2693 domui
771 2634 1119 2690 llildehrandi
1153 2644 1356 2689 sancta:
1395 2632 1654 2687 Romana:
1698 2632 1957 2687 Ecclesia:
2006 2632 2138 2687 sub-

555 2726 795 2793 diaconi,
828 2725 1168 2795 aliorumque
1213 2733 1521 2778 nostrorum
1566 2721 1827 2789 fidelium,
1859 2737 1954 2793 per
1979 2720 2138 2790 hujus

553 2826 757 2873 nostra:
783 2815 1167 2888 prtcceptionis
1206 2812 1456 2884 paginam
1500 2812 1886 2866 constituimus
1916 2818 1973 2864 et
2003 2824 2131 2865 cou-

554 2907 858 2971 ﬁrmamus,
919 2905 1062 2961 sicut
1136 2918 1415 2979 sacrorum
1485 2916 1753 2958 canonum
1803 2901 2139 2956 demonstrat

555 2999 872 3062 auctoritas,
904 3008 959 3053 et
979 2997 1235 3052 humanm
1260 2996 1588 3066 praecipiunt
1607 2993 1778 3064 leges,
1800 2993 1943 3050 sicut
1970 2993 2136 3049 etiam

557 3093 665 3150 illis
712 3093 782 3147 ab
831 3090 1030 3147 Ottoue
1093 3092 1422 3160 imperatore
1475 3088 1742 3159 Augusto,
1806 3096 1864 3141 et
1915 3086 2138 3157 reliquis

560 3181 985 3256 imperatoribus
1011 3197 1110 3252 per
1147 3181 1402 3253 prtecepti
1444 3181 1698 3252 paginam
1728 3194 2049 3236 concessum
2080 3191 2135 3236 et
2162 3156 2210 3219 θ

558 3280 938 3333 conﬁrmatum
996 3291 1117 3331 esse
1185 3276 1420 3341 videtur,
1477 3284 1536 3328 ut
1593 3274 1848 3346 deinceps
1905 3288 1935 3327 a
1990 3273 2133 3328 nulla

559 3384 751 3442 magna
800 3384 1076 3440 parvaque
1132 3383 1363 3439 persona
1411 3368 1691 3423 hominum
1733 3368 1800 3421 ad
1849 3367 2133 3424 smcularia

555 3461 757 3533 judicia
781 3477 880 3533 pro
905 3461 1269 3532 qualicunque
1310 3461 1683 3517 controversia
1730 3461 2134 3531 pertrahantur,

561 3552 793 3607 velante
823 3550 1112 3605 Saeculares
1135 3550 1347 3619 judices
1370 3550 1751 3605 examinentur
1795 3550 1874 3605 vel
1914 3551 2138 3605 distrin-

561 3655 780 3716 gantur,
810 3642 912 3697 nisi
945 3650 1151 3695 tantum
1176 3642 1244 3697 ab
1269 3658 1455 3697 eorum
1508 3643 1755 3714 prresnlc.
1790 3642 1855 3696 Et
1880 3651 1936 3696 ut
1962 3642 2137 3698 nullus

558 3740 614 3795 in
666 3737 917 3794 domibus
984 3752 1173 3793 eorum
1260 3737 1497 3808 aliquam
1566 3739 1905 3793 invasiouem
1960 3736 2138 3795 facere

561 3828 782 3894 audeat,
808 3826 893 3882 vel
925 3827 1227 3884 molestiam
1260 3835 1557 3900 praesumat
1603 3828 1824 3892 inferre,
1852 3828 1935 3884 vel
1966 3829 2138 3885 tribu-

563 3931 694 3982 tum,
746 3922 863 3974 sive
926 3920 1217 3985 redditum,
1293 3934 1390 3975 seu
1443 3921 1609 3975 etiam
1662 3920 2135 3991 superimpositum

559 4014 763 4071 eisdem
824 4013 1198 4070 sacerdotibus
1235 4024 1291 4070 et
1324 4015 1536 4070 cunctis
1577 4014 1748 4069 sacris
1773 4014 2077 4078 ordinibus,
2106 4029 2137 4068 a

562 4119 887 4175 quacunque
916 4119 1147 4175 persona
1204 4105 1430 4158 minime
1480 4104 1808 4175 imponatur,
1841 4103 1926 4158 vel
1960 4104 2141 4175 requi-

559 4202 731 4249 ratur.
759 4195 821 4247 Et
848 4210 912 4248 ne
938 4194 1133 4263 aliquis
1154 4196 1348 4249 amicat
1370 4211 1428 4250 se
1461 4195 1820 4249 intromittere
1837 4195 1955 4250 sine
1980 4193 2137 4265 legali

559 4283 759 4354 judicio
813 4285 880 4340 de
933 4285 1205 4355 aliquibus
1281 4287 1710 4357 supellectilihus
1757 4304 1968 4353 eorum,
2024 4288 2140 4343 sive

562 4375 737 4429 servis
766 4375 1049 4444 utriusque
1078 4390 1264 4441 sexus,
1328 4375 1415 4430 vel
1456 4376 1700 4445 familiis,
1731 4394 1826 4433 seu
1875 4379 2041 4433 etiam
2070 4378 2138 4434 de

560 4463 832 4518 universis
884 4478 1073 4517 eorum
1131 4463 1358 4532 colonis,
1414 4480 1515 4520 uec
1573 4481 1676 4519 non
1750 4466 2036 4521 mobilibus
2085 4475 2216 4561 et”

562 4553 950 4631 immobilibus,
982 4555 1149 4622 arvis,
1176 4554 1472 4621 cultilibus,
1522 4556 1716 4622 vineis,
1769 4557 2007 4625 olivetis,
2043 4557 2139 4613 sil-

561 4649 660 4709 vis,
691 4653 862 4718 pratis
887 4647 1254 4717 pascualibns,
1286 4663 1378 4702 seu
1407 4648 1677 4703 universis
1730 4651 2140 4706 lmreditatibus

563 4755 772 4805 eorum,
819 4741 935 4795 sive
978 4739 1281 4809 acquisilis,
1321 4755 1421 4794 nec
1449 4758 1553 4795 non
1607 4756 1797 4796 eorum
1844 4743 2022 4806 bonis.
2057 4744 2140 4799 vel

561 4829 824 4900 quidquid
848 4829 953 4884 illis
973 4828 1119 4898 jusze
1138 4840 1193 4886 et
1217 4830 1459 4902 lcgaliter
1482 4833 1758 4902 pertinere
1794 4837 2137 4906 perspicitur.

563 4921 790 4989 Insuper
818 4922 1165 4976 concedimus
1201 4938 1298 4992 per
1329 4925 1430 4977 huc
1489 4934 1736 4979 nostrum
1782 4927 2138 4997 apostolicum

565 5012 905 5083 privilegium
948 5013 1199 5068 omnibus
1219 5015 1611 5078 sacerdotibus,
1663 5015 1863 5081 levitis,
1894 5019 2137 5072 cunctis-

567 5116 677 5169 que
740 5102 913 5158 sacris
959 5102 1244 5158 ordinibus
1311 5102 1424 5171 jam
1498 5105 1628 5159 dicti
1680 5105 2042 5177 episcOpatus,
2085 5117 2144 5162 ut

570 5206 759 5246 eorum
789 5192 1082 5248 advocatus
1111 5211 1216 5250 non
1263 5196 1441 5264 aliter,
1477 5196 1579 5251 nisi
1639 5198 1804 5262 Solus,
1852 5197 1998 5266 juret
2028 5200 2144 5254 sine

571 5279 682 5334 ulla
705 5283 1151 5367 contradictione,
1181 5285 1322 5341 sicut
1358 5287 1411 5342 in
1443 5297 1630 5342 sancta
1671 5288 1915 5343 Romana
1959 5289 2144 5344 Eccle-

572 5373 650 5392 -2-
704 5373 880 5392 -.._Zl--_-
961 5373 1017 5392 Π.
1068 5374 1080 5392 1

2240 1907 2579 1962 sa'culorunt.
2604 1909 2797 1964 Amen.

2313 1995 2586 2068 Scriptum
2616 2015 2714 2070 per
2739 2016 2934 2057 manus
2966 2003 3214 2074 Gregorii
3257 2008 3455 2062 notarii
3493 2020 3555 2065 et
3587 2011 3825 2068 scrinia-

2241 2084 2306 2139 rii
2334 2094 2535 2141 sancta:
2564 2086 2824 2143 Romam
2875 2089 3132 2148 Ecclesia:
3171 2093 3225 2148 in
3256 2111 3441 2152 mense
3471 2101 3755 2169 octobrio,
3778 2116 3826 2158 et

2240 2174 2536 2232 indictione
2566 2179 2869 2235 undecima.

2315 2268 2506 2323 Datum
2537 2268 2723 2325 Romae
2757 2286 2854 2341 per
2892 2288 3084 2331 manus
3141 2276 3422 2334 llumberti
3475 2293 3697 2339 sanctic
3729 2285 3824 2339 Ee-

2239 2360 2423 2416 clesite
2488 2361 2651 2417 Silva:
2703 2364 2959 2420 Candida:
2999 2368 3261 2439 episcopi,
3298 2379 3354 2425 et
3417 2372 3822 2445 bibliothecarii

2241 2464 2445 2508 sanctae
2475 2454 2730 2510 Romanae
2758 2466 2813 2511 et
2839 2459 3151 2527 apostolica:
3200 2460 3376 2526 Sedis,
3409 2480 3558 2520 anno
3604 2469 3823 2537 pontiﬁ-

2240 2552 2396 2598 catus
2428 2545 2611 2600 domni
2640 2545 2899 2618 Stephani
2935 2551 3060 2605 noni
3097 2566 3250 2623 papae
3287 2555 3488 2624 primo,
3522 2572 3598 2610 xv
3630 2560 3820 2616 Kalen-

2242 2635 2341 2688 das
2370 2634 2710 2704 Novembris,
2744 2639 3039 2697 indictione
3066 2645 3371 2701 undecima.

2989 2751 3075 2806 111.

2240 2834 2285 2885 Α
2309 2832 2575 2902 Stephano
2602 2838 2680 2919 ’Χ
2735 2844 3164 2919 concessionttm:
3209 2845 3541 2919 aliorumque
3589 2853 3823 2909 indulta-

2315 2923 2440 3029 ηυγ.
2473 2909 2614 2961 sacri
2655 2913 2871 2966 raenobii
2900 2913 3085 2968 Sancti
3114 2913 3262 2970 Petri
3321 2909 3578 2975 Perusini
3629 2927 3822 2994 conﬁr-

2315 2991 2396 3029 ma
2425 2994 2495 3029 to.

2311 2991 2495 3032 multo.

2834 3078 3013 3146 (Anno
3046 3078 3223 3149 1057.)

2316 3179 2696 3253 lCOQUELlNi-SS,
2719 3183 3012 3264 Bullaruut
3038 3186 3215 3264 ﬂora._
3232 3201 3379 3260 poat.
3413 3195 3661 3264 ampliare.
3710 3195 3822 3251 Col-

2845 3257 2965 3311 Im.
2996 3259 3218 3332 1,596.]

2313 3364 2629 3422 Sreruascs
2651 3367 2962 3439 episcopus,
2984 3385 3174 3426 servus
3198 3387 3481 3430 servorum
3510 3378 3639 3444 Dei,
3672 3394 3823 3435 veno-

2241 3457 2395 3513 rabili
2427 3461 2757 3515 monasterio
2807 3463 2949 3516 beati
3005 3462 3151 3518 Petri
3207 3466 3461 3535 apostoli,
3497 3469 3611 3523 sito
3650 3481 3820 3533 extm,

2242 3550 2350 3604 imo
2379 3562 2433 3605 et
2459 3551 2614 3621 juxta
2653 3552 2930 3608 civitatem
2983 3554 3324 3623 Perusinum,
3374 3558 3426 3612 in
3460 3560 3583 3616 loco
3614 3565 3709 3633 qui
3749 3566 3821 3617 di-

2240 3641 2387 3696 citur
2411 3643 2726 3713 Caprarius,
2755 3654 2810 3699 et
2847 3662 2945 3716 per
2990 3647 3122 3702 illud
3166 3648 3419 3705 Bomzost
3467 3653 3659 3709 abbati
3689 3654 3822 3725 ejus-

2240 3749 2347 3804 que
2382 3737 2792 3793 successoribus
2826 3738 3023 3795 ibidem
3067 3740 3214 3813 juste
3241 3750 3295 3796 et
3327 3744 3659 3814 regulariter
3704 3762 3815 3818 pro-

2241 3826 2542 3890 movendis,
2583 3827 2633 3880 in
2666 3839 3005 3899 perpetuum.

2312 3914 2446 3987 Cum
2489 3918 2809 3975 universalis
2846 3932 3030 3976 saneta
3071 3931 3247 3980 mater
3282 3924 3523 3982 Ecclesia
3580 3944 3683 3997 per
3706 3928 3818 4000 glo~

2243 4003 2418 4059 riosos
2446 4015 2604 4061 terrae
2624 4008 2919 4078 principes,
2973 4011 3189 4067 Petrum
3238 4015 3445 4069 scilicet
3491 4017 3817 4085 piscatorem

2244 4094 2547 4162 hominum,
2580 4113 2643 4152 ac
2670 4098 2898 4154 Paulum
2931 4102 3210 4159 doctorem
3234 4104 3502 4175 gentium,
3532 4123 3648 4176 prae
3670 4117 3820 4163 (aete-

2242 4201 2318 4241 ι·ιὸ
2346 4189 2785 4256 cooperatoribus
2822 4192 3055 4247 maxime
3075 4193 3144 4248 sit
3172 4196 3501 4258 coadunata.
3532 4198 3816 4262 instructa,

2243 4278 2402 4332 simul
2441 4287 2495 4333 et
2521 4280 2711 4345 ditata,
2744 4282 2997 4336 convenit
3025 4283 3106 4338 eis
3143 4283 3451 4340 conﬁrmari
3492 4296 3550 4341 et
3591 4288 3816 4343 detineri

2241 4369 2425 4421 omnia
2455 4385 2574 4439 quae
2624 4385 2735 4424 sua:
2774 4370 2996 4427 ditionis
3026 4387 3091 4429 ac
3135 4375 3423 4444 potestatis
3472 4378 3817 4448 reperiuntur

2243 4459 2520 4529 specialia.
2566 4461 2747 4528 Quare
2801 4463 2869 4518 ad
2924 4462 3085 4532 hujus
3149 4468 3446 4535 supradicti
3504 4470 3815 4525 monasterii

2245 4553 2504 4607 honorem
2541 4568 2757 4622 semper
2772 4557 3102 4626 augendum,
3134 4571 3412 4627 nunquam
3437 4560 3812 4622 minuemlum,

2243 4642 2596 4699 concedimus
2635 4646 2738 4700 hoc
2767 4646 3078 4716 apostolicae
3118 4648 3452 4705 defensionis
3477 4652 3811 4723 privilegium

2244 4745 2302 4788 ut
2343 4742 2525 4788 teneat
2551 4733 2694 4804 quod
2725 4734 2908 4801 habet,
2940 4737 3151 4792 scilicet
3176 4737 3346 4794 cellas
3371 4755 3520 4802 suas,
3562 4750 3619 4794 et
3651 4741 3813 4796 eccle-

2242 4826 2373 4890 sias,
2398 4833 2584 4880 curtes
2613 4841 2762 4889 suas,
2788 4841 2852 4880 ac
2876 4827 3083 4895 plebes,
3136 4826 3332 4882 forulos
3351 4828 3547 4895 etiam,
3574 4845 3638 4883 ac
3660 4844 3810 4883 casa-

2244 4916 2340 4979 les,
2369 4917 2604 4986 plebem,
2633 4917 2840 4972 scilicet
2866 4918 3049 4972 Sancti
3083 4917 3408 4985 Cortstantii,
3432 4928 3488 4974 et
3520 4923 3692 4976 sancti
3716 4919 3811 4974 ltu-

2244 5009 2363 5075 lini,
2393 5026 2457 5065 ac
2486 5009 2676 5065 Sancti
2698 5011 2935 5075 Martini,
2980 5012 3269 5067 ecclesiam
3301 5011 3486 5069 Sancti
3526 5014 3741 5069 Martini
3763 5015 3811 5067 in

2242 5101 2525 5170 Asellione
2575 5116 2699 5157 cum
2732 5104 2847 5158 suis
2881 5104 3248 5172 pcrtinentiis,
3296 5113 3506 5176 cortem
3529 5106 3599 5162 de
3621 5104 3813 5171 casale,

2243 5203 2296 5248 et
2349 5204 2559 5250 cortem
2611 5194 2799 5251 Sancti
2845 5195 3066 5262 Justini,
3124 5206 3332 5252 curtem
3367 5198 3435 5254 de
3472 5196 3813 5261 Petroniana,

2244 5285 2530 5341 ecclesiam
2565 5285 2752 5341 Sancti
2787 5274 3019 5342 Andreae
3059 5288 3123 5343 de
3146 5288 3337 5343 Aliano
3375 5304 3500 5346 cum
3534 5306 3632 5345 sua
3654 5289 3816 5361 perti-

2848 5379 2880 5392 η
