  <div class='ocr_page' id='page_1' title='image "/cluster/home/n/w/nwhite01/storage/ocr_20150623/143/hvd.32044015471816/440.png"; bbox 0 0 4020 5392; ppageno 0'>
   <div class='ocr_carea' id='block_1_1' title="bbox 247 279 356 337">
    <p class='ocr_par' dir='ltr' id='par_1_1' title="bbox 247 279 356 337">
     <span class='ocr_line' id='line_1_1' title="bbox 247 279 356 337; baseline 0 -1"><span class='ocrx_word' id='word_1_1' title='bbox 247 279 356 337; x_wconf 75' lang='grc' dir='ltr'><strong>8ἷ3</strong></span> 
     </span>
    </p>
   </div>
   <div class='ocr_carea' id='block_1_2' title="bbox 246 481 1818 584">
    <p class='ocr_par' dir='ltr' id='par_1_2' title="bbox 246 481 1818 584">
     <span class='ocr_line' id='line_1_2' title="bbox 246 481 1818 584; baseline 0.023 -50"><span class='ocrx_word' id='word_1_2' title='bbox 246 481 469 548; x_wconf 81' lang='lat' dir='ltr'><strong>Pusulo,</strong></span> <span class='ocrx_word' id='word_1_3' title='bbox 519 489 681 544; x_wconf 79' lang='lat' dir='ltr'><strong>aliam</strong></span> <span class='ocrx_word' id='word_1_4' title='bbox 733 493 985 559; x_wconf 81' lang='lat' dir='ltr'><strong>Filontio,</strong></span> <span class='ocrx_word' id='word_1_5' title='bbox 1010 507 1064 552; x_wconf 90' lang='lat' dir='ltr'><strong>et</strong></span> <span class='ocrx_word' id='word_1_6' title='bbox 1097 499 1346 570; x_wconf 83' lang='lat' dir='ltr'><strong>alteram,</strong></span> <span class='ocrx_word' id='word_1_7' title='bbox 1369 521 1489 576; x_wconf 78' lang='lat' dir='ltr'><strong>quze</strong></span> <span class='ocrx_word' id='word_1_8' title='bbox 1536 527 1818 584; x_wconf 84' lang='lat' dir='ltr'><strong>nuncupa-</strong></span> 
     </span>
    </p>
   </div>
   <div class='ocr_carea' id='block_1_3' title="bbox 245 575 1818 672">
    <p class='ocr_par' dir='ltr' id='par_1_3' title="bbox 245 575 1818 672">
     <span class='ocr_line' id='line_1_3' title="bbox 245 575 1818 672; baseline 0.02 -47"><span class='ocrx_word' id='word_1_9' title='bbox 245 580 338 626; x_wconf 77' lang='lat' dir='ltr'><strong>tur</strong></span> <span class='ocrx_word' id='word_1_10' title='bbox 360 575 622 640; x_wconf 83' lang='lat' dir='ltr'><strong>Casaliui.</strong></span> <span class='ocrx_word' id='word_1_11' title='bbox 662 597 783 635; x_wconf 87' lang='lat' dir='ltr'><strong>cum</strong></span> <span class='ocrx_word' id='word_1_12' title='bbox 824 585 1088 649; x_wconf 89' lang='lat' dir='ltr'><strong>ecclesiis,</strong></span> <span class='ocrx_word' id='word_1_13' title='bbox 1146 591 1310 657; x_wconf 82' lang='lat' dir='ltr'><strong>casis,</strong></span> <span class='ocrx_word' id='word_1_14' title='bbox 1346 595 1536 662; x_wconf 87' lang='lat' dir='ltr'><strong>vineis,</strong></span> <span class='ocrx_word' id='word_1_15' title='bbox 1587 603 1818 672; x_wconf 86' lang='lat' dir='ltr'><strong>campis,</strong></span> 
     </span>
    </p>
   </div>
   <div class='ocr_carea' id='block_1_4' title="bbox 245 660 1815 747">
    <p class='ocr_par' dir='ltr' id='par_1_4' title="bbox 245 660 1815 747">
     <span class='ocr_line' id='line_1_4' title="bbox 245 660 1815 747; baseline 0.02 -33"><span class='ocrx_word' id='word_1_16' title='bbox 245 660 440 726; x_wconf 83' lang='lat' dir='ltr'><strong>hortis,</strong></span> <span class='ocrx_word' id='word_1_17' title='bbox 473 667 747 724; x_wconf 75' lang='lat' dir='ltr'><strong>montibus</strong></span> <span class='ocrx_word' id='word_1_18' title='bbox 770 672 932 726; x_wconf 88' lang='lat' dir='ltr'><strong>cultis</strong></span> <span class='ocrx_word' id='word_1_19' title='bbox 959 684 1011 726; x_wconf 91' lang='lat' dir='ltr'><strong>et</strong></span> <span class='ocrx_word' id='word_1_20' title='bbox 1036 675 1252 732; x_wconf 73' lang='lat' dir='ltr'><strong>incultis</strong></span> <span class='ocrx_word' id='word_1_21' title='bbox 1271 683 1522 740; x_wconf 88' lang='lat' dir='ltr'><strong>omnibus</strong></span> <span class='ocrx_word' id='word_1_22' title='bbox 1549 703 1671 742; x_wconf 91' lang='lat' dir='ltr'><strong>cum</strong></span> <span class='ocrx_word' id='word_1_23' title='bbox 1701 694 1815 747; x_wconf 92' lang='lat' dir='ltr'><strong>suis</strong></span> 
     </span>
    </p>
   </div>
   <div class='ocr_carea' id='block_1_5' title="bbox 243 753 1820 836">
    <p class='ocr_par' dir='ltr' id='par_1_5' title="bbox 243 753 1820 836">
     <span class='ocr_line' id='line_1_5' title="bbox 243 753 1820 836; baseline 0.021 -34"><span class='ocrx_word' id='word_1_24' title='bbox 243 753 616 820; x_wconf 88' lang='lat' dir='ltr'><strong>pertinentiis.</strong></span> <span class='ocrx_word' id='word_1_25' title='bbox 655 757 954 816; x_wconf 87' lang='lat' dir='ltr'><strong>Licentiam</strong></span> <span class='ocrx_word' id='word_1_26' title='bbox 992 780 1206 836; x_wconf 89' lang='lat' dir='ltr'><strong>quoque</strong></span> <span class='ocrx_word' id='word_1_27' title='bbox 1254 770 1444 827; x_wconf 85' lang='lat' dir='ltr'><strong>damus</strong></span> <span class='ocrx_word' id='word_1_28' title='bbox 1486 775 1581 830; x_wconf 91' lang='lat' dir='ltr'><strong>tibi</strong></span> <span class='ocrx_word' id='word_1_29' title='bbox 1617 779 1682 832; x_wconf 92' lang='lat' dir='ltr'><strong>de</strong></span> <span class='ocrx_word' id='word_1_30' title='bbox 1701 794 1820 834; x_wconf 82' lang='lat' dir='ltr'><strong>om-</strong></span> 
     </span>
    </p>
   </div>
   <div class='ocr_carea' id='block_1_6' title="bbox 243 840 1820 936">
    <p class='ocr_par' dir='ltr' id='par_1_6' title="bbox 243 840 1820 936">
     <span class='ocr_line' id='line_1_6' title="bbox 243 840 1820 936; baseline 0.02 -42"><span class='ocrx_word' id='word_1_31' title='bbox 243 840 404 898; x_wconf 82' lang='lat' dir='ltr'><strong>nibus</strong></span> <span class='ocrx_word' id='word_1_32' title='bbox 455 846 561 900; x_wconf 90' lang='lat' dir='ltr'><strong>tuis</strong></span> <span class='ocrx_word' id='word_1_33' title='bbox 604 848 836 914; x_wconf 91' lang='lat' dir='ltr'><strong>clericis,</strong></span> <span class='ocrx_word' id='word_1_34' title='bbox 882 855 1080 909; x_wconf 89' lang='lat' dir='ltr'><strong>tamin</strong></span> <span class='ocrx_word' id='word_1_35' title='bbox 1128 862 1460 918; x_wconf 90' lang='lat' dir='ltr'><strong>monasterio</strong></span> <span class='ocrx_word' id='word_1_36' title='bbox 1507 865 1820 936; x_wconf 86' lang='lat' dir='ltr'><strong>degentibus</strong></span> 
     </span>
    </p>
   </div>
   <div class='ocr_carea' id='block_1_7' title="bbox 243 937 1823 1016">
    <p class='ocr_par' dir='ltr' id='par_1_7' title="bbox 243 937 1823 1016">
     <span class='ocr_line' id='line_1_7' title="bbox 243 937 1823 1016; baseline 0.02 -33"><span class='ocrx_word' id='word_1_37' title='bbox 243 947 520 1004; x_wconf 83' lang='lat' dir='ltr'><strong>quamque</strong></span> <span class='ocrx_word' id='word_1_38' title='bbox 545 937 709 993; x_wconf 82' lang='lat' dir='ltr'><strong>etiam</strong></span> <span class='ocrx_word' id='word_1_39' title='bbox 742 939 875 998; x_wconf 86' lang='lat' dir='ltr'><strong>foris</strong></span> <span class='ocrx_word' id='word_1_40' title='bbox 904 943 957 997; x_wconf 90' lang='lat' dir='ltr'><strong>in</strong></span> <span class='ocrx_word' id='word_1_41' title='bbox 982 949 1416 1016; x_wconf 74' lang='lat' dir='ltr'><strong>possessionibus</strong></span> <span class='ocrx_word' id='word_1_42' title='bbox 1462 957 1571 1011; x_wconf 91' lang='lat' dir='ltr'><strong>tuis</strong></span> <span class='ocrx_word' id='word_1_43' title='bbox 1602 973 1823 1015; x_wconf 76' lang='lat' dir='ltr'><strong>manem</strong></span> 
     </span>
    </p>
   </div>
   <div class='ocr_carea' id='block_1_8' title="bbox 243 1022 1818 1106">
    <p class='ocr_par' dir='ltr' id='par_1_8' title="bbox 243 1022 1818 1106">
     <span class='ocr_line' id='line_1_8' title="bbox 243 1022 1818 1106; baseline 0.02 -32"><span class='ocrx_word' id='word_1_44' title='bbox 243 1022 414 1088; x_wconf 84' lang='lat' dir='ltr'><strong>tibus,</strong></span> <span class='ocrx_word' id='word_1_45' title='bbox 467 1042 495 1079; x_wconf 90' lang='lat' dir='ltr'><strong>a</strong></span> <span class='ocrx_word' id='word_1_46' title='bbox 550 1042 874 1100; x_wconf 87' lang='lat' dir='ltr'><strong>quocunque</strong></span> <span class='ocrx_word' id='word_1_47' title='bbox 929 1035 1164 1092; x_wconf 88' lang='lat' dir='ltr'><strong>volueris</strong></span> <span class='ocrx_word' id='word_1_48' title='bbox 1221 1040 1413 1096; x_wconf 89' lang='lat' dir='ltr'><strong>idoneo</strong></span> <span class='ocrx_word' id='word_1_49' title='bbox 1456 1053 1510 1099; x_wconf 92' lang='lat' dir='ltr'><strong>et</strong></span> <span class='ocrx_word' id='word_1_50' title='bbox 1556 1051 1818 1106; x_wconf 88' lang='lat' dir='ltr'><strong>canonice</strong></span> 
     </span>
    </p>
   </div>
   <div class='ocr_carea' id='block_1_9' title="bbox 240 1111 1821 1195">
    <p class='ocr_par' dir='ltr' id='par_1_9' title="bbox 240 1111 1821 1195">
     <span class='ocr_line' id='line_1_9' title="bbox 240 1111 1821 1195; baseline 0.018 -29"><span class='ocrx_word' id='word_1_51' title='bbox 240 1111 419 1167; x_wconf 76' lang='lat' dir='ltr'><strong>locato</strong></span> <span class='ocrx_word' id='word_1_52' title='bbox 467 1117 726 1188; x_wconf 85' lang='lat' dir='ltr'><strong>episcopo</strong></span> <span class='ocrx_word' id='word_1_53' title='bbox 769 1135 866 1176; x_wconf 92' lang='lat' dir='ltr'><strong>eos</strong></span> <span class='ocrx_word' id='word_1_54' title='bbox 922 1125 1224 1192; x_wconf 83' lang='lat' dir='ltr'><strong>ordinandi,</strong></span> <span class='ocrx_word' id='word_1_55' title='bbox 1274 1140 1327 1185; x_wconf 91' lang='lat' dir='ltr'><strong>et</strong></span> <span class='ocrx_word' id='word_1_56' title='bbox 1351 1133 1590 1190; x_wconf 89' lang='lat' dir='ltr'><strong>chrisma</strong></span> <span class='ocrx_word' id='word_1_57' title='bbox 1632 1138 1682 1191; x_wconf 93' lang='lat' dir='ltr'><strong>in</strong></span> <span class='ocrx_word' id='word_1_58' title='bbox 1715 1141 1821 1195; x_wconf 83' lang='lat' dir='ltr'><strong>luis</strong></span> 
     </span>
    </p>
   </div>
   <div class='ocr_carea' id='block_1_10' title="bbox 241 1203 1819 1298">
    <p class='ocr_par' dir='ltr' id='par_1_10' title="bbox 241 1203 1819 1298">
     <span class='ocr_line' id='line_1_10' title="bbox 241 1203 1819 1298; baseline 0.018 -43"><span class='ocrx_word' id='word_1_59' title='bbox 241 1203 493 1272; x_wconf 83' lang='lat' dir='ltr'><strong>plebibus</strong></span> <span class='ocrx_word' id='word_1_60' title='bbox 527 1209 796 1278; x_wconf 87' lang='lat' dir='ltr'><strong>accipere,</strong></span> <span class='ocrx_word' id='word_1_61' title='bbox 836 1213 881 1267; x_wconf 91' lang='lat' dir='ltr'><strong>si</strong></span> <span class='ocrx_word' id='word_1_62' title='bbox 934 1223 1113 1271; x_wconf 89' lang='lat' dir='ltr'><strong>tamen</strong></span> <span class='ocrx_word' id='word_1_63' title='bbox 1160 1219 1228 1274; x_wconf 90' lang='lat' dir='ltr'><strong>ab</strong></span> <span class='ocrx_word' id='word_1_64' title='bbox 1257 1221 1530 1293; x_wconf 89' lang='lat' dir='ltr'><strong>episc0po,</strong></span> <span class='ocrx_word' id='word_1_65' title='bbox 1586 1226 1638 1280; x_wconf 92' lang='lat' dir='ltr'><strong>in</strong></span> <span class='ocrx_word' id='word_1_66' title='bbox 1664 1227 1819 1298; x_wconf 88' lang='lat' dir='ltr'><strong>cujus</strong></span> 
     </span>
    </p>
   </div>
   <div class='ocr_carea' id='block_1_11' title="bbox 240 1297 1817 1386">
    <p class='ocr_par' dir='ltr' id='par_1_11' title="bbox 240 1297 1817 1386">
     <span class='ocr_line' id='line_1_11' title="bbox 240 1297 1817 1386; baseline 0.018 -36"><span class='ocrx_word' id='word_1_67' title='bbox 240 1297 464 1354; x_wconf 72' lang='lat' dir='ltr'><strong>dimcesi</strong></span> <span class='ocrx_word' id='word_1_68' title='bbox 489 1301 771 1368; x_wconf 63' lang='lat' dir='ltr'><strong>praifatum</strong></span> <span class='ocrx_word' id='word_1_69' title='bbox 803 1314 951 1360; x_wconf 91' lang='lat' dir='ltr'><strong>tuum</strong></span> <span class='ocrx_word' id='word_1_70' title='bbox 981 1314 1371 1368; x_wconf 77' lang='lat' dir='ltr'><strong>monasterium</strong></span> <span class='ocrx_word' id='word_1_71' title='bbox 1395 1317 1559 1372; x_wconf 91' lang='lat' dir='ltr'><strong>situm</strong></span> <span class='ocrx_word' id='word_1_72' title='bbox 1582 1330 1686 1386; x_wconf 91' lang='lat' dir='ltr'><strong>est,</strong></span> <span class='ocrx_word' id='word_1_73' title='bbox 1718 1339 1817 1380; x_wconf 92' lang='lat' dir='ltr'><strong>nec</strong></span> 
     </span>
    </p>
   </div>
   <div class='ocr_carea' id='block_1_12' title="bbox 237 1386 1820 1482">
    <p class='ocr_par' dir='ltr' id='par_1_12' title="bbox 237 1386 1820 1482">
     <span class='ocr_line' id='line_1_12' title="bbox 237 1386 1820 1482; baseline 0.018 -44"><span class='ocrx_word' id='word_1_74' title='bbox 237 1386 614 1445; x_wconf 79' lang='lat' dir='ltr'><strong>ordinationes</strong></span> <span class='ocrx_word' id='word_1_75' title='bbox 641 1407 739 1447; x_wconf 90' lang='lat' dir='ltr'><strong>nec</strong></span> <span class='ocrx_word' id='word_1_76' title='bbox 772 1395 1005 1452; x_wconf 89' lang='lat' dir='ltr'><strong>chrisma</strong></span> <span class='ocrx_word' id='word_1_77' title='bbox 1035 1403 1275 1468; x_wconf 85' lang='lat' dir='ltr'><strong>potueris</strong></span> <span class='ocrx_word' id='word_1_78' title='bbox 1326 1408 1588 1462; x_wconf 88' lang='lat' dir='ltr'><strong>canonice</strong></span> <span class='ocrx_word' id='word_1_79' title='bbox 1611 1419 1665 1463; x_wconf 91' lang='lat' dir='ltr'><strong>et</strong></span> <span class='ocrx_word' id='word_1_80' title='bbox 1700 1427 1820 1482; x_wconf 81' lang='lat' dir='ltr'><strong>gra-</strong></span> 
     </span>
    </p>
   </div>
   <div class='ocr_carea' id='block_1_13' title="bbox 240 1473 1820 1556">
    <p class='ocr_par' dir='ltr' id='par_1_13' title="bbox 240 1473 1820 1556">
     <span class='ocr_line' id='line_1_13' title="bbox 240 1473 1820 1556; baseline 0.018 -29"><span class='ocrx_word' id='word_1_81' title='bbox 240 1473 312 1528; x_wconf 81' lang='lat' dir='ltr'><strong>tis</strong></span> <span class='ocrx_word' id='word_1_82' title='bbox 349 1477 608 1533; x_wconf 79' lang='lat' dir='ltr'><strong>obtinere</strong></span> <span class='ocrx_word' id='word_1_83' title='bbox 634 1489 724 1534; x_wconf 90' lang='lat' dir='ltr'><strong>aut</strong></span> <span class='ocrx_word' id='word_1_84' title='bbox 746 1482 1074 1552; x_wconf 87' lang='lat' dir='ltr'><strong>impetrare;</strong></span> <span class='ocrx_word' id='word_1_85' title='bbox 1107 1498 1160 1543; x_wconf 88' lang='lat' dir='ltr'><strong>et</strong></span> <span class='ocrx_word' id='word_1_86' title='bbox 1191 1490 1256 1546; x_wconf 89' lang='lat' dir='ltr'><strong>de</strong></span> <span class='ocrx_word' id='word_1_87' title='bbox 1292 1493 1538 1551; x_wconf 89' lang='lat' dir='ltr'><strong>ecclesiis</strong></span> <span class='ocrx_word' id='word_1_88' title='bbox 1568 1473 1820 1556; x_wconf 70' lang='lat' dir='ltr'><strong>ordinan-</strong></span> 
     </span>
    </p>
   </div>
   <div class='ocr_carea' id='block_1_14' title="bbox 241 1564 1812 1651">
    <p class='ocr_par' dir='ltr' id='par_1_14' title="bbox 241 1564 1812 1651">
     <span class='ocr_line' id='line_1_14' title="bbox 241 1564 1812 1651; baseline 0.02 -36"><span class='ocrx_word' id='word_1_89' title='bbox 241 1564 322 1618; x_wconf 87' lang='lat' dir='ltr'><strong>dis</strong></span> <span class='ocrx_word' id='word_1_90' title='bbox 342 1567 538 1622; x_wconf 88' lang='lat' dir='ltr'><strong>eodem</strong></span> <span class='ocrx_word' id='word_1_91' title='bbox 577 1572 756 1625; x_wconf 88' lang='lat' dir='ltr'><strong>modo.</strong></span> <span class='ocrx_word' id='word_1_92' title='bbox 791 1572 853 1626; x_wconf 83' lang='lat' dir='ltr'><strong>Et</strong></span> <span class='ocrx_word' id='word_1_93' title='bbox 885 1575 1060 1631; x_wconf 92' lang='lat' dir='ltr'><strong>nullus</strong></span> <span class='ocrx_word' id='word_1_94' title='bbox 1098 1579 1388 1651; x_wconf 90' lang='lat' dir='ltr'><strong>episcopus</strong></span> <span class='ocrx_word' id='word_1_95' title='bbox 1428 1585 1495 1639; x_wconf 90' lang='lat' dir='ltr'><strong>ad</strong></span> <span class='ocrx_word' id='word_1_96' title='bbox 1528 1587 1666 1642; x_wconf 92' lang='lat' dir='ltr'><strong>idem</strong></span> <span class='ocrx_word' id='word_1_97' title='bbox 1699 1607 1812 1645; x_wconf 85' lang='lat' dir='ltr'><strong>mo-</strong></span> 
     </span>
    </p>
   </div>
   <div class='ocr_carea' id='block_1_15' title="bbox 239 1656 1810 1733">
    <p class='ocr_par' dir='ltr' id='par_1_15' title="bbox 239 1656 1810 1733">
     <span class='ocr_line' id='line_1_15' title="bbox 239 1656 1810 1733; baseline 0.018 -28"><span class='ocrx_word' id='word_1_98' title='bbox 239 1656 541 1710; x_wconf 87' lang='lat' dir='ltr'><strong>nastcrium</strong></span> <span class='ocrx_word' id='word_1_99' title='bbox 599 1661 953 1727; x_wconf 87' lang='lat' dir='ltr'><strong>pertinentem</strong></span> <span class='ocrx_word' id='word_1_100' title='bbox 1003 1671 1474 1727; x_wconf 82' lang='lat' dir='ltr'><strong>excommunicare</strong></span> <span class='ocrx_word' id='word_1_101' title='bbox 1509 1685 1603 1730; x_wconf 89' lang='lat' dir='ltr'><strong>aut</strong></span> <span class='ocrx_word' id='word_1_102' title='bbox 1655 1679 1810 1733; x_wconf 85' lang='lat' dir='ltr'><strong>dam-</strong></span> 
     </span>
    </p>
   </div>
   <div class='ocr_carea' id='block_1_16' title="bbox 240 1747 1888 1831">
    <p class='ocr_par' dir='ltr' id='par_1_16' title="bbox 240 1747 1888 1831">
     <span class='ocr_line' id='line_1_16' title="bbox 240 1747 1888 1831; baseline 0.02 -36"><span class='ocrx_word' id='word_1_103' title='bbox 240 1759 372 1798; x_wconf 85' lang='lat' dir='ltr'><strong>nare</strong></span> <span class='ocrx_word' id='word_1_104' title='bbox 425 1747 627 1802; x_wconf 84' lang='lat' dir='ltr'><strong>audeat</strong></span> <span class='ocrx_word' id='word_1_105' title='bbox 657 1790 671 1814; x_wconf 92' lang='lat'><strong>,</strong></span> <span class='ocrx_word' id='word_1_106' title='bbox 695 1753 739 1805; x_wconf 90' lang='lat' dir='ltr'><strong>si</strong></span> <span class='ocrx_word' id='word_1_107' title='bbox 773 1752 826 1806; x_wconf 91' lang='lat' dir='ltr'><strong>in</strong></span> <span class='ocrx_word' id='word_1_108' title='bbox 865 1769 1028 1811; x_wconf 87' lang='lat' dir='ltr'><strong>causa</strong></span> <span class='ocrx_word' id='word_1_109' title='bbox 1074 1773 1194 1826; x_wconf 89' lang='lat' dir='ltr'><strong>sua,</strong></span> <span class='ocrx_word' id='word_1_110' title='bbox 1230 1773 1494 1831; x_wconf 87' lang='lat' dir='ltr'><strong>nostrum,</strong></span> <span class='ocrx_word' id='word_1_111' title='bbox 1519 1781 1581 1822; x_wconf 92' lang='lat' dir='ltr'><strong>ac</strong></span> <span class='ocrx_word' id='word_1_112' title='bbox 1612 1782 1812 1826; x_wconf 74' lang='lat' dir='ltr'><strong>sancta:</strong></span> <span class='ocrx_word' id='word_1_113' title='bbox 1846 1757 1888 1816; x_wconf 74' lang='grc' dir='ltr'><strong>Β</strong></span> 
     </span>
    </p>
   </div>
   <div class='ocr_carea' id='block_1_17' title="bbox 236 1837 1808 1930">
    <p class='ocr_par' dir='ltr' id='par_1_17' title="bbox 236 1837 1808 1930">
     <span class='ocr_line' id='line_1_17' title="bbox 236 1837 1808 1930; baseline 0.018 -44"><span class='ocrx_word' id='word_1_114' title='bbox 236 1837 558 1904; x_wconf 65' lang='lat' dir='ltr'><strong>apostolicae</strong></span> <span class='ocrx_word' id='word_1_115' title='bbox 612 1841 758 1897; x_wconf 85' lang='lat' dir='ltr'><strong>sedis</strong></span> <span class='ocrx_word' id='word_1_116' title='bbox 806 1848 1166 1913; x_wconf 81' lang='lat' dir='ltr'><strong>patrocinium</strong></span> <span class='ocrx_word' id='word_1_117' title='bbox 1216 1860 1271 1905; x_wconf 92' lang='lat' dir='ltr'><strong>et</strong></span> <span class='ocrx_word' id='word_1_118' title='bbox 1300 1867 1531 1910; x_wconf 82' lang='lat' dir='ltr'><strong>examen</strong></span> <span class='ocrx_word' id='word_1_119' title='bbox 1582 1859 1808 1930; x_wconf 81' lang='lat' dir='ltr'><strong>ﬂagitat.</strong></span> 
     </span>
    </p>
   </div>
   <div class='ocr_carea' id='block_1_18' title="bbox 238 1924 1812 2012">
    <p class='ocr_par' dir='ltr' id='par_1_18' title="bbox 238 1924 1812 2012">
     <span class='ocr_line' id='line_1_18' title="bbox 238 1924 1812 2012; baseline 0.018 -34"><span class='ocrx_word' id='word_1_120' title='bbox 238 1924 470 1981; x_wconf 81' lang='lat' dir='ltr'><strong>Ruinani</strong></span> <span class='ocrx_word' id='word_1_121' title='bbox 497 1939 679 1986; x_wconf 88' lang='lat' dir='ltr'><strong>autem</strong></span> <span class='ocrx_word' id='word_1_122' title='bbox 712 1935 988 2002; x_wconf 89' lang='lat' dir='ltr'><strong>pontiﬁcis</strong></span> <span class='ocrx_word' id='word_1_123' title='bbox 1033 1939 1232 1994; x_wconf 90' lang='lat' dir='ltr'><strong>donum</strong></span> <span class='ocrx_word' id='word_1_124' title='bbox 1277 1945 1529 2012; x_wconf 70' lang='lat' dir='ltr'><strong>abbatize,</strong></span> <span class='ocrx_word' id='word_1_125' title='bbox 1562 1958 1617 2003; x_wconf 92' lang='lat' dir='ltr'><strong>ct</strong></span> <span class='ocrx_word' id='word_1_126' title='bbox 1644 1924 1812 2007; x_wconf 70' lang='lat' dir='ltr'><strong>abbas</strong></span> 
     </span>
    </p>
   </div>
   <div class='ocr_carea' id='block_1_19' title="bbox 239 2019 1810 2107">
    <p class='ocr_par' dir='ltr' id='par_1_19' title="bbox 239 2019 1810 2107">
     <span class='ocr_line' id='line_1_19' title="bbox 239 2019 1810 2107; baseline 0.018 -37"><span class='ocrx_word' id='word_1_127' title='bbox 239 2019 369 2087; x_wconf 85' lang='lat' dir='ltr'><strong>ipse,</strong></span> <span class='ocrx_word' id='word_1_128' title='bbox 425 2030 487 2075; x_wconf 89' lang='lat' dir='ltr'><strong>et</strong></span> <span class='ocrx_word' id='word_1_129' title='bbox 534 2028 872 2082; x_wconf 86' lang='lat' dir='ltr'><strong>consecratio</strong></span> <span class='ocrx_word' id='word_1_130' title='bbox 919 2029 1132 2086; x_wconf 86' lang='lat' dir='ltr'><strong>abbatis</strong></span> <span class='ocrx_word' id='word_1_131' title='bbox 1167 2033 1241 2088; x_wconf 86' lang='lat' dir='ltr'><strong>sit</strong></span> <span class='ocrx_word' id='word_1_132' title='bbox 1270 2034 1321 2088; x_wconf 92' lang='lat' dir='ltr'><strong>in</strong></span> <span class='ocrx_word' id='word_1_133' title='bbox 1365 2048 1703 2107; x_wconf 90' lang='lat' dir='ltr'><strong>perpetuum.</strong></span> <span class='ocrx_word' id='word_1_134' title='bbox 1745 2043 1810 2100; x_wconf 80' lang='lat' dir='ltr'><strong>Et</strong></span> 
     </span>
    </p>
   </div>
   <div class='ocr_carea' id='block_1_20' title="bbox 235 2109 1807 2202">
    <p class='ocr_par' dir='ltr' id='par_1_20' title="bbox 235 2109 1807 2202">
     <span class='ocr_line' id='line_1_20' title="bbox 235 2109 1807 2202; baseline 0.017 -42"><span class='ocrx_word' id='word_1_135' title='bbox 235 2109 374 2163; x_wconf 91' lang='lat' dir='ltr'><strong>omni</strong></span> <span class='ocrx_word' id='word_1_136' title='bbox 409 2122 622 2166; x_wconf 87' lang='lat' dir='ltr'><strong>remota</strong></span> <span class='ocrx_word' id='word_1_137' title='bbox 661 2117 1032 2185; x_wconf 73' lang='lat' dir='ltr'><strong>excusatione,</strong></span> <span class='ocrx_word' id='word_1_138' title='bbox 1071 2122 1174 2176; x_wconf 91' lang='lat' dir='ltr'><strong>nisi</strong></span> <span class='ocrx_word' id='word_1_139' title='bbox 1225 2127 1505 2191; x_wconf 90' lang='lat' dir='ltr'><strong>canonica,</strong></span> <span class='ocrx_word' id='word_1_140' title='bbox 1547 2129 1614 2183; x_wconf 90' lang='lat' dir='ltr'><strong>ad</strong></span> <span class='ocrx_word' id='word_1_141' title='bbox 1643 2145 1807 2202; x_wconf 85' lang='lat' dir='ltr'><strong>syno-</strong></span> 
     </span>
    </p>
   </div>
   <div class='ocr_carea' id='block_1_21' title="bbox 237 2199 1801 2281">
    <p class='ocr_par' dir='ltr' id='par_1_21' title="bbox 237 2199 1801 2281">
     <span class='ocr_line' id='line_1_21' title="bbox 237 2199 1801 2281; baseline 0.016 -30"><span class='ocrx_word' id='word_1_142' title='bbox 237 2199 354 2253; x_wconf 86' lang='lat' dir='ltr'><strong>dum</strong></span> <span class='ocrx_word' id='word_1_143' title='bbox 377 2204 811 2275; x_wconf 89' lang='lat' dir='ltr'><strong>quandocunque</strong></span> <span class='ocrx_word' id='word_1_144' title='bbox 835 2223 865 2262; x_wconf 87' lang='lat' dir='ltr'><strong>a</strong></span> <span class='ocrx_word' id='word_1_145' title='bbox 895 2223 1104 2266; x_wconf 90' lang='lat' dir='ltr'><strong>summo</strong></span> <span class='ocrx_word' id='word_1_146' title='bbox 1135 2215 1390 2281; x_wconf 89' lang='lat' dir='ltr'><strong>pontiﬁce</strong></span> <span class='ocrx_word' id='word_1_147' title='bbox 1427 2228 1652 2273; x_wconf 89' lang='lat' dir='ltr'><strong>vocatus</strong></span> <span class='ocrx_word' id='word_1_148' title='bbox 1674 2199 1801 2276; x_wconf 76' lang='lat' dir='ltr'><strong>fue-</strong></span> 
     </span>
    </p>
   </div>
   <div class='ocr_carea' id='block_1_22' title="bbox 235 2289 560 2352">
    <p class='ocr_par' dir='ltr' id='par_1_22' title="bbox 235 2289 560 2352">
     <span class='ocr_line' id='line_1_22' title="bbox 235 2289 560 2352; baseline 0.015 -10"><span class='ocrx_word' id='word_1_149' title='bbox 235 2289 322 2352; x_wconf 86' lang='lat' dir='ltr'><strong>rit,</strong></span> <span class='ocrx_word' id='word_1_150' title='bbox 347 2293 560 2347; x_wconf 83' lang='lat' dir='ltr'><strong>veniat.</strong></span> 
     </span>
    </p>
   </div>
   <div class='ocr_carea' id='block_1_23' title="bbox 300 2379 1804 2468">
    <p class='ocr_par' dir='ltr' id='par_1_23' title="bbox 300 2379 1804 2468">
     <span class='ocr_line' id='line_1_23' title="bbox 300 2379 1804 2468; baseline 0.018 -36"><span class='ocrx_word' id='word_1_151' title='bbox 300 2379 476 2436; x_wconf 82' lang='lat' dir='ltr'><strong>Porro</strong></span> <span class='ocrx_word' id='word_1_152' title='bbox 524 2384 828 2442; x_wconf 88' lang='lat' dir='ltr'><strong>oblationes</strong></span> <span class='ocrx_word' id='word_1_153' title='bbox 854 2390 1028 2445; x_wconf 90' lang='lat' dir='ltr'><strong>eidem</strong></span> <span class='ocrx_word' id='word_1_154' title='bbox 1072 2397 1402 2452; x_wconf 89' lang='lat' dir='ltr'><strong>monasterio</strong></span> <span class='ocrx_word' id='word_1_155' title='bbox 1431 2398 1662 2468; x_wconf 65' lang='lat' dir='ltr'><strong>collata},</strong></span> <span class='ocrx_word' id='word_1_156' title='bbox 1694 2411 1804 2458; x_wconf 89' lang='lat' dir='ltr'><strong>tam</strong></span> 
     </span>
    </p>
   </div>
   <div class='ocr_carea' id='block_1_24' title="bbox 233 2473 1804 2560">
    <p class='ocr_par' dir='ltr' id='par_1_24' title="bbox 233 2473 1804 2560">
     <span class='ocr_line' id='line_1_24' title="bbox 233 2473 1804 2560; baseline 0.015 -37"><span class='ocrx_word' id='word_1_157' title='bbox 233 2483 328 2538; x_wconf 88' lang='lat' dir='ltr'><strong>pro</strong></span> <span class='ocrx_word' id='word_1_158' title='bbox 380 2473 523 2529; x_wconf 87' lang='lat' dir='ltr'><strong>vivis</strong></span> <span class='ocrx_word' id='word_1_159' title='bbox 560 2490 724 2544; x_wconf 91' lang='lat' dir='ltr'><strong>quam</strong></span> <span class='ocrx_word' id='word_1_160' title='bbox 782 2493 880 2547; x_wconf 91' lang='lat' dir='ltr'><strong>pro</strong></span> <span class='ocrx_word' id='word_1_161' title='bbox 933 2480 1203 2537; x_wconf 81' lang='lat' dir='ltr'><strong>defunctis</strong></span> <span class='ocrx_word' id='word_1_162' title='bbox 1242 2499 1273 2538; x_wconf 90' lang='lat' dir='ltr'><strong>a</strong></span> <span class='ocrx_word' id='word_1_163' title='bbox 1336 2487 1480 2543; x_wconf 90' lang='lat' dir='ltr'><strong>nullo</strong></span> <span class='ocrx_word' id='word_1_164' title='bbox 1524 2492 1804 2560; x_wconf 62' lang='lat' dir='ltr'><strong>episc0poo</strong></span> 
     </span>
    </p>
   </div>
   <div class='ocr_carea' id='block_1_25' title="bbox 236 2568 1804 2648">
    <p class='ocr_par' dir='ltr' id='par_1_25' title="bbox 236 2568 1804 2648">
     <span class='ocr_line' id='line_1_25' title="bbox 236 2568 1804 2648; baseline 0.017 -34"><span class='ocrx_word' id='word_1_165' title='bbox 236 2577 348 2616; x_wconf 83' lang='lat' dir='ltr'><strong>rum</strong></span> <span class='ocrx_word' id='word_1_166' title='bbox 393 2568 786 2634; x_wconf 82' lang='lat' dir='ltr'><strong>pervadantur,</strong></span> <span class='ocrx_word' id='word_1_167' title='bbox 838 2573 930 2627; x_wconf 91' lang='lat' dir='ltr'><strong>sed</strong></span> <span class='ocrx_word' id='word_1_168' title='bbox 958 2589 1024 2630; x_wconf 80' lang='lat' dir='ltr'><strong>ex</strong></span> <span class='ocrx_word' id='word_1_169' title='bbox 1059 2576 1268 2648; x_wconf 87' lang='lat' dir='ltr'><strong>integro</strong></span> <span class='ocrx_word' id='word_1_170' title='bbox 1302 2581 1589 2648; x_wconf 88' lang='lat' dir='ltr'><strong>proﬁciant</strong></span> <span class='ocrx_word' id='word_1_171' title='bbox 1619 2600 1804 2640; x_wconf 90' lang='lat' dir='ltr'><strong>mona-</strong></span> 
     </span>
    </p>
   </div>
   <div class='ocr_carea' id='block_1_26' title="bbox 233 2654 1805 2732">
    <p class='ocr_par' dir='ltr' id='par_1_26' title="bbox 233 2654 1805 2732">
     <span class='ocr_line' id='line_1_26' title="bbox 233 2654 1805 2732; baseline 0.016 -26"><span class='ocrx_word' id='word_1_172' title='bbox 233 2654 376 2708; x_wconf 87' lang='lat' dir='ltr'><strong>sterii</strong></span> <span class='ocrx_word' id='word_1_173' title='bbox 410 2655 739 2714; x_wconf 87' lang='lat' dir='ltr'><strong>utilitatibus</strong></span> <span class='ocrx_word' id='word_1_174' title='bbox 767 2675 829 2715; x_wconf 91' lang='lat' dir='ltr'><strong>ac</strong></span> <span class='ocrx_word' id='word_1_175' title='bbox 859 2662 1089 2718; x_wconf 87' lang='lat' dir='ltr'><strong>fratrum</strong></span> <span class='ocrx_word' id='word_1_176' title='bbox 1115 2670 1545 2727; x_wconf 82' lang='lat' dir='ltr'><strong>necessitatibus.</strong></span> <span class='ocrx_word' id='word_1_177' title='bbox 1573 2673 1805 2732; x_wconf 68' lang='lat' dir='ltr'><strong>Decimae</strong></span> 
     </span>
    </p>
   </div>
   <div class='ocr_carea' id='block_1_27' title="bbox 231 2748 1802 2836">
    <p class='ocr_par' dir='ltr' id='par_1_27' title="bbox 231 2748 1802 2836">
     <span class='ocr_line' id='line_1_27' title="bbox 231 2748 1802 2836; baseline 0.015 -38"><span class='ocrx_word' id='word_1_178' title='bbox 231 2755 406 2801; x_wconf 91' lang='lat' dir='ltr'><strong>autem</strong></span> <span class='ocrx_word' id='word_1_179' title='bbox 430 2748 678 2816; x_wconf 85' lang='lat' dir='ltr'><strong>ejusdem</strong></span> <span class='ocrx_word' id='word_1_180' title='bbox 713 2757 1028 2812; x_wconf 86' lang='lat' dir='ltr'><strong>monasterii</strong></span> <span class='ocrx_word' id='word_1_181' title='bbox 1071 2759 1122 2812; x_wconf 91' lang='lat' dir='ltr'><strong>in</strong></span> <span class='ocrx_word' id='word_1_182' title='bbox 1154 2763 1496 2832; x_wconf 85' lang='lat' dir='ltr'><strong>susceptione</strong></span> <span class='ocrx_word' id='word_1_183' title='bbox 1536 2765 1802 2836; x_wconf 89' lang='lat' dir='ltr'><strong>hospitum</strong></span> 
     </span>
    </p>
   </div>
   <div class='ocr_carea' id='block_1_28' title="bbox 231 2840 1800 2920">
    <p class='ocr_par' dir='ltr' id='par_1_28' title="bbox 231 2840 1800 2920">
     <span class='ocr_line' id='line_1_28' title="bbox 231 2840 1800 2920; baseline 0.015 -32"><span class='ocrx_word' id='word_1_184' title='bbox 231 2845 283 2889; x_wconf 88' lang='lat' dir='ltr'><strong>et</strong></span> <span class='ocrx_word' id='word_1_185' title='bbox 307 2840 721 2920; x_wconf 46' lang='lat' dir='ltr'><strong>peregrinorum</strong></span> <span class='ocrx_word' id='word_1_186' title='bbox 754 2845 820 2897; x_wconf 91' lang='lat' dir='ltr'><strong>ad</strong></span> <span class='ocrx_word' id='word_1_187' title='bbox 850 2856 1062 2913; x_wconf 88' lang='lat' dir='ltr'><strong>portam</strong></span> <span class='ocrx_word' id='word_1_188' title='bbox 1117 2849 1284 2919; x_wconf 89' lang='lat' dir='ltr'><strong>ipsius</strong></span> <span class='ocrx_word' id='word_1_189' title='bbox 1323 2857 1636 2910; x_wconf 87' lang='lat' dir='ltr'><strong>monasterii</strong></span> <span class='ocrx_word' id='word_1_190' title='bbox 1669 2872 1800 2911; x_wconf 82' lang='lat' dir='ltr'><strong>con—</strong></span> 
     </span>
    </p>
   </div>
   <div class='ocr_carea' id='block_1_29' title="bbox 232 2923 1802 3014">
    <p class='ocr_par' dir='ltr' id='par_1_29' title="bbox 232 2923 1802 3014">
     <span class='ocr_line' id='line_1_29' title="bbox 232 2923 1802 3014; baseline 0.015 -37"><span class='ocrx_word' id='word_1_191' title='bbox 232 2923 495 2982; x_wconf 81' lang='lat' dir='ltr'><strong>ferantur.</strong></span> <span class='ocrx_word' id='word_1_192' title='bbox 547 2930 843 2988; x_wconf 81' lang='lat' dir='ltr'><strong>Servitium</strong></span> <span class='ocrx_word' id='word_1_193' title='bbox 895 2953 1130 3008; x_wconf 91' lang='lat' dir='ltr'><strong>quoque,</strong></span> <span class='ocrx_word' id='word_1_194' title='bbox 1158 2950 1212 2994; x_wconf 92' lang='lat' dir='ltr'><strong>et</strong></span> <span class='ocrx_word' id='word_1_195' title='bbox 1233 2943 1375 3012; x_wconf 86' lang='lat' dir='ltr'><strong>quod</strong></span> <span class='ocrx_word' id='word_1_196' title='bbox 1406 2945 1700 3014; x_wconf 84' lang='lat' dir='ltr'><strong>vulgariter</strong></span> <span class='ocrx_word' id='word_1_197' title='bbox 1722 2949 1802 3002; x_wconf 91' lang='lat' dir='ltr'><strong>di-</strong></span> 
     </span>
    </p>
   </div>
   <div class='ocr_carea' id='block_1_30' title="bbox 231 3014 1800 3105">
    <p class='ocr_par' dir='ltr' id='par_1_30' title="bbox 231 3014 1800 3105">
     <span class='ocr_line' id='line_1_30' title="bbox 231 3014 1800 3105; baseline 0.016 -37"><span class='ocrx_word' id='word_1_198' title='bbox 231 3014 366 3068; x_wconf 85' lang='lat' dir='ltr'><strong>citur</strong></span> <span class='ocrx_word' id='word_1_199' title='bbox 413 3016 684 3074; x_wconf 78' lang='lat' dir='ltr'><strong>Foderum</strong></span> <span class='ocrx_word' id='word_1_200' title='bbox 727 3038 825 3078; x_wconf 91' lang='lat' dir='ltr'><strong>nec</strong></span> <span class='ocrx_word' id='word_1_201' title='bbox 878 3027 1214 3095; x_wconf 85' lang='lat' dir='ltr'><strong>imperatori,</strong></span> <span class='ocrx_word' id='word_1_202' title='bbox 1248 3048 1346 3087; x_wconf 91' lang='lat' dir='ltr'><strong>nec</strong></span> <span class='ocrx_word' id='word_1_203' title='bbox 1375 3037 1511 3105; x_wconf 85' lang='lat' dir='ltr'><strong>regi,</strong></span> <span class='ocrx_word' id='word_1_204' title='bbox 1539 3052 1800 3092; x_wconf 75' lang='lat' dir='ltr'><strong>nccm&#39;ir-</strong></span> 
     </span>
    </p>
   </div>
   <div class='ocr_carea' id='block_1_31' title="bbox 233 3103 1798 3186">
    <p class='ocr_par' dir='ltr' id='par_1_31' title="bbox 233 3103 1798 3186">
     <span class='ocr_line' id='line_1_31' title="bbox 233 3103 1798 3186; baseline 0.016 -29"><span class='ocrx_word' id='word_1_205' title='bbox 233 3103 430 3170; x_wconf 88' lang='lat' dir='ltr'><strong>chioni,</strong></span> <span class='ocrx_word' id='word_1_206' title='bbox 485 3122 585 3164; x_wconf 89' lang='lat' dir='ltr'><strong>nec</strong></span> <span class='ocrx_word' id='word_1_207' title='bbox 635 3110 797 3185; x_wconf 83' lang='lat' dir='ltr'><strong>alicui</strong></span> <span class='ocrx_word' id='word_1_208' title='bbox 850 3113 1053 3169; x_wconf 81' lang='lat' dir='ltr'><strong>homini</strong></span> <span class='ocrx_word' id='word_1_209' title='bbox 1088 3117 1245 3174; x_wconf 87' lang='lat' dir='ltr'><strong>liceat</strong></span> <span class='ocrx_word' id='word_1_210' title='bbox 1280 3123 1567 3186; x_wconf 57' lang='lat' dir='ltr'><strong>eteadem</strong></span> <span class='ocrx_word' id='word_1_211' title='bbox 1607 3141 1798 3181; x_wconf 86' lang='lat' dir='ltr'><strong>mona-</strong></span> 
     </span>
    </p>
   </div>
   <div class='ocr_carea' id='block_1_32' title="bbox 231 3197 1798 3281">
    <p class='ocr_par' dir='ltr' id='par_1_32' title="bbox 231 3197 1798 3281">
     <span class='ocr_line' id='line_1_32' title="bbox 231 3197 1798 3281; baseline 0.015 -32"><span class='ocrx_word' id='word_1_212' title='bbox 231 3197 413 3261; x_wconf 76' lang='lat' dir='ltr'><strong>sterio,</strong></span> <span class='ocrx_word' id='word_1_213' title='bbox 444 3207 537 3251; x_wconf 91' lang='lat' dir='ltr'><strong>aut</strong></span> <span class='ocrx_word' id='word_1_214' title='bbox 558 3214 624 3254; x_wconf 81' lang='lat' dir='ltr'><strong>ex</strong></span> <span class='ocrx_word' id='word_1_215' title='bbox 671 3204 995 3270; x_wconf 83' lang='lat' dir='ltr'><strong>pertinentia</strong></span> <span class='ocrx_word' id='word_1_216' title='bbox 1055 3207 1174 3275; x_wconf 87' lang='lat' dir='ltr'><strong>ejus</strong></span> <span class='ocrx_word' id='word_1_217' title='bbox 1222 3215 1518 3281; x_wconf 87' lang='lat' dir='ltr'><strong>requirere,</strong></span> <span class='ocrx_word' id='word_1_218' title='bbox 1555 3217 1659 3272; x_wconf 89' lang='lat' dir='ltr'><strong>nisi</strong></span> <span class='ocrx_word' id='word_1_219' title='bbox 1699 3217 1798 3273; x_wconf 90' lang='lat' dir='ltr'><strong>soli</strong></span> 
     </span>
    </p>
   </div>
   <div class='ocr_carea' id='block_1_33' title="bbox 232 3292 1798 3378">
    <p class='ocr_par' dir='ltr' id='par_1_33' title="bbox 232 3292 1798 3378">
     <span class='ocr_line' id='line_1_33' title="bbox 232 3292 1798 3378; baseline 0.015 -38"><span class='ocrx_word' id='word_1_220' title='bbox 232 3298 427 3343; x_wconf 77' lang='lat' dir='ltr'><strong>nostrze</strong></span> <span class='ocrx_word' id='word_1_221' title='bbox 457 3292 767 3358; x_wconf 67' lang='lat' dir='ltr'><strong>apostolica:</strong></span> <span class='ocrx_word' id='word_1_222' title='bbox 795 3295 928 3348; x_wconf 88' lang='lat' dir='ltr'><strong>sedi.</strong></span> <span class='ocrx_word' id='word_1_223' title='bbox 959 3296 1181 3368; x_wconf 87' lang='lat' dir='ltr'><strong>Insuper</strong></span> <span class='ocrx_word' id='word_1_224' title='bbox 1211 3316 1370 3358; x_wconf 89' lang='lat' dir='ltr'><strong>nemo</strong></span> <span class='ocrx_word' id='word_1_225' title='bbox 1393 3305 1592 3361; x_wconf 90' lang='lat' dir='ltr'><strong>ibidem</strong></span> <span class='ocrx_word' id='word_1_226' title='bbox 1640 3323 1798 3378; x_wconf 88' lang='lat' dir='ltr'><strong>sepe-</strong></span> 
     </span>
    </p>
   </div>
   <div class='ocr_carea' id='block_1_34' title="bbox 232 3379 1798 3468">
    <p class='ocr_par' dir='ltr' id='par_1_34' title="bbox 232 3379 1798 3468">
     <span class='ocr_line' id='line_1_34' title="bbox 232 3379 1798 3468; baseline 0.015 -37"><span class='ocrx_word' id='word_1_227' title='bbox 232 3379 310 3432; x_wconf 87' lang='lat' dir='ltr'><strong>liri</strong></span> <span class='ocrx_word' id='word_1_228' title='bbox 339 3382 631 3450; x_wconf 79' lang='lat' dir='ltr'><strong>prohibeat</strong></span> <span class='ocrx_word' id='word_1_229' title='bbox 669 3398 962 3442; x_wconf 87' lang='lat' dir='ltr'><strong>mortuum.</strong></span> <span class='ocrx_word' id='word_1_230' title='bbox 993 3389 1287 3462; x_wconf 81' lang='lat' dir='ltr'><strong>Episcopus</strong></span> <span class='ocrx_word' id='word_1_231' title='bbox 1335 3397 1524 3452; x_wconf 91' lang='lat' dir='ltr'><strong>missas</strong></span> <span class='ocrx_word' id='word_1_232' title='bbox 1558 3400 1798 3468; x_wconf 90' lang='lat' dir='ltr'><strong>publicas</strong></span> 
     </span>
    </p>
   </div>
   <div class='ocr_carea' id='block_1_35' title="bbox 229 3472 1797 3549">
    <p class='ocr_par' dir='ltr' id='par_1_35' title="bbox 229 3472 1797 3549">
     <span class='ocr_line' id='line_1_35' title="bbox 229 3472 1797 3549; baseline 0.015 -28"><span class='ocrx_word' id='word_1_233' title='bbox 229 3477 280 3522; x_wconf 90' lang='lat' dir='ltr'><strong>et</strong></span> <span class='ocrx_word' id='word_1_234' title='bbox 300 3472 565 3526; x_wconf 86' lang='lat' dir='ltr'><strong>stationes</strong></span> <span class='ocrx_word' id='word_1_235' title='bbox 608 3474 800 3528; x_wconf 83' lang='lat' dir='ltr'><strong>ibidem</strong></span> <span class='ocrx_word' id='word_1_236' title='bbox 827 3479 871 3530; x_wconf 91' lang='lat' dir='ltr'><strong>si</strong></span> <span class='ocrx_word' id='word_1_237' title='bbox 904 3478 1083 3534; x_wconf 85' lang='lat' dir='ltr'><strong>facere</strong></span> <span class='ocrx_word' id='word_1_238' title='bbox 1126 3483 1378 3549; x_wconf 88' lang='lat' dir='ltr'><strong>voluerit,</strong></span> <span class='ocrx_word' id='word_1_239' title='bbox 1413 3489 1630 3542; x_wconf 87' lang='lat' dir='ltr'><strong>statutis</strong></span> <span class='ocrx_word' id='word_1_240' title='bbox 1657 3499 1797 3544; x_wconf 86' lang='lat' dir='ltr'><strong>tem-</strong></span> 
     </span>
    </p>
   </div>
   <div class='ocr_carea' id='block_1_36' title="bbox 228 3560 1795 3647">
    <p class='ocr_par' dir='ltr' id='par_1_36' title="bbox 228 3560 1795 3647">
     <span class='ocr_line' id='line_1_36' title="bbox 228 3560 1795 3647; baseline 0.016 -37"><span class='ocrx_word' id='word_1_241' title='bbox 228 3560 442 3626; x_wconf 75' lang='lat' dir='ltr'><strong>poribus</strong></span> <span class='ocrx_word' id='word_1_242' title='bbox 470 3562 521 3615; x_wconf 88' lang='lat' dir='ltr'><strong>id</strong></span> <span class='ocrx_word' id='word_1_243' title='bbox 554 3574 696 3631; x_wconf 82' lang='lat' dir='ltr'><strong>agat,</strong></span> <span class='ocrx_word' id='word_1_244' title='bbox 727 3567 934 3622; x_wconf 90' lang='lat' dir='ltr'><strong>scilicet</strong></span> <span class='ocrx_word' id='word_1_245' title='bbox 984 3573 1220 3627; x_wconf 89' lang='lat' dir='ltr'><strong>secunda</strong></span> <span class='ocrx_word' id='word_1_246' title='bbox 1277 3576 1408 3630; x_wconf 83' lang='lat' dir='ltr'><strong>feria</strong></span> <span class='ocrx_word' id='word_1_247' title='bbox 1439 3577 1680 3647; x_wconf 74' lang='lat' dir='ltr'><strong>Pasclice,</strong></span> <span class='ocrx_word' id='word_1_248' title='bbox 1740 3591 1795 3635; x_wconf 90' lang='lat' dir='ltr'><strong>et</strong></span> 
     </span>
    </p>
   </div>
   <div class='ocr_carea' id='block_1_37' title="bbox 231 3649 1795 3736">
    <p class='ocr_par' dir='ltr' id='par_1_37' title="bbox 231 3649 1795 3736">
     <span class='ocr_line' id='line_1_37' title="bbox 231 3649 1795 3736; baseline 0.017 -33"><span class='ocrx_word' id='word_1_249' title='bbox 231 3649 503 3707; x_wconf 85' lang='lat' dir='ltr'><strong>beatorum</strong></span> <span class='ocrx_word' id='word_1_250' title='bbox 560 3658 926 3724; x_wconf 85' lang='lat' dir='ltr'><strong>apostolorum</strong></span> <span class='ocrx_word' id='word_1_251' title='bbox 968 3660 1112 3736; x_wconf 85' lang='lat' dir='ltr'><strong>Petri</strong></span> <span class='ocrx_word' id='word_1_252' title='bbox 1140 3676 1196 3717; x_wconf 92' lang='lat' dir='ltr'><strong>et</strong></span> <span class='ocrx_word' id='word_1_253' title='bbox 1219 3664 1368 3720; x_wconf 85' lang='lat' dir='ltr'><strong>l’auli</strong></span> <span class='ocrx_word' id='word_1_254' title='bbox 1422 3670 1680 3728; x_wconf 88' lang='lat' dir='ltr'><strong>natalitiis</strong></span> <span class='ocrx_word' id='word_1_255' title='bbox 1714 3688 1795 3728; x_wconf 70' lang='grc' dir='ltr'><strong>εοο</strong></span> 
     </span>
    </p>
   </div>
   <div class='ocr_carea' id='block_1_38' title="bbox 230 3735 1795 3830">
    <p class='ocr_par' dir='ltr' id='par_1_38' title="bbox 230 3735 1795 3830">
     <span class='ocr_line' id='line_1_38' title="bbox 230 3735 1795 3830; baseline 0.02 -43"><span class='ocrx_word' id='word_1_256' title='bbox 230 3735 487 3796; x_wconf 86' lang='lat' dir='ltr'><strong>lemnibus</strong></span> <span class='ocrx_word' id='word_1_257' title='bbox 516 3759 530 3806; x_wconf 90' lang='lat'><strong>;</strong></span> <span class='ocrx_word' id='word_1_258' title='bbox 559 3747 652 3798; x_wconf 90' lang='lat' dir='ltr'><strong>sed</strong></span> <span class='ocrx_word' id='word_1_259' title='bbox 678 3747 848 3800; x_wconf 84' lang='lat' dir='ltr'><strong>nullas</strong></span> <span class='ocrx_word' id='word_1_260' title='bbox 888 3749 1011 3804; x_wconf 88' lang='lat' dir='ltr'><strong>inde</strong></span> <span class='ocrx_word' id='word_1_261' title='bbox 1039 3735 1338 3812; x_wconf 90' lang='lat' dir='ltr'><strong>oblationes</strong></span> <span class='ocrx_word' id='word_1_262' title='bbox 1369 3758 1520 3812; x_wconf 88' lang='lat' dir='ltr'><strong>tollat</strong></span> <span class='ocrx_word' id='word_1_263' title='bbox 1543 3761 1676 3830; x_wconf 90' lang='lat' dir='ltr'><strong>ipse,</strong></span> <span class='ocrx_word' id='word_1_264' title='bbox 1701 3773 1795 3818; x_wconf 88' lang='lat' dir='ltr'><strong>aut</strong></span> 
     </span>
    </p>
   </div>
   <div class='ocr_carea' id='block_1_39' title="bbox 230 3827 1789 3907">
    <p class='ocr_par' dir='ltr' id='par_1_39' title="bbox 230 3827 1789 3907">
     <span class='ocr_line' id='line_1_39' title="bbox 230 3827 1789 3907; baseline 0.017 -27"><span class='ocrx_word' id='word_1_265' title='bbox 230 3827 411 3898; x_wconf 84' lang='lat' dir='ltr'><strong>aliquis</strong></span> <span class='ocrx_word' id='word_1_266' title='bbox 441 3832 764 3888; x_wconf 84' lang='lat' dir='ltr'><strong>clericorum</strong></span> <span class='ocrx_word' id='word_1_267' title='bbox 799 3838 938 3906; x_wconf 85' lang='lat' dir='ltr'><strong>ejus,</strong></span> <span class='ocrx_word' id='word_1_268' title='bbox 979 3841 1149 3895; x_wconf 88' lang='lat' dir='ltr'><strong>invito</strong></span> <span class='ocrx_word' id='word_1_269' title='bbox 1194 3845 1389 3899; x_wconf 87' lang='lat' dir='ltr'><strong>abbate</strong></span> <span class='ocrx_word' id='word_1_270' title='bbox 1424 3863 1488 3902; x_wconf 87' lang='lat' dir='ltr'><strong>ac</strong></span> <span class='ocrx_word' id='word_1_271' title='bbox 1512 3849 1789 3907; x_wconf 82' lang='lat' dir='ltr'><strong>fratribus.</strong></span> 
     </span>
    </p>
   </div>
   <div class='ocr_carea' id='block_1_40' title="bbox 233 3915 1790 4005">
    <p class='ocr_par' dir='ltr' id='par_1_40' title="bbox 233 3915 1790 4005">
     <span class='ocr_line' id='line_1_40' title="bbox 233 3915 1790 4005; baseline 0.017 -36"><span class='ocrx_word' id='word_1_272' title='bbox 233 3915 521 3976; x_wconf 87' lang='lat' dir='ltr'><strong>Statuimus</strong></span> <span class='ocrx_word' id='word_1_273' title='bbox 549 3934 752 3992; x_wconf 85' lang='lat' dir='ltr'><strong>autem,</strong></span> <span class='ocrx_word' id='word_1_274' title='bbox 782 3929 824 3981; x_wconf 90' lang='lat' dir='ltr'><strong>si</strong></span> <span class='ocrx_word' id='word_1_275' title='bbox 857 3929 1074 3997; x_wconf 84' lang='lat' dir='ltr'><strong>quando</strong></span> <span class='ocrx_word' id='word_1_276' title='bbox 1113 3933 1282 3989; x_wconf 82' lang='lat' dir='ltr'><strong>abbas</strong></span> <span class='ocrx_word' id='word_1_277' title='bbox 1311 3936 1552 4005; x_wconf 89' lang='lat' dir='ltr'><strong>ejusdem</strong></span> <span class='ocrx_word' id='word_1_278' title='bbox 1601 3955 1790 3995; x_wconf 90' lang='lat' dir='ltr'><strong>mona-</strong></span> 
     </span>
    </p>
   </div>
   <div class='ocr_carea' id='block_1_41' title="bbox 230 4009 1790 4094">
    <p class='ocr_par' dir='ltr' id='par_1_41' title="bbox 230 4009 1790 4094">
     <span class='ocr_line' id='line_1_41' title="bbox 230 4009 1790 4094; baseline 0.019 -36"><span class='ocrx_word' id='word_1_279' title='bbox 230 4009 372 4061; x_wconf 83' lang='lat' dir='ltr'><strong>sterii</strong></span> <span class='ocrx_word' id='word_1_280' title='bbox 395 4011 716 4079; x_wconf 83' lang='lat' dir='ltr'><strong>decesserit,</strong></span> <span class='ocrx_word' id='word_1_281' title='bbox 757 4026 815 4071; x_wconf 88' lang='lat' dir='ltr'><strong>ut</strong></span> <span class='ocrx_word' id='word_1_282' title='bbox 842 4019 1018 4076; x_wconf 90' lang='lat' dir='ltr'><strong>nullus</strong></span> <span class='ocrx_word' id='word_1_283' title='bbox 1049 4021 1116 4075; x_wconf 91' lang='lat' dir='ltr'><strong>ab</strong></span> <span class='ocrx_word' id='word_1_284' title='bbox 1143 4023 1266 4078; x_wconf 90' lang='lat' dir='ltr'><strong>aliis</strong></span> <span class='ocrx_word' id='word_1_285' title='bbox 1306 4031 1552 4094; x_wconf 87' lang='lat' dir='ltr'><strong>personis</strong></span> <span class='ocrx_word' id='word_1_286' title='bbox 1587 4030 1659 4084; x_wconf 85' lang='lat' dir='ltr'><strong>ibi</strong></span> <span class='ocrx_word' id='word_1_287' title='bbox 1692 4034 1790 4086; x_wconf 92' lang='lat' dir='ltr'><strong>ab-</strong></span> 
     </span>
    </p>
   </div>
   <div class='ocr_carea' id='block_1_42' title="bbox 233 4096 1792 4194">
    <p class='ocr_par' dir='ltr' id='par_1_42' title="bbox 233 4096 1792 4194">
     <span class='ocr_line' id='line_1_42' title="bbox 233 4096 1792 4194; baseline 0.021 -47"><span class='ocrx_word' id='word_1_288' title='bbox 233 4096 320 4152; x_wconf 85' lang='lat' dir='ltr'><strong>bas</strong></span> <span class='ocrx_word' id='word_1_289' title='bbox 339 4101 589 4171; x_wconf 85' lang='lat' dir='ltr'><strong>eligatur,</strong></span> <span class='ocrx_word' id='word_1_290' title='bbox 622 4107 664 4160; x_wconf 87' lang='lat' dir='ltr'><strong>si</strong></span> <span class='ocrx_word' id='word_1_291' title='bbox 694 4111 969 4175; x_wconf 83' lang='lat' dir='ltr'><strong>potuerint</strong></span> <span class='ocrx_word' id='word_1_292' title='bbox 999 4115 1065 4166; x_wconf 87' lang='lat' dir='ltr'><strong>ad</strong></span> <span class='ocrx_word' id='word_1_293' title='bbox 1110 4115 1211 4169; x_wconf 85' lang='lat' dir='ltr'><strong>hoc</strong></span> <span class='ocrx_word' id='word_1_294' title='bbox 1237 4132 1371 4184; x_wconf 89' lang='lat' dir='ltr'><strong>opus</strong></span> <span class='ocrx_word' id='word_1_295' title='bbox 1399 4119 1464 4173; x_wconf 89' lang='lat' dir='ltr'><strong>de</strong></span> <span class='ocrx_word' id='word_1_296' title='bbox 1495 4135 1792 4194; x_wconf 86' lang='lat' dir='ltr'><strong>congrega-</strong></span> 
     </span>
    </p>
   </div>
   <div class='ocr_carea' id='block_1_43' title="bbox 234 4186 1790 4270">
    <p class='ocr_par' dir='ltr' id='par_1_43' title="bbox 234 4186 1790 4270">
     <span class='ocr_line' id='line_1_43' title="bbox 234 4186 1790 4270; baseline 0.02 -33"><span class='ocrx_word' id='word_1_297' title='bbox 234 4186 365 4242; x_wconf 90' lang='lat' dir='ltr'><strong>tione</strong></span> <span class='ocrx_word' id='word_1_298' title='bbox 381 4191 630 4247; x_wconf 88' lang='lat' dir='ltr'><strong>idoneum</strong></span> <span class='ocrx_word' id='word_1_299' title='bbox 655 4195 879 4252; x_wconf 82' lang='lat' dir='ltr'><strong>fratrem</strong></span> <span class='ocrx_word' id='word_1_300' title='bbox 901 4201 1124 4270; x_wconf 79' lang='lat' dir='ltr'><strong>eligere,</strong></span> <span class='ocrx_word' id='word_1_301' title='bbox 1149 4204 1231 4258; x_wconf 88' lang='lat' dir='ltr'><strong>sic</strong></span> <span class='ocrx_word' id='word_1_302' title='bbox 1249 4206 1498 4260; x_wconf 85' lang='lat' dir='ltr'><strong>videlicet</strong></span> <span class='ocrx_word' id='word_1_303' title='bbox 1519 4213 1790 4268; x_wconf 90' lang='lat' dir='ltr'><strong>communi</strong></span> 
     </span>
    </p>
   </div>
   <div class='ocr_carea' id='block_1_44' title="bbox 231 4283 1790 4370">
    <p class='ocr_par' dir='ltr' id='par_1_44' title="bbox 231 4283 1790 4370">
     <span class='ocr_line' id='line_1_44' title="bbox 231 4283 1790 4370; baseline 0.019 -42"><span class='ocrx_word' id='word_1_304' title='bbox 231 4291 289 4330; x_wconf 85' lang='lat' dir='ltr'><strong>ac</strong></span> <span class='ocrx_word' id='word_1_305' title='bbox 316 4283 544 4350; x_wconf 77' lang='lat' dir='ltr'><strong>regulari</strong></span> <span class='ocrx_word' id='word_1_306' title='bbox 578 4287 825 4352; x_wconf 88' lang='lat' dir='ltr'><strong>consilio,</strong></span> <span class='ocrx_word' id='word_1_307' title='bbox 867 4291 1073 4359; x_wconf 86' lang='lat' dir='ltr'><strong>absque</strong></span> <span class='ocrx_word' id='word_1_308' title='bbox 1121 4296 1297 4362; x_wconf 87' lang='lat' dir='ltr'><strong>pretio</strong></span> <span class='ocrx_word' id='word_1_309' title='bbox 1326 4312 1354 4349; x_wconf 94' lang='lat' dir='ltr'><strong>a</strong></span> <span class='ocrx_word' id='word_1_310' title='bbox 1389 4298 1632 4355; x_wconf 82' lang='lat' dir='ltr'><strong>Romano</strong></span> <span class='ocrx_word' id='word_1_311' title='bbox 1661 4317 1790 4370; x_wconf 90' lang='lat' dir='ltr'><strong>pon-</strong></span> 
     </span>
    </p>
   </div>
   <div class='ocr_carea' id='block_1_45' title="bbox 231 4367 1862 4469">
    <p class='ocr_par' dir='ltr' id='par_1_45' title="bbox 231 4367 1862 4469">
     <span class='ocr_line' id='line_1_45' title="bbox 231 4367 1862 4469; baseline 0.017 -49"><span class='ocrx_word' id='word_1_312' title='bbox 231 4367 364 4422; x_wconf 85' lang='lat' dir='ltr'><strong>tiﬁce</strong></span> <span class='ocrx_word' id='word_1_313' title='bbox 406 4378 849 4430; x_wconf 89' lang='lat' dir='ltr'><strong>consecrandum.</strong></span> <span class='ocrx_word' id='word_1_314' title='bbox 901 4379 1159 4436; x_wconf 87' lang='lat' dir='ltr'><strong>Jubemns</strong></span> <span class='ocrx_word' id='word_1_315' title='bbox 1208 4386 1370 4439; x_wconf 91' lang='lat' dir='ltr'><strong>etiam</strong></span> <span class='ocrx_word' id='word_1_316' title='bbox 1400 4397 1459 4440; x_wconf 89' lang='lat' dir='ltr'><strong>ut</strong></span> <span class='ocrx_word' id='word_1_317' title='bbox 1485 4404 1674 4445; x_wconf 88' lang='lat' dir='ltr'><strong>omnes</strong></span> <span class='ocrx_word' id='word_1_318' title='bbox 1700 4408 1787 4445; x_wconf 89' lang='lat' dir='ltr'><strong>no-</strong></span> <span class='ocrx_word' id='word_1_319' title='bbox 1819 4411 1862 4469; x_wconf 77' lang='grc' dir='ltr'>υ</span> 
     </span>
    </p>
   </div>
   <div class='ocr_carea' id='block_1_46' title="bbox 230 4457 1786 4535">
    <p class='ocr_par' dir='ltr' id='par_1_46' title="bbox 230 4457 1786 4535">
     <span class='ocr_line' id='line_1_46' title="bbox 230 4457 1786 4535; baseline 0.017 -26"><span class='ocrx_word' id='word_1_320' title='bbox 230 4457 352 4512; x_wconf 73' lang='lat' dir='ltr'><strong>civa:</strong></span> <span class='ocrx_word' id='word_1_321' title='bbox 403 4463 644 4518; x_wconf 75' lang='lat' dir='ltr'><strong>ecclesia:</strong></span> <span class='ocrx_word' id='word_1_322' title='bbox 700 4469 863 4521; x_wconf 78' lang='lat' dir='ltr'><strong>vestri</strong></span> <span class='ocrx_word' id='word_1_323' title='bbox 940 4475 1252 4526; x_wconf 89' lang='lat' dir='ltr'><strong>monasterii</strong></span> <span class='ocrx_word' id='word_1_324' title='bbox 1321 4477 1525 4532; x_wconf 75' lang='lat' dir='ltr'><strong>chartae</strong></span> <span class='ocrx_word' id='word_1_325' title='bbox 1565 4483 1786 4535; x_wconf 86' lang='lat' dir='ltr'><strong>omnino</strong></span> 
     </span>
    </p>
   </div>
   <div class='ocr_carea' id='block_1_47' title="bbox 233 4553 1784 4637">
    <p class='ocr_par' dir='ltr' id='par_1_47' title="bbox 233 4553 1784 4637">
     <span class='ocr_line' id='line_1_47' title="bbox 233 4553 1784 4637; baseline 0.02 -42"><span class='ocrx_word' id='word_1_326' title='bbox 233 4557 401 4603; x_wconf 78' lang='lat' dir='ltr'><strong>vacua:</strong></span> <span class='ocrx_word' id='word_1_327' title='bbox 451 4561 504 4605; x_wconf 91' lang='lat' dir='ltr'><strong>et</strong></span> <span class='ocrx_word' id='word_1_328' title='bbox 552 4553 740 4609; x_wconf 90' lang='lat' dir='ltr'><strong>inanes</strong></span> <span class='ocrx_word' id='word_1_329' title='bbox 787 4558 1108 4614; x_wconf 87' lang='lat' dir='ltr'><strong>consistant.</strong></span> <span class='ocrx_word' id='word_1_330' title='bbox 1172 4562 1440 4620; x_wconf 64' lang='lat' dir='ltr'><strong>Praeterea</strong></span> <span class='ocrx_word' id='word_1_331' title='bbox 1493 4571 1784 4637; x_wconf 87' lang='lat' dir='ltr'><strong>apostolica</strong></span> 
     </span>
    </p>
   </div>
   <div class='ocr_carea' id='block_1_48' title="bbox 233 4645 1786 4715">
    <p class='ocr_par' dir='ltr' id='par_1_48' title="bbox 233 4645 1786 4715">
     <span class='ocr_line' id='line_1_48' title="bbox 233 4645 1786 4715; baseline 0.018 -28"><span class='ocrx_word' id='word_1_332' title='bbox 233 4647 403 4692; x_wconf 83' lang='lat' dir='ltr'><strong>nostra</strong></span> <span class='ocrx_word' id='word_1_333' title='bbox 449 4645 770 4702; x_wconf 88' lang='lat' dir='ltr'><strong>auctoritate</strong></span> <span class='ocrx_word' id='word_1_334' title='bbox 815 4651 1197 4707; x_wconf 90' lang='lat' dir='ltr'><strong>constituimus</strong></span> <span class='ocrx_word' id='word_1_335' title='bbox 1227 4662 1281 4707; x_wconf 92' lang='lat' dir='ltr'><strong>et</strong></span> <span class='ocrx_word' id='word_1_336' title='bbox 1311 4659 1701 4713; x_wconf 86' lang='lat' dir='ltr'><strong>confirmamus</strong></span> <span class='ocrx_word' id='word_1_337' title='bbox 1726 4669 1786 4715; x_wconf 90' lang='lat' dir='ltr'><strong>ut</strong></span> 
     </span>
    </p>
   </div>
   <div class='ocr_carea' id='block_1_49' title="bbox 232 4730 1781 4820">
    <p class='ocr_par' dir='ltr' id='par_1_49' title="bbox 232 4730 1781 4820">
     <span class='ocr_line' id='line_1_49' title="bbox 232 4730 1781 4820; baseline 0.018 -39"><span class='ocrx_word' id='word_1_338' title='bbox 232 4730 399 4787; x_wconf 88' lang='lat' dir='ltr'><strong>nullus</strong></span> <span class='ocrx_word' id='word_1_339' title='bbox 445 4735 758 4805; x_wconf 83' lang='lat' dir='ltr'><strong>imperator,</strong></span> <span class='ocrx_word' id='word_1_340' title='bbox 816 4757 932 4805; x_wconf 82' lang='lat' dir='ltr'><strong>rex,</strong></span> <span class='ocrx_word' id='word_1_341' title='bbox 978 4744 1285 4814; x_wconf 90' lang='lat' dir='ltr'><strong>episcopus,</strong></span> <span class='ocrx_word' id='word_1_342' title='bbox 1338 4748 1468 4813; x_wconf 75' lang='lat' dir='ltr'><strong>dux,</strong></span> <span class='ocrx_word' id='word_1_343' title='bbox 1517 4756 1781 4820; x_wconf 87' lang='lat' dir='ltr'><strong>marchio,</strong></span> 
     </span>
    </p>
   </div>
   <div class='ocr_carea' id='block_1_50' title="bbox 232 4824 1780 4906">
    <p class='ocr_par' dir='ltr' id='par_1_50' title="bbox 232 4824 1780 4906">
     <span class='ocr_line' id='line_1_50' title="bbox 232 4824 1780 4906; baseline 0.02 -39"><span class='ocrx_word' id='word_1_344' title='bbox 232 4828 417 4884; x_wconf 84' lang='lat' dir='ltr'><strong>comes,</strong></span> <span class='ocrx_word' id='word_1_345' title='bbox 448 4824 766 4891; x_wconf 89' lang='lat' dir='ltr'><strong>vicecomes,</strong></span> <span class='ocrx_word' id='word_1_346' title='bbox 790 4831 1072 4894; x_wconf 86' lang='lat' dir='ltr'><strong>castaldio,</strong></span> <span class='ocrx_word' id='word_1_347' title='bbox 1105 4836 1324 4890; x_wconf 91' lang='lat' dir='ltr'><strong>autalia</strong></span> <span class='ocrx_word' id='word_1_348' title='bbox 1371 4839 1626 4906; x_wconf 65' lang='lat' dir='ltr'><strong>quazlibet</strong></span> <span class='ocrx_word' id='word_1_349' title='bbox 1663 4859 1780 4896; x_wconf 82' lang='lat' dir='ltr'><strong>ma-</strong></span> 
     </span>
    </p>
   </div>
   <div class='ocr_carea' id='block_1_51' title="bbox 233 4917 1783 4987">
    <p class='ocr_par' dir='ltr' id='par_1_51' title="bbox 233 4917 1783 4987">
     <span class='ocr_line' id='line_1_51' title="bbox 233 4917 1783 4987; baseline 0.019 -30"><span class='ocrx_word' id='word_1_350' title='bbox 233 4917 325 4970; x_wconf 82' lang='lat' dir='ltr'><strong>gna</strong></span> <span class='ocrx_word' id='word_1_351' title='bbox 353 4924 617 4980; x_wconf 85' lang='lat' dir='ltr'><strong>parvaque</strong></span> <span class='ocrx_word' id='word_1_352' title='bbox 639 4930 864 4984; x_wconf 86' lang='lat' dir='ltr'><strong>persona</strong></span> <span class='ocrx_word' id='word_1_353' title='bbox 890 4928 946 4972; x_wconf 93' lang='lat' dir='ltr'><strong>et</strong></span> <span class='ocrx_word' id='word_1_354' title='bbox 975 4921 1291 4987; x_wconf 68' lang='lat' dir='ltr'><strong>praedictum</strong></span> <span class='ocrx_word' id='word_1_355' title='bbox 1341 4927 1592 4982; x_wconf 85' lang='lat' dir='ltr'><strong>abbatem</strong></span> <span class='ocrx_word' id='word_1_356' title='bbox 1634 4947 1783 4985; x_wconf 90' lang='lat' dir='ltr'><strong>suos—</strong></span> 
     </span>
    </p>
   </div>
   <div class='ocr_carea' id='block_1_52' title="bbox 232 5009 1779 5084">
    <p class='ocr_par' dir='ltr' id='par_1_52' title="bbox 232 5009 1779 5084">
     <span class='ocr_line' id='line_1_52' title="bbox 232 5009 1779 5084; baseline 0.018 -35"><span class='ocrx_word' id='word_1_357' title='bbox 232 5009 326 5061; x_wconf 82' lang='lat' dir='ltr'><strong>que</strong></span> <span class='ocrx_word' id='word_1_358' title='bbox 358 5014 697 5059; x_wconf 87' lang='lat' dir='ltr'><strong>successores</strong></span> <span class='ocrx_word' id='word_1_359' title='bbox 737 5010 999 5063; x_wconf 87' lang='lat' dir='ltr'><strong>canonice</strong></span> <span class='ocrx_word' id='word_1_360' title='bbox 1045 5011 1331 5078; x_wconf 88' lang='lat' dir='ltr'><strong>intrantes,</strong></span> <span class='ocrx_word' id='word_1_361' title='bbox 1383 5018 1448 5070; x_wconf 87' lang='lat' dir='ltr'><strong>de</strong></span> <span class='ocrx_word' id='word_1_362' title='bbox 1479 5018 1591 5084; x_wconf 81' lang='lat' dir='ltr'><strong>jam</strong></span> <span class='ocrx_word' id='word_1_363' title='bbox 1633 5022 1779 5079; x_wconf 88' lang='lat' dir='ltr'><strong>dicto</strong></span> 
     </span>
    </p>
   </div>
   <div class='ocr_carea' id='block_1_53' title="bbox 233 5093 1779 5182">
    <p class='ocr_par' dir='ltr' id='par_1_53' title="bbox 233 5093 1779 5182">
     <span class='ocr_line' id='line_1_53' title="bbox 233 5093 1779 5182; baseline 0.024 -47"><span class='ocrx_word' id='word_1_364' title='bbox 233 5093 566 5158; x_wconf 84' lang='lat' dir='ltr'><strong>tuonasterio,</strong></span> <span class='ocrx_word' id='word_1_365' title='bbox 595 5096 674 5148; x_wconf 92' lang='lat' dir='ltr'><strong>vel</strong></span> <span class='ocrx_word' id='word_1_366' title='bbox 701 5098 764 5154; x_wconf 88' lang='lat' dir='ltr'><strong>de</strong></span> <span class='ocrx_word' id='word_1_367' title='bbox 786 5102 1048 5156; x_wconf 86' lang='lat' dir='ltr'><strong>omnibus</strong></span> <span class='ocrx_word' id='word_1_368' title='bbox 1085 5107 1198 5163; x_wconf 78' lang='lat' dir='ltr'><strong>suis</strong></span> <span class='ocrx_word' id='word_1_369' title='bbox 1240 5108 1408 5162; x_wconf 88' lang='lat' dir='ltr'><strong>rebus</strong></span> <span class='ocrx_word' id='word_1_370' title='bbox 1453 5121 1506 5162; x_wconf 92' lang='lat' dir='ltr'><strong>et</strong></span> <span class='ocrx_word' id='word_1_371' title='bbox 1535 5116 1779 5182; x_wconf 87' lang='lat' dir='ltr'><strong>proprie-</strong></span> 
     </span>
    </p>
   </div>
   <div class='ocr_carea' id='block_1_54' title="bbox 232 5177 1778 5262">
    <p class='ocr_par' dir='ltr' id='par_1_54' title="bbox 232 5177 1778 5262">
     <span class='ocr_line' id='line_1_54' title="bbox 232 5177 1778 5262; baseline 0.023 -35"><span class='ocrx_word' id='word_1_372' title='bbox 232 5177 439 5244; x_wconf 87' lang='lat' dir='ltr'><strong>tatibus,</strong></span> <span class='ocrx_word' id='word_1_373' title='bbox 469 5186 750 5242; x_wconf 89' lang='lat' dir='ltr'><strong>mobilibus</strong></span> <span class='ocrx_word' id='word_1_374' title='bbox 791 5202 845 5245; x_wconf 91' lang='lat' dir='ltr'><strong>et</strong></span> <span class='ocrx_word' id='word_1_375' title='bbox 874 5192 1234 5252; x_wconf 91' lang='lat' dir='ltr'><strong>immobilibus</strong></span> <span class='ocrx_word' id='word_1_376' title='bbox 1279 5177 1586 5261; x_wconf 81' lang='lat' dir='ltr'><strong>molestare.</strong></span> <span class='ocrx_word' id='word_1_377' title='bbox 1621 5177 1778 5262; x_wconf 45' lang='lat' dir='ltr'><strong>(leve.</strong></span> 
     </span>
    </p>
   </div>
   <div class='ocr_carea' id='block_1_55' title="bbox 230 5275 659 5296">
    <p class='ocr_par' dir='ltr' id='par_1_55' title="bbox 230 5275 659 5296">
     <span class='ocr_line' id='line_1_55' title="bbox 230 5275 659 5296; baseline 0.005 0"><span class='ocrx_word' id='word_1_378' title='bbox 230 5275 348 5296; x_wconf 66' lang='grc' dir='ltr'><strong>..ἱσΛ</strong></span> <span class='ocrx_word' id='word_1_379' title='bbox 425 5283 510 5296; x_wconf 59' lang='grc' dir='ltr'><strong>-..ι</strong></span> <span class='ocrx_word' id='word_1_380' title='bbox 558 5276 659 5296; x_wconf 61' lang='lat'><strong>2--....</strong></span> 
     </span>
    </p>
   </div>
   <div class='ocr_carea' id='block_1_56' title="bbox 1414 300 2362 377">
    <p class='ocr_par' dir='ltr' id='par_1_56' title="bbox 1414 300 2362 377">
     <span class='ocr_line' id='line_1_56' title="bbox 1414 300 2362 377; baseline 0.025 -23"><span class='ocrx_word' id='word_1_381' title='bbox 1414 300 1767 361; x_wconf 58' lang='lat' dir='ltr'><strong>EPISTOLE</strong></span> <span class='ocrx_word' id='word_1_382' title='bbox 1813 310 1897 364; x_wconf 79' lang='lat' dir='ltr'><strong>ET</strong></span> <span class='ocrx_word' id='word_1_383' title='bbox 1952 313 2362 377; x_wconf 75' lang='lat' dir='ltr'><strong>PRIVILEGIA.</strong></span> 
     </span>
    </p>
   </div>
   <div class='ocr_carea' id='block_1_57' title="bbox 248 395 2315 508">
    <p class='ocr_par' dir='ltr' id='par_1_57' title="bbox 248 395 2315 508">
     <span class='ocr_line' id='line_1_57' title="bbox 248 395 2315 508; baseline 0.024 -61"><span class='ocrx_word' id='word_1_384' title='bbox 248 395 302 447; x_wconf 78' lang='lat' dir='ltr'><strong>in</strong></span> <span class='ocrx_word' id='word_1_385' title='bbox 334 396 594 454; x_wconf 85' lang='lat' dir='ltr'><strong>comitatu</strong></span> <span class='ocrx_word' id='word_1_386' title='bbox 643 401 904 460; x_wconf 84' lang='lat' dir='ltr'><strong>Perusino</strong></span> <span class='ocrx_word' id='word_1_387' title='bbox 953 398 1178 478; x_wconf 80' lang='lat' dir='ltr'><strong>positas,</strong></span> <span class='ocrx_word' id='word_1_388' title='bbox 1212 427 1395 482; x_wconf 84' lang='lat' dir='ltr'><strong>unam,</strong></span> <span class='ocrx_word' id='word_1_389' title='bbox 1441 432 1562 487; x_wconf 76' lang='lat' dir='ltr'><strong>qua:</strong></span> <span class='ocrx_word' id='word_1_390' title='bbox 1588 433 1815 480; x_wconf 81' lang='lat' dir='ltr'><strong>vocatur</strong></span> <span class='ocrx_word' id='word_1_391' title='bbox 1843 432 1893 493; x_wconf 79' lang='grc' dir='ltr'><strong>Δ</strong></span> <span class='ocrx_word' id='word_1_392' title='bbox 1920 447 2074 491; x_wconf 86' lang='lat' dir='ltr'><strong>sacro</strong></span> <span class='ocrx_word' id='word_1_393' title='bbox 2096 440 2315 508; x_wconf 91' lang='lat' dir='ltr'><strong>palatio,</strong></span> 
     </span>
     <span class='ocr_line' id='line_1_58' title="bbox 248 481 1144 508; baseline 0 0"><span class='ocrx_word' id='word_1_394' title='bbox 248 481 444 508; x_wconf 72' lang='grc' dir='ltr'><strong>ιι..-..ι-</strong></span> <span class='ocrx_word' id='word_1_395' title='bbox 522 489 639 508; x_wconf 63' lang='lat' dir='ltr'><strong>-I9-,</strong></span> <span class='ocrx_word' id='word_1_396' title='bbox 665 507 675 508; x_wconf 30' lang='grc' dir='ltr'><em>γ</em></span> <span class='ocrx_word' id='word_1_397' title='bbox 735 493 812 508; x_wconf 75' lang='lat' dir='ltr'><strong>nu</strong></span> <span class='ocrx_word' id='word_1_398' title='bbox 896 496 928 508; x_wconf 83' lang='lat'><strong>_.</strong></span> <span class='ocrx_word' id='word_1_399' title='bbox 1054 507 1057 508; x_wconf 65' lang='lat'>,</span> <span class='ocrx_word' id='word_1_400' title='bbox 1131 499 1144 508; x_wconf 84' lang='lat'><strong>.</strong></span> 
     </span>
    </p>
   </div>
   <div class='ocr_carea' id='block_1_58' title="bbox 3381 348 3485 402">
    <p class='ocr_par' dir='ltr' id='par_1_58' title="bbox 3381 348 3485 402">
     <span class='ocr_line' id='line_1_59' title="bbox 3381 348 3485 402; baseline -0.01 0"><span class='ocrx_word' id='word_1_401' title='bbox 3381 348 3485 402; x_wconf 62' lang='lat'><strong>876</strong></span> 
     </span>
    </p>
   </div>
   <div class='ocr_carea' id='block_1_59' title="bbox 2353 446 3488 532">
    <p class='ocr_par' dir='ltr' id='par_1_59' title="bbox 2353 446 3488 532">
     <span class='ocr_line' id='line_1_60' title="bbox 2353 446 3488 532; baseline 0.025 -35"><span class='ocrx_word' id='word_1_402' title='bbox 2353 446 2692 507; x_wconf 88' lang='lat' dir='ltr'><strong>medietatem</strong></span> <span class='ocrx_word' id='word_1_403' title='bbox 2717 454 2816 524; x_wconf 91' lang='lat' dir='ltr'><strong>ipsi</strong></span> <span class='ocrx_word' id='word_1_404' title='bbox 2849 463 3202 518; x_wconf 87' lang='lat' dir='ltr'><strong>monasterio.</strong></span> <span class='ocrx_word' id='word_1_405' title='bbox 3233 464 3332 532; x_wconf 89' lang='lat' dir='ltr'><strong>Qui</strong></span> <span class='ocrx_word' id='word_1_406' title='bbox 3360 485 3488 525; x_wconf 89' lang='lat' dir='ltr'><strong>vero</strong></span> 
     </span>
    </p>
   </div>
   <div class='ocr_carea' id='block_1_60' title="bbox 1921 523 3480 623">
    <p class='ocr_par' dir='ltr' id='par_1_60' title="bbox 1921 523 3480 623">
     <span class='ocr_line' id='line_1_61' title="bbox 1921 523 3480 623; baseline 0.021 -43"><span class='ocrx_word' id='word_1_407' title='bbox 1921 523 2062 582; x_wconf 85' lang='lat' dir='ltr'><strong>hanc</strong></span> <span class='ocrx_word' id='word_1_408' title='bbox 2089 530 2374 586; x_wconf 89' lang='lat' dir='ltr'><strong>ecclesiam</strong></span> <span class='ocrx_word' id='word_1_409' title='bbox 2399 523 2762 606; x_wconf 82' lang='lat' dir='ltr'><strong>bonoraverit,</strong></span> <span class='ocrx_word' id='word_1_410' title='bbox 2795 554 2849 598; x_wconf 90' lang='lat' dir='ltr'><strong>et</strong></span> <span class='ocrx_word' id='word_1_411' title='bbox 2878 547 3008 602; x_wconf 90' lang='lat' dir='ltr'><strong>nihil</strong></span> <span class='ocrx_word' id='word_1_412' title='bbox 3043 549 3168 605; x_wconf 86' lang='lat' dir='ltr'><strong>inde</strong></span> <span class='ocrx_word' id='word_1_413' title='bbox 3209 556 3480 623; x_wconf 82' lang='lat' dir='ltr'><strong>auferens,</strong></span> 
     </span>
    </p>
   </div>
   <div class='ocr_carea' id='block_1_61' title="bbox 1920 619 3477 714">
    <p class='ocr_par' dir='ltr' id='par_1_61' title="bbox 1920 619 3477 714">
     <span class='ocr_line' id='line_1_62' title="bbox 1920 619 3477 714; baseline 0.022 -45"><span class='ocrx_word' id='word_1_414' title='bbox 1920 619 1986 671; x_wconf 89' lang='lat' dir='ltr'><strong>de</strong></span> <span class='ocrx_word' id='word_1_415' title='bbox 2011 620 2123 674; x_wconf 91' lang='lat' dir='ltr'><strong>suis</strong></span> <span class='ocrx_word' id='word_1_416' title='bbox 2146 636 2244 690; x_wconf 90' lang='lat' dir='ltr'><strong>pro</strong></span> <span class='ocrx_word' id='word_1_417' title='bbox 2275 625 2639 696; x_wconf 86' lang='lat' dir='ltr'><strong>redemptione</strong></span> <span class='ocrx_word' id='word_1_418' title='bbox 2667 633 2862 689; x_wconf 67' lang='lat' dir='ltr'><strong>animm</strong></span> <span class='ocrx_word' id='word_1_419' title='bbox 2887 637 3064 707; x_wconf 89' lang='lat' dir='ltr'><strong>aliqua</strong></span> <span class='ocrx_word' id='word_1_420' title='bbox 3085 644 3135 696; x_wconf 90' lang='lat' dir='ltr'><strong>ei</strong></span> <span class='ocrx_word' id='word_1_421' title='bbox 3165 647 3477 714; x_wconf 78' lang='lat' dir='ltr'><strong>contulerit,</strong></span> 
     </span>
    </p>
   </div>
   <div class='ocr_carea' id='block_1_62' title="bbox 1921 707 3484 806">
    <p class='ocr_par' dir='ltr' id='par_1_62' title="bbox 1921 707 3484 806">
     <span class='ocr_line' id='line_1_63' title="bbox 1921 707 3484 806; baseline 0.021 -46"><span class='ocrx_word' id='word_1_422' title='bbox 1921 707 2315 768; x_wconf 82' lang='lat' dir='ltr'><strong>benedictionis</strong></span> <span class='ocrx_word' id='word_1_423' title='bbox 2357 717 2585 784; x_wconf 84' lang='lat' dir='ltr'><strong>gratiam</strong></span> <span class='ocrx_word' id='word_1_424' title='bbox 2623 737 2652 773; x_wconf 86' lang='lat' dir='ltr'><strong>a</strong></span> <span class='ocrx_word' id='word_1_425' title='bbox 2706 722 2933 781; x_wconf 79' lang='lat' dir='ltr'><strong>Domino</strong></span> <span class='ocrx_word' id='word_1_426' title='bbox 2971 728 3081 784; x_wconf 89' lang='lat' dir='ltr'><strong>Deo</strong></span> <span class='ocrx_word' id='word_1_427' title='bbox 3119 746 3484 806; x_wconf 88' lang='lat' dir='ltr'><strong>consequatur</strong></span> 
     </span>
    </p>
   </div>
   <div class='ocr_carea' id='block_1_63' title="bbox 1919 800 3482 898">
    <p class='ocr_par' dir='ltr' id='par_1_63' title="bbox 1919 800 3482 898">
     <span class='ocr_line' id='line_1_64' title="bbox 1919 800 3482 898; baseline 0.022 -49"><span class='ocrx_word' id='word_1_428' title='bbox 1919 804 1975 850; x_wconf 90' lang='lat' dir='ltr'><strong>et</strong></span> <span class='ocrx_word' id='word_1_429' title='bbox 2018 812 2114 867; x_wconf 90' lang='lat' dir='ltr'><strong>per</strong></span> <span class='ocrx_word' id='word_1_430' title='bbox 2162 800 2490 872; x_wconf 89' lang='lat' dir='ltr'><strong>clavigerum</strong></span> <span class='ocrx_word' id='word_1_431' title='bbox 2561 810 2860 882; x_wconf 90' lang='lat' dir='ltr'><strong>principem</strong></span> <span class='ocrx_word' id='word_1_432' title='bbox 2924 817 3044 873; x_wconf 85' lang='lat' dir='ltr'><strong>coeli</strong></span> <span class='ocrx_word' id='word_1_433' title='bbox 3097 819 3262 890; x_wconf 89' lang='lat' dir='ltr'><strong>janua</strong></span> <span class='ocrx_word' id='word_1_434' title='bbox 3302 800 3482 898; x_wconf 32' lang='lat' dir='ltr'><strong>vregui</strong></span> 
     </span>
    </p>
   </div>
   <div class='ocr_carea' id='block_1_64' title="bbox 1919 887 2773 956">
    <p class='ocr_par' dir='ltr' id='par_1_64' title="bbox 1919 887 2773 956">
     <span class='ocr_line' id='line_1_65' title="bbox 1919 887 2773 956; baseline 0.016 -16"><span class='ocrx_word' id='word_1_435' title='bbox 1919 887 2155 943; x_wconf 70' lang='lat' dir='ltr'><strong>crelcstis</strong></span> <span class='ocrx_word' id='word_1_436' title='bbox 2185 891 2451 950; x_wconf 89' lang='lat' dir='ltr'><strong>introduci</strong></span> <span class='ocrx_word' id='word_1_437' title='bbox 2481 911 2773 956; x_wconf 89' lang='lat' dir='ltr'><strong>mercatur.</strong></span> 
     </span>
    </p>
   </div>
   <div class='ocr_carea' id='block_1_65' title="bbox 1997 998 3481 1089">
    <p class='ocr_par' dir='ltr' id='par_1_65' title="bbox 1997 998 3481 1089">
     <span class='ocr_line' id='line_1_66' title="bbox 1997 998 3481 1089; baseline 0.024 -37"><span class='ocrx_word' id='word_1_438' title='bbox 1997 998 2274 1072; x_wconf 87' lang='lat' dir='ltr'><strong>Scriptum</strong></span> <span class='ocrx_word' id='word_1_439' title='bbox 2293 1020 2392 1075; x_wconf 87' lang='lat' dir='ltr'><strong>per</strong></span> <span class='ocrx_word' id='word_1_440' title='bbox 2414 1025 2604 1065; x_wconf 87' lang='lat' dir='ltr'><strong>manus</strong></span> <span class='ocrx_word' id='word_1_441' title='bbox 2621 1013 2864 1086; x_wconf 81' lang='lat' dir='ltr'><strong>Gregorii</strong></span> <span class='ocrx_word' id='word_1_442' title='bbox 2891 1022 3108 1089; x_wconf 89' lang='lat' dir='ltr'><strong>notarii,</strong></span> <span class='ocrx_word' id='word_1_443' title='bbox 3131 1034 3186 1080; x_wconf 91' lang='lat' dir='ltr'><strong>et</strong></span> <span class='ocrx_word' id='word_1_444' title='bbox 3209 1029 3481 1086; x_wconf 88' lang='lat' dir='ltr'><strong>scriniarii</strong></span> 
     </span>
    </p>
   </div>
   <div class='ocr_carea' id='block_1_66' title="bbox 1919 1091 3481 1184">
    <p class='ocr_par' dir='ltr' id='par_1_66' title="bbox 1919 1091 3481 1184">
     <span class='ocr_line' id='line_1_67' title="bbox 1919 1091 3481 1184; baseline 0.022 -42"><span class='ocrx_word' id='word_1_445' title='bbox 1919 1099 2120 1145; x_wconf 66' lang='lat' dir='ltr'><strong>sanctae</strong></span> <span class='ocrx_word' id='word_1_446' title='bbox 2164 1091 2422 1151; x_wconf 81' lang='lat' dir='ltr'><strong>Romame</strong></span> <span class='ocrx_word' id='word_1_447' title='bbox 2480 1099 2733 1158; x_wconf 71' lang='lat' dir='ltr'><strong>Ecclesia:</strong></span> <span class='ocrx_word' id='word_1_448' title='bbox 2795 1106 2848 1160; x_wconf 92' lang='lat' dir='ltr'><strong>in</strong></span> <span class='ocrx_word' id='word_1_449' title='bbox 2899 1124 3084 1166; x_wconf 88' lang='lat' dir='ltr'><strong>mense</strong></span> <span class='ocrx_word' id='word_1_450' title='bbox 3142 1114 3481 1184; x_wconf 82' lang='lat' dir='ltr'><strong>Novembris,</strong></span> 
     </span>
    </p>
   </div>
   <div class='ocr_carea' id='block_1_67' title="bbox 1920 1197 2541 1263">
    <p class='ocr_par' dir='ltr' id='par_1_67' title="bbox 1920 1197 2541 1263">
     <span class='ocr_line' id='line_1_68' title="bbox 1920 1197 2541 1263; baseline 0.019 -12"><span class='ocrx_word' id='word_1_451' title='bbox 1920 1197 2212 1256; x_wconf 90' lang='lat' dir='ltr'><strong>indictione</strong></span> <span class='ocrx_word' id='word_1_452' title='bbox 2239 1205 2541 1263; x_wconf 88' lang='lat' dir='ltr'><strong>undecima.</strong></span> 
     </span>
    </p>
   </div>
   <div class='ocr_carea' id='block_1_68' title="bbox 1988 1287 3480 1382">
    <p class='ocr_par' dir='ltr' id='par_1_68' title="bbox 1988 1287 3480 1382">
     <span class='ocr_line' id='line_1_69' title="bbox 1988 1287 3480 1382; baseline 0.021 -41"><span class='ocrx_word' id='word_1_453' title='bbox 1988 1287 2182 1346; x_wconf 85' lang='lat' dir='ltr'><strong>Datum</strong></span> <span class='ocrx_word' id='word_1_454' title='bbox 2209 1291 2394 1350; x_wconf 80' lang='lat' dir='ltr'><strong>Romae</strong></span> <span class='ocrx_word' id='word_1_455' title='bbox 2415 1309 2608 1367; x_wconf 88' lang='lat' dir='ltr'><strong>quarto</strong></span> <span class='ocrx_word' id='word_1_456' title='bbox 2628 1300 2767 1358; x_wconf 85' lang='lat' dir='ltr'><strong>Non.</strong></span> <span class='ocrx_word' id='word_1_457' title='bbox 2812 1305 3134 1366; x_wconf 84' lang='lat' dir='ltr'><strong>Novembris</strong></span> <span class='ocrx_word' id='word_1_458' title='bbox 3159 1328 3259 1382; x_wconf 87' lang='lat' dir='ltr'><strong>per</strong></span> <span class='ocrx_word' id='word_1_459' title='bbox 3284 1311 3480 1374; x_wconf 82' lang='lat' dir='ltr'><strong>manus</strong></span> 
     </span>
    </p>
   </div>
   <div class='ocr_carea' id='block_1_69' title="bbox 1919 1375 3487 1476">
    <p class='ocr_par' dir='ltr' id='par_1_69' title="bbox 1919 1375 3487 1476">
     <span class='ocr_line' id='line_1_70' title="bbox 1919 1375 3487 1476; baseline 0.021 -47"><span class='ocrx_word' id='word_1_460' title='bbox 1919 1375 2197 1434; x_wconf 85' lang='lat' dir='ltr'><strong>Humberti</strong></span> <span class='ocrx_word' id='word_1_461' title='bbox 2226 1393 2425 1439; x_wconf 65' lang='lat' dir='ltr'><strong>sanctae</strong></span> <span class='ocrx_word' id='word_1_462' title='bbox 2449 1387 2691 1445; x_wconf 60' lang='lat' dir='ltr'><strong>ecclesia;</strong></span> <span class='ocrx_word' id='word_1_463' title='bbox 2710 1391 2868 1450; x_wconf 72' lang='lat' dir='ltr'><strong>Silva:</strong></span> <span class='ocrx_word' id='word_1_464' title='bbox 2885 1395 3139 1456; x_wconf 67' lang='lat' dir='ltr'><strong>Candida:</strong></span> <span class='ocrx_word' id='word_1_465' title='bbox 3159 1375 3402 1476; x_wconf 76' lang='lat' dir='ltr'><strong>episcopi</strong></span> <span class='ocrx_word' id='word_1_466' title='bbox 3433 1418 3487 1463; x_wconf 86' lang='lat' dir='ltr'><strong>et</strong></span> 
     </span>
    </p>
   </div>
   <div class='ocr_carea' id='block_1_70' title="bbox 1918 1467 3478 1565">
    <p class='ocr_par' dir='ltr' id='par_1_70' title="bbox 1918 1467 3478 1565">
     <span class='ocr_line' id='line_1_71' title="bbox 1918 1467 3478 1565; baseline 0.023 -44"><span class='ocrx_word' id='word_1_467' title='bbox 1918 1467 2312 1529; x_wconf 87' lang='lat' dir='ltr'><strong>bibliothecarii</strong></span> <span class='ocrx_word' id='word_1_468' title='bbox 2371 1491 2570 1536; x_wconf 75' lang='lat' dir='ltr'><strong>sancta:</strong></span> <span class='ocrx_word' id='word_1_469' title='bbox 2620 1483 2874 1542; x_wconf 60' lang='lat' dir='ltr'><strong>Romana!</strong></span> <span class='ocrx_word' id='word_1_470' title='bbox 2902 1498 2954 1544; x_wconf 91' lang='lat' dir='ltr'><strong>et</strong></span> <span class='ocrx_word' id='word_1_471' title='bbox 2979 1467 3286 1561; x_wconf 68' lang='lat' dir='ltr'><strong>apostolicae</strong></span> <span class='ocrx_word' id='word_1_472' title='bbox 3311 1467 3478 1565; x_wconf 74' lang='lat' dir='ltr'><strong>sedis.</strong></span> 
     </span>
    </p>
   </div>
   <div class='ocr_carea' id='block_1_71' title="bbox 1919 1567 3480 1664">
    <p class='ocr_par' dir='ltr' id='par_1_71' title="bbox 1919 1567 3480 1664">
     <span class='ocr_line' id='line_1_72' title="bbox 1919 1567 3480 1664; baseline 0.024 -54"><span class='ocrx_word' id='word_1_473' title='bbox 1919 1571 2061 1659; x_wconf 76' lang='lat' dir='ltr'><strong>anno</strong></span> <span class='ocrx_word' id='word_1_474' title='bbox 2103 1577 2119 1616; x_wconf 80' lang='grc' dir='ltr'><strong><em>ι</em></strong></span> <span class='ocrx_word' id='word_1_475' title='bbox 2165 1567 2507 1633; x_wconf 88' lang='lat' dir='ltr'><strong>pontiﬁcatus</strong></span> <span class='ocrx_word' id='word_1_476' title='bbox 2554 1574 2738 1633; x_wconf 88' lang='lat' dir='ltr'><strong>domni</strong></span> <span class='ocrx_word' id='word_1_477' title='bbox 2791 1577 3047 1650; x_wconf 89' lang='lat' dir='ltr'><strong>Stephani</strong></span> <span class='ocrx_word' id='word_1_478' title='bbox 3121 1590 3246 1643; x_wconf 92' lang='lat' dir='ltr'><strong>noni</strong></span> <span class='ocrx_word' id='word_1_479' title='bbox 3310 1607 3480 1664; x_wconf 81' lang='lat' dir='ltr'><strong>papae,</strong></span> 
     </span>
    </p>
   </div>
   <div class='ocr_carea' id='block_1_72' title="bbox 1920 1647 2537 1714">
    <p class='ocr_par' dir='ltr' id='par_1_72' title="bbox 1920 1647 2537 1714">
     <span class='ocr_line' id='line_1_73' title="bbox 1920 1647 2537 1714; baseline 0.023 -12"><span class='ocrx_word' id='word_1_480' title='bbox 1920 1647 2215 1709; x_wconf 89' lang='lat' dir='ltr'><strong>indictione</strong></span> <span class='ocrx_word' id='word_1_481' title='bbox 2234 1657 2537 1714; x_wconf 88' lang='lat' dir='ltr'><strong>undecima.</strong></span> 
     </span>
    </p>
   </div>
   <div class='ocr_carea' id='block_1_73' title="bbox 2653 1821 2740 1877">
    <p class='ocr_par' dir='ltr' id='par_1_73' title="bbox 2653 1821 2740 1877">
     <span class='ocr_line' id='line_1_74' title="bbox 2653 1821 2740 1877; baseline 0.011 -1"><span class='ocrx_word' id='word_1_482' title='bbox 2653 1821 2740 1877; x_wconf 75' lang='lat' dir='ltr'><strong>IV.</strong></span> 
     </span>
    </p>
   </div>
   <div class='ocr_carea' id='block_1_74' title="bbox 1912 1935 3482 2035">
    <p class='ocr_par' dir='ltr' id='par_1_74' title="bbox 1912 1935 3482 2035">
     <span class='ocr_line' id='line_1_75' title="bbox 1912 1935 3482 2035; baseline 0.021 -45"><span class='ocrx_word' id='word_1_483' title='bbox 1912 1935 2208 2005; x_wconf 73' lang='lat' dir='ltr'><strong>Stephanus</strong></span> <span class='ocrx_word' id='word_1_484' title='bbox 2317 1949 2684 2035; x_wconf 48' lang='lat' dir='ltr'><strong>canpjiicornm</strong></span> <span class='ocrx_word' id='word_1_485' title='bbox 2711 1953 3041 2035; x_wconf 70' lang='lat' dir='ltr'><strong>Aretinorum</strong></span> <span class='ocrx_word' id='word_1_486' title='bbox 3082 1963 3232 2026; x_wconf 84' lang='lat' dir='ltr'><strong>bona,</strong></span> <span class='ocrx_word' id='word_1_487' title='bbox 3282 1977 3482 2035; x_wconf 69' lang='lat' dir='ltr'><strong>petente</strong></span> 
     </span>
    </p>
   </div>
   <div class='ocr_carea' id='block_1_75' title="bbox 2261 2013 3124 2096">
    <p class='ocr_par' dir='ltr' id='par_1_75' title="bbox 2261 2013 3124 2096">
     <span class='ocr_line' id='line_1_76' title="bbox 2261 2013 3124 2096; baseline 0.023 -32"><span class='ocrx_word' id='word_1_488' title='bbox 2261 2013 2496 2070; x_wconf 74' lang='lat' dir='ltr'><strong>Arualdo</strong></span> <span class='ocrx_word' id='word_1_489' title='bbox 2529 2021 2790 2090; x_wconf 68' lang='lat' dir='ltr'><strong>episwpo,</strong></span> <span class='ocrx_word' id='word_1_490' title='bbox 2827 2013 3124 2096; x_wconf 65' lang='lat' dir='ltr'><strong>confirmat.</strong></span> 
     </span>
    </p>
   </div>
   <div class='ocr_carea' id='block_1_76' title="bbox 2511 2127 2873 2205">
    <p class='ocr_par' dir='ltr' id='par_1_76' title="bbox 2511 2127 2873 2205">
     <span class='ocr_line' id='line_1_77' title="bbox 2511 2127 2873 2205; baseline 0.019 -24"><span class='ocrx_word' id='word_1_491' title='bbox 2511 2127 2689 2198; x_wconf 78' lang='lat' dir='ltr'><strong>(Anno</strong></span> <span class='ocrx_word' id='word_1_492' title='bbox 2725 2132 2873 2205; x_wconf 84' lang='grc'><strong>105.)</strong></span> 
     </span>
    </p>
   </div>
   <div class='ocr_carea' id='block_1_77' title="bbox 2213 2233 3156 2326">
    <p class='ocr_par' dir='ltr' id='par_1_77' title="bbox 2213 2233 3156 2326">
     <span class='ocr_line' id='line_1_78' title="bbox 2213 2233 3156 2326; baseline 0.02 -36"><span class='ocrx_word' id='word_1_493' title='bbox 2213 2233 2499 2306; x_wconf 77' lang='grc' dir='ltr'><strong>[υοιιειι.ι,</strong></span> <span class='ocrx_word' id='word_1_494' title='bbox 2529 2239 2693 2297; x_wconf 82' lang='lat' dir='ltr'><strong>Italia</strong></span> <span class='ocrx_word' id='word_1_495' title='bbox 2721 2243 2908 2315; x_wconf 83' lang='lat' dir='ltr'><strong>Sacra,</strong></span> <span class='ocrx_word' id='word_1_496' title='bbox 2938 2249 2978 2316; x_wconf 92' lang='lat' dir='ltr'><strong>l,</strong></span> <span class='ocrx_word' id='word_1_497' title='bbox 3009 2252 3156 2326; x_wconf 65' lang='lat'><strong>416.]</strong></span> 
     </span>
    </p>
   </div>
   <div class='ocr_carea' id='block_1_78' title="bbox 1915 2341 2987 2416">
    <p class='ocr_par' dir='ltr' id='par_1_78' title="bbox 1915 2341 2987 2416">
     <span class='ocr_line' id='line_1_79' title="bbox 1915 2341 2987 2416; baseline 0.02 -20"><span class='ocrx_word' id='word_1_498' title='bbox 1915 2411 1920 2416; x_wconf 19' lang='lat'><strong><em>‘</em></strong></span> <span class='ocrx_word' id='word_1_499' title='bbox 1976 2341 2313 2414; x_wconf 61' lang='lat' dir='ltr'><strong>Sreruaxes,</strong></span> <span class='ocrx_word' id='word_1_500' title='bbox 2349 2365 2540 2408; x_wconf 87' lang='lat' dir='ltr'><strong>servus</strong></span> <span class='ocrx_word' id='word_1_501' title='bbox 2562 2368 2843 2412; x_wconf 89' lang='lat' dir='ltr'><strong>servorum</strong></span> <span class='ocrx_word' id='word_1_502' title='bbox 2874 2361 2987 2416; x_wconf 90' lang='lat' dir='ltr'><strong>Dei.</strong></span> 
     </span>
    </p>
   </div>
   <div class='ocr_carea' id='block_1_79' title="bbox 1975 2432 3480 2527">
    <p class='ocr_par' dir='ltr' id='par_1_79' title="bbox 1975 2432 3480 2527">
     <span class='ocr_line' id='line_1_80' title="bbox 1975 2432 3480 2527; baseline 0.018 -41"><span class='ocrx_word' id='word_1_503' title='bbox 1975 2432 2242 2490; x_wconf 80' lang='lat' dir='ltr'><strong>Convenit</strong></span> <span class='ocrx_word' id='word_1_504' title='bbox 2275 2440 2566 2507; x_wconf 88' lang='lat' dir='ltr'><strong>apostolico</strong></span> <span class='ocrx_word' id='word_1_505' title='bbox 2605 2446 2932 2506; x_wconf 87' lang='lat' dir='ltr'><strong>mandamini</strong></span> <span class='ocrx_word' id='word_1_506' title='bbox 2963 2450 3049 2518; x_wconf 88' lang='lat' dir='ltr'><strong>pia</strong></span> <span class='ocrx_word' id='word_1_507' title='bbox 3084 2452 3340 2523; x_wconf 79' lang='lat' dir='ltr'><strong>religione</strong></span> <span class='ocrx_word' id='word_1_508' title='bbox 3366 2461 3480 2527; x_wconf 82' lang='lat' dir='ltr'><strong>pol-</strong></span> 
     </span>
    </p>
   </div>
   <div class='ocr_carea' id='block_1_80' title="bbox 1905 2519 3477 2614">
    <p class='ocr_par' dir='ltr' id='par_1_80' title="bbox 1905 2519 3477 2614">
     <span class='ocr_line' id='line_1_81' title="bbox 1905 2519 3477 2614; baseline 0.019 -40"><span class='ocrx_word' id='word_1_509' title='bbox 1905 2519 2137 2579; x_wconf 90' lang='lat' dir='ltr'><strong>lentibus</strong></span> <span class='ocrx_word' id='word_1_510' title='bbox 2157 2523 2411 2582; x_wconf 91' lang='lat' dir='ltr'><strong>benevola</strong></span> <span class='ocrx_word' id='word_1_511' title='bbox 2434 2535 2807 2602; x_wconf 88' lang='lat' dir='ltr'><strong>compassione</strong></span> <span class='ocrx_word' id='word_1_512' title='bbox 2822 2553 3158 2608; x_wconf 83' lang='lat' dir='ltr'><strong>succurrere,</strong></span> <span class='ocrx_word' id='word_1_513' title='bbox 3181 2554 3233 2598; x_wconf 90' lang='lat' dir='ltr'><strong>et</strong></span> <span class='ocrx_word' id='word_1_514' title='bbox 3248 2561 3477 2614; x_wconf 83' lang='lat' dir='ltr'><strong>poscen-</strong></span> 
     </span>
    </p>
   </div>
   <div class='ocr_carea' id='block_1_81' title="bbox 1907 2610 3474 2706">
    <p class='ocr_par' dir='ltr' id='par_1_81' title="bbox 1907 2610 3474 2706">
     <span class='ocr_line' id='line_1_82' title="bbox 1907 2610 3474 2706; baseline 0.019 -42"><span class='ocrx_word' id='word_1_515' title='bbox 1907 2610 2039 2666; x_wconf 91' lang='lat' dir='ltr'><strong>tium</strong></span> <span class='ocrx_word' id='word_1_516' title='bbox 2065 2615 2264 2670; x_wconf 88' lang='lat' dir='ltr'><strong>animis</strong></span> <span class='ocrx_word' id='word_1_517' title='bbox 2309 2617 2477 2674; x_wconf 88' lang='lat' dir='ltr'><strong>alacri</strong></span> <span class='ocrx_word' id='word_1_518' title='bbox 2523 2621 2802 2681; x_wconf 80' lang='lat' dir='ltr'><strong>aﬁ‘ectione</strong></span> <span class='ocrx_word' id='word_1_519' title='bbox 2830 2627 3095 2699; x_wconf 89' lang='lat' dir='ltr'><strong>impertiri</strong></span> <span class='ocrx_word' id='word_1_520' title='bbox 3140 2633 3474 2706; x_wconf 85' lang='lat' dir='ltr'><strong>snﬁ‘ragium.</strong></span> 
     </span>
    </p>
   </div>
   <div class='ocr_carea' id='block_1_82' title="bbox 1905 2697 3477 2783">
    <p class='ocr_par' dir='ltr' id='par_1_82' title="bbox 1905 2697 3477 2783">
     <span class='ocr_line' id='line_1_83' title="bbox 1905 2697 3477 2783; baseline 0.02 -32"><span class='ocrx_word' id='word_1_521' title='bbox 1905 2697 2241 2773; x_wconf 89' lang='lat' dir='ltr'><strong>Quapropter</strong></span> <span class='ocrx_word' id='word_1_522' title='bbox 2267 2715 2451 2762; x_wconf 90' lang='lat' dir='ltr'><strong>notum</strong></span> <span class='ocrx_word' id='word_1_523' title='bbox 2479 2709 2549 2764; x_wconf 92' lang='lat' dir='ltr'><strong>sit</strong></span> <span class='ocrx_word' id='word_1_524' title='bbox 2569 2713 2820 2770; x_wconf 89' lang='lat' dir='ltr'><strong>omnibus</strong></span> <span class='ocrx_word' id='word_1_525' title='bbox 2843 2697 2922 2771; x_wconf 36' lang='lat' dir='ltr'><strong>S._</strong></span> <span class='ocrx_word' id='word_1_526' title='bbox 2946 2718 3038 2774; x_wconf 91' lang='lat' dir='ltr'><strong>Dei</strong></span> <span class='ocrx_word' id='word_1_527' title='bbox 3065 2697 3477 2783; x_wconf 57' lang='grc' dir='ltr'><strong>Εεριεεὶίιῖῆάθ-</strong></span> 
     </span>
    </p>
   </div>
   <div class='ocr_carea' id='block_1_83' title="bbox 1905 2789 3475 2885">
    <p class='ocr_par' dir='ltr' id='par_1_83' title="bbox 1905 2789 3475 2885">
     <span class='ocr_line' id='line_1_84' title="bbox 1905 2789 3475 2885; baseline 0.019 -43"><span class='ocrx_word' id='word_1_528' title='bbox 1905 2789 2064 2856; x_wconf 91' lang='lat' dir='ltr'><strong>libus,</strong></span> <span class='ocrx_word' id='word_1_529' title='bbox 2081 2800 2134 2846; x_wconf 90' lang='lat' dir='ltr'><strong>et</strong></span> <span class='ocrx_word' id='word_1_530' title='bbox 2156 2796 2376 2861; x_wconf 88' lang='lat' dir='ltr'><strong>nostris,</strong></span> <span class='ocrx_word' id='word_1_531' title='bbox 2399 2801 2754 2868; x_wconf 59' lang='lat' dir='ltr'><strong>praesentibus</strong></span> <span class='ocrx_word' id='word_1_532' title='bbox 2779 2805 2985 2863; x_wconf 88' lang='lat' dir='ltr'><strong>scilicet</strong></span> <span class='ocrx_word' id='word_1_533' title='bbox 3013 2819 3066 2864; x_wconf 90' lang='lat' dir='ltr'><strong>et</strong></span> <span class='ocrx_word' id='word_1_534' title='bbox 3089 2810 3308 2881; x_wconf 75' lang='lat' dir='ltr'><strong>tuturis,</strong></span> <span class='ocrx_word' id='word_1_535' title='bbox 3330 2817 3475 2885; x_wconf 88' lang='lat' dir='ltr'><strong>quod</strong></span> 
     </span>
    </p>
   </div>
   <div class='ocr_carea' id='block_1_84' title="bbox 1904 2881 3474 2974">
    <p class='ocr_par' dir='ltr' id='par_1_84' title="bbox 1904 2881 3474 2974">
     <span class='ocr_line' id='line_1_85' title="bbox 1904 2881 3474 2974; baseline 0.019 -42"><span class='ocrx_word' id='word_1_536' title='bbox 1904 2893 2022 2944; x_wconf 91' lang='lat' dir='ltr'><strong>nos,</strong></span> <span class='ocrx_word' id='word_1_537' title='bbox 2060 2881 2358 2938; x_wconf 75' lang='lat' dir='ltr'><strong>interventu</strong></span> <span class='ocrx_word' id='word_1_538' title='bbox 2389 2887 2609 2943; x_wconf 84' lang='lat' dir='ltr'><strong>Arualdi</strong></span> <span class='ocrx_word' id='word_1_539' title='bbox 2641 2892 2878 2964; x_wconf 91' lang='lat' dir='ltr'><strong>episcopi</strong></span> <span class='ocrx_word' id='word_1_540' title='bbox 2921 2897 3152 2962; x_wconf 86' lang='lat' dir='ltr'><strong>Aretini,</strong></span> <span class='ocrx_word' id='word_1_541' title='bbox 3187 2881 3474 2974; x_wconf 71' lang='lat' dir='ltr'><strong>sequentes</strong></span> 
     </span>
    </p>
   </div>
   <div class='ocr_carea' id='block_1_85' title="bbox 1901 2970 3470 3062">
    <p class='ocr_par' dir='ltr' id='par_1_85' title="bbox 1901 2970 3470 3062">
     <span class='ocr_line' id='line_1_86' title="bbox 1901 2970 3470 3062; baseline 0.02 -42"><span class='ocrx_word' id='word_1_542' title='bbox 1901 2970 2126 3041; x_wconf 89' lang='lat' dir='ltr'><strong>vestigia</strong></span> <span class='ocrx_word' id='word_1_543' title='bbox 2153 2971 2480 3030; x_wconf 62' lang='lat' dir='ltr'><strong>beatissima:</strong></span> <span class='ocrx_word' id='word_1_544' title='bbox 2511 2983 2781 3038; x_wconf 75' lang='lat' dir='ltr'><strong>memoria:</strong></span> <span class='ocrx_word' id='word_1_545' title='bbox 2807 2983 2868 3038; x_wconf 84' lang='grc' dir='ltr'><strong>Ι).</strong></span> <span class='ocrx_word' id='word_1_546' title='bbox 2909 2987 3139 3044; x_wconf 86' lang='lat' dir='ltr'><strong>Victoris</strong></span> <span class='ocrx_word' id='word_1_547' title='bbox 3168 2970 3470 3062; x_wconf 55' lang='lat' dir='ltr'><strong>praideces-</strong></span> 
     </span>
    </p>
   </div>
   <div class='ocr_carea' id='block_1_86' title="bbox 1829 3062 3470 3152">
    <p class='ocr_par' dir='ltr' id='par_1_86' title="bbox 1829 3062 3470 3152">
     <span class='ocr_line' id='line_1_87' title="bbox 1829 3062 3470 3152; baseline 0.021 -40"><span class='ocrx_word' id='word_1_548' title='bbox 1829 3085 1874 3149; x_wconf 66' lang='grc' dir='ltr'>ε</span> <span class='ocrx_word' id='word_1_549' title='bbox 1904 3062 2042 3117; x_wconf 90' lang='lat' dir='ltr'><strong>seris</strong></span> <span class='ocrx_word' id='word_1_550' title='bbox 2063 3066 2254 3129; x_wconf 88' lang='lat' dir='ltr'><strong>nostri,</strong></span> <span class='ocrx_word' id='word_1_551' title='bbox 2276 3068 2660 3129; x_wconf 89' lang='lat' dir='ltr'><strong>conﬁrmamus</strong></span> <span class='ocrx_word' id='word_1_552' title='bbox 2679 3084 2733 3130; x_wconf 93' lang='lat' dir='ltr'><strong>et</strong></span> <span class='ocrx_word' id='word_1_553' title='bbox 2758 3087 2941 3135; x_wconf 87' lang='lat' dir='ltr'><strong>nostra</strong></span> <span class='ocrx_word' id='word_1_554' title='bbox 2961 3085 3258 3152; x_wconf 83' lang='lat' dir='ltr'><strong>apostolica</strong></span> <span class='ocrx_word' id='word_1_555' title='bbox 3281 3099 3470 3146; x_wconf 88' lang='lat' dir='ltr'><strong>aucto-</strong></span> 
     </span>
    </p>
   </div>
   <div class='ocr_carea' id='block_1_87' title="bbox 1903 3152 3465 3242">
    <p class='ocr_par' dir='ltr' id='par_1_87' title="bbox 1903 3152 3465 3242">
     <span class='ocr_line' id='line_1_88' title="bbox 1903 3152 3465 3242; baseline 0.02 -36"><span class='ocrx_word' id='word_1_556' title='bbox 1903 3152 2060 3208; x_wconf 83' lang='lat' dir='ltr'><strong>ritate</strong></span> <span class='ocrx_word' id='word_1_557' title='bbox 2087 3155 2502 3215; x_wconf 87' lang='lat' dir='ltr'><strong>corroboramus</strong></span> <span class='ocrx_word' id='word_1_558' title='bbox 2521 3165 2698 3219; x_wconf 91' lang='lat' dir='ltr'><strong>omnia</strong></span> <span class='ocrx_word' id='word_1_559' title='bbox 2729 3181 3062 3242; x_wconf 68' lang='lat' dir='ltr'><strong>quaecunque</strong></span> <span class='ocrx_word' id='word_1_560' title='bbox 3090 3177 3367 3234; x_wconf 89' lang='lat' dir='ltr'><strong>canonicis</strong></span> <span class='ocrx_word' id='word_1_561' title='bbox 3404 3182 3465 3237; x_wconf 89' lang='lat' dir='ltr'><strong>S.</strong></span> 
     </span>
    </p>
   </div>
   <div class='ocr_carea' id='block_1_88' title="bbox 1900 3243 3472 3330">
    <p class='ocr_par' dir='ltr' id='par_1_88' title="bbox 1900 3243 3472 3330">
     <span class='ocr_line' id='line_1_89' title="bbox 1900 3243 3472 3330; baseline 0.019 -34"><span class='ocrx_word' id='word_1_562' title='bbox 1900 3243 2139 3300; x_wconf 71' lang='lat' dir='ltr'><strong>Aretina:</strong></span> <span class='ocrx_word' id='word_1_563' title='bbox 2173 3247 2426 3304; x_wconf 84' lang='lat' dir='ltr'><strong>Ecclesiae</strong></span> <span class='ocrx_word' id='word_1_564' title='bbox 2455 3251 2601 3321; x_wconf 90' lang='lat' dir='ltr'><strong>juste</strong></span> <span class='ocrx_word' id='word_1_565' title='bbox 2628 3255 2752 3310; x_wconf 88' lang='lat' dir='ltr'><strong>data</strong></span> <span class='ocrx_word' id='word_1_566' title='bbox 2779 3267 2834 3313; x_wconf 90' lang='lat' dir='ltr'><strong>et</strong></span> <span class='ocrx_word' id='word_1_567' title='bbox 2857 3258 3098 3330; x_wconf 84' lang='lat' dir='ltr'><strong>legaliter</strong></span> <span class='ocrx_word' id='word_1_568' title='bbox 3117 3265 3316 3324; x_wconf 89' lang='lat' dir='ltr'><strong>collata</strong></span> <span class='ocrx_word' id='word_1_569' title='bbox 3346 3281 3472 3326; x_wconf 84' lang='lat' dir='ltr'><strong>sunt</strong></span> 
     </span>
    </p>
   </div>
   <div class='ocr_carea' id='block_1_89' title="bbox 1899 3331 3468 3426">
    <p class='ocr_par' dir='ltr' id='par_1_89' title="bbox 1899 3331 3468 3426">
     <span class='ocr_line' id='line_1_90' title="bbox 1899 3331 3468 3426; baseline 0.02 -42"><span class='ocrx_word' id='word_1_570' title='bbox 1899 3331 2013 3387; x_wconf 84' lang='lat' dir='ltr'><strong>sive</strong></span> <span class='ocrx_word' id='word_1_571' title='bbox 2033 3347 2061 3386; x_wconf 91' lang='lat' dir='ltr'><strong>a</strong></span> <span class='ocrx_word' id='word_1_572' title='bbox 2084 3334 2319 3405; x_wconf 88' lang='lat' dir='ltr'><strong>regibus,</strong></span> <span class='ocrx_word' id='word_1_573' title='bbox 2344 3338 2456 3394; x_wconf 88' lang='lat' dir='ltr'><strong>sive</strong></span> <span class='ocrx_word' id='word_1_574' title='bbox 2475 3356 2508 3394; x_wconf 88' lang='lat' dir='ltr'><strong>a</strong></span> <span class='ocrx_word' id='word_1_575' title='bbox 2535 3345 2850 3412; x_wconf 72' lang='lat' dir='ltr'><strong>praesulibus</strong></span> <span class='ocrx_word' id='word_1_576' title='bbox 2863 3348 2921 3405; x_wconf 91' lang='lat' dir='ltr'><strong>S.</strong></span> <span class='ocrx_word' id='word_1_577' title='bbox 2944 3351 3177 3410; x_wconf 73' lang='lat' dir='ltr'><strong>Aretinte</strong></span> <span class='ocrx_word' id='word_1_578' title='bbox 3201 3357 3468 3426; x_wconf 69' lang='lat' dir='ltr'><strong>ecclesiae,</strong></span> 
     </span>
    </p>
   </div>
   <div class='ocr_carea' id='block_1_90' title="bbox 1897 3423 3462 3508">
    <p class='ocr_par' dir='ltr' id='par_1_90' title="bbox 1897 3423 3462 3508">
     <span class='ocr_line' id='line_1_91' title="bbox 1897 3423 3462 3508; baseline 0.019 -31"><span class='ocrx_word' id='word_1_579' title='bbox 1897 3423 2012 3477; x_wconf 89' lang='lat' dir='ltr'><strong>sive</strong></span> <span class='ocrx_word' id='word_1_580' title='bbox 2073 3426 2238 3481; x_wconf 91' lang='lat' dir='ltr'><strong>etiam</strong></span> <span class='ocrx_word' id='word_1_581' title='bbox 2295 3430 2362 3486; x_wconf 87' lang='lat' dir='ltr'><strong>ab</strong></span> <span class='ocrx_word' id='word_1_582' title='bbox 2414 3432 2683 3504; x_wconf 77' lang='lat' dir='ltr'><strong>aliquibus</strong></span> <span class='ocrx_word' id='word_1_583' title='bbox 2729 3437 2786 3493; x_wconf 91' lang='lat' dir='ltr'><strong>s.</strong></span> <span class='ocrx_word' id='word_1_584' title='bbox 2830 3440 2926 3497; x_wconf 90' lang='lat' dir='ltr'><strong>Dei</strong></span> <span class='ocrx_word' id='word_1_585' title='bbox 2975 3442 3229 3504; x_wconf 70' lang='lat' dir='ltr'><strong>Ecclesia:</strong></span> <span class='ocrx_word' id='word_1_586' title='bbox 3286 3423 3462 3508; x_wconf 41' lang='lat' dir='ltr'><strong>ﬁdeli;</strong></span> 
     </span>
    </p>
   </div>
   <div class='ocr_carea' id='block_1_91' title="bbox 1896 3511 3468 3602">
    <p class='ocr_par' dir='ltr' id='par_1_91' title="bbox 1896 3511 3468 3602">
     <span class='ocr_line' id='line_1_92' title="bbox 1896 3511 3468 3602; baseline 0.022 -37"><span class='ocrx_word' id='word_1_587' title='bbox 1896 3511 1998 3567; x_wconf 90' lang='lat' dir='ltr'><strong>bus</strong></span> <span class='ocrx_word' id='word_1_588' title='bbox 2027 3529 2126 3583; x_wconf 89' lang='lat' dir='ltr'><strong>pro</strong></span> <span class='ocrx_word' id='word_1_589' title='bbox 2152 3518 2519 3590; x_wconf 88' lang='lat' dir='ltr'><strong>redemptione</strong></span> <span class='ocrx_word' id='word_1_590' title='bbox 2575 3529 2876 3588; x_wconf 89' lang='lat' dir='ltr'><strong>animarum</strong></span> <span class='ocrx_word' id='word_1_591' title='bbox 2929 3549 3148 3594; x_wconf 89' lang='lat' dir='ltr'><strong>suarum</strong></span> <span class='ocrx_word' id='word_1_592' title='bbox 3211 3555 3468 3602; x_wconf 87' lang='lat' dir='ltr'><strong>concessa</strong></span> 
     </span>
    </p>
   </div>
   <div class='ocr_carea' id='block_1_92' title="bbox 1897 3613 2041 3658">
    <p class='ocr_par' dir='ltr' id='par_1_92' title="bbox 1897 3613 2041 3658">
     <span class='ocr_line' id='line_1_93' title="bbox 1897 3613 2041 3658; baseline 0 -2"><span class='ocrx_word' id='word_1_593' title='bbox 1897 3613 2041 3658; x_wconf 91' lang='lat' dir='ltr'><strong>sunt.</strong></span> 
     </span>
    </p>
   </div>
   <div class='ocr_carea' id='block_1_93' title="bbox 1965 3717 3461 3802">
    <p class='ocr_par' dir='ltr' id='par_1_93' title="bbox 1965 3717 3461 3802">
     <span class='ocr_line' id='line_1_94' title="bbox 1965 3717 3461 3802; baseline 0.019 -29"><span class='ocrx_word' id='word_1_594' title='bbox 1965 3717 2023 3774; x_wconf 90' lang='lat' dir='ltr'><strong>Si</strong></span> <span class='ocrx_word' id='word_1_595' title='bbox 2055 3721 2177 3790; x_wconf 83' lang='lat' dir='ltr'><strong>quis</strong></span> <span class='ocrx_word' id='word_1_596' title='bbox 2217 3739 2344 3782; x_wconf 88' lang='lat' dir='ltr'><strong>vero</strong></span> <span class='ocrx_word' id='word_1_597' title='bbox 2390 3728 2644 3800; x_wconf 86' lang='lat' dir='ltr'><strong>deinceps</strong></span> <span class='ocrx_word' id='word_1_598' title='bbox 2672 3733 2723 3785; x_wconf 82' lang='lat' dir='ltr'><strong>in</strong></span> <span class='ocrx_word' id='word_1_599' title='bbox 2759 3736 3004 3792; x_wconf 89' lang='lat' dir='ltr'><strong>eamdem</strong></span> <span class='ocrx_word' id='word_1_600' title='bbox 3051 3743 3362 3800; x_wconf 88' lang='lat' dir='ltr'><strong>canonicam</strong></span> <span class='ocrx_word' id='word_1_601' title='bbox 3405 3749 3461 3802; x_wconf 87' lang='grc' dir='ltr'><strong>Β.</strong></span> 
     </span>
    </p>
   </div>
   <div class='ocr_carea' id='block_1_94' title="bbox 1896 3804 3466 3904">
    <p class='ocr_par' dir='ltr' id='par_1_94' title="bbox 1896 3804 3466 3904">
     <span class='ocr_line' id='line_1_95' title="bbox 1896 3804 3466 3904; baseline 0.021 -44"><span class='ocrx_word' id='word_1_602' title='bbox 1896 3804 2087 3864; x_wconf 90' lang='lat' dir='ltr'><strong>Donati</strong></span> <span class='ocrx_word' id='word_1_603' title='bbox 2112 3810 2318 3868; x_wconf 78' lang='lat' dir='ltr'><strong>Aretini</strong></span> <span class='ocrx_word' id='word_1_604' title='bbox 2342 3817 2576 3885; x_wconf 88' lang='lat' dir='ltr'><strong>epise0pi</strong></span> <span class='ocrx_word' id='word_1_605' title='bbox 2601 3830 2655 3874; x_wconf 90' lang='lat' dir='ltr'><strong>et</strong></span> <span class='ocrx_word' id='word_1_606' title='bbox 2681 3826 2937 3895; x_wconf 86' lang='lat' dir='ltr'><strong>martyris</strong></span> <span class='ocrx_word' id='word_1_607' title='bbox 2959 3828 3025 3884; x_wconf 90' lang='lat' dir='ltr'><strong>de</strong></span> <span class='ocrx_word' id='word_1_608' title='bbox 3047 3831 3208 3888; x_wconf 87' lang='lat' dir='ltr'><strong>rebus</strong></span> <span class='ocrx_word' id='word_1_609' title='bbox 3229 3838 3466 3904; x_wconf 77' lang='lat' dir='ltr'><strong>propriis</strong></span> 
     </span>
    </p>
   </div>
   <div class='ocr_carea' id='block_1_95' title="bbox 1893 3896 3464 3983">
    <p class='ocr_par' dir='ltr' id='par_1_95' title="bbox 1893 3896 3464 3983">
     <span class='ocr_line' id='line_1_96' title="bbox 1893 3896 3464 3983; baseline 0.022 -34"><span class='ocrx_word' id='word_1_610' title='bbox 1893 3896 2094 3966; x_wconf 88' lang='lat' dir='ltr'><strong>aliquid</strong></span> <span class='ocrx_word' id='word_1_611' title='bbox 2125 3903 2375 3959; x_wconf 88' lang='lat' dir='ltr'><strong>conferre</strong></span> <span class='ocrx_word' id='word_1_612' title='bbox 2415 3908 2662 3972; x_wconf 88' lang='lat' dir='ltr'><strong>voluerit,</strong></span> <span class='ocrx_word' id='word_1_613' title='bbox 2700 3921 2807 3968; x_wconf 89' lang='lat' dir='ltr'><strong>tam</strong></span> <span class='ocrx_word' id='word_1_614' title='bbox 2838 3915 2892 3969; x_wconf 90' lang='lat' dir='ltr'><strong>in</strong></span> <span class='ocrx_word' id='word_1_615' title='bbox 2934 3925 3195 3977; x_wconf 81' lang='lat' dir='ltr'><strong>comitatu</strong></span> <span class='ocrx_word' id='word_1_616' title='bbox 3229 3896 3464 3983; x_wconf 45' lang='lat' dir='ltr'><strong>llas-tello</strong></span> 
     </span>
    </p>
   </div>
   <div class='ocr_carea' id='block_1_96' title="bbox 1895 3991 3464 4073">
    <p class='ocr_par' dir='ltr' id='par_1_96' title="bbox 1895 3991 3464 4073">
     <span class='ocr_line' id='line_1_97' title="bbox 1895 3991 3464 4073; baseline 0.021 -32"><span class='ocrx_word' id='word_1_617' title='bbox 1895 3999 2054 4056; x_wconf 88' lang='lat' dir='ltr'><strong>quam</strong></span> <span class='ocrx_word' id='word_1_618' title='bbox 2081 3991 2132 4046; x_wconf 92' lang='lat' dir='ltr'><strong>in</strong></span> <span class='ocrx_word' id='word_1_619' title='bbox 2164 3994 2434 4063; x_wconf 85' lang='lat' dir='ltr'><strong>aliquibus</strong></span> <span class='ocrx_word' id='word_1_620' title='bbox 2463 3998 2584 4054; x_wconf 89' lang='lat' dir='ltr'><strong>aliis</strong></span> <span class='ocrx_word' id='word_1_621' title='bbox 2611 4001 2765 4068; x_wconf 90' lang='lat' dir='ltr'><strong>locis,</strong></span> <span class='ocrx_word' id='word_1_622' title='bbox 2818 4015 3002 4063; x_wconf 89' lang='lat' dir='ltr'><strong>nostra</strong></span> <span class='ocrx_word' id='word_1_623' title='bbox 3035 4010 3203 4070; x_wconf 84' lang='lat' dir='ltr'><strong>fultus</strong></span> <span class='ocrx_word' id='word_1_624' title='bbox 3227 4020 3464 4073; x_wconf 83' lang='lat' dir='ltr'><strong>auctori-</strong></span> 
     </span>
    </p>
   </div>
   <div class='ocr_carea' id='block_1_97' title="bbox 1894 4081 3463 4163">
    <p class='ocr_par' dir='ltr' id='par_1_97' title="bbox 1894 4081 3463 4163">
     <span class='ocr_line' id='line_1_98' title="bbox 1894 4081 3463 4163; baseline 0.021 -31"><span class='ocrx_word' id='word_1_625' title='bbox 1894 4089 2022 4146; x_wconf 89' lang='lat' dir='ltr'><strong>tate,</strong></span> <span class='ocrx_word' id='word_1_626' title='bbox 2051 4081 2326 4139; x_wconf 87' lang='lat' dir='ltr'><strong>licentiam</strong></span> <span class='ocrx_word' id='word_1_627' title='bbox 2353 4089 2512 4142; x_wconf 86' lang='lat' dir='ltr'><strong>dandi</strong></span> <span class='ocrx_word' id='word_1_628' title='bbox 2537 4099 2591 4145; x_wconf 91' lang='lat' dir='ltr'><strong>et</strong></span> <span class='ocrx_word' id='word_1_629' title='bbox 2619 4107 2718 4160; x_wconf 91' lang='lat' dir='ltr'><strong>pro</strong></span> <span class='ocrx_word' id='word_1_630' title='bbox 2743 4099 2983 4154; x_wconf 89' lang='lat' dir='ltr'><strong>remedio</strong></span> <span class='ocrx_word' id='word_1_631' title='bbox 3011 4102 3206 4160; x_wconf 62' lang='lat' dir='ltr'><strong>animae</strong></span> <span class='ocrx_word' id='word_1_632' title='bbox 3219 4121 3332 4162; x_wconf 66' lang='lat' dir='ltr'><strong>sum</strong></span> <span class='ocrx_word' id='word_1_633' title='bbox 3355 4109 3463 4163; x_wconf 85' lang='lat' dir='ltr'><strong>lar-</strong></span> 
     </span>
    </p>
   </div>
   <div class='ocr_carea' id='block_1_98' title="bbox 1891 4168 3464 4258">
    <p class='ocr_par' dir='ltr' id='par_1_98' title="bbox 1891 4168 3464 4258">
     <span class='ocr_line' id='line_1_99' title="bbox 1891 4168 3464 4258; baseline 0.024 -40"><span class='ocrx_word' id='word_1_634' title='bbox 1891 4168 2068 4236; x_wconf 87' lang='lat' dir='ltr'><strong>giendi</strong></span> <span class='ocrx_word' id='word_1_635' title='bbox 2095 4171 2154 4224; x_wconf 88' lang='lat' dir='ltr'><strong>B.</strong></span> <span class='ocrx_word' id='word_1_636' title='bbox 2196 4171 2420 4240; x_wconf 88' lang='lat' dir='ltr'><strong>Donato,</strong></span> <span class='ocrx_word' id='word_1_637' title='bbox 2446 4178 2510 4232; x_wconf 86' lang='lat' dir='ltr'><strong>ad</strong></span> <span class='ocrx_word' id='word_1_638' title='bbox 2535 4196 2686 4236; x_wconf 89' lang='lat' dir='ltr'><strong>usum</strong></span> <span class='ocrx_word' id='word_1_639' title='bbox 2714 4195 2768 4238; x_wconf 90' lang='lat' dir='ltr'><strong>et</strong></span> <span class='ocrx_word' id='word_1_640' title='bbox 2796 4198 3066 4258; x_wconf 90' lang='lat' dir='ltr'><strong>sumptum</strong></span> <span class='ocrx_word' id='word_1_641' title='bbox 3099 4193 3325 4252; x_wconf 84' lang='lat' dir='ltr'><strong>fratrum</strong></span> <span class='ocrx_word' id='word_1_642' title='bbox 3371 4215 3464 4255; x_wconf 88' lang='lat' dir='ltr'><strong>ca-</strong></span> 
     </span>
    </p>
   </div>
   <div class='ocr_carea' id='block_1_99' title="bbox 1892 4259 3456 4356">
    <p class='ocr_par' dir='ltr' id='par_1_99' title="bbox 1892 4259 3456 4356">
     <span class='ocr_line' id='line_1_100' title="bbox 1892 4259 3456 4356; baseline 0.024 -47"><span class='ocrx_word' id='word_1_643' title='bbox 1892 4259 2205 4315; x_wconf 91' lang='lat' dir='ltr'><strong>nonicorum</strong></span> <span class='ocrx_word' id='word_1_644' title='bbox 2221 4264 2272 4317; x_wconf 92' lang='lat' dir='ltr'><strong>in</strong></span> <span class='ocrx_word' id='word_1_645' title='bbox 2288 4267 2472 4320; x_wconf 87' lang='lat' dir='ltr'><strong>eadem</strong></span> <span class='ocrx_word' id='word_1_646' title='bbox 2489 4269 2546 4323; x_wconf 86' lang='grc' dir='ltr'><strong>Β.</strong></span> <span class='ocrx_word' id='word_1_647' title='bbox 2561 4271 2753 4329; x_wconf 90' lang='lat' dir='ltr'><strong>Donati</strong></span> <span class='ocrx_word' id='word_1_648' title='bbox 2780 4281 3037 4336; x_wconf 87' lang='lat' dir='ltr'><strong>canonica</strong></span> <span class='ocrx_word' id='word_1_649' title='bbox 3060 4283 3456 4356; x_wconf 87' lang='lat' dir='ltr'><strong>famulantium,</strong></span> 
     </span>
    </p>
   </div>
   <div class='ocr_carea' id='block_1_100' title="bbox 1889 4347 3454 4436">
    <p class='ocr_par' dir='ltr' id='par_1_100' title="bbox 1889 4347 3454 4436">
     <span class='ocr_line' id='line_1_101' title="bbox 1889 4347 3454 4436; baseline 0.023 -38"><span class='ocrx_word' id='word_1_650' title='bbox 1889 4347 2006 4401; x_wconf 89' lang='lat' dir='ltr'><strong>sine</strong></span> <span class='ocrx_word' id='word_1_651' title='bbox 2034 4349 2261 4421; x_wconf 88' lang='lat' dir='ltr'><strong>alicujus</strong></span> <span class='ocrx_word' id='word_1_652' title='bbox 2291 4370 2497 4426; x_wconf 70' lang='lat' dir='ltr'><strong>magna:</strong></span> <span class='ocrx_word' id='word_1_653' title='bbox 2528 4376 2814 4433; x_wconf 75' lang='lat' dir='ltr'><strong>parvaeque</strong></span> <span class='ocrx_word' id='word_1_654' title='bbox 2861 4382 3108 4436; x_wconf 66' lang='lat' dir='ltr'><strong>persona:</strong></span> <span class='ocrx_word' id='word_1_655' title='bbox 3162 4375 3454 4434; x_wconf 79' lang='lat' dir='ltr'><strong>interdicto</strong></span> 
     </span>
    </p>
   </div>
   <div class='ocr_carea' id='block_1_101' title="bbox 1891 4435 3456 4528">
    <p class='ocr_par' dir='ltr' id='par_1_101' title="bbox 1891 4435 3456 4528">
     <span class='ocr_line' id='line_1_102' title="bbox 1891 4435 3456 4528; baseline 0.021 -38"><span class='ocrx_word' id='word_1_656' title='bbox 1891 4435 2155 4512; x_wconf 87' lang='lat' dir='ltr'><strong>[habeat],</strong></span> <span class='ocrx_word' id='word_1_657' title='bbox 2176 4442 2396 4513; x_wconf 90' lang='lat' dir='ltr'><strong>ipsaque</strong></span> <span class='ocrx_word' id='word_1_658' title='bbox 2415 4448 2757 4508; x_wconf 86' lang='lat' dir='ltr'><strong>donatiosive</strong></span> <span class='ocrx_word' id='word_1_659' title='bbox 2786 4435 3000 4528; x_wconf 84' lang='lat' dir='ltr'><strong>largitio</strong></span> <span class='ocrx_word' id='word_1_660' title='bbox 3022 4464 3090 4517; x_wconf 88' lang='lat' dir='ltr'><strong>ab</strong></span> <span class='ocrx_word' id='word_1_661' title='bbox 3116 4468 3262 4520; x_wconf 92' lang='lat' dir='ltr'><strong>omni</strong></span> <span class='ocrx_word' id='word_1_662' title='bbox 3289 4467 3456 4523; x_wconf 85' lang='lat' dir='ltr'><strong>ﬁscali</strong></span> 
     </span>
    </p>
   </div>
   <div class='ocr_carea' id='block_1_102' title="bbox 1890 4529 3477 4625">
    <p class='ocr_par' dir='ltr' id='par_1_102' title="bbox 1890 4529 3477 4625">
     <span class='ocr_line' id='line_1_103' title="bbox 1890 4529 3477 4625; baseline 0.021 -45"><span class='ocrx_word' id='word_1_663' title='bbox 1890 4529 2142 4586; x_wconf 66' lang='lat' dir='ltr'><strong>illaasione</strong></span> <span class='ocrx_word' id='word_1_664' title='bbox 2168 4546 2425 4604; x_wconf 89' lang='lat' dir='ltr'><strong>perpetuo</strong></span> <span class='ocrx_word' id='word_1_665' title='bbox 2452 4553 2667 4599; x_wconf 90' lang='lat' dir='ltr'><strong>maneat</strong></span> <span class='ocrx_word' id='word_1_666' title='bbox 2700 4547 2966 4605; x_wconf 90' lang='lat' dir='ltr'><strong>absoluta.</strong></span> <span class='ocrx_word' id='word_1_667' title='bbox 2990 4551 3306 4625; x_wconf 89' lang='lat' dir='ltr'><strong>Quicunque</strong></span> <span class='ocrx_word' id='word_1_668' title='bbox 3330 4574 3477 4614; x_wconf 41' lang='lat' dir='ltr'><strong>vero.</strong></span> 
     </span>
    </p>
   </div>
   <div class='ocr_carea' id='block_1_103' title="bbox 1889 4617 3455 4711">
    <p class='ocr_par' dir='ltr' id='par_1_103' title="bbox 1889 4617 3455 4711">
     <span class='ocr_line' id='line_1_104' title="bbox 1889 4617 3455 4711; baseline 0.018 -39"><span class='ocrx_word' id='word_1_669' title='bbox 1889 4617 2046 4687; x_wconf 84' lang='lat' dir='ltr'><strong>hujus</strong></span> <span class='ocrx_word' id='word_1_670' title='bbox 2075 4633 2272 4679; x_wconf 75' lang='lat' dir='ltr'><strong>nostra:</strong></span> <span class='ocrx_word' id='word_1_671' title='bbox 2303 4629 2730 4690; x_wconf 90' lang='lat' dir='ltr'><strong>conﬁrmationis</strong></span> <span class='ocrx_word' id='word_1_672' title='bbox 2754 4631 2848 4692; x_wconf 86' lang='lat' dir='ltr'><strong>seu</strong></span> <span class='ocrx_word' id='word_1_673' title='bbox 2894 4640 3200 4711; x_wconf 85' lang='lat' dir='ltr'><strong>largitionis</strong></span> <span class='ocrx_word' id='word_1_674' title='bbox 3225 4649 3455 4702; x_wconf 88' lang='lat' dir='ltr'><strong>violator</strong></span> 
     </span>
    </p>
   </div>
   <div class='ocr_carea' id='block_1_104' title="bbox 1887 4711 3456 4790">
    <p class='ocr_par' dir='ltr' id='par_1_104' title="bbox 1887 4711 3456 4790">
     <span class='ocr_line' id='line_1_105' title="bbox 1887 4711 3456 4790; baseline 0.02 -31"><span class='ocrx_word' id='word_1_675' title='bbox 1887 4711 2176 4776; x_wconf 76' lang='lat' dir='ltr'><strong>exstiterit,</strong></span> <span class='ocrx_word' id='word_1_676' title='bbox 2210 4725 2391 4770; x_wconf 91' lang='lat' dir='ltr'><strong>nostra</strong></span> <span class='ocrx_word' id='word_1_677' title='bbox 2420 4723 2713 4788; x_wconf 88' lang='lat' dir='ltr'><strong>apostolica</strong></span> <span class='ocrx_word' id='word_1_678' title='bbox 2739 4728 3060 4785; x_wconf 83' lang='lat' dir='ltr'><strong>auctoritate</strong></span> <span class='ocrx_word' id='word_1_679' title='bbox 3087 4737 3456 4790; x_wconf 80' lang='lat' dir='ltr'><strong>excommuni-</strong></span> 
     </span>
    </p>
   </div>
   <div class='ocr_carea' id='block_1_105' title="bbox 1885 4806 3188 4885">
    <p class='ocr_par' dir='ltr' id='par_1_105' title="bbox 1885 4806 3188 4885">
     <span class='ocr_line' id='line_1_106' title="bbox 1885 4806 3188 4885; baseline 0.022 -35"><span class='ocrx_word' id='word_1_680' title='bbox 1885 4809 2056 4865; x_wconf 90' lang='lat' dir='ltr'><strong>catns,</strong></span> <span class='ocrx_word' id='word_1_681' title='bbox 2085 4806 2325 4873; x_wconf 86' lang='lat' dir='ltr'><strong>perpetui</strong></span> <span class='ocrx_word' id='word_1_682' title='bbox 2370 4812 2726 4868; x_wconf 88' lang='lat' dir='ltr'><strong>anatliematis</strong></span> <span class='ocrx_word' id='word_1_683' title='bbox 2750 4815 2932 4885; x_wconf 90' lang='lat' dir='ltr'><strong>jaculo</strong></span> <span class='ocrx_word' id='word_1_684' title='bbox 2958 4819 3188 4878; x_wconf 84' lang='lat' dir='ltr'><strong>feriatur</strong></span> 
     </span>
    </p>
   </div>
   <div class='ocr_carea' id='block_1_106' title="bbox 1955 4889 3455 4973">
    <p class='ocr_par' dir='ltr' id='par_1_106' title="bbox 1955 4889 3455 4973">
     <span class='ocr_line' id='line_1_107' title="bbox 1955 4889 3455 4973; baseline 0.02 -30"><span class='ocrx_word' id='word_1_685' title='bbox 1955 4889 2226 4962; x_wconf 87' lang='lat' dir='ltr'><strong>Scriptum</strong></span> <span class='ocrx_word' id='word_1_686' title='bbox 2252 4909 2349 4961; x_wconf 89' lang='lat' dir='ltr'><strong>per</strong></span> <span class='ocrx_word' id='word_1_687' title='bbox 2377 4913 2568 4956; x_wconf 90' lang='lat' dir='ltr'><strong>manus</strong></span> <span class='ocrx_word' id='word_1_688' title='bbox 2590 4902 2835 4972; x_wconf 84' lang='lat' dir='ltr'><strong>Gregorii</strong></span> <span class='ocrx_word' id='word_1_689' title='bbox 2865 4912 3060 4966; x_wconf 90' lang='lat' dir='ltr'><strong>notarii</strong></span> <span class='ocrx_word' id='word_1_690' title='bbox 3089 4923 3143 4969; x_wconf 91' lang='lat' dir='ltr'><strong>et</strong></span> <span class='ocrx_word' id='word_1_691' title='bbox 3165 4919 3455 4973; x_wconf 88' lang='lat' dir='ltr'><strong>camerarii</strong></span> 
     </span>
    </p>
   </div>
   <div class='ocr_carea' id='block_1_107' title="bbox 1884 4974 3433 5068">
    <p class='ocr_par' dir='ltr' id='par_1_107' title="bbox 1884 4974 3433 5068">
     <span class='ocr_line' id='line_1_108' title="bbox 1884 4974 3433 5068; baseline 0.02 -40"><span class='ocrx_word' id='word_1_692' title='bbox 1884 4974 1941 5029; x_wconf 91' lang='lat' dir='ltr'><strong>S.</strong></span> <span class='ocrx_word' id='word_1_693' title='bbox 1973 4982 2282 5050; x_wconf 75' lang='lat' dir='ltr'><strong>apostolica:</strong></span> <span class='ocrx_word' id='word_1_694' title='bbox 2322 4985 2484 5050; x_wconf 86' lang='lat' dir='ltr'><strong>sedis,</strong></span> <span class='ocrx_word' id='word_1_695' title='bbox 2543 4991 2594 5044; x_wconf 91' lang='lat' dir='ltr'><strong>in</strong></span> <span class='ocrx_word' id='word_1_696' title='bbox 2625 5006 2810 5048; x_wconf 89' lang='lat' dir='ltr'><strong>mense</strong></span> <span class='ocrx_word' id='word_1_697' title='bbox 2849 4995 3197 5068; x_wconf 80' lang='lat' dir='ltr'><strong>Novembris,</strong></span> <span class='ocrx_word' id='word_1_698' title='bbox 3225 5003 3314 5056; x_wconf 86' lang='lat' dir='ltr'><strong>die</strong></span> <span class='ocrx_word' id='word_1_699' title='bbox 3343 5019 3433 5059; x_wconf 68' lang='lat' dir='ltr'><strong>XI!</strong></span> 
     </span>
    </p>
   </div>
   <div class='ocr_carea' id='block_1_108' title="bbox 1882 5067 2079 5128">
    <p class='ocr_par' dir='ltr' id='par_1_108' title="bbox 1882 5067 2079 5128">
     <span class='ocr_line' id='line_1_109' title="bbox 1882 5067 2079 5128; baseline 0.036 -7"><span class='ocrx_word' id='word_1_700' title='bbox 1882 5067 1991 5124; x_wconf 89' lang='lat' dir='ltr'><strong>ind.</strong></span> <span class='ocrx_word' id='word_1_701' title='bbox 2024 5088 2079 5128; x_wconf 89' lang='lat' dir='ltr'><strong>tt.</strong></span> 
     </span>
    </p>
   </div>
   <div class='ocr_carea' id='block_1_109' title="bbox 1951 5161 3473 5248">
    <p class='ocr_par' dir='ltr' id='par_1_109' title="bbox 1951 5161 3473 5248">
     <span class='ocr_line' id='line_1_110' title="bbox 1951 5161 3473 5248; baseline 0.021 -35"><span class='ocrx_word' id='word_1_702' title='bbox 1951 5161 2141 5219; x_wconf 80' lang='lat' dir='ltr'><strong>Datum</strong></span> <span class='ocrx_word' id='word_1_703' title='bbox 2169 5164 2373 5231; x_wconf 71' lang='lat' dir='ltr'><strong>Romae,</strong></span> <span class='ocrx_word' id='word_1_704' title='bbox 2399 5182 2430 5220; x_wconf 74' lang='grc' dir='ltr'>ι</span> <span class='ocrx_word' id='word_1_705' title='bbox 2452 5167 2570 5224; x_wconf 86' lang='lat' dir='ltr'><strong>Kal.</strong></span> <span class='ocrx_word' id='word_1_706' title='bbox 2598 5172 2928 5240; x_wconf 81' lang='lat' dir='ltr'><strong>Decembris,</strong></span> <span class='ocrx_word' id='word_1_707' title='bbox 2955 5193 3058 5248; x_wconf 85' lang='lat' dir='ltr'><strong>per</strong></span> <span class='ocrx_word' id='word_1_708' title='bbox 3081 5197 3272 5240; x_wconf 88' lang='lat' dir='ltr'><strong>manus</strong></span> <span class='ocrx_word' id='word_1_709' title='bbox 3294 5183 3473 5245; x_wconf 64' lang='lat' dir='ltr'><strong>llum.</strong></span> 
     </span>
    </p>
   </div>
   <div class='ocr_carea' id='block_1_110' title="bbox 1879 5249 3456 5296">
    <p class='ocr_par' dir='ltr' id='par_1_110' title="bbox 1879 5249 3456 5296">
     <span class='ocr_line' id='line_1_111' title="bbox 1879 5249 3456 5296; baseline 0 0"><span class='ocrx_word' id='word_1_710' title='bbox 1879 5249 2015 5296; x_wconf 68' lang='lat' dir='ltr'><strong>her-ti</strong></span> <span class='ocrx_word' id='word_1_711' title='bbox 2046 5256 2174 5296; x_wconf 66' lang='lat' dir='ltr'><strong>alit-li</strong></span> <span class='ocrx_word' id='word_1_712' title='bbox 2203 5256 2438 5296; x_wconf 62' lang='lat' dir='ltr'><strong>anicnnni</strong></span> <span class='ocrx_word' id='word_1_713' title='bbox 2477 5258 2540 5296; x_wconf 62' lang='grc' dir='ltr'>[ς</span> <span class='ocrx_word' id='word_1_714' title='bbox 2589 5263 2863 5296; x_wconf 68' lang='grc' dir='ltr'><strong>ΙὶήοΙΑοῖηηΊ</strong></span> <span class='ocrx_word' id='word_1_715' title='bbox 2894 5266 3051 5296; x_wconf 58' lang='grc' dir='ltr'><strong>αξη...</strong></span> <span class='ocrx_word' id='word_1_716' title='bbox 3081 5276 3187 5296; x_wconf 52' lang='lat' dir='ltr'><strong>ru-</strong></span> <span class='ocrx_word' id='word_1_717' title='bbox 3207 5275 3249 5296; x_wconf 30' lang='lat' dir='ltr'><strong>et:</strong></span> <span class='ocrx_word' id='word_1_718' title='bbox 3275 5276 3332 5296; x_wconf 62' lang='lat'><strong>1..</strong></span> <span class='ocrx_word' id='word_1_719' title='bbox 3418 5293 3425 5295; x_wconf 22' lang='grc' dir='ltr'>ξ</span> <span class='ocrx_word' id='word_1_720' title='bbox 3448 5293 3456 5296; x_wconf 89' lang='grc'><strong>-</strong></span> 
     </span>
    </p>
   </div>
  </div>
