4020 5392
567 357 674 414 κῖδ

1332 469 1398 524 V.

572 585 866 655 Stephanus
894 577 944 636 X
972 580 1318 655 episcopatus.
1343 576 1664 655 Marsorum,
1692 590 1724 628 α
1765 573 1964 655 Victore
2006 573 2067 626 Il
2094 574 2150 626 in

639 645 915 724 pristinum
953 645 1150 724 uolunt
1199 647 1442 724 restituti,
1494 645 1630 724 ﬁnes
1675 646 2144 713 possessionesque,

639 714 836 792 petente
863 717 1177 787 l’andulplto
1206 718 1462 786 episcopo,
1493 714 1792 782 conﬁrmat.

1152 805 1350 876 (Anno.
1383 802 1540 873 1057)

882 894 1166 968 [Ucrusz
1209 893 1369 948 Italia
1401 893 1592 955 Sacra,
1619 890 1660 956 Ι,
1693 887 1846 962 889.]

649 1009 963 1068 STIPIANDS
984 1007 1288 1080 episcopus,
1348 1018 1534 1061 servus
1562 1017 1837 1058 servorum
1867 1001 1980 1064 Dei,
2020 999 2150 1056 dileé

574 1112 666 1159 cto
694 1100 956 1158 confratri
1003 1107 1054 1154 et
1080 1097 1397 1167 coepiscOpo
1443 1095 1785 1158 PANDULPHO,
1838 1093 2152 1160 ueterisque

581 1191 984 1249 successoribus
1029 1187 1297 1257 episcopis
1348 1187 1402 1240 in
1450 1184 1511 1240 S.
1547 1184 1857 1240 'Marsicana
1911 1181 2149 1238 Ecclesia

575 1280 837 1338 canonice
865 1277 1244 1350 promovendis
1275 1275 1326 1330 iu
1356 1283 1698 1346 perpetuum.

647 1369 707 1426 In
739 1367 955 1438 specula
985 1366 1044 1423 S.
1069 1377 1128 1422 et
1158 1364 1482 1422 universalis
1511 1365 1765 1420 Ecclesia:
1786 1361 1961 1418 adhuc
1990 1375 2144 1430 pere-

579 1459 847 1532 grinantis
895 1464 1100 1526 quanto
1127 1455 1338 1511 caneris
1378 1456 1760 1510 eminentiores
1807 1466 2150 1524 apparemus,

583 1559 734 1608 tanto
765 1549 1140 1606 vehementius
1164 1563 1492 1603 concurrere
1520 1546 1984 1602 vicissitudinibus
2028 1544 2154 1599 inde

577 1642 866 1702 debemus;
897 1639 1037 1694 sicut
1067 1638 1211 1693 enim
1236 1636 1360 1692 luna
1385 1645 1664 1692 menstruo
1703 1649 1864 1691 cursu
1890 1634 2074 1689 deﬁcit
2095 1641 2152 1688 et

577 1729 812 1801 perlicit,
849 1728 1006 1782 sicin
1035 1727 1274 1782 Ecclesia
1313 1725 1584 1789 militanti,
1609 1724 1996 1794 temporalibus
2025 1723 2151 1778 sub-

1856 349 2154 405 STEPHAD

2250 350 2274 403 ἱ
2314 349 2396 407 ΡΑ
2408 350 2531 404 ΡίΕ.
3712 349 3810 404 8ῖύ

2175 472 2224 530 Λ
2255 465 2327 523 ιιιί
2349 465 2490 535 juris
2513 472 2625 532 est,
2648 471 2707 520 ut
2735 463 2792 520 S.
2820 476 3053 520 canones
3071 472 3311 530 censent,
3335 473 3388 521 et
3411 463 3617 535 reliqua
3630 467 3806 521 omnia

2247 572 2368 626 qua:
2392 558 2459 612 ad
2487 559 2792 628 episc0pum
2815 557 3083 628 pertinent
3110 558 3228 614 sine
3251 557 3564 628 cujusquam
3597 568 3811 614 contra-

2249 647 2484 701 dictione
2507 648 2746 716 expleas,
2770 647 2974 702 scilicet
3001 647 3138 702 intra
3160 647 3337 716 justos
3359 649 3620 702 terminos
3653 650 3813 705 totius

2249 739 2517 808 parochia:
2554 738 2890 802 Marsicanze,
2924 747 3032 791 tam
3084 738 3225 792 illius
3255 738 3424 805 partis
3451 751 3613 805 quam
3659 747 3811 792 antea

2249 826 2551 890 obtinebas,
2581 829 2693 881 sive
2714 842 2769 880 et
2801 827 3023 882 alterius
3044 842 3207 897 quam
3229 827 3320 882 tibi
3349 825 3550 896 injuste
3579 826 3812 897 episcopi

2253 917 2579 971 invaserant.
2630 916 2768 971 llinc
2793 917 3097 987 apostolicae
3116 916 3262 973 sedis
3279 915 3606 971 auctoritate
3642 916 3815 972 subni-

2251 1023 2374 1073 xus,
2391 1007 2669 1076 potestatis
2683 1008 3169 1062 etcontirmatiouis
3180 1007 3516 1077 privilegium
3540 1005 3766 1062 imissa
3783 1024 3816 1058 t-

2251 1097 2794 1172 biliterstatuentes,
2841 1099 3231 1162 interdicimus,
3292 1098 3394 1156 sub
3443 1098 3618 1153 divini
3659 1098 3815 1153 etiam

2250 1188 2640 1242 contestatione
2661 1186 2874 1254 judicii,
2895 1188 3260 1248 anathematis
3297 1185 3739 1256 interpositione,
3763 1197 3816 1238 ut

2251 1277 2427 1332 nullus
2457 1293 2691 1348 unquam
2739 1294 3112 1335 successorum
3143 1287 3444 1334 nostrorqu
3477 1277 3815 1347 pontiﬁcum,

2252 1368 2332 1422 vel
2353 1367 2578 1438 quilibet
2609 1367 2940 1439 publicarum
2971 1370 3242 1423 actionum
3266 1367 3706 1430 administrator,
3729 1382 3816 1420 seu

2253 1457 2356 1511 alia
2404 1457 2656 1527 qurelibet
2701 1459 2786 1513 vel
2849 1458 3248 1528 quantumlibet
3304 1472 3496 1528 magna
3551 1471 3820 1527 parvaque.

2251 1561 2502 1616 persona,
2546 1549 2741 1604 audeat
2768 1548 2852 1601 vel
2884 1555 3178 1616 praesumat.
3213 1556 3399 1600 contra
3437 1543 3603 1614 hujus
3633 1557 3822 1600 nostris

2252 1637 2682 1694 conﬁrmationis
2733 1639 3071 1709 privilegium
3140 1652 3322 1708 agere,
3377 1645 3474 1691 aut
3547 1635 3818 1705 quidpiam

2255 1727 2378 1783 inde
2405 1727 2663 1790 alicnare,
2691 1728 2905 1784 auferre
2932 1738 3025 1784 aut
3062 1729 3324 1791 minuere,
3367 1728 3465 1782 sed
3495 1728 3688 1796 potius
3735 1727 3818 1780 tir-

571 1819 736 1892 jecta,
765 1818 1052 1874 continuas
1082 1815 1485 1880 altercationes,
1508 1815 1660 1870 valde
1683 1814 1920 1869 defectus
1941 1824 1994 1868 et
2020 1829 2147 1884 pro-
2179 1801 2224 1862 Β
2251 1837 2396 1876 mum
2419 1837 2484 1876 ac
2511 1821 2702 1878 ειιιυίιε
2734 1823 2784 1876 in
2812 1831 3126 1892 perpetuum
3162 1822 3253 1884 εει,
3275 1821 3414 1876 sicut
3437 1834 3469 1874 η
3508 1820 3674 1874 nobis
3701 1835 3819 1874 θοις-

579 1909 751 1964 lectus
781 1907 1040 1972 incurrit;
1068 1905 1221 1975 cujus
1251 1906 1482 1961 defectui
1517 1905 1602 1959 vel
1631 1905 1971 1960 diminutioni
2007 1906 2149 1960 sicut

581 2013 802 2057 necesse
827 2009 911 2054 est
939 2006 996 2052 ut
1023 1997 1430 2069 compatiamur,
1461 1997 1542 2053 sic
1562 1997 1911 2066 proculdubio
1935 1996 2151 2066 expedit

581 2098 634 2144 ut
664 2074 923 2158 profectui
957 2085 1040 2142 vel
1071 2084 1389 2156 plcnitndini
1417 2085 1872 2154 congratulemur.
1903 2084 2146 2154 Quapro-

578 2188 698 2250 pter
729 2193 892 2233 unam
933 2176 1290 2232 Marsicanam
1340 2175 1638 2231 Ecclesiam
1672 2175 1928 2231 intestino
1954 2187 2008 2232 et
2033 2177 2154 2231 diu-

581 2281 743 2326 turno
772 2269 932 2335 malo,
959 2278 1014 2324 et
1035 2267 1315 2339 plusquam
1342 2266 1488 2323 civili
1513 2267 1782 2322 discordia
1809 2268 2147 2323 srecularium

580 2362 858 2418 hominum
886 2358 1263 2415 miserabiliter
1282 2357 1585 2421 discissam,
1615 2367 1670 2411 et
1693 2358 1744 2411 in
1777 2358 1912 2412 duos
1941 2359 2152 2426 episco-

576 2463 759 2524 putus,
786 2460 973 2508 contra
1004 2460 1312 2505 sanctorum
1355 2447 1574 2502 Patrum
1627 2462 1884 2512 canones,
1917 2463 1946 2502 a
1976 2448 2152 2504 Theo-

578 2541 815 2612 philacto
844 2541 986 2597 dicto
1011 2554 1145 2610 papa
1176 2539 1423 2603 divisam,
1454 2546 1508 2592 et
1537 2545 1719 2608 postea
1750 2539 2016 2607 permissu
2039 2553 2151 2593 ma-

580 2632 662 2703 gis
684 2645 842 2701 quam
861 2644 1148 2693 consensu,
1178 2626 1498 2683 necessitate
1518 2639 1679 2696 quam
1711 2626 1961 2692 utilitate,
1978 2642 2006 2680 a
2026 2643 2150 2682 sau-

577 2726 824 2783 ctissimo
858 2723 1260 2796 praedecessore
1291 2728 1478 2775 nostro
1526 2719 1729 2787 Leone,
1761 2720 1904 2774 sicut
1935 2720 2150 2773 inventa

585 2819 707 2883 fuit,
751 2817 1029 2879 omissam,
1057 2812 1410 2882 eamdemque
1442 2811 1542 2865 sub
1573 2811 1728 2865 beata
1778 2809 2034 2865 memoria
2061 2809 2152 2864 de-

582 2920 798 2964 cessere
823 2913 1006 2961 nostm
1033 2904 1271 2966 Victore,
1295 2901 1496 2972 judicio
1508 2898 1774 2969 generalis
1795 2898 2030 2960 concilii,
2056 2913 2153 2968 per

585 2998 822 3055 divinam
866 2993 1094 3066 gratiam
1126 2991 1177 3046 in
1205 2989 1409 3062 gremio
1434 2988 1672 3043 basilica:
1697 2987 2153 3041 Constantiniana:

584 3094 950 3160 aggregatam,
974 3098 1064 3138 xw
1110 3080 1230 3137 Kal.
1255 3079 1402 3145 Maii,
1424 3077 1538 3134 ind.
1567 3076 1638 3142 Χ,
1664 3077 1978 3133 divisionem
2006 3077 2149 3130 illam

579 3176 740 3230 unius
769 3171 1019 3228 dimensis
1047 3170 1099 3224 in
1127 3169 1259 3224 duas
1291 3176 1474 3238 partes
1511 3174 1825 3220 evacuatam
1853 3173 1908 3220 et
1928 3165 2148 3219 abdica-
2177 3165 2222 3193 υ

582 3275 691 3318 tam
719 3272 880 3332 atque
919 3261 974 3315 in
1022 3259 1302 3329 antiquam
1346 3256 1427 3312 sui
1462 3265 1639 3312 status
1680 3256 1931 3311 unionem
1983 3254 2154 3308 rel'oro

589 3361 809 3416 malam,
835 3358 892 3405 et
920 3350 971 3404 in
1003 3359 1314 3419 perpetuum
1369 3345 1559 3417 ipsam,
1591 3347 1730 3401 sicut
1771 3344 1976 3413 justum
2031 3345 2150 3411 fuit,

583 3441 857 3496 dicecesim
885 3453 1046 3493 unam
1079 3437 1169 3492 uni
1199 3437 1448 3507 episcopo
1480 3437 1774 3502 decretam,
1806 3437 1948 3502 inde,
1982 3437 2148 3491 inter-

589 3538 747 3584 ventu
781 3530 941 3585 totius
979 3529 1038 3582 S.
1078 3528 1287 3599 synodi,
1339 3527 1589 3597 episcopo
1640 3527 1864 3591 Actone,
1905 3527 1995 3596 qui
2028 3537 2152 3582 tunc

585 3631 792 3693 partem
842 3619 1153 3675 Marsicanae
1199 3619 1448 3675 diaeresis
1499 3617 1694 3688 injuste
1740 3619 2054 3687 occupabat,
2099 3619 2150 3673 in

583 3714 902 3774 Tizeatiuam
972 3711 1244 3769 civitatem
1313 3710 1546 3775 sublato,
1599 3727 1695 3780 per
1757 3709 1916 3778 hujus
1982 3709 2151 3764 nostri

586 3807 848 3879 privilegii
880 3803 1203 3862 decreta'lem
1230 3801 1498 3876 paginam,
1525 3801 1779 3872 deinceps
1807 3800 1922 3864 tibi,
1955 3800 2153 3855 beatis-

583 3905 738 3967 sime,
757 3913 812 3957 et
831 3899 958 3958 coni
960 3914 1015 3955 ra
1024 3907 1104 3956 ter
1117 3898 1496 3970 etcoepiscope
1511 3895 1844 3965 Pandulplte,
1871 3903 1922 3950 et
1939 3908 2154 3949 succos-

585 3993 800 4048 soribus
836 3991 942 4047 tuis
972 3991 1025 4045 in
1081 3997 1404 4060 perpetuum
1459 3985 1806 4044 concedimus
1842 3992 1915 4048 et,
1963 3997 2155 4040 secun-

586 4083 714 4136 dum
759 4080 904 4150 quod
947 4079 1042 4135 tibi
1089 4079 1436 4150 synodaliter,
1487 4077 1630 4134 sicut
1673 4077 1923 4148 superius
1953 4077 2153 4131 dictum

589 4171 712 4235 fuit,
759 4169 1055 4239 judicatum
1085 4177 1190 4236 est,
1227 4169 1440 4225 ﬁrmum
1468 4167 1824 4224 Marsicanum
1871 4161 2150 4238 episcopa-

589 4269 702 4314 tum
729 4274 851 4316 cum
877 4260 1025 4316 omni
1057 4273 1154 4314 sua
1205 4259 1510 4329 integritate
1545 4269 1601 4313 et
1641 4259 1959 4328 pertinentia
2012 4258 2154 4312 inter

585 4364 649 4406 ea
704 4363 826 4418 qua:
869 4347 1186 4404 nominatim
1233 4355 1361 4404 sunt
1403 4347 1643 4403 ecclesiae
1692 4348 1902 4403 Sancta:
1941 4345 2154 4402 Sabinae

2248 1925 2458 1966 cessum
2480 1921 2536 1965 et
2562 1910 2936 1965 conﬁrmatum
2962 1920 3062 1965 est.
3096 1909 3152 1964 Si
3180 1910 3302 1979 quis
3321 1919 3530 1974 autem,
3557 1910 3703 1977 quod
3721 1924 3816 1962 non

2249 2013 2518 2069 optamus,
2545 2002 2828 2055 temerario
2851 2016 2981 2055 ausu
3009 2002 3109 2054 hoc
3134 2010 3330 2055 uestrae
3351 2000 3666 2067 apostolica:
3687 2003 3819 2052 sedis

2251 2101 2508 2147 statutum
2533 2093 2586 2146 in
2611 2093 2862 2162 qquiam
2885 2093 3126 2148 alienare
3146 2091 3225 2146 vel
3252 2091 3542 2160 infringere
3569 2106 3819 2159 ρι’ξεειιιιι-

2250 2183 2438 2250 pserit,
2490 2191 2543 2236 et
2579 2183 2945 2238 contradictor
2995 2182 3136 2237 illius
3163 2183 3456 2246 exstiterit,
3488 2182 3818 2236 auctoritate

2250 2271 2310 2327 S.
2339 2273 2622 2328 individua:
2645 2273 2929 2328 Trinitatis
2957 2284 3011 2328 et
3031 2275 3392 2343 apostolorum
3424 2272 3692 2341 principis
3715 2275 3820 2324 Iin-

2249 2362 2372 2416 culo
2397 2365 2760 2417 anatltematis
2783 2364 3140 2433 tuancipatus,
3177 2381 3206 2418 a
3239 2378 3402 2432 regno
3439 2363 3532 2416 Di‘i
3573 2378 3823 2433 segrega-

2253 2457 2358 2512 tus,
2384 2459 2437 2503 et
2463 2449 2676 2502 diabolo
2703 2462 2759 2503 et
2778 2451 2985 2521 angelis
3006 2448 3143 2518 ejus.
3174 2451 3278 2506 nisi
3324 2451 3463 2505 forte
3515 2452 3819 2520 resipiscat,

2252 2536 2694 2592 indissolubilitcr
2731 2548 3070 2610 aggregetur.
3103 2539 3202 2605 Qui
3254 2554 3382 2592 vero
3432 2555 3532 2608 pro
3578 2548 3820 2607 respectu

2251 2629 2570 2684 observator
2597 2641 2652 2684 et
2683 2623 2936 2684 defensor
2968 2631 3123 2700 hujus
3150 2631 3516 2685 concessionis
3542 2645 3603 2683 et
3635 2631 3820 2684 contir-

2252 2719 2503 2773 ntationis
2538 2719 2828 2782 exstiterit,
2878 2728 3146 2787 potestate
3203 2719 3259 2773 S.
3307 2720 3399 2774 Dei
3445 2719 3734 2789 genitricis
3771 2728 3821 2774 et

2252 2823 2464 2877 semper
2513 2807 2752 2878 Virginis
2797 2809 2995 2874 Mat-im,
3053 2819 3107 2865 et
3155 2809 3217 2864 Β.
3263 2808 3408 2864 Petri
3456 2810 3821 2878 apostolorum

2253 2899 2534 2967 principis,
2559 2908 2611 2952 et
2641 2899 2892 2968 precibus
2911 2898 2968 2952 Β.
2990 2899 3203 2953 Sabina:
3230 2897 3482 2969 martyris
3504 2906 3559 2950 ct
3585 2899 3820 2950 omnium

2252 2997 2584 3051 sanctorum,
2614 2997 2669 3041 et
2693 2987 2988 3042 caelestium
3019 2987 3351 3042 multitudine
3379 2988 3722 3052 angelorum,
3748 3001 3775 3038 a
3799 3013 3822 3024 -

2257 3095 2360 3149 que
2387 3080 2612 3150 gloriam
2639 3095 2668 3133 a
2695 3079 2843 3148 justo
2889 3079 3073 3135 Jndice
3107 3080 3166 3133 D.
3197 3091 3383 3134 nostro
3424 3077 3554 3133 Jesu
3610 3078 3822 3132 Christo

2252 3172 2523 3239 vitamque
2535 3179 2786 3224 :rternam
2801 3169 3078 3241 percipere
3094 3178 3361 3225 mereatur
3383 3168 3434 3222 in
3448 3168 3656 3224 saecula
3672 3183 3822 3222 secu-

2254 3261 2446 3316 lorum.
2477 3264 2668 3315 Amen.

2325 3351 2594 3421 Scriptum
2623 3366 2721 3422 per
2753 3367 2968 3408 manum
2998 3352 3194 3409 notarii
3220 3361 3278 3408 et
3323 3355 3602 3411 scriniarii
3653 3355 3714 3414 S.
3760 3355 3815 3410 ll.

2254 3440 2558 3509 apostolicm
2583 3441 2726 3495 sedis
2757 3441 2808 3494 in
2840 3457 3023 3498 mense
3051 3442 3324 3508 Decentb.,
3347 3445 3459 3500 ind.
3489 3463 3554 3500 tt.

2325 3533 2518 3587 Datum
2565 3533 2614 3588 in
2662 3533 2853 3588 Castro
2889 3534 3104 3596 Casino,
3134 3552 3163 3587 v
3192 3535 3313 3591 ldus
3347 3537 3690 3603 Decembris,
3737 3552 3821 3607 per

2254 3635 2441 3677 manus
2465 3621 2740 3677 llumberti
2760 3624 2815 3678 S.
2841 3623 3092 3678 Ecclesia:
3113 3625 3272 3680 Silva:
3293 3626 3546 3681 Candida:
3565 3627 3818 3697 episcopi,

2253 3719 2305 3764 et
2329 3709 2723 3766 bibliolltecarii
2756 3712 2814 3767 S.
2841 3712 2901 3766 ll.
2930 3723 2983 3768 et
3007 3715 3312 3783 apostolicae
3335 3717 3502 3781 sedis,
3534 3731 3684 3772 anno
3718 3717 3818 3787 pri-

2252 3813 2341 3852 mo
2369 3798 2431 3852 D.
2459 3813 2612 3869 papae
2640 3799 2894 3870 Stephani
2925 3801 3018 3866 lx,
3050 3803 3161 3856 ind.
3195 3817 3255 3859 ll.

2987 3910 3070 3966 Vl.

2253 3997 2566 4056 Constitutio
2621 4001 2874 4072 Stephani
2921 4018 3069 4071 pupis
3098 4000 3174 4072 7X
3228 4018 3320 4070 pro
3382 4004 3704 4058 monasterio
3763 4002 3816 4056 S.

2796 4070 3042 4142 Ριωρέτὶ
3085 4071 3213 4142 Regi
3219 4074 3269 4126 tti
3279 4110 3291 4126 .

2841 4185 3020 4253 (Anno
3061 4184 3238 4250 1057.)

2499 4271 2850 4347 [Margariniy
2869 4275 3107 4331 Bonan.
3137 4276 3319 4328 Casu.
3363 4289 3422 4340 ll,
3455 4274 3577 4346 90.]

2325 4364 2638 4420 Srsrnanus
2661 4364 2964 4433 episcopus,
2989 4379 3178 4419 servus
3223 4377 3500 4418 servorum
3548 4364 3663 4424 Dei.
3699 4364 3817 4417 dile-

588 4444 822 4511 antiqua:
850 4441 1086 4497 civitatis
1122 4439 1440 4505 Marsorum,
1477 4440 1544 4494 ad
1584 4439 1938 4510 episcOpalem
1972 4441 2150 4495 sedem

2253 4454 2498 4509 ctissimo
2544 4462 2601 4508 et
2648 4454 3104 4508 revereudissimo
3163 4453 3273 4508 lilio
3322 4453 3609 4509 Lupum
3648 4451 3814 4507 abi-ati

589 4534 846 4602 largimur
863 4539 1022 4601 atque
1041 4528 1406 4595 decernimus;
1429 4542 1637 4584 necnon
1658 4538 1711 4584 et
1733 4529 1964 4598 reliquas
1985 4529 2154 4584 eccle-

586 4622 700 4676 sias
732 4620 894 4676 totius
917 4617 1231 4675 Marsicante
1251 4617 1503 4673 ditecesis
1528 4632 1650 4672 cum
1681 4618 2040 4687 pertinentiis,
2066 4619 2158 4672 de-

588 4709 749 4766 cimis
799 4717 853 4765 et
885 4707 1246 4765 onlationibus
1296 4721 1503 4774 earum,
1553 4715 1660 4762 tam
1703 4721 1802 4776 pro
1831 4706 1963 4761 vivis
1995 4723 2154 4777 quam

586 4800 749 4856 etiam
774 4813 873 4870 pro
901 4797 1185 4865 defunctis,
1218 4797 1508 4853 secundum
1544 4795 1684 4866 quod
1713 4795 1773 4850 S.
1800 4811 2040 4851 canones
2064 4797 2155 4851 de-

585 4899 907 4956 creverunt;
979 4887 1290 4960 pariterque
1338 4888 1623 4943 ecclesiam
1675 4885 1908 4943 domina:
1962 4898 2158 4942 nostrae

589 4984 802 5039 Sancta:
839 4980 931 5036 Dei
987 4978 1280 5036 Genitricis
1315 4978 1538 5049 virginis
1577 4979 1760 5036 Maria:
1802 4981 1854 5034 in
1905 4979 2158 5034 CaI‘ScOIO

587 5087 713 5128 cum
742 5069 965 5126 decimis
981 5077 1040 5125 et
1056 5068 1437 5134 oblationibus,
1467 5070 1574 5124 imo
1615 5085 1736 5124 cum
1778 5069 2028 5123 omnibus
2057 5067 2158 5121 sibi

591 5159 962 5204 ndincnntilme
982 5159 1226 5204 ecclesiis
1245 5169 1300 5204 at
1325 5160 1480 5204 rplms
1513 5160 1652 5206 insto.
1696 5159 1789 5206 Iihi
1844 5157 2161 5208 nnrtinenti-

2256 4544 2576 4600 venerabilis
2631 4543 2860 4598 emnobii
2929 4543 3113 4598 Sancti
3177 4543 3426 4613 Prosperi
3500 4545 3815 4598 confessoris

2256 4631 2458 4688 Christi
2489 4634 2680 4686 subtus
2731 4633 3006 4687 civitatem
3057 4633 3282 4702 Regium
3313 4635 3593 4688 constituti
3615 4675 3630 4694 .
3655 4644 3709 4690 et
3733 4647 3817 4701 per

2262 4735 2386 4776 eum
2413 4723 2626 4776 cunctis
2661 4723 3070 4777 successoribus
3125 4723 3291 4793 ipsius
3333 4724 3466 4778 inibi
3511 4725 3815 4795 regulariter

2256 4812 2632 4883 promovendis
2659 4813 2709 4866 itt
2737 4822 3075 4882 perpetuum.

2326 4901 2787 4969 Quemadmodum
2821 4902 2950 4969 regi,
2983 4911 3038 4956 et
3079 4902 3289 4958 defendi
3338 4918 3401 4958 ac
3429 4903 3718 4972 gubernari
3755 4902 3814 4953 ab

2259 4989 2368 5053 illo,
2394 5006 2424 5043 a
2453 5005 2558 5057 quo
2588 5006 2798 5054 sumus,
2823 4998 3092 5058 optamus,
3125 4992 3196 5044 ita
3219 4992 3532 5046 universum
3569 4991 3813 5046 Christia-

2260 5093 2389 5132 num
2437 5080 2648 5143 orbem,
2700 5078 2854 5146 juxta
2899 5081 3040 5148 quod
3106 5081 3260 5135 nobis
3319 5082 3666 5135 commissum
3706 5092 3815 5133 esse

2259 5176 2462 5208 nnnclal
2541 5183 2570 5208 ει
2621 5169 2846 5208 cinanlic
2887 5170 3254 5208 nrnvicnrilnlc
3310 5169 3670 5208 κωκύω-...ιι
3730 5168 3813 5208 nni
