4020 5392
253 287 317 343 ἷῖ
1391 282 1747 347 EPISTOLIE

1914 278 2323 344 PRlVlLEGlA.
3361 292 3464 351 878

214 398 539 459 carissime
578 396 687 463 illi,
749 396 1062 469 Landolphe
1131 397 1332 466 abbas,
1387 399 1455 455 ad
1494 398 1790 454 utilitatem
1817 402 1869 464 Α
1894 411 2057 453 unam
2102 396 2165 454 in‘
2187 398 2393 455 Sancto
2418 394 2744 468 Laurentio;
2793 399 2928 461 duos
2956 417 3174 462 mansos
3205 405 3256 462 in
3285 406 3464 464 Bibia-

220 498 392 552 tuam,
424 499 906 556 successoremque
947 494 1165 543 tuorum
1190 488 1443 544 commoti
1465 494 1525 543 et.
1548 500 1788 542 commo-

218 577 354 643 niti,
417 590 514 648 per
564 577 725 649 huius
777 585 978 633 nostrae
1033 579 1341 649 apostolica:
1374 580 1791 634 constitutionis

217 669 469 741 paginam
495 668 902 733 contineamus,
950 678 1005 723 et
1044 670 1459 726 corroboramus
1494 670 1789 726 venerabili

216 764 468 819 etenobio
506 762 693 818 Sancti
744 761 997 833 Prosperi
1038 763 1299 834 episcopi,
1345 772 1406 818 ut
1447 763 1662 829 electio,
1702 761 1790 819 vel

214 854 491 910 ordinatio
516 854 728 910 abbatis
769 854 943 925 ipsius
988 856 1300 911 monasterii
1339 856 1434 910 flat
1455 857 1677 913 omnino
1704 869 1789 913 se-

214 946 449 1002 cundum
471 944 711 1018 regulam
737 944 907 1002 sancti
936 946 1232 1002 Benedicti.

208 1066 211 1069 η
280 1038 357 1093 2.·
376 1038 446 1094 Et
468 1040 598 1109 quia
620 1051 652 1093 ι
681 1038 1007 1095 beatissima:
1032 1039 1304 1096 memorlze
1323 1039 1556 1098 Henrico
1579 1052 1632 1098 et
1654 1040 1791 1098 Con-

214 1128 348 1185 rado
373 1129 494 1185 alio
516 1129 871 1200 imperatore,
896 1143 961 1184 ac
981 1129 1253 1186 nonnullis
1281 1130 1402 1187 aliis
1421 1132 1637 1202 regibus
1659 1147 1791 1202 pra:-

206 1228 401 1290 eepta:
433 1228 494 1276 et
544 1220 615 1275 ab
657 1217 907 1275 Alberico
954 1221 1226 1291 praedicta:
1277 1232 1477 1278 sanctae
1505 1221 1789 1294 Regiensis

211 1306 471 1365 Ecclesiae
498 1302 752 1381 episcopo
775 1310 1069 1379 decretum,
1096 1329 1201 1367 non
1238 1312 1409 1367 solum
1436 1315 1503 1369 de
1548 1315 1661 1384 ipsa
1690 1313 1785 1368 ab-

210 1397 394 1454 batum
412 1398 704 1469 electione,
733 1414 925 1457 verum
974 1403 1043 1459 de
1081 1404 1329 1459 omnibus
1358 1403 1516 1459 rebus
1546 1404 1644 1473 ipsi
1675 1416 1789 1458 mo-

215 1492 458 1551 nasterio
481 1492 628 1564 iuste
648 1494 949 1564 acquisitis,
980 1496 1066 1552 vel
1094 1496 1150 1551 in
1179 1494 1419 1550 futurum
1443 1496 1789 1566 acquirendis

211 1594 489 1653 constant,
521 1587 817 1643 secundum
849 1594 1087 1643 tenorem
1112 1588 1348 1652 illorum,
1373 1595 1429 1642 et
1452 1585 1593 1656 quod
1617 1588 1788 1654 majus

211 1689 314 1746 est,
348 1679 653 1735 secundum
695 1675 940 1735 veritatis
983 1688 1037 1734 et
1086 1678 1310 1749 iustitia-
1352 1679 1638 1743 rationem,
1693 1693 1789 1747 per

1892 488 2055 556 nello,
2105 498 2163 546 et
2211 488 2472 561 quidquid
2543 489 2687 547 intra
2755 493 2998 552 ltalicum
3055 511 3277 567 regnum
3316 497 3464 568 justo

1888 581 2153 654 possidet,
2180 582 2265 636 vel
2290 581 2336 637 sl
2364 597 2469 637 non
2500 585 2770 654 possidet,
2798 586 2946 656 juste
2973 587 3248 658 possidere
3275 589 3456 646 debet.

1888 673 2075 745 Itaque
2096 682 2209 759 tam
2224 690 2326 740 ,ea,
2364 690 2483 745 quae
2511 677 2879 747 praediximus,
2915 694 3076 750 quam
3130 696 3249 752 quas
3299 683 3462 738 devo-

1891 760 2076 829 tione,
2145 778 2587 834 quorumcunque
2664 765 2900 822 fidelium
2983 768 3129 840 iuste
3188 771 3458 842 acquisita

1890 850 2149 923 deinceps
2170 852 2408 918 fuerunt,
2444 854 2496 908 in
2528 865 2869 925 perpetuum,
2921 857 3041 913 sine
3091 859 3322 929 alicuius
3372 863 3460 918 in-

1888 942 2219 1011 quietudine,
2278 950 2361 997 ut‘
2392 943 2675 1013 prtefatum
2721 948 3113 1003 monasterium
3158 948 3259 1005 sub
3285 951 3453 1007 tutela

1887 1031 2031 1087 beati
2078 1030 2227 1086 Petri
2296 1031 2687 1103 perpetualiter
2748 1035 3116 1106 suscipimus,
3179 1040 3463 1108 possidere

1886 1124 2180 1196 apostolica
2219 1125 2542 1179 auctoritate
2570 1125 2865 1181 sancimus.

1958 1217 2011 1271 5.
2043 1216 2178 1271 Illud
2203 1218 2368 1272 etiam
2399 1218 2468 1273 ob
2492 1220 2852 1274 reverentiam
2880 1220 3052 1276 sancti
3106 1220 3457 1289 confessoris,

1887 1307 2261 1380 praecipueque
2324 1307 2588 1373 Domini,
2640 1310 2892 1378 praesenti
2959 1313 3282 1369 auctoritate
3336 1314 3455 1378 tibi,

1889 1399 2235 1456 dilectissime
2263 1399 2362 1465 fili,
2413 1399 2717 1455 Giselbcrtc
2747 1400 2907 1460 abba,
2942 1402 3153 1473 tuisque
3183 1418 3465 1459 successo-

1888 1492 2059 1558 ribus,
2099 1499 2156 1547 et
2193 1490 2387 1562 quibus
2414 1500 2491 1557 tu,
2521 1490 2603 1547 vel
2647 1506 2806 1562 quem
2833 1492 3123 1561 supradicti
3149 1495 3458 1550 monasterii

1888 1582 2086 1636 fratres
2106 1580 2390 1652 iusserint,
2432 1582 2485 1636 in
2524 1582 2845 1637 sacerdotali
2877 1580 3051 1639 ollicio
3074 1586 3297 1654 positis,
3329 1600 3458 1653 apo-

1887 1673 2077 1730 stolico
2121 1674 2403 1745 privilegio
2458 1675 2827 1741 concedimus,
2879 1691 2947 1731 ex
2996 1677 3284 1744 cbaritate,
3337 1695 3458 1751 quae

214 1744 367 1837 huius
420 1776 630 1825 nostra;
678 1768 1017 1824 auctoritatis
1079 1744 1415 1840 privilegium
1466 1744 1785 1822 nominatim
1817 1744 1861 1806 Β
1890 1762 2032 1820 Deus
2057 1770 2174 1831 est,
2203 1744 2404 1819 virtute
2434 1766 2604 1819 sancti
2666 1764 2902 1835 Spiritus
2925 1807 2942 1831 ,
2965 1769 3286 1825 auctoritate
3313 1744 3457 1825 beati

214 1858 562 1914 concedimus
590 1865 753 1929 atque
773 1858 1114 1915 decernimus
1161 1858 1260 1930 ipsi
1288 1858 1582 1914 venerabili
1608 1874 1789 1915 emno-

214 1945 299 2002 bio
351 1947 544 2003 Sancti
598 1946 874 2020 Prosperi,
921 1946 1064 2021 quod
1109 1950 1162 2004 in
1215 1949 1381 2005 tutela
1424 1950 1597 2006 sancti
1642 1949 1785 2006 Petri

215 2045 266 2090 et
305 2044 497 2092 nostra
535 2037 858 2109 suscipimus
890 2079 905 2104 ,
955 2038 1179 2094 fundum
1226 2039 1496 2109 praedicta:
1546 2040 1787 2098 ecclesiae

215 2124 446 2193 ejusdem
494 2125 680 2182 Sancti
729 2127 980 2199 Prosperi
1018 2129 1071 2184 in
1109 2128 1239 2184 urbe
1265 2126 1417 2199 Regii
1450 2129 1633 2197 situm,
1662 2147 1785 2187 cum

219 2217 531 2273 cmmeterio
552 2218 743 2289 ipsius,
759 2228 812 2274 et
833 2234 1024 2275 novem
1044 2210 1233 2291 jugera
1257 2229 1414 2278 terrm
1435 2236 1556 2278 cum
1580 2222 1784 2292 capella

217 2303 393 2361 Sancti
442 2306 686 2374 Nazarii,
722 2322 884 2380 quam
915 2324 945 2364 a
971 2312 1258 2381 praeposito
1311 2310 1553 2367 ecclesize
1597 2310 1783 2369 Sancti

216 2394 460 2467 Prosperi
496 2398 638 2454 intra
670 2410 908 2455 castrum
939 2402 1211 2472 praedicta
1241 2401 1476 2459 civitatis
1501 2404 1657 2460 sitam
1687 2418 1785 2476 per

218 2490 695 2546 commutationem
738 2491 880 2562 iuste
906 2491 1126 2560 factam,
1156 2493 1323 2550 abbas
1346 2495 1437 2566 qui
1467 2503 1594 2551 tunc
1644 2503 1782 2551 tem-

217 2579 357 2647 poris
383 2587 509 2633 erat
561 2581 797 2651 accepit;
826 2596 1032 2638 necnon
1061 2589 1115 2638 et
1163 2596 1378 2639 omnem
1407 2583 1548 2640 illam
1582 2592 1782 2639 terram

218 2670 280 2724 de
306 2669 619 2739 Corticella,
648 2686 769 2741 quas
810 2673 879 2729 ab
911 2673 1174 2745 episcOpis
1204 2673 1372 2743 ipsius
1400 2674 1500 2730 loci
1545 2674 1599 2729 in
1636 2674 1783 2730 dicto

219 2759 329 2815 loco
342 2764 678 2819 monasterio
704 2762 828 2819 data
855 2772 971 2831 est;
999 2764 1221 2835 insuper
1236 2764 1515 2820 duodecim
1543 2779 1778 2834 mansos,

219 2854 301 2920 qui
329 2860 454 2910 sunt
483 2854 539 2909 in
566 2853 819 2911 Fossolo:
846 2864 1078 2928 quatuor
1123 2856 1178 2911 in
1211 2855 1433 2923 Palude;
1464 2867 1695 2928 quatuor
1726 2858 1780 2913 in

1888 1853 2034 1910 Petri
2090 1855 2349 1911 ccelorum
2399 1854 2653 1928 clavigeri
2705 1857 3110 1925 confirmamus,
3161 1869 3220 1913 ut
3246 1860 3459 1930 populis

1888 1961 1982 2017 per
2005 1946 2197 2003 secula
2236 1948 2473 2018 undique
2502 1946 2827 2004 sanctissimi
2853 1949 3177 2006 confessoris
3205 1951 3457 2022 suffragia

1886 2042 2184 2111 expetendo
2214 2043 2675 2105 concurrentibus,
2703 2043 2824 2097 sive
2846 2043 3014 2112 ipsius
3074 2054 3253 2109 terrae,
3304 2045 3452 2105 ineo:

1886 2129 1955 2186 lis
1988 2129 2052 2185 ad
2079 2132 2321 2187 eamdem
2343 2130 2626 2186 ecclesiam
2677 2133 3142 2198 convenientibus,
3185 2134 3252 2188 ad
3280 2135 3453 2188 hono-

1885 2234 1998 2275 rem
2027 2220 2144 2287 Dei,
2176 2230 2231 2276 ct
2259 2221 2554 2276 beatissimi
2598 2223 2847 2293 Prosperi
2879 2223 3204 2278 confessoris
3252 2225 3448 2280 devote

1885 2323 2048 2380 super
2074 2310 2241 2380 ipsius
2268 2325 2453 2366 sacras
2502 2311 2758 2380 reliquias
2784 2352 2800 2376 ,
2828 2312 3102 2369 solemnes
3125 2322 3179 2368 et
3209 2312 3450 2382 publicas

1885 2399 2079 2455 missas
2108 2400 2415 2467 celebrare,
2475 2410 2529 2457 et
2569 2415 2708 2471 pane
2757 2402 2904 2457 verbi
2963 2402 3054 2457 Dei
3091 2417 3183 2459 eos
3216 2420 3456 2477 congrue

1884 2488 2126 2557 reficere,
2154 2500 2207 2546 et
2250 2492 2446 2560 szepius
2470 2493 2845 2562 prmnominatl
2908 2494 3109 2548 domini
3159 2505 3213 2550 et
3271 2499 3450 2567 magni

1884 2579 2124 2650 patroni,
2172 2578 2423 2635 videlicet
2465 2578 2763 2634 beatissimi
2812 2579 3062 2652 l‘rosperi
3116 2582 3354 2645 merizis.
3401 2595 3456 2641 et

1892 2677 2082 2725 nostra
2106 2670 2359 2739 praesenti
2384 2670 2707 2724 auctoritate
2737 2671 2996 2738 roborati,
3026 2686 3210 2727 eorum
3233 2676 3455 2732 devotas

1881 2757 2249 2813 confessiones
2279 2756 2652 2828 suscipientes,
2682 2765 2984 2813 vestrarum
3033 2760 3294 2829 ipsarum,
3326 2763 3457 2818 alia-

1881 2861 2110 2916 rumque
2137 2846 2468 2911 orationum,
2499 2860 2806 2901 sermonum
2836 2861 3072 2917 quoque,
3121 2851 3449 2920 vigiliarum,

218 2943 597 3015 Campaniola;
649 2954 760 3002 tres
807 2946 861 3001 in
903 2946 1440 3021 Quingente;'unum
1482 2947 1573 3018 qui
1616 2956 1699 3004 est
1726 2948 1779 3003 in
1875 2934 2202 3007 ieiuniorum
2231 2936 2413 2999 etiam,
2442 2944 2499 2990 et
2542 2934 3001 3006 eleemosynarum
3029 2936 3134 2992 illis
3186 2940 3450 2994 submini-

218 3031 422 3105 Gurgo;
455 3050 626 3089 uinum
654 3026 731 3090 in
760 3036 1137 3106 Fossedunde;
1171 3038 1408 3110 quinque
1437 3038 1489 3094 in
1524 3037 1776 3106 Baniolo;

218 3132 266 3177 et
287 3125 549 3196 capellam
598 3126 812 3183 Sanctae
839 3128 1097 3184 Mustiolze
1121 3142 1242 3185 cum
1273 3129 1385 3185 suis
1413 3128 1778 3199 pertinentiis;

220 3226 376 3283 unum
402 3217 454 3271 in
486 3216 742 3273 Crustulo
773 3218 979 3287 veteri;
1012 3234 1178 3276 unum
1206 3220 1258 3274 in
1281 3220 1402 3276 vico
1430 3218 1781 3293 Desbergato,

219 3316 374 3357 unum
397 3305 451 3358 in
473 3303 670 3376 Magno
689 3306 897 3363 Casali:
922 3322 1044 3364 cum
1067 3309 1271 3379 capella
1291 3308 1475 3365 Sancti
1495 3309 1780 3383 Sylvestri,

221 3403 333 3444 eum
361 3393 695 3449 dominicatu
724 3396 790 3451 de
830 3395 1020 3452 eadem
1069 3398 1191 3453 villa
1224 3398 1414 3472 Magno
1434 3399 1639 3476 Casali;
1671 3410 1783 3457 trcs

220 3493 427 3538 mansos
468 3483 523 3537 in
568 3482 758 3555 Regio,
805 3493 859 3541 et
885 3487 1268 3545 dominicatum
1301 3489 1489 3561 Regii;
1532 3490 1784 3548 Braidant

223 3569 396 3642 Regis,
425 3584 485 3628 et
515 3588 730 3630 omnem
762 3585 958 3632 terram
989 3579 1227 3648 praadicli
1279 3580 1589 3636 monasterii
1639 3581 1784 3638 circa

221 3662 456 3718 eamdem
489 3664 763 3721 civitatem
809 3667 1000 3733 sitam;
1035 3676 1148 3724 tres
1182 3684 1399 3726 mansos
1443 3669 1496 3726 in
1529 3670 1782 3739 Rodano;

222 3759 449 3818 quatuor
470 3753 526 3808 in
551 3753 774 3823 Lovari;
804 3772 966 3813 unum
1000 3757 1052 3814 in
1084 3759 1285 3828 Banio,
1334 3777 1496 3817 unum
1523 3762 1576 3817 in
1606 3763 1787 3819 casale

222 3837 286 3891 de
307 3838 548 3909 Rodano;
572 3852 682 3899 tres
702 3844 753 3899 in
774 3844 1108 3913 Marmirolo;
1124 3850 1287 3903 unum
1305 3848 1356 3905 in
1378 3848 1570 3906 Aliano
1585 3867 1599 3918 ;
1617 3867 1785 3909 unum

224 3929 274 3984 iu
298 3932 549 4002 Bibiano;
567 3950 731 3990 unum
752 3937 806 3991 in
830 3937 1199 4005 Piano;unum
1216 3939 1269 3994 in
1294 3939 1600 4008 Mulazano;
1620 3958 1784 3998 unum

226 4018 275 4072 in
297 4018 524 4089 Planzo;
553 4039 718 4080 unum
749 4024 802 4079 in
855 4034 1035 4082 castro
1080 4026 1340 4094 Oleriani,
1394 4037 1447 4083 et
1477 4038 1683 4084 cortem
1719 4030 1787 4086 de

226 4105 444 4166 Nasseto
471 4127 597 4168 cum
627 4114 845 4169 Lamina
890 4114 1185 4181 Fraularia,
1238 4125 1294 4172 et
1337 4130 1528 4172 campo
1603 4127 1659 4172 et
1701 4118 1775 4172 ri-

225 4213 339 4254 vam
388 4203 456 4257 de
505 4202 766 4270 Nassfrto',
816 4219 934 4275 qua
985 4205 1234 4260 aCarolo
1260 4207 1503 4277 piissrmo
1529 4222 1654 4278 rege
1673 4222 1785 4277 jam

226 4304 318 4360 per
356 4294 654 4365 scriptum,
694 4295 845 4366 iuxta
896 4296 1030 4352 lines
1064 4297 1136 4352 ibi
1164 4298 1486 4370 designatos,
1533 4298 1786 4370 Regiensi

1881 3032 2117 3080 strantes
2138 3025 2468 3095 pmsidium,
2493 3024 2809 3081 delictorum
2847 3039 3035 3082 eorum
3061 3027 3449 3098 expiandorum

1885 3113 2175 3172 conferatis
2201 3114 2475 3170 solatium.

1954 3205 2008 3259 ι.
2036 3203 2386 3273 Ρνωεὶρίηιιιε
2413 3218 2629 3275 quoque
2674 3220 2743 3261 ne
2784 3206 2906 3262 ouis
2956 3206 3458 3276 eiusdemcivitznis

1885 3298 2204 3365 cpiscopus,
2259 3297 2352 3350 sed
2407 3310 2507 3350 nec
2555 3297 2770 3365 quidem
2822 3296 3018 3367 aliquis
3073 3308 3315 3368 primas,
3373 3302 3455 3355 vel

1887 3386 2381 3455 metropolitanus,
2443 3394 2538 3440 aut
2596 3387 2851 3457 quaelibet
2915 3403 3081 3458 parva
3156 3406 3458 3461 tuaguaque

1885 3475 2252 3531 ecclesiastica
2284 3475 2626 3531 saecularisve
2653 3490 2907 3545 persona,
2935 3477 3226 3548 quidquam
3269 3495 3455 3535 eorum

1886 3580 2008 3636 qure
2058 3580 2217 3635 supra
2274 3567 2576 3623 taxavimus
2612 3578 2923 3638 pervertere
2963 3571 3183 3645 audeat,
3228 3572 3324 3626 sed
3356 3588 3457 3630 nec

1887 3654 2119 3724 aliquam
2147 3665 2468 3725 potestatem
2496 3672 2754 3714 exercere
2809 3670 2994 3713 contra
3054 3661 3303 3715 ctundem
3366 3677 3457 3717 ve-

1887 3754 2058 3801 strum
2120 3748 2465 3815 coenobium,
2536 3763 2709 3819 neque
2756 3751 2945 3818 quavis
2995 3752 3282 3806 occasione
3330 3751 3459 3808 inibi

1887 3835 2088 3890 missas
2129 3835 2405 3890 celebrare
2438 3874 2453 3901 ,
2530 3845 2623 3890 aut
2692 3837 3090 3892 ordinationem
3180 3838 3460 3909 aliquant,

1889 3927 2137 3995 quamvis
2186 3927 2583 3996 parvissimam,
2642 3927 2758 3982 sine
2819 3927 3099 3982 voluntate
3142 3930 3357 3985 abbatis
3404 3946 3462 3989 et

1890 4015 2118 4071 fratrum
2186 4029 2380 4085 agere,
2442 4024 2536 4070 aut
2585 4018 3198 4075 cxcommunicationem
3269 4032 3462 4079 contra

1888 4119 1982 4161 eos
2022 4103 2210 4170 ferre,
2265 4104 2349 4159 vel
2404 4101 2617 4175 aliquod
2665 4105 2927 4170 oﬂicitm,
2977 4119 3069 4163 aut
3123 4110 3453 4179 sepulturam

1889 4204 2226 4251 tnortuorum
2272 4193 2507 4250 condere
2563 4195 2759 4251 audeat
2819 4197 2907 4265 qui
2968 4213 3073 4254 non
3130 4200 3245 4255 vult
3304 4211 3466 4259 aster-

1890 4284 2089 4339 naliter
2111 4283 2356 4338 damnari
2384 4292 2439 4338 et
2462 4292 2722 4354 perpetuo
2743 4285 3089 4341 anathemate
3120 4287 3290 4344 feriri.

228 4380 464 4439 ecclesiae
504 4382 634 4439 data
682 4398 802 4441 esse
859 4386 1230 4457 dignoscitur;
1279 4398 1335 4443 et
1393 4396 1594 4444 terram
1624 4402 1785 4459 quam

1959 4376 2011 4431 5.
2040 4377 2193 4444 Quod
2242 4375 2287 4432 si
2338 4377 2520 4447 aliquo
2566 4392 2803 4449 unquam
2850 4389 3096 4450 tempore
3151 4386 3466 4453 apparuerit

229 4471 365 4529 dedit
397 4474 675 4531 Rolandus
704 4476 845 4531 illius
870 4475 1131 4544 Eriberti;
1186 4479 1238 4532 in
1270 4478 1520 4534 Mutilena
1553 4488 1788 4550 quatuor

228 4574 454 4629 mansos,
485 4581 611 4622 cum
650 4565 883 4637 capella,
914 4575 968 4622 et
993 4568 1279 4637 quamdam
1308 4579 1516 4639 partem
1546 4570 1784 4637 castelli;

231 4656 280 4711 in
333 4659 558 4717 Albinea
607 4671 840 4732 quatuor
888 4676 1124 4727 mansos,
1172 4670 1225 4717 et
1266 4663 1524 4732 capellam
1574 4663 1789 4718 Sancta:

230 4746 404 4804 Maria:
454 4751 505 4806 in
535 4751 847 4820 Pisignano,
872 4766 993 4807 cum
1022 4749 1229 4807 Oliveto
1259 4751 1358 4807 sibi
1389 4750 1664 4823 adiacente
1689 4767 1704 4815 ;
1735 4751 1788 4806 in

231 4835 507 4912 Verguano
536 4843 672 4900 duos
697 4860 939 4909 mansos,
968 4856 1022 4900 et
1049 4854 1171 4901 octo
1216 4860 1433 4901 mansos
1482 4861 1617 4917 quos
1638 4843 1789 4900 dedit

233 4924 439 4984 Ardicio
468 4930 610 4987 illius
653 4934 864 4989 Attonis
913 4933 1006 4988 lilii
1052 4933 1374 5004 Gandulplti,
1429 4943 1484 4987 et
1528 4934 1788 5004 capellam

236 5015 411 5075 Sancti
446 5019 690 5077 Damiani
732 5023 785 5079 in
842 5023 1091 5086 mcdnlae,
1138 5039 1297 5093 quam
1343 5023 1487 5077 dedit
1526 5023 1789 5088 Ubertus;

235 5109 436 5165 vineam
490 5127 613 5167 cum
677 5124 881 5186 septem
932 5112 1235 5179 montibus;
1297 5110 1554 5178 capellam
1609 5110 1792 5166 Sancti

236 5197 373 5256 Petri
403 5203 458 5257 in
478 5202 824 5270 Convanello,
847 5219 968 5258 cum
999 5203 1249 5259 omnibus
1280 5200 1392 5255 suis
1419 5202 1789 5271 pertinentiis;

238 5289 289 5345 in
342 5292 595 5364 Spetiano
641 5312 799 5352 unum
866 5308 1144 5358 mansum;
1201 5294 1255 5349 in
1306 5288 1503 5346 Sancto
1542 5292 1796 5348 Floriano

1891 4468 2089 4539 aliquis
2114 4468 2203 4539 qui
2231 4476 2415 4523 contra
2448 4468 2565 4524 hmc
2590 4470 2743 4536 velit,
2773 4472 3099 4527 auctoritate
3123 4473 3262 4529 beati
3294 4475 3462 4542 Petri,

1888 4570 1945 4614 ut
1966 4560 2331 4629 praediximus,
2386 4556 2600 4615 irritum
2629 4560 2894 4616 habeatur
2928 4563 3071 4632 quod
3096 4578 3449 4635 prmsumpse-

1889 4649 1961 4704 rit
2017 4659 2290 4722 appetere,
2346 4664 2521 4720 neque
2559 4665 2589 4706 a
2624 4659 2675 4706 te
2702 4651 2786 4705 vel
2840 4666 2870 4705 a
2906 4654 3013 4709 tuis
3043 4656 3460 4710 successoribus

1890 4742 2193 4799 obediatur.

1960 4833 2012 4887 6.
2046 4833 2216 4887 Porro
2251 4844 2412 4899 super
2454 4831 2718 4885 electione
2777 4842 2871 4884 seu
2931 4828 3278 4886 ordinatione
3303 4830 3466 4886 abba-

1893 4921 1985 4984 tis,
2011 4922 2152 4990 quod
2181 4918 2412 4972 maxime
2440 4918 2600 4973 saluti
2624 4916 3019 4972 coenobitarum
3056 4916 3339 4985 competit,
3360 4916 3470 4975 boc

1895 5011 1948 5065 in
2001 5006 2107 5065 fine
2158 5006 2477 5076 repetimus,
2518 5014 2579 5061 ut
2641 5013 2795 5059 tanto
2830 5006 3076 5063 tenacius
3108 5004 3314 5059 hatreat
3333 5021 3473 5076 pm.

1894 5104 2127 5157 sentiunt
2184 5106 2239 5151 et
2281 5095 2589 5151 futurorum
2633 5094 2931 5161 mentibus,
2988 5102 3195 5168 quanto
3235 5110 3336 5165 pro
3387 5102 3477 5157 sui

1896 5192 2114 5261 speciali
2143 5187 2229 5242 vel
2277 5185 2536 5254 singulari
2579 5184 2814 5243 utilitate
2853 5185 3159 5243 inculcatur
3200 5186 3474 5246 crebrius.

1897 5279 1953 5334 Si
1998 5281 2118 5347 quis
2162 5288 2331 5341 ergo.
2374 5286 2704 5346 Quocunque
2759 5273 3018 5344 ingenio,
3090 5289 3190 5347 per
3232 5276 3478 5347 aliquam

2003 5370 2091 5392 ,ΙΞι
2114 5375 2241 5392 ,ΔΑ-ιιι
2267 5370 2348 5392 ..ΑΙ
2377 5370 2672 5392 Iul-mn..-“
2721 5370 2947 5392 ηηηιῖᾳμ
3005 5381 3374 5392 Α--ΑΑΑ-ΑΑ-Α---
3433 5375 3476 5392 4⁸

1896 5370 2091 5392 ---..-1ει
2114 5375 2241 5392 ,ΔΑ-ιιι
2267 5364 2348 5392 ..ΑΙ
2376 5364 2672 5392 lui-mn..-“
2721 5366 2947 5392 nnn':‘_
3005 5381 3318 5392 Α--ΑΑΑ-ΔΑ-Α
