4020 5392
506 364 623 421 ,8ἳ9

1793 362 2135 419 STEPHANI
2176 362 2218 417 Χ
2254 361 2478 418 ΡΑΡίΕ.
2554 396 2558 407 ι

3648 364 3752 419 880

518 470 746 535 diuatio,
771 470 1095 526 auctoritate
1133 478 1336 525 sancta:
1367 469 1625 525 Romana!
1677 480 1732 526 et
1776 472 2084 540 apostolica:
2110 477 2160 533 Λ
2190 487 2329 537 mus,
2357 472 2553 540 quibus
2579 486 2685 528 non
2710 472 2881 527 solum
2905 472 3084 529 omnia
3114 472 3443 538 communia,
3467 476 3563 529 sed
3591 477 3752 529 etiam

516 561 662 617 sedis
697 560 1005 616 omnimodo
1048 560 1309 614 habeatur
1344 560 1518 624 irrita,
1572 570 1629 615 et
1668 569 1921 615 auctores
1968 558 2088 628 eius

503 634 597 705 Avel
627 651 973 713 mediatores,
1006 650 1108 704 nisi
1139 651 1488 719 resipueriut,
1530 661 1801 721 perpetuo
1843 651 2086 706 damnati

510 742 624 795 ‘siut
652 741 994 795 anathemate
1019 738 1359 794 Maranatha.

586 830 638 885 7.
684 830 823 885 Hine
880 829 1041 899 hujus
1091 829 1358 900 privilegii
1418 838 1785 899 transgressor
1856 829 2084 898 quicun-

513 935 620 989 que
652 928 855 975 temere
894 928 1103 975 tentare
1127 919 1558 988 przrsumpserit,
1583 918 1828 971 districto
1863 918 2091 972 anathe-

526 1020 677 1079 mate
703 1025 763 1065 se
788 1011 1207 1065 condemnatum
1229 1011 1439 1064 noverit
1461 1008 1567 1064 nisi
1601 1008 1742 1065 forte
1766 1008 2088 1078 resipiscens

520 1100 682 1171 digne
709 1098 1055 1156 satisfecerit.

512 1176 515 1181 ⁴
587 1192 641 1247 8.
669 1192 769 1260 Qui
802 1208 929 1247 vero
950 1192 1174 1247 devotus
1199 1200 1552 1248 conservator
1574 1192 1869 1257 exstiterit,
1891 1192 2089 1248 divinis

525 1282 796 1353 rcplcatur
822 1282 1305 1346 benedictionibus,
1335 1292 1389 1337 et
1417 1283 1681 1354 principis
1719 1283 2090 1353 apostolorum

515 1373 841 1428 auctoritate
897 1373 965 1427 ab
1021 1373 1272 1428 omnibus
1304 1372 1625 1428 delictorum
1653 1387 1873 1429 suorum
1914 1371 2092 1429 absol-

529 1472 688 1517 vatur
715 1463 964 1518 nexibus.
989 1463 1181 1519 Amen.

601 1550 875 1621 Scriptum
921 1567 1018 1621 per
1074 1566 1265 1607 manus
1323 1550 1574 1623 Gregorii
1640 1552 1838 1607 notarii
1890 1561 2091 1608 sancite

518 1640 777 1697 Romanae
796 1650 851 1697 et
895 1639 1206 1712 apostolica:
1236 1641 1421 1708 sedis,
1455 1641 1507 1695 iu
1540 1656 1726 1697 mense
1755 1641 2088 1709 Decembris,

519 1732 814 1789 indictione
867 1748 944 1787 XI.

2189 579 2356 617 unum
2381 578 2479 618 eor
2505 570 2590 618 est
2632 572 2690 618 et
2724 564 2902 618 anima
2947 578 3076 617 una.
3106 563 3162 617 ln
3207 579 3436 631 quorum
3477 572 3629 618 sorte
3653 581 3756 617 non

2189 652 2414 710 inferius
2458 663 2709 708 censetur
2744 654 3098 709 Cluniaeense
3123 668 3208 707 cce
3232 655 3452 717 .obiutn.
3503 655 3659 723 quod
3693 656 3760 707 ab

2190 742 2305 810 ipso
2326 757 2436 797 sua:
2454 742 2786 798 fumlatiouis
2800 743 3096 813 primordio
3120 746 3385 798 hactenus
3401 745 3586 799 vibrat
3606 743 3761 813 longe

2188 831 2400 901 lateque
2447 842 2647 887 sanotte
2692 834 3123 888 conversationis
3164 833 3325 903 jubar
3375 833 3763 897 clarissimum,

2188 921 2324 975 adeo
2374 928 2434 975 ut
2479 920 2725 977 faciendo
2762 931 2819 976 et
2860 921 3100 978 docendo
3151 924 3423 978 exstiterit
3475 932 3534 977 et
3570 921 3762 977 existat

2189 1010 2508 1074 Gallicanis,
2556 1010 2916 1077 Germanicis,
2970 1010 3191 1076 Italicis,
3243 1022 3299 1066 et
3352 1012 3513 1081 plane
3555 1013 3767 1067 eunetis

2188 1101 2393 1156 Latina:
2424 1102 2616 1169 lingua:
2655 1103 3001 1158 monasteriis
3036 1102 3213 1158 forma
3256 1103 3567 1159 sanctitatis
3611 1112 3769 1171 atque

2192 1197 2491 1259 speculum.
2507 1189 2637 1243 Tam
2661 1190 2916 1244 laudabili
2932 1207 3062 1257 ergo
3082 1193 3393 1248 monasticae
3408 1192 3770 1261 philosopr

2190 1280 2492 1352 gymnasio,
2552 1288 2773 1351 tamque
2821 1282 3090 1337 ordinata:
3117 1284 3257 1339 aciei
3304 1293 3618 1339 castrorum
3677 1296 3773 1337 .m-

2190 1369 2432 1436 lestium,
2488 1378 2547 1424 ut
2599 1370 2819 1440 dignum
2869 1382 2975 1437 est,
3035 1373 3162 1428 totis
3203 1374 3524 1443 pmcordiis
3571 1373 3771 1436 devoti,

2191 1459 2487 1516 secundum
2537 1460 2918 1529 postulationis
2968 1471 3073 1517 tute
3121 1471 3403 1525 tenorem,
3449 1463 3775 1518 charissime

2193 1549 2288 1615 fili,
2317 1559 2373 1604 et
2395 1550 2533 1603 abba
2556 1548 2727 1617 l‘lugo,
2758 1551 3083 1606 auctoritate
3128 1560 3440 1607 sanctorum
3496 1551 3772 1621 apostolo.

2193 1657 2311 1696 rum
2356 1640 2500 1697 Petri
2546 1650 2603 1696 et
2659 1640 2832 1706 Pauli,
2863 1657 3094 1711 quorum
3132 1643 3438 1712 patrocinio
3486 1643 3774 1713 pmfatum

2192 1730 2552 1786 Cluniaecuse
2607 1730 2912 1786 cmnobium
2956 1732 3225 1797 innititur,
3255 1747 3351 1802 per
3384 1733 3553 1802 nujus
3582 1742 3778 1787 nostra

590 1821 785 1876 Datum
831 1821 885 1876 in
934 1828 1116 1876 castro
1159 1820 1358 1877 Casino
1409 1836 1508 1892 per
1558 1837 1752 1878 manus
1806 1821 2089 1877 liumberti
2121 1797 2165 1857 B
2194 1820 2485 1876 decretalis
2505 1821 2713 1892 paginae
2757 1819 3064 1876 inviolabile
3093 1797 3277 1885 robur,
3311 1797 3626 1877 statuentes
3654 1838 3778 1877 cou-

521 1925 719 1973 sanctte
760 1915 1002 1974 ecclesia:
1039 1915 1199 1973 Silva:
1220 1916 1472 1972 Candidie
1500 1916 1772 1988 episcopi,
1813 1926 1867 1972 et
1896 1916 2093 1973 biblio-

524 2006 750 2064 tboearii
789 2014 988 2063 sancta:
1030 2005 1288 2063 Romana:
1329 2006 1603 2064 Ecclesiae.

524 2180 761 2281 Epistula
808 2208 1058 2281 Stephani
1093 2206 1143 2261 Χ
1185 2117 1451 2332 ponii-aii
1502 2207 1691 2277 fratrea
1740 2205 2095 2262 Cluniacensi:

1142 2294 1322 2332 manus
1348 2294 1464 2332 cru.

1142 2294 1464 2334 monasterii.

1113 2386 1288 2457 (Anno
1339 2385 1521 2457 1053.)

958 2486 1188 2558 [Bullan
1233 2484 1510 2550 Cluniac.,
1562 2484 1675 2556 15.]

605 2558 918 2634 Summus
941 2577 1245 2647 episcopus,
1274 2589 1464 2631 servus
1511 2590 1790 2631 servorum
1827 2574 1945 2642 Dei,
1969 2575 2101 2632 dile-

533 2670 790 2727 ctissimis
840 2668 965 2725 ﬁliis
992 2666 1362 2723 Cluniacensis
1406 2666 1700 2722 nonastorii
1769 2666 1997 2723 salutent
2048 2677 2105 2724 et

534 2762 883 2834 apostolicam
911 2761 1360 2818 benedictionem.

599 2854 861 2923 Quamvis
890 2866 987 2924 pro
1015 2860 1215 2907 nostra:
1234 2850 1377 2906 sedis
1394 2849 1652 2921 dignitate
1671 2850 1917 2905 omnibus
1938 2850 2109 2906 simus

539 2945 836 3009 debitores,
861 2950 1040 2998 tamen
1062 2938 1352 3011 specialem
1396 2938 1543 2994 circa
1575 2953 1673 2994 vos
1701 2938 1949 2993 aﬂ'ectum
1978 2939 2107 2992 cha-

535 3036 715 3094 ritatis
750 3034 1031 3097 habemus,
1059 3031 1176 3102 qui,
1204 3030 1304 3086 sub
1327 3028 1640 3084 umbraculo
1668 3039 1872 3085 sancta:
1896 3038 1951 3083 et
1980 3044 2112 3099 apo-

536 3126 738 3184 stolica:
780 3124 925 3180 sedis
953 3120 1138 3193 positi,
1191 3119 1332 3175 unde
1359 3116 1727 3175 defensionem
1756 3117 2107 3186 protectiouis
2135 3126 2178 3187 ο

535 3216 800 3273 habuistis
861 3212 1099 3270 solamen
1158 3210 1463 3266 orationum
1530 3209 1896 3280 impendistis.
1955 3208 2106 3275 Quod

534 3321 753 3377 semper
775 3305 955 3359 facere
977 3301 1206 3366 debetis,
1240 3308 1511 3370 quatenus
1549 3299 1652 3355 sub
1680 3313 1744 3354 ea
1768 3300 2030 3355 crescatis
2056 3307 2109 3353 et

535 3396 773 3451 fructum
823 3391 1085 3448 reddatis.
1139 3389 1397 3446 Nostrum
1458 3397 1638 3446 autem
1700 3388 2107 3444 dilectissimum

538 3484 707 3540 tilium
733 3479 1056 3537 cbaritative
1076 3478 1356 3535 uobiscum
1385 3491 1557 3546 usque
1595 3476 1662 3530 ad
1691 3476 1953 3546 synodum
1986 3475 2112 3530 reti-

541 3575 778 3630 nuimus.
809 3571 973 3629 Vobis
999 3579 1205 3636 autem,
1231 3569 1372 3625 sicut
1411 3567 1677 3638 imprimis
1715 3567 2110 3632 benediximus,

540 3661 934 3727 benedieimus,
991 3670 1039 3715 δι
1091 3658 1337 3715 viventes
1393 3671 1459 3713 ac
1508 3656 1793 3713 defunctos
1848 3669 1914 3711 ex
1958 3665 2112 3724 parte

542 3752 638 3808 Dei
689 3759 747 3807 et
806 3749 951 3806 beati
1006 3747 1151 3805 Petri
1208 3746 1468 3818 principis
1514 3746 1877 3817 apostolorum
1932 3744 2110 3801 absolo

543 3859 572 3898 ἲ
580 3858 735 3900 unus.

1264 3925 1398 3983 Vlll.

547 4021 884 4091 Privifegium
941 4018 1190 4091 Stephani
1246 4016 1296 4072 Χ
1340 4032 1490 4091 papa:
1524 4032 1617 4086 per
1657 3995 2117 4091 quodlcouﬁrmat

614 4084 789 4146 omnia
839 4084 1174 4149 monasteria,
1234 4084 1416 4151 bona,
1433 4084 1563 4154 jura
1600 4095 1648 4138 et
1677 4084 1947 4154 privilegia
2005 4099 2116 4137 mo-

617 4164 844 4215 nasterio
871 4157 1203 4215 Cluniacensi
1238 4167 1391 4210 anim
1419 4171 1678 4210 concessa.

1142 4248 1320 4315 (Auno
1357 4245 1541 4317 1058.)

994 4336 1225 4409 [Βαιιαν.
1261 4334 1529 4401 Cluuium,
1569 4335 1681 4407 15.]

2195 1913 2471 1968 firmamus
2524 1913 2619 1968 tibi
2689 1911 3043 1967 Cluniaeensc
3088 1912 3417 1974 coenobium,
3474 1924 3535 1967 et
3588 1927 3689 1981 per
3731 1920 3779 1965 te

2194 2004 2406 2060 cunctis
2438 2003 2565 2069 tuis,
2598 2003 2740 2058 sicut
2772 2002 2972 2058 dictum
2999 2012 3102 2068 est,
3134 2004 3551 2059 successoribus
3573 2004 3632 2057 in
3656 2018 3776 2072 per-

2191 2101 2435 2165 petuum,
2466 2101 2657 2149 cuneta
2684 2093 2800 2149 loca
2826 2101 2876 2151 ct
2928 2104 3246 2150 monasteria
3280 2095 3379 2163 ipsi
3431 2094 3781 2150 Cluniacensi

2195 2183 2528 2240 monasterio
2578 2183 2700 2252 jure
2756 2182 3112 2253 pertinentia,
3161 2198 3280 2252 quae
3330 2184 3497 2239 etiam
3556 2197 3591 2237 a
3663 2181 3783 2250 qui-

2196 2273 2509 2342 buscuuquo
2533 2270 2777 2326 fidelibus
2798 2270 3022 2335 Christi,
3042 2271 3275 2341 regibus,
3302 2272 3595 2342 episcopis,
3632 2271 3781 2326 duci-

2198 2364 2321 2428 bus,
2345 2376 2438 2417 seu
2470 2361 2801 2432 principibus
2843 2360 3019 2415 eidem
3069 2359 3186 2416 loco
3213 2371 3335 2416 sunt
3371 2375 3673 2426 concessa;
3704 2360 3782 2415 vel

2200 2453 2269 2506 ab
2291 2452 2731 2507 antecessoribus
2761 2450 2865 2506 tuis
2893 2450 3181 2507 abbatibus
3221 2452 3508 2521 acquisita,
3532 2452 3784 2508 Bernoae

2200 2538 2474 2607 videlicet,
2500 2537 2708 2607 Odone,
2735 2539 3027 2611 Eymardo,
3069 2549 3124 2596 et
3163 2540 3335 2597 beam
3388 2540 3785 2596 recordationis

2204 2631 2401 2687 Maiolo
2449 2640 2720 2687 otsancto
2744 2631 2990 2697 0dilone,
3034 2639 3143 2687 tam
3184 2632 3239 2686 in
3283 2633 3444 2687 rebus
3493 2632 3784 2686 mobilibus

2205 2736 2371 2793 quam
2401 2720 2566 2778 etiam
2607 2722 2660 2776 in
2690 2722 3053 2777 immobilibus
3079 2735 3304 2791 seseque
3328 2720 3703 2785 moventibus,
3731 2730 3786 2774 ut

2208 2812 2414 2880 absque
2441 2810 2601 2867 ullius
2630 2812 3057 2867 contradictione
3081 2826 3271 2867 secure
3302 2822 3357 2867 et
3382 2814 3616 2883 pacitice
3639 2813 3786 2882 quie-

2209 2913 2293 2959 tus
2318 2904 2516 2959 debeas
2547 2918 2610 2959 ea
2647 2903 2942 2974 possidere.
2982 2903 3063 2958 Ex
3092 2904 3286 2974 quibus
3324 2904 3412 2959 hic
3463 2904 3781 2959 nominatio.

2209 2992 2311 3047 ista
2339 2992 2751 3062 descripsimus:
3438 2985 3447 2993 ’

2277 3081 2729 3152 lmprimisipsum
2752 3080 3107 3139 Cluniacense
3128 3083 3432 3140 coenobium
3457 3097 3491 3137 a
3519 3084 3789 3153 potentis-

2210 3171 2348 3225 simo
2377 3172 2648 3240 quondam
2676 3172 2809 3228 duce
2837 3171 3111 3229 Willelmo
3158 3173 3213 3227 in
3240 3188 3376 3243 pago
3399 3173 3786 3229 Matiseoueusi

2210 3262 2511 3329 fundatum,
2549 3279 2669 3319 eum
2701 3263 2952 3319 omnibus
2978 3264 3137 3319 rebus
3182 3264 3236 3318 in
3274 3265 3502 3319 circuitu
3536 3265 3712 3334 ipsius
3735 3274 3789 3318 et

2212 3356 2265 3409 in
2287 3355 2407 3410 aliis
2428 3355 2734 3424 regionibus
2755 3353 2945 3425 positis
2974 3354 3040 3409 ad
3089 3355 3260 3424 ipsum
3296 3355 3420 3425 jure
3469 3354 3790 3424 pertinenti-

2211 3442 2343 3509 bus;
2377 3443 2429 3497 in
2469 3443 2745 3509 comitatu,
2776 3441 3023 3498 videlicet
3049 3442 3454 3508 Matiscoucnsi,
3504 3443 3706 3498 cellam
3740 3445 3791 3497 in

2214 3536 2418 3590 honore
2443 3534 2616 3589 sancti
2648 3533 2863 3589 Martini
2885 3551 2900 3599 ;
2922 3534 3203 3590 ecclesiam
3231 3550 3445 3605 quoque
3468 3533 3628 3602 juxta
3653 3534 3793 3603 posi-

2216 3634 2326 3678 tam
2355 3623 2410 3678 in
2442 3624 2650 3679 honoro
2675 3623 2851 3678 sancti
2873 3622 3127 3690 Joannis;
3160 3623 3315 3677 villas
3336 3624 3502 3678 etiam
3534 3622 3791 3677 Caviuias

2215 3730 2338 3770 cum
2392 3714 2645 3771 ecclesia°
2698 3713 3077 3771 Solestriacum
3129 3715 3306 3770 villam
3353 3731 3473 3770 cum
3525 3716 3791 3778 ecclesia;

2214 3808 2522 3863 Eseutiolas
2548 3822 2670 3862 eum
2699 3808 2964 3872 ecclesia;
2995 3805 3349 3862 Galliniacum
3379 3822 3503 3861 eum
3531 3805 3791 3870 ecclesia;

2222 3900 2502 3955 ltuliacum
2555 3913 2678 3954 cum
2734 3897 2994 3963 ecclesia;
3052 3896 3312 3952 Massilias
3365 3912 3487 3951 cum
3536 3895 3793 3960 ecclesi.-,

2215 3991 2642 4054 Clairmaunum,
2670 3989 3080 4059 Barjeseranum
3124 3988 3336 4052 villam;
3391 3986 3656 4042 Curtiiias
3694 3985 3794 4038 vil-

2218 4080 2345 4145 lam,
2374 4077 2815 4140 Petronniaeum,
2847 4075 3191 4146 Arpajacum,
3248 4074 3667 4139 Darboniacum,
3701 4075 3795 4127 Bc-

2218 4171 2558 4235 surniaeum;
2589 4169 2882 4225 Ecclesium
2914 4169 3129 4224 Sancta:
3170 4157 3472 4231 Colonum;
3498 4166 3793 4223 Vitreriam

2224 4261 2632 4333 Burguliensem
2674 4260 2880 4327 villam,
2931 4259 3212 4314 ecclesiam
3252 4257 3433 4313 Sancti
3477 4257 3789 4320 Laurentii;

2224 4359 2465 4406 castrum
2515 4348 2851 4414 Lurdonum,
2910 4348 3266 4411 Blauuscum;
3318 4346 3524 4409 viilam,
3580 4347 3795 4400 nomine

622 4431 935 4486 S'rsrutxus
962 4426 1267 4497 episcopus,
1296 4440 1486 4480 servus
1521 4440 1799 4479 servorum
1831 4425 1943 4489 Dei,
1970 4439 2107 4479 reve-

2220 4438 2431 4496 Cottam
2467 4455 2483 4506 ;
2532 4449 2915 4494 monasterium
2954 4438 3114 4492 etiam
3151 4437 3293 4506 quod
3346 4444 3575 4491 vocatur
3600 4434 3795 4490 Canis-

557 4520 881 4577 rendissimo
911 4516 1024 4572 lilio
1051 4514 1256 4570 [locum
1284 4514 1465 4569 abbati
1502 4514 1827 4569 venerabilis
1856 4523 2123 4569 monaste-

556 4610 622 4664 rii
662 4608 804 4679 quod
862 4623 892 4662 a
940 4605 1077 4661 valle
1109 4604 1361 4661 Cluniaca
1388 4604 1762 4674 agnomiuatur
1788 4603 2121 4672 Cluuiacum,

556 4704 610 4758 iu
640 4702 845 4756 honore
875 4701 1157 4755 beatorum
1180 4696 1544 4767 apostolorum
1574 4695 1719 4751 Petri
1749 4706 1802 4751 ct
1824 4696 1971 4751 Pauli
1998 4713 2126 4753 con-

561 4802 857 4857 secratum,
888 4792 942 4846 in
970 4790 1228 4846 comitatu
1260 4787 1642 4844 Matisconensi
1663 4791 1849 4856 situm,
1879 4797 1934 4844 et
1958 4805 2053 4858 per
2077 4800 2128 4844 te

557 4881 768 4936 cunctis
790 4876 1193 4934 successoribus
1227 4876 1333 4931 tuis
1379 4876 1663 4931 abbatibus
1694 4876 1824 4932 inibi
1871 4876 2129 4948 regulari-

561 4983 644 5027 ter
671 4968 1050 5041 promovendis
1068 4967 1123 5021 in
1150 4980 1488 5037 perpetuum.

632 5062 712 5114 Ad
735 5061 858 5125 hoc,
888 5059 997 5113 Deo
1024 5070 1268 5118 auctore,
1299 5073 1351 5110 ιιι
1384 5056 1600 5126 specula
1617 5066 1813 5111 sancta:
1835 5068 1889 5111 et
1921 5058 2134 5111 univer-

2223 4529 2397 4585 Locus
2438 4544 2561 4584 cum
2600 4527 2848 4583 omnibus
2896 4528 2963 4582 ad
3016 4541 3077 4581 se
3129 4525 3549 4597 pertinentibus;
3606 4523 3794 4578 cellam

2233 4618 2563 4690 Regniacum
2575 4633 2696 4672 eum
2714 4616 2958 4671 omnibus
2978 4615 3079 4670 sibi
3091 4615 3497 4686 pertinentibus;
3513 4613 3794 4668 ecclesiam

2228 4708 2412 4765 Sancti
2429 4707 2665 4763 Victoris
2681 4722 2801 4761 eum
2827 4706 3078 4760 omnibus
3100 4706 3213 4760 suis
3232 4704 3608 4774 pertinentiis;
3629 4703 3794 4758 eccle-

2229 4801 2336 4857 sias
2355 4799 2518 4853 etiam
2542 4807 2596 4852 et
2620 4808 2794 4851 terras
2821 4812 2938 4865 quze
2953 4796 3107 4864 juxta
3154 4796 3294 4849 illam
3316 4803 3461 4857 sunt,
3485 4809 3586 4862 pro
3608 4795 3799 4863 quibus

2229 4889 2354 4943 data
2381 4899 2463 4943 est
2485 4902 2752 4957 quondam
2783 4886 3005 4943 ecclesia
3034 4885 3217 4940 Sancti
3268 4883 3601 4953 Gengulphi;
3632 4884 3796 4952 Equi-

2234 4977 2455 5033 randam
2484 4992 2698 5046 quoque
2726 4986 2931 5030 curtem
2954 4989 3077 5030 cum
3104 4972 3333 5028 ecclesia
3365 4972 3551 5026 Sancti
3573 4972 3798 5027 Andros

2233 5065 2488 5134 apostoli,
2516 5074 2572 5118 et
2622 5080 2744 5118 cum
2773 5062 2894 5117 aliis
2934 5062 3175 5118 ecclesiis
3202 5072 3252 5116 et
3278 5060 3531 5116 omnibus
3558 5061 3673 5116 suis
3710 5077 3800 5129 ap.

565 5146 2136 5216 salisEcclcsimeminentioresconspeculatoribusnostris
2234 5154 2528 5216 pendiciis;
2574 5167 2764 5206 omnes
2795 5167 3008 5212 quoque
3053 5151 3309 5208 ecclesias
3349 5162 3405 5205 et
3462 5162 3659 5206 terras.
3708 5166 3802 5205 seu
