4020 5392
228 445 313 499 881

1373 452 1727 509 ΕΡΙΒΤΟΜΞ
1778 455 1864 508 ET
1915 453 2315 513 PRIVILEGIA.

3348 458 3452 513 832.

228 561 338 615 dem
369 560 480 613 loco
509 563 778 632 quondam
810 565 878 618 ab
896 565 1147 634 episcopo
1193 565 1440 621 Manassc
1465 568 1698 630 collatis,
1729 576 1781 620 et
1812 573 1856 628 Α
1887 566 2031 620 dedit
2074 582 2195 621 cum
2225 569 2474 624 omnibus
2517 571 2629 625 suis
2674 570 3045 639 pcrtinentiis:
3094 568 3148 624 in
3196 571 3450 625 comitatu

225 666 404 705 omnes
425 650 680 706 ecclesias
705 661 759 706 et
783 664 955 707 terras
973 669 1037 708 ac
1062 669 1394 724 quacunque
1441 656 1783 725 supradictus

225 746 363 798 locus
388 745 764 812 comprobatur
810 747 1009 802 habere
1061 749 1113 801 in
1156 747 1267 816 jam
1307 750 1450 805 dicto
1493 751 1777 816 comitatu;

225 834 494 888 ecclesiam
524 834 709 890 Sancti
735 834 979 910 Gengulﬂ
1001 853 1122 893 cum
1149 841 1260 895 suis
1281 841 1650 912 pertinentiis;
1673 843 1781 897 cel--

226 925 318 978 lam
363 935 667 979 sanctormn
720 937 1015 998 martyrum
1069 930 1276 985 Cosmze
1327 941 1382 986 et
1423 931 1689 998 Damiani,
1721 941 1777 987 et

223 1017 602 1071 monasterium
630 1016 816 1072 Sancti
838 1019 1074 1075 Marcelli
1101 1035 1220 1076 cum
1245 1023 1496 1077 omnibus
1517 1025 1627 1078 suis
1655 1037 1778 1094 per-

225 1107 473 1162 tinentiis:
513 1108 568 1161 in
607 1110 916 1178 episcopatu
970 1126 1097 1166 vero
1145 1115 1613 1182 Augustodunenst
1665 1128 1778 1168 mo-

224 1196 509 1249 nasterium
543 1197 594 1250 in
625 1197 801 1253 Aurea
835 1198 1002 1264 Valle,
1031 1201 1172 1270 quod
1205 1200 1477 1255 Parendus
1501 1201 1697 1256 dicitur
1722 1203 1774 1258 in

226 1285 415 1339 honore
435 1287 610 1339 sancti
627 1286 850 1342 Joannis
876 1289 1132 1358 Baptista:
1156 1302 1561 1356 consecratum;
1584 1293 1774 1348 cellam

217 1375 365 1427 etiam
393 1373 646 1430 Diadeilis
672 1392 793 1432 eum
822 1379 1071 1435 omnibus
1097 1381 1210 1435 suis
1239 1383 1592 1451 appendiciis,
1623 1383 1774 1438 villas

217 1465 394 1531 etiam,
422 1467 684 1522 ecclesias
711 1477 763 1524 et
812 1477 986 1524 terras
1013 1485 1147 1539 quas
1170 1471 1506 1528 Theotardus
1543 1473 1773 1529 clericus

216 1556 560 1624 contulitjam
594 1559 736 1612 dicto
766 1558 1104 1616 Cluniacensi
1137 1563 1407 1620 coenobio.

278 1647 663 1703 Confirmamus
697 1650 856 1704 etiam
895 1662 950 1706 et
987 1654 1398 1709 corroboramus
1430 1664 1615 1710 nostra
1643 1671 1771 1725 apo-

216 1735 384 1790 stolica
429 1738 754 1793 auctoritate
797 1739 941 1793 illaut
983 1742 1411 1796 convenientiam
1447 1758 1606 1811 quam
1645 1742 1772 1799 fecit

215 1825 420 1879 domnus
439 1824 709 1880 Galterius
721 1827 1214 1897 Augustodunensis
1230 1831 1478 1886 Ecclesiae
1491 1834 1770 1901 cpiscopus

1883 654 2207 712 Pictavicnsi
2234 659 2426 713 cellam
2467 660 2647 715 Sancti
2673 659 2892 715 Joannis
2928 660 2980 714 in
3017 659 3138 713 villa
3169 675 3287 730 qua:
3326 661 3454 714 dici-

1883 750 1972 796 tur
2021 743 2286 814 Mongou:
2339 747 2392 800 in
2439 747 2747 816 episcopatu
2797 747 3120 801 Sanctonico
3181 747 3451 801 abbatiam

1881 832 2066 889 Sancti
2093 833 2312 891 Joannis
2337 851 2457 905 qua:
2486 845 2709 891 vocatur
2734 837 2799 889 de
2829 836 3132 905 Engiriaco.
3163 836 3448 890 Abbatiatn

1878 925 2041 979 etiam
2081 924 2487 981 Malleacensem
2533 928 2876 982 concedimus
2927 927 3016 980 tibi
3063 936 3119 980 et
3161 927 3449 994 apostolica

1879 1014 2200 1068 auctoritate
2228 1015 2522 1070 ﬁrmamus.
2558 1017 2613 1071 In
2654 1017 2864 1072 abbatia
2897 1025 3074 1070 autem
3122 1014 3304 1069 Sancti
3344 1013 3450 1084 Cy-

1877 1103 2072 1172 priani,
2111 1120 2230 1174 qua:
2263 1113 2345 1160 est
2375 1105 2630 1169 Pictavis,
2667 1106 3009 1161 concedimus
3052 1105 3146 1158 tibi
3177 1105 3319 1173 quod
3349 1119 3447 1158 an-

1877 1204 2175 1251 tecessores
2205 1196 2281 1251 tui
2314 1196 2384 1250 ibi
2413 1197 2740 1252 habuerunt.

1947 1287 2000 1340 lu
2025 1287 2332 1356 episcopatu
2367 1287 2683 1343 Caturcensi
2706 1289 2976 1343 abbatiam
3008 1287 3190 1343 Sancti
3219 1287 3361 1342 Petri
3383 1287 3451 1342 de

1873 1375 2191 1445 Moyssiaco,
2222 1385 2279 1431 ut
2299 1377 2511 1445 quietus
2541 1377 2738 1432 debeas
2774 1377 3068 1446 possidere,
3103 1385 3288 1432 nostra
3319 1391 3448 1446 apo-

1873 1466 2062 1520 stolica
2114 1467 2434 1520 auctoritate
2484 1465 2865 1520 contirn‘iamus
2914 1474 3074 1535 atque
3129 1465 3445 1522 laudamus:

1874 1557 1926 1610 in
1957 1558 2267 1627 episcopatu
2297 1557 2596 1612 Vivanensi
2627 1556 2816 1611 cellam
2841 1555 3150 1618 Mizoscum,
3183 1571 3304 1610 cum
3335 1571 3449 1612 om-

1872 1646 2028 1700 nibus
2055 1662 2171 1715 qua:
2193 1646 2263 1700 ibi
2291 1647 2556 1716 aspiciunt
2584 1663 2598 1710 ;
2627 1647 2814 1702 cellam
2839 1647 2904 1701 de
2931 1647 3210 1715 liumpono
3230 1656 3440 1710 monte;

1871 1735 2058 1791 cellam
2087 1737 2153 1790 ad
2178 1735 2376 1800 fontes,
2403 1745 2458 1791 et
2485 1736 2674 1792 cellam
2706 1735 2880 1797 Riom,
2908 1751 3028 1789 cum
3055 1734 3304 1790 omnibus
3327 1749 3446 1803 qua:

1871 1825 2074 1880 habere
2108 1825 2320 1880 videtur
2359 1825 2697 1894 supradictus
2734 1824 2882 1879 locus
2917 1824 3204 1879 Cluuiacus
3245 1823 3300 1878 in
3334 1822 3448 1890 jam

215 1915 272 1965 tie
297 1915 647 1976 monasterio,
679 1918 819 1983 quod
857 1917 1051 1971 dicitur
1089 1917 1457 1988 Magabrensc,
1507 1921 1573 1975 ad
1616 1935 1768 1975 suam
1803 1905 1844 1962 Β
1873 1915 2018 1970 dicto
2054 1916 2312 1970 comitatu
2357 1915 2440 1969 vel
2477 1915 2784 1984 episcopatu
2819 1932 2832 1968 :
2876 1915 2929 1968 in
2970 1915 3280 1982 episcopatu
3333 1912 3448 1969 Uti-

220 2001 476 2055 ecclesiam
507 2004 831 2072 pertinente,
869 2021 992 2060 cum
1027 2008 1275 2062 omnibus
1308 2010 1372 2062 ad
1404 2010 1576 2078 ipsum
1604 2011 1770 2078 perti-

219 2089 467 2152 nentibus,
509 2107 807 2162 omnesque
839 2095 962 2149 cccl-
986 2097 1095 2150 sias
1123 2105 1177 2150 et
1208 2107 1378 2152 terras
1422 2108 1476 2153 et
1511 2115 1769 2169 qumcuu-

212 2195 302 2247 que
335 2181 674 2249 supradictus
716 2183 863 2237 locus
905 2184 1190 2240 Cluniacus
1229 2187 1438 2241 videtur
1474 2188 1672 2245 habere
1712 2191 1766 2244 in

207 2269 303 2338 jam
329 2269 468 2323 dicto
501 2271 851 2341 episcopatu:
887 2273 936 2326 in
978 2275 1249 2335 territorio
1290 2292 1415 2332 vero
1463 2279 1766 2335 Divionensi

210 2367 392 2410 curtem
429 2356 722 2414 Giuracum
747 2401 762 2426 ,
803 2375 925 2415 cum
965 2364 1211 2419 omnibus
1239 2380 1350 2419 sms
1385 2369 1720 2436 pertmcntits
1749 2388 1762 2423 :

210 2445 255 2497 in
292 2448 538 2501 comitatu
581 2465 792 2519 quoque
826 2452 1276 2511 Autissiodorensi
1317 2457 1546 2523 cellam,
1585 2459 1636 2513 in
1675 2461 1763 2516 ho-

215 2550 329 2588 nore
350 2546 548 2592 sancta:
580 2537 670 2591 Dei
693 2537 981 2596 Genitricis
1007 2553 1396 2611 consecratam,
1421 2546 1472 2600 in
1497 2546 1765 2604 Dunziaco

211 2636 407 2680 castro:
461 2629 510 2681 in
565 2630 818 2684 comitatu
864 2647 1076 2702 quoque
1108 2636 1432 2692 Arvernensi
1459 2678 1474 2702 ,
1517 2638 1764 2694 Silvinia-

211 2727 315 2765 Cum
356 2717 771 2783 monasterium,
811 2718 900 2774 ubi
939 2732 1158 2778 sanctus
1192 2723 1412 2792 lllajolus
1455 2738 1507 2781 et
1545 2737 1764 2784 sanctus

211 2800 346 2856 Oililo
376 2805 741 2874 requiescunt,
778 2824 899 2864 cum
930 2813 1178 2868 omnibus
1206 2813 1272 2868 ad
1307 2817 1550 2871 eumdem
1587 2831 1762 2872 locum

210 2894 603 2962 pertinentibus,
633 2908 686 2952 et
722 2899 907 2955 cellam
939 2917 1058 2971 qua:
1091 2913 1308 2958 vocatur
1336 2906 1611 2972 Firmitas,
1638 2922 1762 2962 cum

211 2987 438 3042 οηιιιὶὺυε
478 2988 549 3043 ad
592 3005 650 3044 se
687 2992 1117 3060 pertinentibus;
1157 2998 1344 3050 cellam
1382 3012 1500 3066 qua:
1537 3007 1762 3053 vocatur

208 3071 498 3140 Scuriolas;
529 3077 817 3132 ecclesiam
845 3081 1004 3135 etiam
1037 3083 1086 3136 in
1118 3084 1322 3137 honore
1351 3086 1522 3140 sancti
1546 3085 1759 3154 Sulpitii

207 3164 411 3218 dicatam
450 3165 503 3219 in
541 3166 665 3220 villa
695 3183 812 3236 qua:
845 3171 1040 3224 dicitur
1067 3171 1392 3242 Langiacus,
1429 3183 1485 3228 et
1511 3174 1757 3230 cellulam

204 3268 307 3320 quze
334 3264 557 3309 vocatur
581 3257 646 3308 ad
677 3256 898 3310 Bassum
935 3259 984 3313 in
1013 3259 1216 3315 honore
1245 3263 1416 3316 saneti
1451 3263 1595 3318 Petri
1624 3278 1756 3318 con-
1786 3235 1830 3297 Ο

205 3352 484 3409 secratum;
543 3358 753 3400 curtem
797 3348 957 3402 etiam
997 3365 1156 3418 quam
1202 3361 1394 3406 vocant
1441 3354 1495 3407 in
1539 3353 1756 3425 Frigida

206 3431 396 3500 Monte;
451 3439 837 3492 monasterium
889 3455 1100 3510 quoque
1139 3444 1280 3511 quod
1326 3443 1520 3498 dicitur
1563 3445 1754 3512 Rivis,

206 3537 554 3580 consecratum
601 3527 653 3580 in
699 3528 900 3584 honore
940 3542 1137 3587 sancta:
1179 3534 1271 3588 Dei
1313 3535 1598 3592 Geuitricis
1631 3551 1754 3593 cum

203 3624 336 3666 torte
360 3614 641 3681 Lussiaco,
672 3633 790 3672 eum
823 3621 1073 3677 omnibus
1117 3623 1226 3677 suis
1253 3627 1622 3695 appendiciis;
1663 3643 1754 3685 ec-

201 3701 396 3758 clesiam
428 3722 548 3775 qua:
587 3719 812 3762 vocatur
840 3710 1169 3782 Marengum,
1196 3730 1317 3769 cum
1346 3717 1467 3772 aliis
1492 3719 1648 3774 terris
1675 3719 1753 3775 ei-

201 3793 304 3847 dem
344 3800 668 3854 monasterio
705 3801 772 3854 ab
806 3803 1091 3874 Eustorgio
1129 3806 1460 3862 nobilissimo
1492 3809 1608 3866 viro
1646 3819 1754 3866 tra-

200 3883 349 3950 ditis;
391 3889 639 3943 cellulam
695 3891 856 3946 etiam
918 3893 1068 3960 juxta
1116 3897 1342 3964 positam
1376 3939 1391 3964 ,
1443 3899 1496 3954 in
1549 3901 1754 3958 honore

201 3987 378 4030 sanctae
427 3979 519 4034 Dei
568 3981 858 4037 Genitricis
904 3994 1212 4052 sacratam,
1257 4005 1376 4058 qum
1423 4001 1642 4047 vocatur
1685 3993 1753 4048 ad

200 4079 434 4136 montes;
494 4074 880 4128 monasterium
943 4086 1122 4131 autem
1173 4079 1572 4136 Celsiniancnse
1629 4097 1750 4136 cum

200 4157 329 4213 cellis
355 4200 367 4222 ,
401 4163 649 4218 ecclesiis
671 4205 686 4228 ,
733 4165 874 4219 villis
900 4206 915 4230 ,
965 4168 1122 4223 terris
1211 4169 1532 4226 Carniacum
1564 4173 1750 4228 videli-

199 4258 298 4320 cet,
338 4253 766 4322 Burnunculum,
804 4257 1186 4323 Abolniacum,
1227 4262 1580 4330 Ginntacum,
1619 4269 1753 4321 Car-

199 4337 461 4416 tionetum,
503 4356 552 4400 et
603 4365 722 4403 cum
778 4351 1028 4408 oumibus
1075 4354 1315 4412 ecclesiis
1361 4368 1414 4412 et
1469 4359 1626 4414 terris
1681 4360 1749 4414 ad

201 4427 352 4519 ipsum
399 4439 782 4493 monasterium
832 4444 1220 4510 pertinentibus
1257 4464 1271 4510 ;
1311 4447 1498 4501 cellam
1535 4462 1750 4519 quoque

1870 2019 2016 2060 censu
2061 2015 2440 2060 monasterium
2473 2005 2525 2057 in
2573 2004 2774 2058 honore
2818 2003 2989 2058 sancti
3021 2001 3167 2057 Petri
3193 2012 3248 2056 et
3277 2003 3447 2058 sancti

1871 2094 2146 2150 Saturnini
2199 2095 2500 2153 dedicatum
2549 2109 2712 2164 super
2760 2095 2928 2164 ripam
2985 2093 3192 2149 Rodani
3239 2095 3441 2156 situm,

1867 2201 1990 2240 cum
2016 2195 2196 2241 castro
2223 2185 2531 2241 coloncellis
2557 2195 2610 2240 et
2646 2195 2799 2241 curte
2847 2184 3074 2250 Tulleta,
3105 2199 3228 2240 cum
3271 2184 3448 2239 omni-

1868 2278 1970 2333 bus
1999 2277 2065 2331 ad
2094 2292 2152 2332 se
2187 2277 2578 2346 pertinentibus
2602 2291 2667 2330 ex
2703 2284 2930 2344 utraque
2969 2285 3123 2344 parte
3164 2272 3441 2328 ﬂuminis:

1870 2367 1922 2420 in
1968 2365 2290 2422 Trecassino
2331 2366 2640 2436 episcoiiatn
2695 2363 2882 2417 cellam
2929 2363 2981 2416 in
3024 2361 3226 2416 honore
3271 2361 3444 2417 sancti

1866 2459 2094 2515 Amandi
2124 2469 2491 2515 consecratam
2521 2476 2535 2513 :
2569 2459 2618 2512 in
2641 2457 2952 2528 episcopatu
2973 2455 3233 2511 Arausico
3254 2455 3441 2509 cellam

1867 2548 1920 2604 in
1950 2548 2118 2603 I’odio
2160 2553 2435 2613 Uuoieno;
2495 2547 2878 2602 monasterium
2921 2561 2974 2599 in
3022 2557 3226 2600 honore
3269 2544 3444 2606 sancti

1865 2639 2206 2694 Pantaleonis
2250 2648 2638 2703 constructmn,
2682 2653 2804 2692 cum
2847 2637 3098 2692 omnibus
3149 2636 3216 2690 ad
3265 2636 3440 2704 ipsum

1864 2730 2314 2802 pertinentibus:
2375 2729 2429 2783 in
2497 2727 2814 2798 Vapincensi
2869 2727 3178 2797 episcopatu
3249 2725 3441 2781 cellam

1865 2820 1918 2874 in
1962 2820 2165 2874 honore
2198 2820 2369 2874 sancti
2414 2819 2641 2873 Andreae
2687 2825 3049 2873 constructam
3075 2857 3092 2882 ,
3135 2815 3248 2884 jam
3297 2815 3442 2872 dicto

1864 2911 2200 2967 Cluniacensi
2239 2911 2487 2966 cmuobio
2520 2924 2830 2965 concessam
2872 2923 2902 2962 a
2945 2907 3187 2977 Rigaudo
3215 2907 3434 2971 clerico,

1862 3018 1984 3059 cum
2051 3002 2304 3058 omnibus
2375 3003 2487 3057 suis
2572 3001 2957 3072 appendiciis;
3026 3000 3436 3071 Ganagobiense

1862 3107 2077 3164 quoque
2118 3093 2607 3156 monasteriolum,
2661 3101 2714 3146 et
2768 3099 2976 3146 curtem
3029 3089 3382 3145 Valentiolam
3414 3130 3430 3155 ,

1862 3191 1918 3237 et
1975 3182 2156 3236 omnia
2203 3197 2324 3252 qua:
2379 3182 2592 3238 videtur
2636 3182 2836 3236 habere
2886 3180 3224 3249 supradictus
3282 3179 3433 3234 locus

1860 3273 2187 3338 Cluniacus,
2223 3281 2279 3330 et
2323 3273 2389 3329 de
2430 3274 2625 3343 quibus
2668 3273 2825 3328 rebus
2874 3271 3035 3326 habet
3081 3270 3425 3325 donationem

1856 3374 1911 3421 et
1937 3366 2375 3436 descriptionem,
2398 3375 2560 3436 atque
2596 3367 2662 3421 de
2692 3365 2813 3419 villa
2845 3374 2897 3420 ct
2925 3373 3104 3419 castro
3143 3362 3435 3426 Sarrianis.

1857 3464 1914 3510 et
1947 3455 2015 3511 de
2065 3457 2314 3512 omnibus
2358 3472 2476 3525 qua:
2521 3457 2680 3511 habet
2714 3456 2766 3509 in
2822 3455 2995 3526 patria
3048 3469 3168 3523 qua:
3217 3463 3440 3508 vocatur

1855 3545 2171 3602 Provincia:
2206 3547 2260 3602 in
2303 3546 2665 3603 Valentinensi
2693 3547 3001 3616 episcopatu
3037 3546 3179 3615 quod
3225 3546 3438 3604 videtur

1858 3633 2060 3690 habere
2084 3634 2440 3690 cluniacensis
2478 3634 2628 3690 locus
2658 3635 2710 3688 in
2738 3635 2859 3688 villa
2896 3649 3016 3704 qua:
3049 3633 3247 3688 dicitur
3273 3633 3427 3694 Ales.

1854 3734 1909 3780 et
1931 3725 1984 3779 in
2013 3733 2192 3780 monte
2219 3725 2348 3780 Sion
2378 3724 2764 3779 monasterium
2796 3725 2980 3778 Sancti
3010 3723 3245 3778 Marcelli
3280 3721 3430 3792 quod

1853 3815 2051 3872 dicitur
2087 3817 2153 3870 ad
2177 3815 2466 3879 Salcetum,
2497 3831 2619 3871 cum
2649 3815 2898 3870 omnibus
2931 3815 3044 3869 suis
3069 3813 3430 3883 pertinentiis,

1853 3916 1907 3964 et
1960 3906 2142 3962 omnia
2190 3922 2310 3976 qua:
2350 3907 2560 3961 videtur
2616 3905 2814 3959 habere
2879 3905 2988 3972 ipse
3037 3904 3185 3958 locus
3239 3903 3291 3957 in
3341 3902 3432 3957 illo

1852 3999 2162 4068 episcopatu
2197 4015 2210 4052 :
2242 3999 2292 4052 in
2343 3997 2652 4066 episcopatu
2702 3994 2988 4049 Viennensi
3046 3992 3428 4048 monasterium

1853 4093 1994 4160 quod
2026 4101 2248 4145 vocatur
2283 4089 2692 4157 Taderniacum,
2726 4101 2847 4142 cum
2898 4085 3032 4140 cella
3073 4099 3192 4154 qua:
3233 4083 3430 4139 dicitur

1852 4181 2120 4244 Causella,
2150 4191 2201 4234 ct
2229 4180 2348 4234 villa
2375 4194 2493 4248 qua:
2515 4188 2736 4234 vocatur
2773 4177 3016 4242 Brocost,
3056 4185 3112 4231 et
3149 4174 3272 4228 villa
3304 4189 3424 4244 quae

1853 4273 2050 4326 dicitur
2078 4272 2281 4336 Insula;
2313 4271 2500 4326 cellam
2525 4272 2685 4324 etiam
2715 4271 2766 4324 in
2791 4280 2970 4324 castro
2989 4268 3283 4334 .Candiaco,
3303 4281 3430 4322 cunt

1852 4362 2102 4415 omnibus
2143 4360 2404 4424 ecclesiis,
2445 4360 2603 4423 villis,
2645 4368 2697 4413 et
2734 4358 2910 4422 terris,
2938 4372 3058 4426 qua:
3090 4356 3306 4410 videtur
3333 4355 3429 4409 ha-

1851 4453 1978 4507 bere
2006 4451 2110 4505 ‘am
2147 4453 2320 4507 dictus
2351 4453 2498 4506 locus
2524 4453 2576 4505 in
2612 4453 2727 4520 ipso
2755 4451 3098 4519 episcopatu:
3131 4449 3180 4502 in
3211 4447 3424 4516 episco-

203 4517 276 4620 ‘1“
308 4523 588 4620 τςίμιίοδείι
623 4537 840 4582 εειυεῑυδ
869 4529 1055 4586 Florus
1078 4573 1092 4595 ν
1121 4548 1279 4602 (lu-"111
1312 4535 1527 4589 ιιὩίΙῘάίι
1554 4552 1747 4591 Slml'a-
1777 4563 1823 4620 ι)
1851 4553 1976 4612 patu
2007 4543 2346 4612 Lugdunensi
2387 4542 2769 4597 monasterium
2815 4541 2958 4610 quod
3015 4529 3234 4593 vocatur
3294 4538 3424 4590 Am-

200 4605 321 4662 dicto
348 4611 460 4666 loco
485 4615 801 4687 Eustorgius
823 4621 1067 4686 clericus,
1093 4639 1212 4678 cum
1251 4641 1500 4682 ommous
1534 4633 1604 4682 ad
1627 4645 1744 4684 eam

201 4707 569 4767 pertinentibus
596 4729 610 4775 ;
639 4714 1185 4787 mansioncs‘quoque
1217 4721 1269 4773 in
1301 4720 1592 4776 Brivatensi
1627 4724 1746 4778 vico

199 4803 246 4846 et
268 4811 635 4858 monasterium
665 4817 825 4860 etiam
851 4809 991 4876 quod
1020 4810 1213 4864 dicitur
1244 4811 1390 4866 Volta
1411 4853 1424 4876 ,
1454 4813 1506 4866 in
1538 4813 1746 4869 honore

202 4884 386 4944 Sancta:
427 4893 618 4950 Crucis
665 4910 1037 4955 consecratum
1065 4941 1078 4962 ,
1133 4903 1273 4957 sicut
1319 4916 1536 4959 sanctus
1591 4906 1745 4961 0dilo

201 4978 536 5038 Przltdecessor
564 4993 686 5039 tuus
715 4988 764 5040 in
805 4989 1003 5056 praedio
1043 5001 1320 5058 parentum
1357 5009 1574 5048 suorum
1610 5012 1742 5050 con-

201 5067 390 5131 struxit,
415 5084 534 5123 cum
558 5075 806 5129 omnibus
827 5077 936 5130 suis
957 5080 1294 5148 pertinentiis
1318 5097 1332 5144 ;
1371 5081 1556 5136 cellam
1580 5085 1743 5138 etiam

204 5148 462 5213 lielliacum
478 5176 601 5215 cum
625 5174 770 5219 curte
784 5175 838 5219 ct
849 5169 1094 5223 omnibus
1108 5172 1170 5224 ad
1186 5185 1305 5224 eam
1322 5171 1739 5238 pertinentibus;

200 5243 364 5302 cellam
412 5253 577 5307 etiam
636 5254 686 5308 in
743 5257 942 5312 honore
1000 5273 1196 5316 sancta:
1255 5259 1500 5316 Martium:
1552 5279 1742 5319 conse-

202 5343 378 5374 (‘I‘nlstm

449 5357 569 5374 unm
614 5354 829 5374 ‘Vnhnlnnn

879 5346 901 5374 Α
919 5348 947 5374 ι.
994 5346 1209 5374 ῡΑ--ΙΑ-Αι
1241 5365 1253 5374 ο
1308 5363 1490 5374 Anu-ron-
1535 5367 1597 5374 .---
1621 5368 1736 5374 ,ν---ι
1796 5337 1800 5344 ι

1850 4633 2032 4696 berta;
2064 4632 2252 4687 cellam
2293 4633 2453 4701 etiam
2507 4647 2625 4700 qua:
2656 4631 2851 4684 dicitur
2897 4629 3194 4692 Saluzatis;
3224 4627 3414 4681 cellam

1847 4721 2138 4775 Polliacum
2164 4762 2178 4784 ,
2235 4721 2479 4776 cellulam
2529 4721 2896 4774 Arthedunum
2922 4759 2937 4783 ,
2974 4719 3161 4774 cellam
3208 4732 3423 4786 quoque

1849 4809 2190 4865 Saviniacutn
2262 4819 2315 4863 et
2368 4819 2574 4864 curtem
2644 4809 3066 4872 Ambariacum;
3135 4805 3417 4860 ecclesiam

1847 4897 2032 4952 Sancti
2060 4897 2342 4961 Andreoli;
2371 4897 2655 4950 ecclesiam
2686 4910 2804 4964 qua:
2846 4905 3069 4948 vocatur
3113 4896 3178 4947 ad
3225 4893 3423 4948 Orato-

1847 4991 2014 5055 rium;
2075 4997 2280 5045 curtem
2340 4988 2406 5040 de
2452 4987 2742 5047 Romanis;
2793 4985 2982 5039 cellam
3031 4984 3420 5050 Cavariacum;

1846 5078 2090 5136 cellulam
2105 5079 2458 5142 Luiniacum;
2486 5078 2660 5131 villam
2675 5077 3026 5143 'l‘usciacum;
3060 5091 3250 5130 omnes
3281 5092 3420 5146 quo-

1846 5189 1950 5240 que
1977 5171 2130 5226 villas
2159 5177 2215 5224 et
2239 5177 2408 5221 terras
2445 5183 2580 5236 quas
2606 5166 2933 5221 Wichardus
2971 5167 3206 5222 moriens
3243 5167 3420 5221 eidem

1846 5260 1962 5315 loco
1983 5256 2320 5314 Cluniacensi
2349 5256 2592 5318 contulit,
2632 5270 2754 5310 cmn
2786 5258 3036 5312 omnibus
3065 5271 3182 5325 qua:
3211 5257 3425 5310 videtur

1846 5348 2043 5374 1...1.Α-η
2069 5343 2404 5372 Αιιηκηιιῖηίιιο
2445 5343 2590 5372 ,Λιιιιη
2631 5345 2679 5372 :35
2723 5343 2826 5372 :nn\
2861 5344 3006 5372 ,Ιῖηοη
3070 5346 3374 5372 Alnznlin-.nI--
