4020 5392
559 8 663 65 883

1390 11 1726 69 STEPHANI
1769 14 1811 69 Χ
1853 12 2050 68 ΡᾹΡᾹ]
2084 10 2437 69 Ei’lSTOLAi
2480 11 2563 66 ET
2606 8 2990 68 PRIVILEGIA

3698 9 3790 66 εει

559 123 721 175 etiam
783 126 864 177 est
917 118 1062 189 justa
1107 128 1339 176 castrum
1389 124 1531 191 quod
1583 133 1804 180 voratur
1854 125 2129 189 Domcna;
2160 129 2207 185 Α
2237 123 2317 176 vel
2340 139 2368 176 a
2398 138 2712 192 quocunque
2743 122 2836 176 tibi
2864 122 3076 192 tuisque
3097 121 3494 176 successoribus
3521 120 3790 192 placuerit.

562 211 752 266 cellam
781 211 940 266 ctiam
973 227 1092 282 quae
1127 226 1353 267 vocatur
1385 212 1602 280 Portus,
1635 215 1688 269 in
1713 217 1917 271 honore
1960 218 2131 272 sancti

536 301 822 372 Stephani
871 313 1266 369 consecratam,
1303 305 1356 360 in
1408 306 1716 375 episcopatu
1769 307 2131 362 Bisnntinensi

561 393 751 446 sitam:
779 393 831 447 iu
867 393 1175 463 episcopatu
1227 394 1484 458 Tullensi,
1517 395 1704 450 cellam
1752 412 1873 466 quae
1912 393 2134 453 vocatur

563 485 885 556 Ramcngas.
940 484 1223 541 Abbatiam
1288 486 1738 555 Viziliacensem,
1792 489 1879 544 ubi
1944 498 2132 544 sancta

568 574 734 629 Maria
798 575 1105 646 Magdclene
1163 578 1470 646 requiescit,
1527 578 1620 631 tibi
1669 579 2018 633 conce'imus
2077 582 2132 636 in

565 664 965 729 possidendum.
1045 666 1427 722 Monasterium
1511 683 1638 723 vero
1715 669 2130 738 Paterniacum,

560 754 736 808 eidem
789 755 906 809 loco
957 756 1290 811 Cluniacensi
1337 772 1431 825 per
1458 767 1719 828 praecepta
1770 759 1968 827 regalia
2024 768 2134 814 tra-

566 845 734 898 ditum
763 861 883 899 cum
920 846 1168 901 omnibus
1192 863 1310 916 qua:
1342 849 1541 902 habere
1566 849 1779 903 videtur
1808 849 1861 902 in
1890 849 2134 919 Burgun-

562 935 674 1002 dia,
697 944 752 990 et
777 951 896 1004 qua:
927 937 1027 1006 ipsi
1055 940 1381 993 monasterio
1405 940 1456 993 in
1483 939 1689 992 Alsatia
1733 940 1993 994 dederunt
2035 941 2135 995 im-

561 1034 842 1094 peratores
869 1027 1095 1094 Augusti
1141 1028 1394 1093 Ottones;
1430 1029 1818 1084 monasterium
1863 1031 2006 1100 quod
2054 1031 2134 1086 div

559 1116 705 1172 citur
731 1117 1052 1184 Romanum,
1095 1135 1216 1174 cum
1255 1121 1507 1176 omnibus
1535 1121 1602 1174 ad
1648 1137 1706 1176 se
1743 1122 2134 1191 pertinentibus

553 1209 666 1278 jam
693 1209 838 1266 dicto
865 1211 1204 1268 Cluniacensi
1245 1215 1494 1270 emnobio
1545 1213 1745 1270 habere
1786 1215 2132 1272 concedimus

559 1300 614 1354 in
644 1310 988 1370 perpetuum.

633 1391 1027 1448 Conlirmamus
1057 1394 1221 1450 etiam
1247 1404 1301 1450 et
1330 1397 1744 1453 corroboramus
1774 1405 1953 1453 nostra
2006 1413 2134 1469 apo-

547 1482 758 1538 stolica
791 1484 1112 1538 auctoritate
1157 1487 1302 1539 illam
1341 1487 1771 1543 convenientiam
1819 1504 1980 1559 quam
2009 1489 2134 1543 fecit
2162 1457 2208 1519 Β

543 1572 804 1630 ·Ι)οῐηηιιε
829 1574 981 1646 [iugo
1023 1577 1355 1632 Geneveums
1396 1578 1647 1634 Ecclcsia:
1692 1579 1993 1650 epiSCOpus,
2021 1577 2135 1632 lau-

563 1663 726 1717 dante
783 1673 836 1718 et
891 1667 1262 1722 consentiente
1317 1668 1598 1738 Rodulpbo
1647 1684 1772 1740 rege
1816 1677 1871 1724 et
1920 1669 2135 1725 domina

559 1753 815 1809 Adeleida
873 1757 1240 1826 imperatrtcc,
1289 1762 1355 1815 de
1397 1760 1623 1816 ecclesia
1671 1761 1856 1816 Sancti
1903 1760 2137 1819 Victoris

565 1844 840 1914 martyris,
866 1861 986 1901 cum
1017 1850 1268 1905 omnibus
1297 1851 1363 1905 ad
1410 1866 1468 1905 se
1501 1852 1910 1920 pertinentibus.
1951 1854 2136 1908 Abba-

569 1935 697 1989 tiam
729 1946 908 1992 autem
935 1938 1241 1996 Salsensem
1288 1942 1633 1998 concedimus
1676 1944 1795 2008 tibi,
1834 1959 1956 1999 cum
2010 1960 2139 2000 cou-

569 2038 730 2080 sensu
759 2035 816 2082 et
855 2042 977 2083 cum
1025 2028 1237 2084 licentia
1284 2033 1514 2087 senioris
1558 2034 1728 2088 nostri
1777 2034 1991 2091 Henrici
2039 2037 2138 2092 im-

565 2115 1088 2188 peratorisAugusti,
1114 2119 1253 2174 sicut
1282 2131 1649 2178 antecessores
1689 2124 1764 2179 tui
1789 2139 1908 2180 eam
1933 2126 2138 2182 habue-

562 2212 708 2258 runt.
751 2205 816 2261 Et
866 2222 1028 2277 supra
1079 2210 1224 2266 dicto
1256 2211 1373 2268 loco
1405 2213 1744 2270 Cluniacensi
1781 2226 1962 2272 nostra
2003 2233 2136 2288 apo-

562 2293 753 2348 stolica
781 2299 1098 2354 auctoritate
1125 2298 1238 2356 haec
1267 2303 1444 2356 omnia
1475 2305 1778 2374 supradicta
1807 2305 1922 2362 loca
1944 2317 1998 2362 et
2026 2323 2140 2364 mo-

563 2385 954 2451 nasteria,cum
983 2389 1156 2456 cellis,
1177 2392 1438 2458 ecclesiis,
1469 2396 2134 2466 curtibus,villis,villuli‘s,

559 2477 734 2534 servis
758 2486 813 2533 et
834 2481 1066 2546 ancillis,
1097 2483 1266 2548 silvis,
1291 2485 1721 2556 vineis,campts,
1745 2489 1933 2558 pratis,
1960 2491 2135 2558 aquis,

558 2582 928 2640 aquarumque
953 2574 1288 2642 decursibus,
1316 2585 1371 2630 et
1399 2578 1648 2634 onmibus
1699 2581 1858 2635 terris
1886 2581 2046 2637 cultis
2083 2590 2139 2636 et

559 2657 777 2714 incultis
805 2661 869 2714 ad
897 2663 1232 2731 supradictas
1275 2674 1568 2733 potestates
1599 2668 2011 2737 pertinentibus,
2037 2670 2137 2741 ipsi

564 2750 684 2804 loco
713 2750 1071 2817 Cluniacensi,
1107 2755 1309 2824 tibique
1358 2765 1408 2811 et
1452 2757 1558 2811 tuis
1602 2758 2002 2815 successoribus
2039 2776 2138 2831 per

564 2839 725 2909 hujus
752 2843 922 2896 nostri
950 2843 1210 2911 privilegii
1251 2845 1624 2903 auctori-tatem
1661 2849 1889 2904 tenenda
1919 2858 1972 2914 et
2017 2866 2138 2920 pos-

560 2931 780 2986 sidenda
811 2935 1154 2993 concedimus
1183 2938 1234 2992 in
1261 2951 1598 3008 perpetuum,
1623 2941 1694 2995 ita
1720 2951 1779 2996 ut
1813 2942 1988 2997 nullus
2007 2943 2134 3011 dux,

563 3036 737 3089 neque
791 3023 1094 3094 episcopus,
1157 3043 1332 3097 neque
1392 3029 1584 3098 aliquis
1640 3030 1908 3100 princeps,
1964 3048 2137 3103 neque

563 3111 813 3180 qumlibet
845 3129 1034 3183 magna
1069 3132 1338 3187 parvaque
1366 3133 1592 3188 persona
1640 3121 1704 3174 de
1741 3122 1981 3190 prtefatis
2020 3138 2135 3179 om-

565 3203 722 3258 nibus
751 3203 909 3258 rebus
935 3214 988 3258 et
1013 3206 1236 3262 decimis
1264 3224 1383 3277 qua:
1417 3209 1544 3263 inibi
1574 3211 1842 3278 pertinere
1864 3213 2135 3280 ridentur,

565 3292 760 3349 audeat
796 3293 1098 3359 molestare,
1134 3296 1215 3352 vel
1239 3297 1556 3367 inquietare.
1580 3297 1687 3354 Nec
1711 3315 1814 3354 non
1844 3301 1945 3356 sub
1973 3303 2136 3358 divini

479 3394 484 3400 '
557 3385 750 3455 judicii
794 3387 1184 3443 contestatione
1212 3397 1267 3443 et
1291 3389 1520 3444 districti
1571 3391 1928 3448 anathematis
1971 3393 2136 3448 inter-

563 3477 828 3545 positione
885 3486 1184 3534 statuentes
1226 3479 1562 3536 decernimus
1612 3490 1668 3536 ut
1713 3483 1887 3538 nullus
1925 3485 2136 3554 episco-

562 3579 754 3635 porum
789 3583 888 3623 nec
915 3568 1139 3637 quilibet
1173 3569 1508 3625 sacerdotum
1557 3572 1608 3626 in
1651 3573 1790 3627 idem
1834 3574 2136 3630 venerabile

563 3658 891 3726 coenobium,
933 3675 1032 3730 pro
1081 3660 1259 3731 aliqua
1307 3662 1664 3728 ordinatione,
1701 3665 1813 3718 sive
1855 3679 2134 3720 consecra-

568 3749 714 3806 tione
745 3751 968 3805 oratorii
1003 3750 1083 3804 vel
1106 3751 1378 3818 altarium,
1446 3755 1880 3824 presbyterorum
1912 3754 1992 3808 vel
2021 3756 2135 3810 dia—

566 3851 850 3903 conorum,
879 3839 1272 3910 missarumque
1303 3841 1683 3905 celebratione,
1708 3842 1810 3896 nisi
1843 3843 1910 3897 ab
1938 3843 2133 3898 abbate

563 3926 732 3996 ipsius
753 3928 854 3984 loci
887 3929 1139 3985 invitatus
1175 3931 1352 3994 fuerit,
1395 3933 1576 3985 venire
1627 3939 1719 3986 aut
1748 3932 1950 4002 ingredi
1999 3946 2134 4002 prae-

567 4025 774 4082 sumat;
807 4018 902 4074 sed
930 4018 1089 4074 liceat
1124 4021 1400 4075 monachis
1438 4022 1603 4090 ipsius
1638 4021 1738 4076 loci
1769 4021 2132 4090 cujuscunque

567 4109 919 4167 ordinationis
962 4111 1184 4182 gradum
1229 4110 1491 4169 voluerint
1512 4112 1782 4181 suscipere
1806 4113 2131 4184 ubicunque,

2235 213 2468 268 Abbates
2503 227 2714 282 quoque
2745 213 2809 266 de
2841 212 2952 281 ipsa
2990 211 3400 281 congregatione
3429 226 3550 266 eum
3583 211 3793 266 consilio

2235 303 2461 360 fratrum
2495 305 2658 360 Deum
2685 305 3008 367 timentium,
3041 304 3333 378 secundum
3363 302 3602 374 regulam
3637 305 3794 358 sancti

2213 397 2527 463 Benedicti,
2550 396 3204 466 eommunitcrcligantur,
3223 405 3276 450 et
3296 397 3362 450 ad
3383 396 3795 451 consecrandum

2207 503 2325 545 eos
2349 503 2720 560 quemcunque
2747 486 3014 543 voluerint
3040 486 3139 558 ipsi
3167 485 3361 541 fratres
3389 486 3696 557 episcopum
3718 487 3800 538 ad-

2232 589 2449 636 γοοθηι.

2301 669 2409 726 Nec
2439 670 2627 740 quovis
2655 671 2814 725 modo
2843 671 3148 741 quicunque
3191 670 3471 740 episcopus
3506 683 3603 724 seu
3634 669 3800 724 archi-

2232 760 2511 830 episcopus
2542 761 2714 815 locum
2749 761 2920 829 ipsum
2957 759 3039 816 vel
3085 762 3379 816 monachos
3425 758 3546 830 ejus
3594 775 3800 815 excom-

2234 852 2511 906 municare
2539 851 2624 906 vel
2639 851 2883 918 judicare
2908 853 3124 916 audeat,
3151 853 3243 920 sed
3273 866 3490 910 semper
3516 851 3621 906 sub
3653 852 3801 905 tutela

2231 951 2288 998 et
2352 943 2691 998 immunitate
2745 943 3000 998 Romanae
3051 944 3194 999 sedis
3247 945 3524 1014 soliusque
3588 942 3801 999 Romani

2232 1032 2502 1102 pontiﬁcis
2523 1030 2724 1100 judicio
2745 1032 3101 1087 consistentes
3123 1032 3476 1100 omnipotenti
3506 1031 3622 1086 Deo
3642 1032 3800 1086 securi

2232 1131 2288 1178 et
2329 1123 2493 1193 quieti
2550 1123 2876 1177 deserviant.
2924 1123 3121 1177 Parata
3167 1123 3330 1177 etiam
3404 1137 3434 1176 a
3489 1138 3802 1192 quocunque

2233 1212 2490 1282 episcopo
2526 1213 2791 1267 voluerint
2831 1214 2884 1267 iu
2927 1228 3062 1283 opus
3108 1211 3580 1266 consecrationum
3620 1211 3672 1264 in
3703 1211 3803 1280 ipso

2235 1303 2353 1359 loco
2406 1305 2754 1374 agendarum,
2804 1304 3059 1368 chrisma,
3113 1303 3292 1358 oleant
3336 1312 3614 1366 sanctum,
3660 1312 3803 1370 atque

2233 1394 2409 1449 oleum
2461 1395 2795 1448 infirmorum
2849 1393 3136 1462 accipiant.
3188 1392 3548 1447 Concedimus
3604 1407 3802 1461 quoque

2237 1489 2355 1554 tibi,
2383 1496 2438 1543 et
2467 1488 2564 1558 ipsi
2603 1486 2896 1542 venerabili
2927 1485 3067 1550 loco,
3099 1494 3155 1540 et
3189 1485 3581 1540 confirmamus
3603 1494 3802 1554 aposto-

2237 1578 2336 1634 lica
2376 1579 2694 1632 auctoritate
2715 1577 2933 1642 habere,
2983 1575 3427 1645 quandocunque,
3461 1573 3551 1628 vel
3582 1573 3801 1630 ouandiu

2237 1671 2388 1726 vobis
2421 1670 2700 1741 placuerit,
2726 1683 3100 1740 percussuram
3131 1667 3333 1737 preprii
3359 1665 3709 1720 numismatis
3734 1665 3804 1720 vel

2237 1770 2506 1825 monetae,
2558 1759 3009 1830 quemadmodum
3059 1757 3353 1830 privilegiis
3426 1755 3803 1811 venerabilium

2238 1852 2690 1922 praedecessorum
2739 1858 3044 1904 nostrorum
3093 1846 3455 1916 comperimus
3492 1847 3656 1900 vobis
3692 1859 3806 1899 coo-

2235 1954 2448 1997 ccssum
2473 1947 2528 1994 et
2553 1940 2922 1993 coulirmatmu
2945 1951 3086 1991 esse.
3116 1935 3351 1990 Tandem
3378 1934 3434 1988 in
3461 1934 3574 1989 fine
3598 1948 3693 2004 per
3714 1934 3827 1990 hoc.

2236 2040 2438 2090 nostrae
2465 2027 2774 2100 apostolicae
2818 2025 3156 2082 auctoritatis
3187 2025 3525 2095 privilegium
3563 2023 3808 2078 corrobo-

2237 2133 2421 2173 ramus
2468 2116 2586 2181 tibi,
2631 2116 2844 2186 tuisque
2899 2115 3323 2179 successoribus,
3374 2113 3642 2183 quidquid
3685 2113 3804 2166 liac-

2239 2217 2394 2266 tenus
2421 2208 2756 2280 possedistis,
2786 2217 2840 2262 et
2876 2206 3199 2276 acquisistis,
3237 2214 3290 2260 et
3329 2205 3592 2272 deinceps
3633 2205 3806 2274 quovis

2237 2302 2396 2357 modo
2433 2298 2675 2371 legaliter
2701 2307 2754 2354 et
2784 2297 2930 2367 juste
2973 2298 3251 2367 acquirere
3294 2298 3541 2368 poteritis
3593 2298 3647 2351 in
3698 2311 3807 2366 per-

2237 2400 2477 2461 petuum.
2526 2390 2583 2445 Si
2619 2390 2740 2458 quis
2785 2400 2964 2444 autem
3010 2405 3142 2444 ausu
3197 2388 3488 2443 temerario
3543 2388 3806 2457 impiaque

2236 2479 2649 2550 praesumptione
2675 2488 2859 2533 contra
2883 2477 3046 2533 Deum
3067 2485 3121 2532 et
3139 2487 3356 2532 sanctos
3382 2475 3499 2546 ejus
3519 2477 3804 2547 apostolos,

2237 2581 2530 2641 contraque.
2573 2571 2808 2625 animam
2857 2585 3028 2635 suam,
3069 2569 3171 2623 hoc
3202 2575 3400 2621 nostra:
3428 2565 3800 2635 apostolica...

2237 2663 2628 2718 maledictionis
2641 2661 2826 2716 aculeo
2845 2669 3242 2731 transpunctnm
3255 2700 3270 2724 ,
3291 2666 3490 2714 nostra:
3505 2657 3807 2728 apostolicae

2238 2753 2812 2807 excommunicationis
2882 2750 2985 2807 tclo
3043 2750 3384 2821 perfossum,
3424 2749 3605 2803 nostri
3653 2750 3807 2802 eti.m
3855 2781 3861 2786 η

2238 2845 2514 2915 apostolici
2539 2845 2899 2900 anathematis
2939 2843 3116 2914 gladio
3159 2841 3682 2904 transverberatum,
3719 2855 3809 2894 nec

2238 2937 2340 2990 nisi
2380 2949 2476 3006 per
2519 2936 2732 3004 dignam
2763 2933 3186 2988 satisfactionem
3231 2931 3387 2986 saluti
3431 2931 3683 3000 pristina:
3733 2946 3809 2983 re-

2237 3025 2553 3097 parandum.
2581 3023 2681 3090 Qui
2713 3037 2838 3078 vero
2867 3037 2926 3077 se
2955 3022 3023 3076 ab
3072 3022 3171 3075 hoc
3199 3020 3594 3081 observaverit,
3633 3029 3688 3074 et
3736 3018 3807 3075 iu-

2235 3117 2491 3171 violatum
2520 3116 2619 3170 hoc
2641 3125 2885 3170 nostrum
2918 3111 3256 3184 privilegium
3281 3127 3609 3183 permanere
3632 3111 3807 3166 lauda-

2236 3206 2390 3267 verit,
2427 3206 2513 3260 hic
2549 3206 2994 3267 benedictionem,
3031 3204 3283 3274 gratiam,
3321 3213 3376 3257 et
3414 3217 3578 3257 omne
3616 3202 3805 3258 bonum

2236 3307 2266 3348 a
2289 3296 2610 3349 retributore
2630 3296 2867 3349 omnitun
2899 3295 3161 3348 bonormu
3193 3292 3323 3358 Deo,
3352 3300 3408 3346 et
3448 3291 3505 3346 in
3555 3288 3806 3362 prmseuti

2236 3383 2429 3438 Steculo
2455 3393 2832 3453 consequatur,
2859 3389 2913 3437 et
2938 3382 2990 3436 in
3018 3381 3218 3436 futuro.

2307 3472 2574 3544 Scriptum
2606 3488 2700 3541 per
2729 3488 2917 3527 manus
2950 3469 3193 3540 Gregorii
3225 3468 3419 3524 notarii
3452 3477 3508 3523 et
3542 3463 3805 3524 scriniarii

2235 3565 2373 3619 sacri
2422 3563 2800 3619 Laterancusis
2833 3563 3036 3635 palatii,
3070 3563 3124 3617 in
3165 3574 3350 3616 mense
3391 3559 3593 3626 Martii,
3631 3558 3798 3615 indic-

2237 3654 2381 3710 tione
2403 3668 2480 3708 χι.

2305 3746 2495 3800 Datum
2543 3743 2730 3800 Roma:
2780 3745 2832 3798 in
2883 3743 3082 3813 palatio
3147 3740 3526 3821 Lateranensi,
3576 3739 3806 3796 secundo

2232 3834 2412 3891 Nonas
2439 3835 2634 3899 Martii,
2659 3849 2755 3905 per
2778 3850 2965 3889 manus
2989 3831 3266 3888 Humberti
3295 3850 3312 3898 ,'
3335 3842 3538 3887 sancta:
3562 3830 3804 3888 Ecclesia:

2233 3926 2393 3982 Silva:
2418 3927 2672 3982 Candidas
2697 3925 2934 3996 episcopi
2962 3933 3018 3980 et
3058 3923 3457 3981 bibliothecarii
3494 3937 3664 3979 sanun
3707 3921 3807 3975 Ro-

2232 4033 2403 4074 mana:
2414 4025 2464 4074 et
2477 4018 2781 4089 apostolica:
2790 4017 2955 4082 sedis,
2979 4032 3120 4072 anno
3132 4016 3305 4088 primo
3318 4013 3810 4086 pontificatusdotn-

2231 4113 2284 4167 ni
2319 4124 2468 4183 papae
2491 4110 2750 4183 Stephani
2787 4109 2912 4166 noni
2935 4107 3149 4178 decimi,
3180 4106 3474 4165 indictione
3501 4102 3802 4162 undecim.
