2010 2696
50 348 123 390 ﬂ“

123 159 125 161 '
143 151 197 179 885

481 154 662 183 GOZECHlNl
691 156 914 185 SCHOLASTICI
939 159 956 186 E

984 158 1107 186 ISTOLA
1123 159 1168 186 AD
1190 159 1410 189 VALCHERUL

1706 162 1759 191 886

145 230 1758 258 ww

240 398 850 524 EOZECHINUS
879 340 1649 497 ""Sdifibljitsrlcus.

804 586 1087 631 MONITUM

368 658 418 688 DE
439 657 668 689 GOZECHINO
686 657 958 689 SCHOLASTICO
974 660 1027 689 ET
1045 659 1249 690 OPUSCULO
1271 660 1552 697 SUBSEQUENTI.

491 726 577 762 (Apud
590 726 713 754 Galland.
729 725 854 753 Biblioth.
868 725 956 759 Pam,
972 731 1038 754 tom.
1050 725 1119 760 XIV,
1132 726 1251 762 Proleg.,
1264 735 1324 763 pag.
1341 735 1387 756 vnl
1401 733 1410 763 )

176 846 362 882 Gozcchiuus,
375 845 484 872 natione
495 845 654 882 Germanus,
670 844 762 882 [ιεριίἰὶ
779 845 924 882 aliquando
940 845 1046 882 litteras
1057 845 1166 882 docuit;
1181 845 1226 873 ubi
1244 846 1313 873 inter
1331 847 1476 882 discipulos
1493 846 1588 874 habuit
1602 846 1763 875 Valcherum

140 881 285 914 ηιιειιιύθηι
300 881 529 915 sibimagnupere
542 880 665 915 charum.
681 880 713 915 ad
729 887 810 915 quem
822 880 918 907 scribit
940 880 1087 914 longiorem
1111 880 1182 907 illam
1206 881 1357 915 epistulam.
1379 880 1460 915 quam
1475 882 1633 909 exhibemus
1645 891 1677 910 ex
1694 885 1761 909 Ana-

138 916 220 948 lectis
238 915 338 952 Statii".
353 914 513 952 Suspicatur
524 915 593 952 idem
610 914 779 952 {labillonius
792 914 952 952 Valcherum
967 923 1019 942 non
1034 923 1099 952 esse?
1113 915 1195 952 alium
1209 914 1228 942 a'
1238 915 1345 952 Vpltero
1358 914 1557 948 Burgundione,
1573 917 1606 944 de
1618 925 1671 952 quo
1686 917 1766 944 Adel-

142 958 240 976 manus
253 951 278 975 in
293 950 419 984 llhythm.
436 949 605 982 Querebatur
618 949 766 976 Valcherus
777 950 847 982 quod
862 949 1032 976 immutasset
1047 951 1203 977 cathedram
1218 955 1245 976 et
1257 950 1386 978 Leodium
1399 952 1570 979 Gozechinus
1583 949 1745 979 deseruisset
1757 962 1763 979 :

141 985 195 1014 cui.
214 985 262 1010 sed
273 986 421 1019 pra-sertim
442 984 606 1011 adversariis
618 984 674 1010 suis
696 984 838 1017 respondet
850 1004 857 1015 ,
873 984 1022 1018 apulogiam
1038 984 1100 1011 facti
1124 985 1256 1012 scribens.
1274 985 1429 1019 Postquam
1442 987 1523 1013 etiam
1536 988 1657 1014 excurrit
1670 988 1703 1014 ad
1718 988 1765 1013 lle~

142 1020 277 1056 plorauila
289 1019 422 1056 prolixius
436 1020 504 1056 Inala
524 1019 564 1045 sui
587 1019 715 1056 temporis
730 1038 736 1050 ,
754 1026 813 1056 (pne
835 1023 944 1053 propter
963 1019 1122 1056 depravatos
1140 1027 1229 1046 mores
1249 1025 1275 1046 et
1290 1021 1404 1047 hmresin
1420 1022 1586 1055 potissimum
1608 1021 1763 1056 Berengarii

142 1054 250 1090 invecta
266 1054 382 1080 fuerant.
396 1053 460 1090 Illud
478 1056 595 1080 maxime
609 1054 752 1090 ostendere
765 1054 860 1080 nititur
874 1074 880 1084 ,
898 1054 1144 1090 posse-quempiam
1159 1055 1284 1082 deserere
1297 1063 1354 1084 eos.
1369 1063 1383 1081 a
1405 1053 1502 1089 quibus
1520 1063 1613 1090 parum
1639 1057 1679 1083 vel
1695 1053 1762 1083 nihil

143 1088 268 1126 utilitatis
279 1093 426 1126 exspectet.
441 1089 622 1126 llonlincmse
633 1088 720 1126 prodit
738 1088 886 1126 litterarum
899 1097 955 1126 u_ou_
964 1089 1130 1126 iper-{iditum
1139 1097 1187 1126 pro
1198 1090 1327 1126 temporis
1342 1088 1590 1126 illiusconntitione.
1603 1090 1709 1126 Scripta
1721 1095 1764 1118 est

141 1123 255 1158 epistola
271 1124 348 1158 paulo
365 1128 426 1159 post
440 1128 554 1151 mortem
569 1123 677 1151 lleurici
691 1123 861 1157 imperatoris
871 1128 897 1150 et
909 1122 1041 1150 Luitbohli
1057 1122 1308 1159 archiepiscopi’qui
1323 1125 1389 1153 obiit
1403 1133 1447 1152 an.
1465 1126 1542 1154 1059.

141 1215 273 1222 --κ--ρ

578 1197 888 1338 (loZEGlllNl
931 1258 1297 1338 SGlloldSTlGl

788 1402 1129 1461 EPISTOLA

374 1517 418 1543 AD
437 1514 647 1544 VALCIIERUM
666 1513 783 1543 ITIDES!
803 1512 1077 1547 SCHOLASTICUM,
1098 1509 1195 1540 SUUM
1215 1511 1296 1541 OLIM
1317 1511 1539 1541 DISCIPULUM.

560 1592 648 1628 (Apud
661 1591 786 1620 Galland.
802 1590 927 1618 Bibliolh.
948 1590 1025 1620 Patr.
1042 1595 1109 1620 tom.
1123 1589 1191 1623 XIV,
1205 1598 1267 1626 pag.
1280 1591 1357 1619 250.‘

144 1670 310 1701 l’rremissa
337 1669 496 1708 apologia.
518 1668 605 1739 guod
629 1667 740 1699 relicto
759 1666 964 1698 Laodicensis
981 1656 1138 1698 cathedrae
1152 1658 1336 1705 magisterio
1348 1688 1358 1703 ,
1373 1667 1569 1706 Moguntiam
1585 1669 1767 1705 secesserit,

185 1710 265 1739 mala
283 1709 335 1739 sui
353 1708 505 1739 temporis
542 1707 674 1739 enlorat.
693 1715 732 1738 ex
749 1706 931 1739 Berengarii
949 1706 1088 1737 maxime
1108 1714 1259 1739 perversa
1274 1706 1419 1738 doctrina
1436 1711 1620 1738 consecuta.

185 1710 265 1740 mala
283 1709 335 1740 sui
353 1708 505 1748 temporis

542 1707 674 1747 eplorat,
693 1715 732 1738 ex
749 1706 931 1745 Berengarii
949 1706 1088 1737 maxime
1107 1714 1259 1746 perversa
1274 1706 1419 1738 doctrina
1436 1711 1620 1738 consecuta.

180 1846 200 1872 Ι.
214 1845 339 1873 Unanimi
364 1851 414 1871 suo
439 1843 514 1871 fratri
543 1846 570 1870 et
584 1842 638 1870 tilio
658 1840 814 1875 Vaccusno,
846 1839 1063 1873 frater-Atinam
1075 1839 1218 1875 mergitum
1231 1844 1258 1867 ct
1269 1839 1394 1867 foliorum
1407 1840 1539 1867 luxuriem
1555 1859 1563 1873 ,
1592 1841 1763 1875 postmodum

144 1890 325 1920 GOIECDINUS,
343 1889 368 1916 in
393 1896 426 1916 eo
446 1887 517 1923 quod
540 1891 582 1914 est
606 1894 677 1918 esse.
691 1886 808 1913 feliciter
829 1892 932 1913 coesse.

144 1935 314 1963 Retractatis
327 1934 529 1969 multiplicibus,
553 1941 612 1968 qua:
625 1933 690 1960 mihi
710 1940 780 1966 saepe
794 1931 826 1959 ad
838 1936 932 1959 nulum

145 1981 301 2012 exhibuieli,
325 1980 517 2008 benevolentia:
544 1978 697 2012 impendiis,
712 1977 851 2011 multiplex
862 1984 876 2003 a
889 1982 933 2003 me

147 2027 207 2059 tilii,
223 2026 394 2057 charissime,
419 2028 446 2052 et
462 2025 577 2052 habetur
592 2027 618 2050 et
634 2023 752 2050 refertur
765 2022 868 2057 gratia;
883 2029 933 2048 nec

146 2073 233 2100 solum
248 2080 297 2107 pro
311 2071 522 2105 dulci,jucunda
545 2078 576 2096 ac
598 2069 672 2095 suavi
695 2064 816 2095 veterum
847 2074 933 2094 recor-

147 2119 267 2151 datione,
280 2117 327 2145 sed
340 2122 366 2145 et
380 2124 428 2151 pro
441 2111 535 2143 festiva
553 2115 613 2141 novi
629 2114 748 2141 muneris
756 2112 932 2140 exhibitione.

147 2163 242 2190 Misisti
258 2163 331 2190 enim
352 2162 418 2189 mihi
438 2169 517 2196 quem
536 2160 660 2195 petebam
677 2159 785 2190 librum,
810 2157 934 2184 videlicet

147 2206 229 2243 opera
260 2208 405 2243 digitorum
427 2211 552 2237 tuorum,
581 2201 617 2232 in»
634 2212 687 2239 quo
709 2204 789 2239 plane
811 2202 934 2231 ostendis

147 2253 240 2287 quanti
260 2260 303 2279 me
319 2252 418 2284 facias,
435 2258 569 2285 quamque
583 2250 609 2277 id
626 2250 695 2285 quod
713 2257 755 2276 me
769 2249 837 2276 velle
851 2248 933 2280 nosti,

149 2306 201 2324 non
214 2299 241 2324 in
258 2297 384 2324 secundis
399 2297 506 2323 habeas.
523 2296 574 2329 Qui
591 2296 684 2330 Illique
715 2295 784 2322 liber
806 2295 842 2321 ita
858 2294 935 2320 iuno-

146 2349 191 2370 vat
223 2348 320 2370 cuncta
349 2350 408 2378 qua:
445 2343 509 2369 mihi
541 2342 654 2369 antehac
682 2340 834 2376 impendisti
867 2341 934 2368 cha-

148 2388 237 2415 ritatis
265 2387 365 2419 xenia,
394 2395 425 2414 ac
454 2387 476 2414 si
505 2394 536 2414 ea
568 2394 657 2413 secum
690 2392 822 2420 gregatim
854 2392 933 2412 reve-

147 2433 214 2460 hens
232 2432 297 2459 mihi
330 2432 410 2458 sistat
435 2431 588 2466 prmscntia.
618 2431 694 2458 llunc
719 2437 783 2465 ergo
802 2430 847 2456 diu
870 2437 885 2456 a
909 2433 935 2456 te

147 2481 375 2512 cxxpectatumut
399 2478 512 2512 primum
533 2477 597 2507 vidi.
624 2481 652 2503 ut
678 2476 704 2503 in
736 2476 859 2503 manibus
889 2483 934 2502 ac-

148 2523 203 2557 cepi
217 2543 224 2554 ,
240 2527 268 2549 et
281 2521 411 2548 articulos
424 2526 492 2552 tuos,
507 2521 560 2547 imo
574 2526 598 2547 te
611 2522 696 2555 ipsum
717 2520 743 2546 in
768 2527 800 2547 eo
825 2519 932 2555 agnovi,

146 2572 172 2594 et
186 2572 259 2594 totus
274 2575 300 2593 In
317 2573 412 2592 novam
436 2566 472 2592 tui
499 2566 668 2592 dilectionem
696 2564 803 2598 penitus
830 2562 931 2591 exarsi.

146 2621 177 2640 ac
192 2614 213 2640 si
229 2613 347 2640 antehac
360 2617 498 2647 expertum
516 2621 567 2640 non
581 2613 746 2640 dilexrssem.
768 2611 845 2639 Serio
867 2618 934 2638 vero

984 1887 1016 1914 de
1034 1890 1172 1914 cremento
1192 1890 1221 1913 et
1239 1885 1325 1913 fructu
1352 1885 1411 1919 ejus
1424 1887 1579 1921 gauderem.
1598 1886 1663 1919 Quis
1691 1887 1763 1914 enim

983 1932 1088 1968 plantat
1108 1932 1227 1964 vineam,
1242 1936 1269 1958 et
1284 1931 1316 1958 de
1329 1930 1416 1959 fructu
1430 1931 1487 1966 ejus
1502 1938 1554 1959 non
1571 1931 1686 1966 accipit?
1711 1932 1766 1967 Ego

984 1984 1048 2004 vero
1060 1983 1245 2011 smpenumero
1261 1975 1361 2003 laboris
1382 1976 1436 2003 mei
1459 1975 1565 2003 dulcem
1584 1977 1684 2019 messui
1712 1976 1767 2005 fru-

984 2015 1055 2048 ctum
1070 2028 1096 2047 in
1112 2020 1154 2047 his
1179 2020 1276 2054 quibus
1296 2027 1309 2045 a
1323 2027 1366 2047 me
1378 2024 1507 2054 plantatls
1536 2025 1564 2048 et
1578 2015 1763 2055 rigatls'Deus

985 2064 1058 2092 dedit
1086 2064 1281 2091 incrementum
1302 2072 1308 2090 :
1332 2071 1347 2092 a
1367 2064 1440 2091 nullo
1461 2069 1550 2092 tamen
1574 2072 1668 2093 eorum
1694 2070 1767 2093 tanta

986 2110 1050 2137 mihi
1066 2109 1168 2136 atlluxit
1184 2108 1320 2141 fertilitas,
1336 2116 1401 2144 qum
1419 2117 1525 2145 semper
1538 2117 1553 2138 a
1568 2114 1594 2137 te
1607 2110 1771 2138 cumulatior

985 2154 1051 2182 mihi
1067 2154 1185 2181 arrident
1200 2154 1277 2181 bonze
1292 2153 1377 2189 frugis
1391 2153 1512 2182 ubertas.

1021 2200 1052 2228 ll.
1067 2201 1100 2228 Et
1113 2208 1129 2228 ο
1142 2201 1246 2228 utinam
1268 2208 1363 2228 omnes
1375 2202 1517 2236 utriusque
1545 2202 1671 2231 auditorii
1685 2203 1768 2230 nostri

985 2247 1102 2275 asseclas
1116 2246 1183 2274 tales
1194 2247 1376 2274 enutrisscm!
1392 2247 1496 2274 utinam
1523 2247 1566 2275 vel
1589 2255 1672 2275 unum
1687 2248 1768 2275 talem

985 2294 1133 2322 senectutis
1148 2301 1214 2321 meae
1229 2293 1354 2321 baculum
1367 2295 1437 2321 inter
1450 2300 1497 2321 eos
1509 2293 1631 2321 invenire
1644 2295 1768 2328 possem!

985 2339 1032 2366 sed
1046 2339 1110 2366 heu!
1122 2337 1199 2373 juxta
1219 2339 1289 2372 quod
1315 2338 1434 2365 divinum
1459 2346 1508 2373 per
1534 2339 1692 2374 prophetam
1705 2347 1770 2366 con-

986 2384 1110 2418 queritur
1134 2382 1273 2410 oraculum
1292 2403 1300 2414 .
1326 2382 1406 2409 hodie
1432 2387 1475 2410 est
1502 2383 1573 2411 filios
1595 2383 1716 2410 enutrirc
1744 2390 1774 2412 et

985 2431 1120 2460 exaltare;
1145 2435 1217 2462 lpSOS
1243 2432 1332 2454 autem
1370 2432 1469 2462 prater
1492 2429 1637 2456 admodum
1658 2436 1778 2466 paucos,

985 2475 1148 2502 exaltantem
1160 2480 1189 2500 se
1206 2480 1342 2506 spernere.
1367 2472 1488 2500 Viderint
1508 2479 1598 2501 autem
1628 2473 1673 2507 qui
1697 2473 1785 2507 ejus-

948 2506 972 2535 Β
987 2519 1058 2546 modi
1073 2522 1145 2548 sunt.
1160 2525 1193 2544 ne
1209 2525 1257 2551 pro
1271 2522 1425 2552 contemptu
1441 2520 1509 2546 bene
1524 2506 1659 2547 monentis
1676 2506 1796 2561 patris‘

986 2571 1002 2590 a
1015 2563 1094 2590 Patre
1106 2566 1212 2596 patrum
1227 2561 1364 2595 priventul
1383 2566 1546 2591 testamento
1564 2567 1674 2591 aeterna:
1689 2562 1809 2602 hare,

988 2610 1090 2636 ditatis.

1078 2651 1118 2662 ut,
1140 2658 1201 2662 ,______
1248 2652 1283 2661 _7-
1318 2654 1324 2660 .
1370 2652 1375 2658 ι
1409 2652 1415 2658 .
