4020 5392
511 261 612 340 ss]

1705 263 2066 320 GOZECHINI
2104 265 2550 325 SCHOLASTICI

517 394 634 432 unn
669 373 818 440 t'acrs,
848 391 944 432 nec
973 383 1168 446 praeter
1201 375 1435 440 solitum,
1465 378 1509 430 si
1536 385 1586 431 te
1622 377 1752 432 mihi
1781 388 1888 430 tam
1918 377 2068 431 exhi-
2102 383 2147 440 Α
2177 387 2231 434 et
2259 381 2398 434 ratio
2434 389 2726 448 pateretur,
2777 380 3046 436 continuis
3079 380 3345 451 pulsarem
3374 378 3549 433 'aures
3582 376 3771 447 preci-

512 468 609 522 hes
631 467 917 536 benignum
951 483 963 519 :
991 467 1083 520 sed
1109 474 1304 520 etcum
1335 466 1508 520 adhuc
1534 465 1633 520 sub
1657 465 1889 520 scholari
1921 464 2078 518 ﬂeres

513 555 701 621 I'erula,
728 556 911 609 eadem
942 554 1071 608 mihi
1098 554 1376 609 serviebas
1409 555 1779 609 benevolentia
1815 573 1829 608 :
1860 564 1912 608 et
1939 554 2079 623 quod

511 647 576 699 de
599 654 665 708 te.
695 654 753 699 ut
776 645 842 698 de
863 643 1074 698 caeteris
1093 643 1236 697 solus
1259 652 1434 698 metus
1457 642 2076 710 sufﬁceretextorquere,

511 746 567 790 tu
591 750 700 806 prae
722 735 955 797 caeteris,
987 742 1047 788 ut
1090 733 1144 787 in
1187 733 1276 787 tali
1301 735 1576 788 animante
1603 733 1794 802 conjici
1835 741 2079 804 poterat,

513 827 683 896 magis
707 827 811 882 hoc
839 825 1130 880 exhibebas
1160 823 1405 879 ultronea
1441 826 1716 890 bonitate;
1750 824 1883 878 adeo
1913 832 1970 876 ut
1996 832 2079 877 to-

513 929 601 973 tus
630 919 694 971 de
738 926 868 970 nutu
929 916 1041 970 oris
1093 915 1193 968 mei
1225 915 1507 983 penderes,
1561 928 1659 968 nec
1690 914 1981 984 quidquam
2018 912 2081 966 de

515 1010 694 1065 verbis
739 1008 874 1062 meis
904 1007 956 1060 iu
1007 1015 1205 1061 terram
1235 1006 1427 1060 cadere
1458 1006 1816 1074 permitteres.
1840 1001 2083 1072 Cumque

515 1106 566 1152 te
589 1097 762 1151 adhuc
789 1111 1012 1165 puerum
1041 1095 1109 1150 ob
1137 1093 1438 1162 huiusmodi
1476 1094 1700 1164 diligere
1720 1093 1999 1162 coeperim,
2028 1100 2082 1146 et

513 1195 734 1255 propter
762 1185 866 1239 alia
901 1184 1142 1254 quaedam
1170 1183 1318 1252 signa
1357 1183 1569 1237 virtutis
1617 1183 1668 1236 in
1721 1191 1771 1236 te
1803 1182 1915 1251 jam
1971 1191 2081 1236 tum

514 1275 824 1340 eminentia,
851 1275 1045 1328 factum
1075 1284 1160 1328 est
1187 1288 1404 1328 accessu
1427 1274 1622 1338 aetatis,
1652 1281 1710 1326 ut
1730 1288 1877 1342 spem
1911 1273 2081 1326 hone-

515 1365 732 1418 stiorem
778 1364 829 1418 in
861 1365 973 1419 dies
1013 1365 1078 1418 de
1136 1372 1186 1417 te
1239 1371 1536 1430 captarem,
1574 1362 1923 1418 considerans
1972 1361 2080 1416 vim

517 1453 790 1506 industria:
820 1462 921 1507 tua:
959 1452 1025 1506 ad
1056 1451 1440 1507 obscuritatem
1478 1451 1790 1516 lectionum,
1815 1451 2078 1522 sagacita-

516 1554 642 1607 tem,
688 1544 1039 1614 vigilantiam,
1081 1557 1307 1598 acumen
1336 1543 1532 1599 alacris
1577 1543 1775 1613 ingenii
1829 1545 1894 1598 ad
1929 1543 2081 1614 fugas

513 1635 789 1699 subtilium
823 1651 1000 1690 rerum
1035 1636 1209 1690 :adeo
1236 1645 1292 1689 ut
1334 1650 1456 1690 cum
1511 1637 1689 1692 eteteri
1736 1638 2080 1693 catecheseos

508 1724 708 1780 'nostrre
747 1725 1019 1780 auditores
1063 1727 1223 1780 verba
1257 1727 1499 1795 magistri
1547 1726 1706 1782 dictis
1745 1727 1826 1783 vel
1867 1728 2081 1797 scriptis

514 1815 851 1883 nequiverint
879 1814 1252 1883 aequiparare;
1287 1824 1340 1869 tu
1369 1816 1531 1870 etiam
1565 1826 1732 1871 totum
1767 1819 2080 1888 magistrum

513 1906 566 1959 in
595 1915 643 1961 te
672 1906 935 1960 videreris
964 1905 1358 1961 transfundere.
1385 1907 1540 1962 Unde
1565 1920 1617 1962 et
1638 1923 1736 1980 ego
1756 1924 1878 1963 cum
1910 1907 2081 1964 fratre

512 2005 603 2050 tuo
632 2004 682 2050 et
713 2009 833 2050 cum
859 1995 1069 2051 caeteris
1098 1996 1285 2050 amicis
1307 1996 1627 2066 quibuscum
1658 2001 1940 2068 oportebat
1964 2000 2080 2070 glo-

513 2087 714 2153 riabar,
747 2088 979 2157 speciale
1006 2089 1272 2158 quoddam
1320 2087 1457 2142 mihi
1480 2104 1790 2146 accrescere
1820 2092 1872 2146 in
1904 2092 2080 2146 areola

512 2194 673 2246 quam
700 2180 1007 2250 plantaham
1039 2187 1361 2246 aromatum,
1388 2179 1594 2235 scilicet
1625 2181 1765 2237 inter
1794 2181 2004 2237 adultos
2029 2190 2083 2238 te

513 2271 807 2338 sapientem
835 2284 1083 2339 puerum.

585 2358 670 2411 IV.
702 2359 802 2414 Ubi
832 2373 960 2415 vero
1014 2367 1066 2414 te
1115 2359 1353 2414 adnltttm
1385 2368 1604 2430 propter
1625 2362 1796 2417 bonos
1824 2377 2002 2419 mores
2030 2370 2086 2419 et

515 2447 638 2501 vita:
689 2449 1027 2504 honestatem
1079 2450 1376 2518 gaudebam
1438 2451 1624 2506 sedulo
1673 2467 1882 2507 meemn
1932 2466 2082 2518 esse,

514 2537 640 2608 quid
673 2546 723 2592 te
744 2539 970 2609 gratius,
1012 2539 1140 2608 qttid
1174 2548 1225 2594 te
1266 2538 1552 2594 amabilius
1596 2540 1726 2595 mihi
1754 2542 1897 2596 erat!
1948 2556 2084 2594 nun-

514 2630 766 2699 quidnam
817 2629 1031 2699 aliquis,
1089 2629 1172 2684 vel
1211 2629 1417 2700 aliquid
1462 2637 1675 2699 poterat
1726 2629 2080 2695 intervenire,

514 2719 655 2787 quod
693 2727 744 2772 te
773 2719 913 2788 apud
946 2733 1030 2773 me
1063 2719 1116 2773 in
1153 2718 1408 2774 secundis
1430 2717 1621 2774 fecerit
1655 2720 1814 2774 esse?
1838 2719 1913 2774 Ac
1950 2719 2087 2773 mul-

516 2818 690 2863 tarum
724 2809 941 2878 quidem
966 2823 1147 2863 rerum
1181 2818 1342 2876 atque
1372 2807 1649 2862 hominum
1683 2807 1967 2863 assiduitas
1993 2822 2082 2862 sa-

517 2898 756 2952 tietatem
797 2895 988 2951 afferre
1018 2896 1200 2951 solet:
1235 2907 1286 2952 te
1329 2911 1458 2952 vero
1499 2897 1629 2951 mihi
1661 2897 1802 2952 domi
1844 2896 2084 2965 forisque

518 2988 1020 3058 conjunctissimum
1049 2987 1382 3044 consuetudo
1430 2989 1545 3058 ipsa
1586 2987 1747 3043 altius
1781 2988 2050 3042 inserebat

517 3087 574 3131 ut
625 3078 866 3148 quotidie
893 3078 1097 3148 gratior
1124 3078 1500 3148 recentiorque
1548 3076 1843 3132 habereris.
1876 3077 1944 3130 Et
1973 3090 2084 3131 me-

518 3169 620 3223 rito
648 3167 894 3237 quidem.
915 3166 1046 3220 Nam
1073 3176 1124 3221 te
1151 3167 1281 3222 mihi
1313 3168 1364 3225 in
1385 3167 1595 3222 cunctis
1628 3165 1768 3223 adeo
1793 3166 2088 3222 ex-hiltebas

519 3259 850 3324 unanimem,
873 3266 931 3311 ut
959 3273 1062 3312 non
1091 3258 1261 3312 solum
1279 3259 1347 3313 de
1369 3273 1620 3314 successu
1653 3272 1771 3312 meo
1801 3258 2082 3327 gauderes,

518 3363 704 3402 verum
733 3357 808 3413 et,
839 3347 884 3402 si
913 3348 1128 3415 quando
1159 3361 1244 3402 res
1274 3356 1489 3403 nostras
1522 3347 1748 3401 adversa
1777 3346 2084 3400 concussis-
2127 3340 2129 3342 ’

519 3446 661 3498 sent,
691 3446 744 3489 tu
793 3437 960 3491 multo
992 3435 1240 3492 acerbius
1280 3436 1557 3505 multoque
1609 3436 1878 3506 indignius
1925 3444 2087 3503 atque

517 3543 636 3597 ego,
664 3527 816 3596 cujus
836 3528 1116 3594 intererat,
1151 3528 1428 3583 tolerares.
1463 3527 1822 3596 Eratquejam
1851 3538 1962 3581 tum
1995 3541 2086 3581 ex-

521 3620 684 3688 periri
737 3630 996 3689 quantmn
1037 3622 1219 3676 valeas
1268 3622 1430 3680 etiam
1471 3622 1719 3687 consilio,
1750 3622 1878 3675 dum
1928 3621 2086 3677 modo

521 3710 848 3779 profectibus
871 3713 1070 3768 nostris
1093 3713 1340 3783 gnaviter
1366 3713 1673 3777 annuendo,
1701 3713 1858 3767 modo
1884 3713 2087 3787 incom-

521 3801 691 3856 modis
713 3799 941 3857 viriliter
961 3802 1270 3867 obtinendo,
1298 3817 1384 3858 res
1414 3812 1627 3858 nostras
1647 3818 1787 3873 szepe
1815 3804 1865 3858 in
1893 3802 2087 3857 melius

520 3889 799 3946 reduxisti.
835 3891 890 3946 Si
923 3893 1137 3960 quando
1160 3905 1288 3946 vero
1319 3893 1386 3947 ab
1424 3893 1785 3948 exterioribus
1815 3893 1945 3947 mihi
1981 3907 2085 3946 non

517 3981 744 4034 vacabat
787 3982 1014 4050 ntgotiis
1042 3980 1245 4048 feriari,
1280 3991 1334 4036 tu
1382 3982 1526 4038 vices
1559 3983 1800 4039 absentis
1844 3982 2088 4054 magistri

520 4068 659 4123 inter
681 4069 931 4138 adjutorii
960 4072 1130 4126 metri
1161 4071 1520 4127 concelliones
1563 4075 1634 4128 ita
1672 4074 2086 4143 exsequebaris,

518 4166 578 4210 ut
603 4173 824 4228 quaeque
853 4159 933 4213 vel
957 4159 1201 4230 legendo,
1228 4164 1309 4215 Vel
1347 4160 1669 4229 disputando
1715 4162 1967 4232 perplexe
2007 4162 2090 4216 in-

522 4249 734 4311 tricata,
759 4247 840 4300 vel
861 4248 912 4300 in
939 4249 1298 4319 theosOphicis
1317 4289 1332 4314 ,
1360 4250 1446 4304 vel
1483 4251 1533 4304 in
1570 4250 1872 4320 sophisticis
1901 4266 2089 4306 occur-

2066 3004 2156 3092 ‘c

2179 471 2279 523 bus
2309 470 2501 524 divina:
2528 471 2760 539 pietatis,
2812 472 2855 526 si
2904 470 3041 525 forte
3078 470 3237 525 detur
3279 479 3489 523 nostras
3536 467 3767 522 admitu

2180 573 2340 612 voces
2365 558 2503 610 intra
2532 559 2828 613 sacrarium
2866 557 3220 612 exauditionis
3261 574 3274 609 :
3321 565 3596 626 quatenus
3639 565 3765 607 tan-

2181 647 2300 702 dem
2342 647 2627 716 aliquando
2673 664 2738 704 eo
2781 648 2880 702 loci
2933 663 3029 702 nos
3067 655 3376 716 componat,
3422 647 3510 700 ubi
3547 655 3646 698 tua
3681 642 3767 696 vel

2181 737 2403 792 aliorum
2427 739 2617 806 quibus
2642 738 2914 802 concrevi,
2941 737 3020 790 Vel
3048 753 3184 806 quos
3209 736 3464 802 enutrivi,
3500 735 3768 804 benigni-

2182 833 2313 887 tate,
2345 840 2473 894 qua,
2505 825 2630 878 dum
2663 825 2908 890 vacabat,
2929 825 3159 894 jucunde
3184 825 3378 879 fruitus
3407 839 3550 887 sum,
3578 824 3766 876 adhuc

2181 911 2284 966 frui
2311 912 2484 976 liceat,
2513 913 2832 981 Stcutprius,
2857 922 2912 967 et
2931 914 2995 968 de
3018 922 3198 968 vestro
3219 913 3472 968 convictu
3501 912 3769 981 gloriari,

2180 1003 2320 1057 sicut
2346 1003 2661 1072 antiquitus.

2252 1093 2337 1146 Vl.
2371 1092 2680 1147 Licetenim
2706 1109 2924 1148 aureum
2957 1095 3102 1164 regni
3131 1103 3310 1164 caput,
3336 1092 3533 1148 nobilis
3566 1091 3771 1145 videli-

2181 1190 2266 1237 cet
2295 1181 2585 1252 Moguntia,
2610 1183 2878 1237 mcllilluis
2917 1184 3180 1238 ubertatis
3222 1199 3334 1238 sua:
3368 1183 3522 1247 rivis,
3555 1183 3771 1252 quibus

2182 1272 2417 1342 undique
2452 1271 2639 1336 allluit,
2695 1272 2905 1326 liberali
2935 1287 3019 1328 me
3047 1272 3329 1342 aspergine
3355 1271 3681 1342 perfundat,
3711 1277 3771 1323 ct

2183 1364 2235 1418 in
2264 1363 2692 1431 splendidissima
2722 1365 2860 1418 sacri
2903 1375 3122 1419 senatus
3150 1365 3231 1418 sui
3260 1379 3461 1418 corona
3507 1378 3619 1417 non
3659 1363 3765 1415 hu-

2182 1453 2292 1507 mili
2337 1452 2599 1506 loeomihi
2632 1454 2870 1507 curulem
2895 1463 3090 1524 ponat;
3132 1463 3329 1524 praeter
3353 1468 3543 1508 omnes
3573 1463 3766 1506 tamen

2183 1544 2262 1614 (ut
2288 1558 2418 1612 pace
2445 1543 2559 1613 ejus
2587 1545 2835 1614 dixerim)
2859 1547 3085 1615 angulus
3113 1545 3200 1600 ille
3231 1545 3358 1599 mihi
3392 1546 3563 1610 ridet,
3593 1559 3768 1614 quem

2183 1643 2352 1688 mater
2375 1632 2531 1702 Legia
2577 1633 2698 1687 forti
2727 1635 2979 1689 virtutum
3011 1635 3204 1692 robore
3249 1636 3451 1690 nodosa
3486 1634 3772 1705 indigenis

2183 1724 2296 1779 suis
2347 1733 2451 1776 tam
2501 1724 2906 1791 delectabilem,
2960 1741 3118 1794 quam
3158 1725 3457 1796 jucundum
3507 1727 3763 1780 exhibet.

2181 1816 2296 1884 Ipsa
2337 1815 2502 1878 enim,
2537 1825 2595 1868 ut
2619 1817 2780 1880 nosti,
2813 1831 2878 1870 ex
2921 1818 3142 1872 occidua
3171 1819 3252 1872 sui
3286 1827 3460 1888 parte,
3488 1833 3598 1872 non
3631 1819 3765 1873 sub-

2183 1906 2308 1960 ditis
2350 1906 2566 1960 collium
2597 1905 2750 1960 clivis
2781 1907 3074 1963 clementer
3094 1909 3637 1981 erecta,getninoquc
3663 1927 3766 1980 pu-

2184 1996 2304 2051 hlici
2349 1997 2545 2052 montis
2574 1997 2793 2061 reflexit,
2826 1999 2916 2067 qui
2964 1999 3018 2051 in
3066 1999 3225 2053 dorso
3252 2015 3356 2052 non
3394 1999 3624 2053 mttltum
3657 2016 3763 2053 au-

2181 2075 2582 2154 daci,iquatuor
2613 2087 2876 2156 regularis
2919 2087 3040 2141 vita:
3071 2096 3243 2157 gestat
3295 2101 3523 2157 greges;
3559 2090 3758 2159 ipsius,

2182 2174 2422 2243 inquam,
2448 2176 2660 2244 gemino
2684 2175 2876 2231 reﬂexit
2904 2177 3137 2233 molliter
3157 2178 3370 2238 situata,
3398 2179 3538 2232 sicut
3559 2180 3759 2250 gallina

2182 2264 2354 2335 pullos
2390 2280 2548 2328 suos,
2602 2265 2675 2319 ita
2727 2267 2838 2321 luec
2886 2266 3022 2322 filios
3056 2283 3182 2322 suos
3217 2267 3316 2321 sub
3349 2267 3462 2323 alas
3516 2269 3718 2338 colligit
3741 2311 3761 2335 ,

2185 2351 2328 2407 fovet
2349 2362 2403 2407 et
2432 2354 2622 2418 nutrit,
2647 2362 2701 2409 et
2739 2353 2804 2407 ad
2836 2369 2995 2410 omne
3027 2357 3168 2425 quod
3197 2357 3356 2418 civile
3384 2358 3478 2422 sit,
3503 2367 3562 2414 et
3587 2359 3756 2413 mori-

2183 2441 2290 2498 bus.
2310 2444 2591 2508 conducat,
2629 2444 2882 2498 informat
2910 2455 2964 2500 et
3008 2445 3224 2500 instruit
3265 2465 3278 2499 :
3324 2462 3424 2501 nec
3459 2448 3756 2517 quidquam

2182 2535 2384 2604 patitur
2412 2535 2618 2601 deesse,
2641 2536 2780 2604 quod
2813 2535 2895 2591 vel
2917 2536 3126 2606 cepiam
3157 2552 3364 2607 regere,
3393 2537 3478 2591 vel
3517 2538 3760 2607 inopiam

2183 2625 2352 2693 possit
2374 2633 2690 2694 temperare.
2726 2625 3021 2682 Allubescit
3046 2643 3256 2696 quoque
3285 2637 3339 2682 et
3367 2628 3522 2683 alluit
3561 2630 3627 2683 ad
3653 2629 3754 2683 loci

2185 2715 2577 2769 munimentum
2631 2724 2687 2770 et
2732 2718 2901 2785 copia:
2939 2717 3364 2788 supplementum
3413 2735 3518 2772 non
3563 2720 3760 2774 subitis

2184 2806 2476 2874 allapsibus
2501 2805 2740 2861 bicornis
2779 2807 2941 2870 Mosa,
2976 2808 3283 2863 ﬂuminibus
3331 2819 3528 2864 nostra:
3559 2809 3754 2880 Belgio:

2185 2909 2289 2948 non
2318 2895 2584 2949 unmerito
2621 2894 2950 2964 praeferenda
2978 2914 2990 2949 :
3017 2913 3136 2966 qua:
3170 2913 3274 2952 non
3303 2899 3475 2952 solum
3522 2900 3751 2963 civibus,

2187 2984 2278 3039 sed
2303 2993 2358 3039 et
2384 2985 2647 3054 indigenis
2677 2994 2834 3039 terrze
2877 2986 3102 3054 piscium
3149 2988 3296 3055 copia
3327 2986 3444 3041 ﬂuit
3485 2987 3713 3058 dapsilis
3735 3030 3748 3054 ,

2186 3077 2352 3132 variis
2379 3079 2634 3132 mercium
2665 3078 3053 3133 commeatibus
3076 3079 3288 3136 habilis.
3318 3080 3576 3148 omnique
3601 3096 3759 3150 pror-

2186 3181 2278 3222 sus
2315 3167 2752 3222 commoditatum
2778 3183 2972 3238 genere
3000 3169 3384 3233 conducibilis,
3418 3181 3650 3240 excepto
3680 3176 3756 3241 (ul.

2185 3257 2341 3310 venia
2371 3266 2458 3310 tua
2487 3258 2739 3327 satyrice,
2787 3259 2912 3312 licet
2940 3258 3056 3314 sine
3098 3267 3270 3314 metro
3294 3259 3506 3328 bulam)
3535 3261 3681 3329 quod
3713 3260 3753 3314 si

2186 3347 2401 3416 quando
2433 3347 2484 3400 in
2525 3348 2831 3401 convivium
2861 3347 3081 3402 deorum
3113 3365 3234 3403 cum
3261 3347 3545 3417 nubigenis
3579 3352 3753 3405 amni-

2186 3437 2286 3493 bus
2343 3436 2600 3493 fratribus
2651 3437 2785 3502 suis,
2818 3453 3047 3508 cumque
3095 3439 3250 3494 Eolo
3282 3454 3429 3510 rege,
3468 3448 3526 3494 et
3578 3443 3755 3494 ventis

2187 3527 2302 3581 suis
2328 3526 2466 3579 intra
2513 3525 2764 3596 palatium
2809 3525 3035 3581 Junonis
3075 3528 3382 3594 adciscitur,
3417 3529 3545 3584 dum
3582 3529 3755 3600 longis

2187 3615 2457 3671 laboribus
2475 3618 2755 3682 exhausta,
2778 3618 2934 3672 solito
2963 3628 3178 3673 uberius
3214 3617 3373 3673 [Eolo
3403 3620 3751 3688 propinante,

2187 3705 2336 3759 nives
2357 3704 2439 3759 vel
2461 3705 2660 3761 imbres
2689 3706 2952 3760 adhibens
2997 3707 3265 3762 inebriata
3291 3709 3622 3775 revertitur;
3648 3709 3756 3764 col-

2187 3795 2340 3850 lectis
2370 3795 2707 3851 iulluentium
2753 3796 2853 3851 sibi
2885 3797 3167 3851 ﬂuviorum
3209 3799 3409 3869 copiis,
3439 3801 3587 3853 velut
3627 3817 3755 3855 con-

2190 3894 2361 3942 tracto
2385 3889 2646 3954 exercitu,
2671 3903 2764 3957 per
2789 3890 3058 3957 regionem
3082 3891 3284 3946 circum
3312 3893 3458 3947 circa
3480 3893 3754 3964 lymphato

2188 3993 2346 4033 cursu
2393 3980 2771 4045 debacchatnr,
2801 3996 3028 4050 quaeque
3074 3982 3177 4036 sibi
3224 3983 3382 4037 obvia
3429 3987 3662 4053 proterit
3698 3996 3752 4039 et

2188 4069 2502 4138 populatur;
2552 4079 2812 4126 nocturna
2864 4073 3190 4141 piscatorum
3242 4073 3423 4140 furta,
3471 4092 3596 4145 qua}
3648 4077 3750 4131 illis

2189 4159 2406 4229 impune
2445 4162 2673 4217 cessisse
2723 4179 2864 4232 saepe
2890 4164 3146 4234 dequesta
3176 4173 3257 4219 est
3278 4205 3294 4230 ,
3324 4166 3616 4236 prohibens
3659 4183 3748 4234 pu~

2188 4251 2301 4315 nit;
2333 4260 2449 4305 sata
2475 4267 2594 4321 quae
2618 4253 2757 4307 avidi
2798 4254 3068 4323 agricolze,
3093 4253 3290 4309 littoris
3319 4255 3536 4310 virectis
3564 4255 3751 4310 audaci

521 4338 563 4389 ri
598 4346 744 4402 sunt;
784 4352 846 4391 ea
877 4339 1108 4394 nodosus
1161 4340 1274 4409 ipse
1305 4341 1568 4410 sagaciter
1615 4343 1898 4410 enodares,
1928 4351 1983 4398 et
2021 4342 2086 4396 de
2115 4359 2162 4419 ι)
2188 4343 2341 4398 sulco
2369 4343 2618 4411 violatis,
2661 4343 2751 4398 ubi
2791 4345 2904 4414 ipsa
2933 4344 3094 4398 vellet
3136 4345 3431 4408 meridiari,
3478 4346 3749 4415 insperseo

519 4425 604 4477 his
637 4425 1030 4495 ambigentibus
1058 4427 1125 4480 ad
1155 4436 1336 4481 votum
1360 4428 1723 4484 satisfaceres.

594 4513 654 4568 V.
693 4515 826 4570 Cum
857 4515 972 4571 htec
997 4525 1050 4572 et
1089 4517 1391 4588 huiusmodi
1437 4521 1585 4590 plura
1619 4521 1688 4574 ita
1727 4536 1784 4576 se
1815 4521 2086 4589 habeant,

521 4621 831 4675 possumne,
863 4623 983 4674 oro,
1024 4609 1366 4680 probitatem,
1407 4613 1742 4675 industriam,
1789 4613 2089 4685 benignita-

520 4706 626 4752 tem
657 4707 826 4765 tuam,
867 4709 1166 4770 caeteraqne
1197 4700 1249 4754 id
1276 4716 1442 4772 genus
1487 4702 1639 4758 bonze
1667 4713 1721 4758 et
1760 4703 2085 4776 circumspe-

517 4796 618 4842 cte
639 4788 761 4843 vitae
794 4790 974 4844 munia
1008 4791 1277 4847 oblivione
1307 4793 1703 4854 transmittere.
1737 4801 1928 4864 teque,
1955 4809 2021 4848 ne
2041 4794 2089 4848 si

519 4881 676 4934 velim
705 4880 939 4950 quidem,
985 4897 1088 4937 non
1133 4879 1357 4939 amare?
1391 4883 1500 4955 Ego
1529 4899 1657 4939 vero
1687 4893 1746 4938 ut
1772 4883 1920 4954 prius
1950 4884 2002 4937 in
2037 4893 2088 4940 te

519 4987 684 5010 ntuu'n
713 4973 1020 5010 nsunt-laruam
1054 4974 1284 5010 inrlnlnna
1349 4976 1418 5010 ἶσαι
1460 4989 1600 5010 nnnn
1637 4976 1759 5010 Inlic
1795 4973 2088 5010 nr‘nnlnnlnn

2190 4445 2332 4499 rant,
2358 4433 2489 4488 eluit
2518 4443 2571 4489 et
2613 4443 2868 4505 prostrat.
2912 4435 3019 4491 Nos
3059 4451 3271 4505 quoque
3296 4436 3569 4505 indignata
3610 4435 3750 4490 litto-

2189 4517 2297 4576 rei's
2335 4524 2583 4592 aquatilis
2626 4524 2762 4578 aulae
2793 4539 2903 4579 sua:
2927 4525 3083 4580 atriis
3118 4525 3319 4595 placito
3347 4524 3576 4578 vicinius
3606 4524 3748 4578 inse.

2189 4615 2354 4676 disse.
2388 4624 2442 4669 et
2485 4617 2700 4670 calones
2744 4625 2956 4671 nostros
2997 4631 3116 4671 eam
3164 4617 3359 4685 srepius
3407 4615 3745 4684 inquietare,

2187 4700 2376 4758 domos
2415 4712 2628 4758 nostras
2657 4719 2760 4757 non
2785 4703 3008 4773 supplex
3035 4705 3363 4774 ingreditur;
3391 4703 3747 4772 omnibusque

2187 4792 2428 4860 expulsis
2450 4833 2466 4859 ,
2515 4793 2648 4847 nihil
2691 4793 2995 4863 deprecata,
3024 4793 3286 4847 violenter
3331 4794 3654 4862 hospitatur.
3685 4792 3748 4846 Et

2187 4883 2311 4952 quia
2347 4885 2541 4952 Stepius
2568 4898 2632 4940 ac
2660 4884 2982 4940 familiarius
3024 4885 3242 4938 inimico
3271 4883 3370 4938 sibi
3397 4883 3602 4936 numini
3633 4897 3747 4948 snp-

2186 4976 2446 5010 n‘innmuc
2513 4977 2677 5010 Innnm
2729 4975 3045 5010 Γηηιῖιῖσιιιηηὶ
3090 4973 3424 5010 ιῖἷεριοιιοῖοιίε
3472 4974 3740 5010 Ωτρηιιιῖι·
