4020 5392
186 319 286 375 889

1309 315 1640 373 EPISTOLA
1679 316 1770 371 AD
1811 315 2257 372 νΑιοιιΕιωιι.

3323 315 3392 374 8'.)
3405 311 3448 368 ο

187 432 338 486 dulce
363 429 620 484 rubentes
649 427 798 482 lucos
825 427 1101 492 arborum,
1117 427 1326 483 scilicet
1359 429 1530 484 vineis
1558 430 1758 485 nostris
1787 435 1832 492 Α
1862 430 2069 484 daciter
2095 431 2399 499 inspersum
2422 430 2512 496 sit,
2538 429 2778 486 adrersa:
2803 430 3202 486 detrahentium
3225 439 3444 501 reputes

188 521 428 575 brachiis
460 519 580 573 aliis
603 518 954 574 habilioribns
983 519 1084 573 sibi
1119 520 1429 589 regionibus
1452 521 1759 586 intendens,

187 626 438 680 Suprema
469 609 651 662 vitium
673 608 948 678 putamina
975 619 1030 663 et
1048 625 1246 679 paucos
1269 611 1582 680 inspergens
1608 613 1759 681 thyr-

185 718 294 768 sos,
324 714 631 755 extremam
673 701 927 769 imposuit
950 717 1187 756 manum.
1227 701 1322 756 llis
1365 712 1420 756 et
1456 702 1757 772 huiusmodi

187 794 361 848 multis
387 792 866 848 commoditatibus
896 793 1056 863 Legia
1088 806 1269 849 nostra
1309 796 1538 850 ubertim
1566 795 1753 860 ditata,

187 882 353 936 adhuc
391 882 560 935 habet
611 882 777 936 multo
809 884 1035 950 potiora,
1069 885 1262 953 hisque
1293 885 1448 954 longe
1493 885 1758 955 longeque

185 957 613 1042 praemineiuia.
657 973 896 1041 Denique
937 973 1050 1043 ipsa
1097 973 1195 1028 ﬂos
1225 973 1411 1029 Galliae
1450 975 1754 1043 tripartitm,

185 1074 234 1118 et
265 1065 431 1116 altera
459 1064 682 1118 Athena:
716 1064 968 1118 nobiliter
1001 1064 1301 1118 liberalium
1347 1065 1755 1134 disciplinarum

185 1153 213 1204 ﬂ
235 1162 328 1205 )l'cl
354 1153 569 1210 studiis,
605 1161 659 1206 et
711 1153 874 1220 (quod
899 1153 984 1206 his
1019 1154 1361 1221 prrestantius
1394 1153 1498 1223 est)
1540 1154 1756 1222 egregie

186 1260 214 1312 p
237 1245 336 1296 :l'et
362 1244 713 1296 observantia
738 1244 927 1296 divinae
957 1243 1248 1314 religionis,
1270 1245 1404 1298 adeo
1420 1245 1588 1313 (quod
1623 1260 1754 1314 pace

185 1331 533 1384 ecclesiarum
585 1331 844 1401 dixerim)
879 1343 974 1398 ut,
1024 1342 1286 1400 quantttm
1331 1335 1398 1387 ad
1447 1333 1752 1388 litterarum

185 1423 347 1477 stadia
377 1463 390 1485 ,
441 1422 577 1475 nihil
623 1423 688 1477 de
719 1423 960 1478 Platonis
990 1434 1209 1492 expetas
1237 1425 1544 1491 academia;
1585 1442 1754 1495 quan-

189 1526 288 1566 tum
320 1528 449 1566 vero
477 1515 546 1565 ad
574 1515 776 1568 cultmn
827 1515 1127 1584 religionis,
1157 1515 1289 1569 nihil
1331 1515 1399 1570 de
1427 1515 1623 1572 Leonis
1655 1517 1751 1572 de-

187 1603 383 1655 sideres
420 1601 616 1656 Roma.

251 1694 351 1746 VII.
399 1693 532 1748 lude
581 1710 709 1765 ergo
766 1696 1000 1764 undique
1042 1711 1255 1752 versum
1303 1695 1503 1752 Christi
1550 1699 1750 1753 bonum

1862 520 2025 587 parti.

1931 608 2021 664 IX.
2055 610 2225 666 Video
2250 648 2265 674 ,
2308 608 2509 672 frater,
2557 611 2715 665 video
2758 611 3005 680 quisquis
3034 626 3094 666 es
3127 625 3287 680 quem
3342 614 3442 664 sub

1861 699 2021 752 amici
2068 713 2301 767 persona
2354 699 2484 753 mihi
2536 699 2780 768 opposui,
2830 715 2991 769 quem
3041 701 3143 755 sub
3195 699 3441 754 advocati

1859 801 2020 842 scena
2055 788 2293 858 figmenti
2349 803 2415 842 ex
2471 789 2698 844 adverso
2742 790 2923 845 dicere
2957 790 3058 845 feci
3086 809 3099 845 :
3130 792 3286 848 video
3307 833 3327 860 ,
3362 793 3444 845 in-

1859 892 2043 946 quam,
2067 880 2208 948 quod
2257 880 2475 948 ancipiti
2531 895 2617 934 me
2646 879 2826 950 gladio
2869 881 3116 951 impetis,
3148 897 3210 936 ac
3239 882 3439 952 duplici

1858 985 2070 1024 mecum
2100 968 2208 1024 telo
2229 969 2580 1040 eongrederis
2619 987 2632 1022 :
2670 970 2721 1024 in
2750 970 2926 1025 altero
2953 973 3170 1041 quidem
3205 973 3442 1029 levitatis

1857 1060 2278 1114 inconstantiam
2308 1076 2535 1130 arguere
2561 1071 2802 1130 paratus,
2837 1061 2890 1116 in
2921 1061 3093 1116 altero
3123 1078 3253 1117 vero
3275 1064 3442 1131 perti-

1857 1150 2067 1204 naciam
2097 1151 2149 1204 in
2183 1151 2328 1204 vitiis
2355 1149 2646 1206 confodere
2678 1152 2974 1206 animatus.
3007 1152 3282 1206 Attentius
3311 1169 3441 1221 ergo

1855 1241 2140 1294 videndum
2174 1250 2288 1306 est,
2321 1242 2447 1309 quia
2497 1241 2549 1294 in
2585 1257 2668 1295 me
2708 1242 2891 1296 subtili
2931 1243 3246 1297 criticorum
3291 1243 3441 1298 lance

1855 1333 2045 1396 uteris,
2069 1332 2195 1400 quid
2222 1333 2289 1385 ad
2317 1331 2522 1401 singula
2548 1332 2860 1400 responderi
2883 1333 3170 1386 conveniat
3193 1333 3437 1402 objectis.

1854 1425 1998 1495 Ergo
2025 1425 2206 1494 arguis
2239 1425 2290 1479 in
2335 1440 2420 1479 me
2469 1424 2742 1478 levitatem
2791 1425 3084 1478 vanitantis
3112 1426 3303 1488 animi,
3344 1426 3437 1494 qui

1854 1517 1997 1573 velut
2023 1519 2124 1572 hac
2156 1517 2273 1573 illac
2312 1517 2528 1572 ﬂuitans
2563 1532 2760 1572 vacare
2782 1519 3078 1582 desideret,
3109 1527 3165 1572 et
3190 1517 3436 1588 gloriari,

1852 1626 1949 1680 pro
1996 1625 2060 1665 co
2088 1609 2229 1680 quod
2267 1609 2522 1676 Leogium
2568 1618 2814 1664 nostrum
2866 1617 3143 1678 tantopere
3185 1609 3438 1662 laudave-

1854 1703 1980 1765 rim,
2015 1714 2209 1770 meque
2240 1699 2440 1756 ibidem
2489 1714 2611 1754 cum
2664 1699 2988 1752 necessariis
3029 1699 3162 1752 meis
3206 1697 3438 1751 libenter

189 1801 433 1856 spargens
482 1787 727 1852 odorem,
782 1787 1064 1856 plurimam
1117 1789 1183 1843 ad
1214 1804 1272 1844 se
1305 1791 1568 1860 gregatim
1621 1806 1750 1845 con-
1782 1763 2035 1846 Bvivere
2083 1792 2334 1855 dixerim,
2367 1790 2508 1858 quod
2565 1790 2780 1859 quidem
2823 1789 3017 1858 injuria
3069 1789 3285 1852 facere,
3338 1802 3437 1842 nec

188 1871 331 1927 ﬂuam
363 1875 536 1930 allicit
563 1886 614 1929 ct
644 1877 833 1946 recipit
862 1878 1258 1933 multitmlinem
1295 1897 1306 1929 :
1331 1894 1561 1948 quorum
1593 1895 1751 1936 nemo

186 1980 236 2018 se
277 1965 446 2018 adhuc
496 1966 545 2019 ei
595 1965 887 2033 applicuit,
927 1968 1018 2036 qui
1073 1983 1176 2022 non
1221 1967 1511 2036 profecerit
1555 1969 1606 2022 in
1638 1985 1752 2024 tne-

186 2056 305 2119 lius,
345 2057 446 2110 nisi
507 2058 619 2127 ipse
671 2058 771 2113 sibi
826 2059 988 2114 nimis
1034 2061 1381 2116 obdormivit.
1437 2061 1569 2116 Cum
1620 2078 1749 2132 ergo

187 2153 411 2198 nostrum
462 2147 539 2200 sit
582 2147 684 2201 tale
735 2148 992 2218 Leogium
1019 2191 1034 2213 ,
1080 2150 1386 2219 quicunque
1414 2151 1463 2204 ei
1505 2152 1744 2219 derogat,

186 2239 473 2306 quicunque
522 2240 795 2310 cognitum
834 2256 938 2295 non
987 2251 1169 2304 amat,
1217 2243 1500 2296 utrustice
1530 2242 1744 2311 loquar,

187 2330 362 2383 habeat
396 2331 488 2383 Dei
519 2331 721 2385 odium.
757 2332 881 2386 Inde
911 2343 1015 2397 est,
1044 2333 1390 2397 charissime,
1440 2335 1580 2404 quod
1611 2349 1743 2388 con-

188 2417 333 2471 tinuis
369 2419 473 2472 huc
509 2419 648 2472 votis
698 2435 833 2473 ruo:
865 2427 917 2474 et
968 2421 1094 2475 licet
1139 2422 1265 2476 alibi
1313 2423 1530 2491 degam,
1565 2425 1744 2479 animo

185 2516 346 2561 tamen
373 2509 445 2563 ibi
478 2518 658 2562 locum
689 2510 891 2564 habito.

251 2599 368 2652 \‘lll.
417 2600 493 2653 At.
541 2615 668 2655 vero
716 2600 940 2655 forsitan
1002 2618 1086 2656 me
1141 2603 1420 2660 insimulas
1468 2606 1738 2674 levitatis,

186 2689 320 2757 quasi
349 2689 482 2743 bene
513 2689 748 2752 vivendi,
782 2692 888 2746 into
911 2694 1134 2747 vacandi
1164 2702 1219 2748 et
1254 2695 1517 2763 gloriandi
1563 2697 1738 2752 locum

188 2794 432 2845 qtta'ram;
461 2779 606 2847 quod
636 2779 817 2848 utique
844 2789 926 2834 est
949 2783 1112 2836 animi
1145 2785 1742 2856 vanitantis:acidcque

193 2865 451 2934 redargnis
480 2907 494 2929 ,
550 2868 692 2936 quod
727 2869 870 2922 velut
918 2885 981 2924 ex
1033 2872 1284 2927 desiderii
1334 2874 1549 2941 affectu,
1582 2878 1742 2932 modo

189 2953 350 3017 situm,
382 2957 776 3019 antmnitatezn,
804 2958 1129 3013 afﬂuentiam
1165 2970 1219 3015 et
1265 2964 1584 3030 sapientiam
1619 2977 1739 3020 tan-

1852 1885 1989 1952 aequi
2030 1883 2263 1952 bonique
2291 1883 2488 1937 ducere
2520 1881 2739 1944 videris,
2778 1881 2872 1936 sed
2918 1881 3198 1935 commoda
3249 1891 3434 1934 nostra

1851 1974 2070 2043 obliquo
2099 1972 2314 2027 invidia:
2342 1972 2500 2027 oculo
2538 1971 2750 2036 limare,
2778 1979 2834 2024 et
2865 1969 3052 2040 cynico
3081 1969 3435 2024 detractionis

1851 2080 2031 2119 morsu
2077 2077 2346 2119 venenare
2397 2062 2700 2119 contendis.
2745 2059 2995 2129 Nunquid
3051 2075 3172 2113 nam
3205 2059 3437 2113 diversis

1851 2153 1982 2207 locis
2019 2162 2072 2208 ct
2103 2152 2433 2221 temporibus
2465 2150 2703 2204 melioris
2722 2150 2844 2202 vita:
2865 2149 3127 2202 rationem
3158 2147 3433 2215 colligere,

1847 2241 1993 2295 velut
2038 2241 2203 2294 variis
2231 2240 2531 2293 litterarmn
2561 2239 2754 2292 studiis
2795 2247 2848 2291 et
2882 2237 3286 2305 disciplinarum
3336 2252 3433 2290 es-

1847 2333 2135 2402 perientia,
2178 2332 2440 2400 liquidum
2484 2330 2728 2384 scientize
2781 2328 2886 2382 mel
2934 2330 3137 2396 stipare
3169 2329 3436 2382 adscribis

1846 2422 2246 2477 levitati?Num
2274 2423 2325 2475 in
2360 2421 2550 2475 melius
2581 2420 2719 2475 velle
2753 2418 3019 2488 proficere
3065 2420 3290 2488 deputas
3335 2435 3432 2471 va~

1846 2513 2041 2566 nitati?
2065 2511 2444 2582 Numquidnam
2463 2527 2492 2563 e
2510 2511 2739 2564 diversis
2765 2509 2898 2562 locis
2917 2509 3159 2563 salubres
3177 2517 3433 2577 petuntur

1845 2611 1900 2657 et
1942 2617 2095 2672 aqua:
2126 2609 2180 2654 et
2228 2600 2429 2663 herbis,
2459 2615 2578 2668 qua:
2626 2606 2816 2666 suapte
2846 2597 2896 2651 vi
2945 2595 3157 2650 valeant
3206 2612 3432 2664 quaeque

1845 2691 2084 2746 morbida
2120 2690 2346 2744 sanare?
2379 2688 2567 2741 Nonne
2607 2687 2892 2741 duodecim
2931 2695 3055 2740 sunt
3088 2686 3231 2738 horze
3280 2686 3429 2739 dict?

1843 2796 2024 2836 nonne
2075 2781 2322 2834 ordinate
2375 2777 2704 2848 dispositum
2757 2784 2840 2832 est
2873 2776 3001 2845 quid
3051 2775 3122 2828 sit
3162 2776 3428 2845 agendum

1843 2886 2041 2936 mane,
2091 2870 2218 2939 quid
2257 2867 2744 2931 antemeridianis,
2805 2867 2932 2936 quid
2985 2866 3427 2936 postmeridianis

1842 2963 2012 3026 horis,
2049 2961 2176 3032 quid
2204 2961 2464 3030 vespere?
2494 2959 2601 3014 Sed
2642 2958 2755 3027 jam
2798 2960 2930 3014 heu!
2983 2958 3336 3022 matutinum,
3370 2957 3425 3011 in

192 3053 354 3113 topere
384 3047 556 3101 nostri
593 3048 847 3101 extollam
898 3049 1078 3119 Leogii
1103 3092 1117 3115 ,
1166 3052 1253 3106 cui
1307 3053 1597 3123 aliquando
1631 3056 1740 3112 Mo-
1765 3093 1810 3155 ί.
1841 3070 1948 3126 quo
1989 3065 2107 3109 erat
2148 3053 2332 3108 laetitia
2357 3095 2372 3120 ,
2430 3052 2676 3117 transiit;
2730 3061 2784 3106 et
2832 3067 3114 3119 vesperum
3144 3091 3158 3113 ,
3208 3051 3259 3103 in
3314 3065 3421 3118 quo

189 3141 445 3202 gttnlinam
493 3139 788 3210 praeferens
819 3141 1061 3210 gloriam,
1096 3144 1335 3200 dederim
1385 3147 1619 3202 libellum
1654 3165 1738 3206 re-
1766 3133 1812 3155 “’
1843 3147 2210 3202 demorabitur
2253 3144 2446 3213 ﬂetus,
2487 3145 2722 3200 advenit.
2773 3144 2890 3200 Jam
2931 3144 3110 3214 posuit
3163 3142 3426 3196 Dominus

189 3229 358 3296 pndii:
397 3231 646 3299 quodque
698 3241 844 3286 tanta
896 3231 1094 3288 ﬂuitem
1141 3236 1304 3289 animi
1354 3237 1738 3308 inconstantia,
1841 3237 2065 3294 ﬂumina
2094 3239 2147 3292 in
2179 3238 2475 3300 desertum,
2524 3246 2579 3292 et
2626 3236 2801 3292 fontes
2830 3251 3094 3304 aquarum
3144 3235 3195 3288 in
3233 3234 3419 3296 sitim;

189 3327 238 3372 ut
266 3321 410 3373 modo
437 3319 624 3390 LcOgii
655 3323 860 3390 positus
887 3325 1153 3394 suspirem
1186 3325 1552 3396 Moguntiatn;
1583 3331 1741 3385 modo
1845 3339 2043 3385 terram
2095 3327 2431 3383 fructiferam
2483 3327 2534 3381 in
2579 3326 2907 3396 salsuginem
2934 3367 2947 3388 ,
2985 3334 3039 3378 et
3084 3333 3302 3380 czetera.
3358 3324 3424 3378 Et

191 3407 451 3478 Moguntina
477 3421 632 3464 satus
662 3413 842 3466 animo
870 3413 1126 3484 Lcogium
1161 3429 1459 3470 recurram.
1501 3419 1741 3474 Adhibes
1841 3421 1968 3491 quid
2027 3421 2093 3474 de
2133 3419 2341 3487 reliquo
2371 3416 2675 3473 faciendum
2729 3425 2813 3471 est
2860 3417 2912 3470 in
2946 3416 3046 3469 hac
3090 3429 3268 3468 rerum
3300 3428 3422 3468 scn-

188 3514 378 3569 qnoqne
419 3503 511 3556 tibi
549 3507 904 3572 patrocinium
953 3508 1160 3572 Flacci,
1197 3519 1255 3562 ut
1291 3509 1442 3564 ulcus
1470 3513 1612 3580 quod
1643 3513 1738 3566 t'bi
1843 3514 1972 3577 tina,
2008 3512 2095 3566 ubi
2133 3511 2343 3566 cunctis
2387 3525 2505 3579 quae
2535 3525 2564 3562 a
2608 3507 2856 3562 Patribus
2905 3507 2970 3559 ad
3023 3521 3122 3560 nos
3165 3505 3421 3559 demana-

187 3589 364 3645 videris
412 3607 620 3660 secare,
661 3603 808 3652 tanto
851 3598 1094 3668 asperius
1143 3599 1363 3654 satirico
1401 3601 1510 3655 sale
1565 3603 1740 3658 valeat
1842 3608 2062 3664 runl,et
2108 3599 2302 3653 studiis
2351 3608 2405 3653 et
2456 3597 2754 3665 disciplinis
2804 3604 3081 3664 tantopere
3125 3593 3420 3648 reclamant

188 3677 401 3736 infricari
433 3698 447 3736 :

1851 3707 2019 3746 mores
2047 3699 2102 3744 et
2131 3690 2402 3758 tempora?
2430 3688 2565 3742 Num
2596 3689 2737 3749 ideo,
2767 3695 2826 3740 ut
2856 3696 2909 3740 tu
2942 3686 3141 3755 desipis
3162 3725 3176 3748 ,
3207 3701 3234 3736 a
3264 3684 3420 3740 bonis

1839 3789 1923 3836 est
1951 3777 2340 3841 desistendum,
2371 3788 2426 3832 et
2456 3778 2709 3832 nundinis
2742 3775 3096 3831 insistendum
3119 3815 3132 3839 ,
3164 3782 3223 3827 ut
3267 3773 3419 3828 obliti

1839 3869 1964 3937 quid
2017 3868 2232 3930 deceat,
2277 3867 2403 3934 quid
2432 3881 2572 3926 non,
2618 3865 2873 3919 ltacensis
2905 3864 3112 3933 Ulyssei
3165 3861 3417 3915 vitiosum

1839 3960 2031 4013 fiamus
2085 3956 2405 4026 remigium?
2445 3956 2631 4010 Nonne
2681 3956 2850 4024 magis
2888 3963 3102 4024 oportet
3147 3951 3414 4022 quemvis,

1836 4049 1926 4116 qui
1974 4046 2188 4116 quidem
2237 4045 2316 4098 vir
2351 4045 2480 4107 fiet,
2525 4055 2583 4098 ut
2635 4059 2850 4113 semper
2897 4042 3163 4096 deteriora
3215 4041 3413 4105 vitans,

1838 4138 1888 4190 id
1941 4143 2176 4203 appetat,
2211 4135 2350 4187 unde
2383 4149 2439 4188 se
2473 4137 2586 4202 ipso
2627 4150 2841 4204 semper
2883 4133 3075 4187 melior
3106 4133 3234 4185 fiat?
3280 4131 3415 4186 Tam

187 4229 340 4298 Novi,
376 4237 735 4304 charissime,
785 4247 838 4293 te
890 4239 1022 4294 nihil
1072 4239 1354 4294 sinistrum
1406 4249 1593 4295 οοηιιιει
1648 4255 1734 4296 me
1836 4244 1963 4284 νει-ο
1993 4230 2141 4284 abest
2180 4239 2236 4283 ιιι
2279 4229 2391 4282 lure
2436 4227 2545 4280 δίιιι
2596 4226 2763 4279 animi
2824 4225 3120 4278 vanitantis
3201 4232 3260 4276 ιιι
3307 4223 3419 4277 sint

188 4323 361 4390 moliri,
391 4342 488 4383 nec
515 4329 719 4383 ideirco
754 4336 805 4384 te
828 4329 957 4384 mihi
988 4330 1054 4384 ad
1080 4330 1437 4386 resistendum
1465 4332 1687 4402 opposui
1715 4349 1728 4385 :

1851 4322 1994 4372 :tiam
2029 4319 2194 4372 animi
2237 4319 2302 4372 ad
2348 4325 2532 4386 postes
2565 4315 2690 4370 ostii
2746 4316 3025 4383 sapientiae
3075 4328 3236 4367 mane
3279 4313 3416 4382 vigi-

187 4413 266 4466 sed
293 4417 404 4470 novi
434 4433 595 4473 canes
626 4419 766 4484 illos,
799 4420 889 4488 qui
919 4419 1259 4475 clandestino
1291 4437 1475 4476 morsu
1517 4435 1732 4493 semper
1762 4423 1807 4482 D
1837 4409 2024 4475 hillis;
2057 4417 2112 4464 el
2142 4409 2242 4464 hoc
2274 4408 2340 4462 de
2370 4408 2538 4462 "iure
2582 4406 2784 4461 scnlire
2809 4405 2893 4460 νει
2941 4405 3143 4470 dicere.
3173 4404 3243 4458 δίι
3273 4403 3416 4458 imii-

189 4505 336 4568 parati
358 4516 477 4560 sunt
501 4507 730 4561 alienam
757 4509 922 4562 vitam
966 4509 1306 4565 discutienda
1338 4511 1548 4575 rodere,
1577 4525 1731 4565 suam
1832 4502 1933 4556 (κίε
1970 4511 2024 4556 el
2061 4501 2168 4556 οάίί
2199 4499 2566 4570 malignanlis-

190 4607 297 4647 vero
323 4596 530 4666 ﬂagitiis
569 4599 879 4654 obvolutam
921 4600 973 4654 in
1005 4614 1162 4656 caeno
1186 4602 1436 4656 vitiorum
1465 4605 1728 4658 volutare.
1901 4603 1969 4656 X.
2003 4603 2154 4668 Quod
2199 4610 2380 4656 autem
2432 4601 2613 4656 hostili
2661 4615 2748 4654 me
2794 4615 3045 4669 premens
3079 4599 3217 4663 telo,
3248 4599 3417 4663 dicis,

191 4679 282 4736 Hos
309 4687 427 4741 mihi
452 4698 571 4757 post
614 4699 822 4759 tergum
855 4691 1177 4761 derogantes
1215 4691 1315 4746 sub
1340 4706 1570 4759 persona
1615 4701 1727 4754 tua,
1831 4694 1957 4762 quid
1992 4693 2122 4746 mibi
2156 4702 2212 4747 et
2233 4691 2470 4760 Leogio?
2496 4691 2639 4760 quod
2668 4691 2796 4745 olim
2835 4691 3126 4745 insolenter
3157 4690 3418 4744 deserens

190 4772 312 4827 velut
347 4778 397 4830 in
435 4779 627 4836 faciem
675 4782 1023 4847 resistentes,
1063 4783 1194 4837 mihi
1226 4797 1484 4852 oppono:
1515 4784 1600 4838 his
1630 4783 1731 4838 sub
1835 4785 1972 4853 turpi
2025 4784 2258 4838 notarim
2302 4783 2518 4852 elogio;
2567 4783 2764 4850 cuique
2811 4780 3176 4852 Moguntinam
3227 4780 3420 4850 praefe-

192 4866 268 4913 tuo
292 4869 513 4933 nomine,
541 4871 605 4925 de
627 4886 732 4941 quo
753 4871 886 4926 nihil
910 4872 1186 4929 sinistrum
1210 4873 1484 4942 suspicor,
1511 4887 1732 4941 respon-
1833 4892 1958 4930 rens
1987 4875 2236 4944 gloriam,
2263 4890 2361 4931 ceu
2389 4875 2552 4929 vilem
2586 4872 2949 4942 reputaverim
2977 4872 3207 4926 scoriam
3228 4911 3244 4935 ,
3268 4881 3426 4928 certe

193 4950 299 5004 dere
335 4969 460 5023 paro
493 4977 504 5012 :
531 4970 589 5015 ut
641 4971 831 5029 arguta
887 4963 1253 5017 cavillantium
1281 4963 1583 5018 invectione
1616 4963 1731 5030 ldis-
1832 4964 2525 5019 nimisaveritatistramite
2551 4959 2937 5023 aberrasti,ve|
2966 4960 3144 5030 potius
3170 4966 3424 5016 totusve—

192 5039 338 5106 ltlosa,
387 5049 693 5106 dissolutum
731 5055 800 5108 sit
824 5054 1078 5123 quidquid
1109 5070 1343 5122 unquam
1374 5054 1425 5107 in
1457 5068 1542 5108 me
1571 5068 1731 5108 arcus
1832 5057 1992 5111 ritate
2015 5054 2288 5111 excidisti.
2313 5053 2563 5115 Dicdum,
2583 5066 2789 5120 quaeso,
2811 5058 2866 5103 tu
2891 5052 2982 5119 qui
3005 5049 3105 5105 sub
3128 5049 3290 5103 ovino
3311 5053 3426 5104 vel-

195 5129 350 5190 livoris
392 5153 548 5208 super
585 5143 667 5199 his
692 5143 968 5213 jaculatus
1006 5157 1119 5211 est,
1149 5155 1204 5201 et
1230 5154 1546 5200 enervatum
1575 5146 1730 5215 quid-
1832 5147 1942 5203 lere
1978 5145 2162 5214 lupino
2192 5142 2297 5202 ritu
2324 5141 2516 5207 latras,
2541 5156 2571 5201 β
2593 5140 2802 5195 duobus
2825 5137 2985 5194 alteri
3010 5136 3435 5210 prccfertur,qui

194 5225 650 5300 ‘luidserpentinus
676 5239 783 5291 odii
836 5237 1023 5294 sibilus
1052 5239 1294 5294 amarius
1341 5238 1391 5290 in
1435 5251 1520 5291 me
1563 5237 1729 5292 cavil-
1832 5235 2082 5306 postulat,
2106 5247 2172 5285 an
2189 5231 2279 5299 qui
2304 5227 2802 5298 postulatur?Qnid
2822 5228 3156 5298 respondere
3176 5224 3439 5286 haesitas?

194 5308 308 5350 ΙΊΙΙΙΩ
345 5330 419 5352 nol
496 5322 656 5352 ’τη-..ν-
701 5336 880 5354 -..ιλ-η
929 5330 1148 5354 ..ην-1....νι
1243 5335 1290 5354 nl
1341 5341 1436 5354 νίκη
1481 5327 1726 5356 Α.“ηἶ1η-ο

1854 5346 1956 5356 ..ηι-
1987 5328 2078 5358 si":
2110 5325 2358 5358 lonnonm
2385 5325 2528 5358 Ian.“
2561 5321 2917 5358 ηιιισηινιῗιοοη
2948 5319 3278 5358 Ιηροεθςειιῖε
3301 5335 3432 5358 nnn-

237 3827 422 3891 Caelum,
463 3831 636 3896 inquit,
688 3845 782 3884 non
823 3837 1032 3885 animum
1072 3844 1258 3886 mutant
1311 3839 1393 3900 qui
1437 3843 1571 3889 trans
1604 3854 1736 3891 mare

1423 3919 1672 3980 [currunt.

187 3969 298 4026 Item
319 3990 332 4027 :

239 4109 284 4158 ln
307 4113 436 4176 culpa
463 4121 538 4164 est
557 4127 768 4178 animus,
790 4117 874 4179 qui
892 4129 948 4166 se
973 4128 1068 4166 non
1093 4116 1266 4178 effugit
1288 4129 1518 4180 unquam.

496 5322 656 5352 ’ται-ιη-
701 5336 880 5354 -.ιιιὶΜ
929 5330 1148 5354 ,πλη-..ιιΜ
1243 5335 1290 5354 Α.
1341 5341 1436 5354 νίκη
1481 5327 1726 5356 Αηιηῖιιηο
