4124 5374
512 284 633 342 ‘89!

1694 296 1709 332 νῖ
1734 284 2105 349 GOZECHINI
2144 288 2589 350 SGHOLASTICI

3667 302 3778 361 893

506 394 607 450 ivel
630 393 833 464 jussus.
855 407 886 450 a
922 395 1149 453 summis
1191 396 1346 453 aurei
1380 395 1527 454 illius
1554 395 1737 455 mali
1764 400 1927 470 viris,
1972 403 2099 457 veni
2127 403 2178 463 Δ
2204 417 2326 473 pus,
2358 403 2654 473 Aristolcs,
2695 405 3003 464 Carneades
3040 418 3095 466 et
3128 409 3429 481 Panaztius,
3461 383 3659 485 aliique
3686 418 3765 474 in-

526 484 892 556 lloguntiam?
924 484 1192 542 Numnam
1222 488 1382 543 matri
1418 488 1597 560 Legize
1635 487 1739 545 feci
1789 491 2102 562 repulsam?

524 574 768 644 nunquid
791 589 915 630 eam
949 574 1243 631 insolenter
1261 577 1463 649 sprevi,
1492 594 1655 649 quam
1681 580 1829 635 velut
1871 591 2102 638 matrem

514 666 914 721 benevolentia:
958 665 1293 736 amplexibus
1335 669 1581 725 strictam
1627 685 1900 741 nunquam
1943 672 2100 728 dese-

515 756 639 811 rui?
675 755 926 812 Profecto
976 770 1105 822 non,
1152 766 1213 812 ιιι
1254 759 1567 826 corniearis,
1616 761 1738 816 dedi
1777 761 1825 817 ei
1868 761 2104 817 libellum

524 845 771 914 repudii,
828 845 924 902 sed
948 846 1205 902 decorem
1241 848 1461 919 tripudii
1497 866 1514 905 :
1551 865 1657 905 non
1689 850 1851 923 elogii
1896 862 2100 918 notam,

524 936 631 993 sed.
648 937 873 993 honoris
908 952 1168 994 coronam
1201 940 1453 1010 :quando
1476 955 1658 1011 peros
1689 959 1868 998 meum
1892 954 2105 1001 eructa-

530 1027 607 1081 vit
632 1043 721 1084 cor
754 1027 875 1097 ejus
900 1029 1126 1085 verbum
1158 1029 1391 1098 bonum;
1420 1033 1637 1101 quando
1662 1035 1864 1091 contuli
1895 1036 1947 1090 in
1991 1036 2107 1092 the-

484 1186 487 1189 _
522 1134 718 1179 sauros
767 1120 925 1189 hujus
971 1121 1289 1190 allluentite,
1328 1125 1473 1195 quod
1506 1126 1789 1196 .aceepi'in
1836 1129 2106 1186 thesauris

518 1211 672 1267 illius
695 1213 994 1284 sapientiai.
1031 1213 1143 1270 Nec
1173 1230 1408 1286 unquam
1438 1216 1599 1273 hodie
1634 1216 1891 1290 effugies,
1940 1221 2104 1277 etiam

525 1302 572 1356 si
616 1301 756 1358 alter
779 1303 888 1359 sies
931 1303 1196 1361 Protheus
1218 1344 1235 1370 ,
1282 1306 1452 1362 donec
1481 1308 1625 1363 veris
1661 1310 1835 1365 victus
1862 1295 2105 1378 fatearis,

527 1393 695 1461 quod,
718 1392 852 1449 nihil
882 1395 1180 1465 quidquam
1221 1396 1367 1453 obsit
1401 1412 1523 1453 eum
1558 1400 1768 1456 ratione
1792 1400 1896 1456 loci
1926 1411 2099 1457 muta-

526 1486 627 1551 tio,
652 1495 858 1542 tantum
881 1489 950 1544 de
978 1475 1120 1545 bono
1142 1488 1275 1545 nihil
1302 1498 1541 1547 mutetur
1569 1494 1844 1563 proposito
1868 1513 1883 1550 :
1922 1510 2101 1566 quam-

525 1592 634 1647 que
658 1579 956 1649 sapientem
979 1590 1191 1651 oportet
1215 1597 1406 1639 omnes
1435 1584 1558 1640 vitae
1588 1586 1826 1643 rationes
1851 1603 1951 1658 pro
1990 1589 2107 1646 loco

525 1675 583 1720 et
620 1674 860 1738 tempore
902 1670 1114 1737 metiri,
1156 1685 1258 1728 nec
1279 1674 1439 1745 juxta
1480 1674 1764 1731 leviculam
1816 1677 2104 1751 Diogenem

525 1755 708 1810 omnia
749 1758 804 1811 in
853 1757 1029 1815 medio
1075 1759 1289 1817 haberi.

524 1849 531 1855 '
597 1843 691 1900 Xl.
724 1845 877 1911 Quod
909 1857 1090 1904 autem
1135 1850 1202 1906 de
1253 1849 1450 1910 Flacco
1501 1861 1595 1911 tuo
1639 1857 1707 1913 ad
1757 1857 1878 1914 vitii
1921 1869 2107 1915 notam

528 1935 662 1992 mihi
689 1936 883 2005 inuris,
913 1939 1029 1995 sive
1051 1943 1320 2011 poeticum
1345 1944 1497 2011 illud,
1533 1947 1649 2004 sive
1677 1948 2107 2021 philosophicum

526 2025 622 2092 sit,
648 2029 780 2083 satis
804 2030 886 2085 sui
928 2033 1168 2089 auctoris
1198 2035 1361 2090 struit
1389 2048 1734 2108 argumento,
1761 2042 1828 2095 ad
1876 2042 1928 2096 id
1964 2043 2107 2112 quod

459 2163 464 2168 .
527 2120 877 2177 astruendum
914 2122 1171 2188 instituit,
1214 2140 1323 2181 non
1376 2135 1555 2183 tamen
1601 2138 1660 2183 ut
1706 2134 2002 2201 proposuit,
2031 2134 2106 2188 ita

526 2217 621 2264 est
661 2213 1031 2269 necessarium
1079 2233 1093 2269 :
1129 2216 1258 2286 quia
1288 2218 1406 2287 qui
1450 2226 1601 2274 trans
1644 2234 1796 2275 mare
1838 2231 2062 2276 currunt
2089 2216 2111 2288 ,'

530 2298 675 2354 sicut
713 2301 932 2368 ctelum,
961 2304 1033 2359 ita
1066 2313 1280 2362 mutare
1309 2317 1535 2376 possunt
1571 2319 1627 2366 et
1648 2310 1911 2375 animam,
1940 2311 2003 2367 γ.
2036 2312 2103 2368 G.

528 2388 577 2443 si
606 2389 729 2458 quis
754 2390 916 2446 idiota
945 2400 1000 2448 et
1023 2394 1258 2451 insulsus
1285 2396 1526 2453 Athenas
1546 2410 1735 2469 pergat
1753 2414 1836 2454 ve.
1869 2408 2104 2471 naviget,

528 2476 716 2547 ibique
757 2478 1016 2538 doctrina
1040 2481 1152 2540 sale
1177 2483 1475 2556 inspersus,
1507 2489 1797 2544 stultitiam
1842 2491 2107 2561 sapientia

535 2576 846 2627 commutet.
874 2569 1008 2626 Illud
1031 2580 1212 2630 autem
1242 2587 1499 2646 sequens,
1530 2576 1622 2632 ubi
1653 2576 1718 2633 de
1747 2578 1848 2634 loci
1872 2578 1957 2633 vel
1985 2580 2109 2635 catli

531 2657 834 2715 mutatione
861 2660 1045 2723 tacuit,
1077 2669 1135 2716 et
1162 2662 1405 2719 animum
1445 2666 1753 2736 redarguit,
1782 2667 1952 2738 magis
1982 2667 2109 2724 facit

530 2746 601 2803 ad
643 2748 939 2815 rationem;
969 2748 1102 2806 nihil
1137 2753 1207 2808 ad
1236 2753 1373 2810 bene
1402 2754 1705 2822 vivendum,
1742 2756 1827 2812 vel
1852 2757 2115 2826 prodesse

533 2837 614 2894 vel
660 2840 855 2895 obesse
906 2841 1049 2908 loci,
1100 2843 1399 2901 nisi‘certa
1448 2848 1806 2902 mutationum
1858 2848 2105 2915 ratione;

531 2929 661 3001 quin
684 2931 866 3001 potius
893 2932 1048 2988 valde
1072 2935 1375 3005 culpandus
1403 2945 1488 2992 est
1510 2938 1745 3003 animus,
1763 2939 1855 3009 qui
1882 2954 1943 2994 se
1972 2955 2111 2995 nuu-

534 3035 696 3091 quatn
748 3021 935 3125 edttgit
964 3066 967 3067 γ
992 3024 1171 3093 talem,
1205 3026 1382 3096 qualis
1423 3027 1570 3097 jacet
1708 3029 2015 3125 corruptela
2055 3037 2111 3085 et
2136 3062 2182 3125 ρ

537 3126 696 3168 εωηο
716 3113 991 3180 vitiorum,
1023 3123 1076 3171 et
1101 3130 1201 3185 per
1228 3125 1433 3172 arctam
1456 3118 1675 3173 moralis
1699 3119 1996 3189 disciplinae
2025 3132 2111 3174 se-

537 3204 725 3257 mitam
759 3202 825 3258 ad
856 3206 1090 3276 seipsum
1121 3220 1228 3262 non
1272 3208 1513 3280 confugit
1543 3209 1725 3274 talem,
1759 3211 1937 3281 qualis
1971 3209 2109 3267 efﬁci

541 3303 716 3361 potest
746 3295 799 3348 in
842 3297 1030 3352 schola
1080 3297 1362 3355 virtutum.
1396 3300 1466 3355 At
1501 3314 1631 3357 vero
1677 3317 1783 3357 non
1821 3313 1905 3359 est
1949 3303 2111 3358 modo

536 3385 706 3439 nostri
727 3387 825 3441 otii
852 3388 935 3444 vel
958 3391 1139 3459 operis
1158 3391 1477 3462 exquisitius
1504 3393 1758 3465 prosequi
1795 3394 1924 3464 quid
1949 3396 2112 3452 dehis

538 3482 964 3549 argumentando
1000 3484 1123 3540 elici
1156 3486 1331 3555 possit
1361 3501 1377 3540 :
1415 3487 1518 3543 hoc
1545 3488 1760 3543 interim
1787 3528 1803 3553 ,
1833 3489 1879 3545 si
1912 3489 2108 3560 placet,

539 3570 905 3639 relinquamus
945 3573 1026 3629 eis
1060 3588 1288 3643 quorum
1316 3584 1427 3631 tota
1459 3577 1629 3639 natio.
1680 3585 1794 3632 tota
1825 3580 1966 3634 ratio
1989 3596 2115 3651 gar-

540 3658 759 3716 rulitate
780 3661 997 3729 procaci
1036 3665 1435 3729 concertando,
1471 3665 1785 3734 sophisticis
1815 3668 2113 3723 cavillatio-

540 3748 700 3805 nibus
733 3759 903 3806 totum
947 3751 1188 3809 discendi
1228 3753 1313 3809 vel
1342 3754 1555 3811 dicendi
1580 3754 1751 3811 otium
1786 3771 2115 3829 cperamque

539 3839 783 3896 insumit.
1940 3874 1943 3875 ν

558 3962 572 3975 π
612 3927 724 3984 Xll.
766 3929 1037 3988 Habemus
1065 3942 1242 3989 autem
1268 3933 1576 4006 antiquiora
1610 3934 1701 3992 his
1733 3951 1856 4007 quae
1882 3937 1950 3992 ad
1976 3937 2115 3994 hanc

540 4021 806 4076 rationem
844 4021 1051 4081 faciunt
1092 4037 1430 4096 argumenta,
1464 4028 1661 4099 quibus
1688 4030 1966 4100 probetur,
1987 4030 2115 4100 quid

543 4111 630 4167 vel
668 4117 840 4183 patria
880 4118 961 4171 vel
993 4117 1143 4172 locus
1181 4118 1375 4189 aliquis
1403 4121 1472 4176 ad
1522 4122 1660 4177 bene
1688 4123 1973 4179 vivendum
2026 4140 2118 4178 sa-

542 4203 708 4272 p’enti
765 4205 899 4261 nihil
936 4206 1184 4262 confera.
1211 4209 1294 4264 vel
1338 4209 1548 4264 auferat
1588 4228 1603 4265 :
1643 4213 1773 4281 quin
1801 4213 1978 4281 potius
2004 4212 2116 4280 ipsa

544 4296 647 4351 sibi
674 4296 844 4352 virtus
869 4300 935 4353 ad
963 4298 1158 4354 bonam
1188 4300 1508 4369 beatamque
1533 4301 1701 4357 vitam
1731 4319 2118 4373 usquequaque

2200 493 2436 556 mtmeri,
2476 494 2678 550 nullum
2732 506 2896 552 certae
2941 497 3288 557 habitationis
3343 502 3518 558 locum
3553 505 3659 561 sibi
3705 509 3777 565 ad

2201 577 2341 635 bene
2388 582 2673 639 vivendum
2724 586 3005 657 elegerunt
3038 606 3052 642 :
3085 590 3178 644 sed
3232 591 3398 648 semel
3462 596 3657 666 egressi
3708 602 3779 658 ad

2203 667 2626 741 investigandam
2656 684 2768 730 toto
2796 675 3088 748 fugientem
3111 678 3242 735 orbe
3268 685 3609 754 sapientiam,
3639 706 3776 749 nun-

2203 771 2364 825 quam
2394 760 2605 814 domnm
2647 764 3158 823 reverterunt.Talis
3172 778 3255 824 est
3271 771 3376 826 vita
3397 774 3621 844 perfecti
3648 794 3780 834 con-

2203 848 2563 918 summatique
2609 853 2895 921 sapientis,
2929 869 3090 931 quem
3119 873 3441 932 quocunque
3481 880 3570 921 res
3595 866 3776 935 cedat,

2205 953 2311 992 non
2359 939 2412 995 in
2465 939 2768 999 Phalaridis
2823 953 2984 1003 tauro
3011 947 3096 1002 vel
3144 950 3499 1023 carniﬁcina,
3551 971 3712 1027 quem
3745 974 3779 1013 a

2204 1032 2519 1086 constantia:
2567 1034 2850 1103 gravitate,
2888 1051 2918 1091 a
2964 1040 3224 1109 propositi
3260 1040 3438 1114 rigore
3465 1045 3643 1104 nullus
3679 1064 3782 1105 un-

2203 1131 2364 1188 quam
2416 1120 2651 1177 dellectit
2710 1125 2885 1192 locus;
2918 1128 3006 1183 cui
3062 1138 3203 1186 totus
3239 1134 3471 1191 mundus
3500 1136 3593 1204 _ad
3639 1138 3780 1196 bene

2204 1209 2465 1279 beateque
2485 1211 2767 1268 vivendum
2789 1231 2926 1272 unus
2951 1226 3035 1273 est
3055 1217 3224 1277 locus.
3241 1221 3347 1279 Sed
3368 1239 3622 1295 quorsum
3639 1227 3781 1286 ista!

2204 1297 2408 1353 scilicet
2451 1309 2508 1355 ut
2544 1316 2776 1372 arguens
2827 1306 3127 1375 refellatur,
3178 1310 3464 1383 videatque
3492 1314 3667 1371 locum
3696 1317 3785 1375 vel

2206 1387 2467 1444 insessum
2497 1390 2580 1446 vel
2617 1392 3168 1467 mutatum,‘sapienti
3199 1401 3332 1456 nihil
3375 1403 3590 1469 obesse.
3626 1405 3785 1476 cujus

2205 1481 2536 1551 propositum
2562 1491 2646 1537 est
2674 1484 2848 1540 ubivis
2875 1484 3114 1543 locorum
3145 1489 3199 1545 in
3231 1494 3540 1550 constantia
3562 1496 3784 1554 virtutis

2205 1572 2452 1626 eumdem
2490 1588 2631 1628 esse.
3346 1600 3355 1607 ι

2236 1707 2240 1710 .
2281 1659 2413 1715 Xlll.
2478 1661 2583 1718 Sed
2630 1662 2759 1734 quid
2810 1666 2971 1722 nobis
3014 1668 3136 1725 hac
3188 1671 3517 1742 peregrina?
3564 1672 3789 1730 Scilicet
3832 1719 3837 1722 .

2208 1752 2456 1820 apostoli,
2485 1767 2620 1822 quos
2648 1755 2716 1810 de
2753 1759 2952 1812 mundo
2986 1758 3147 1829 elegit
3193 1762 3286 1832 qui
3332 1764 3589 1818 mundum
3628 1763 3782 1834 fecit,

2207 1842 2442 1912 primum
2462 1844 2568 1899 sub
2595 1845 2800 1900 cmlesti
2821 1849 3079 1920 magistro
3102 1851 3153 1904 in
3181 1850 3364 1907 schola
3388 1855 3633 1909 veritatis
3649 1855 3787 1910 vivat

2208 1931 2356 1987 vocis
2382 1933 2568 1988 auditu
2597 1935 2816 2001 eruditi,
2852 1937 2976 1991 dein
3012 1947 3071 1992 ut
3115 1939 3250 1993 radii
3283 1940 3392 1994 veri
3427 1938 3572 1996 Solis
3596 1942 3786 1998 emissi

2208 2022 2276 2081 ad
2316 2023 2747 2091 illuminandum,
2778 2034 2834 2081 et
2860 2037 2919 2082 ut
2950 2028 3028 2082 sal
3067 2038 3227 2085 terrae
3272 2032 3498 2100 dispersi
3540 2030 3608 2086 ad
3654 2048 3786 2103 pur-

2208 2114 2440 2184 gandum
2466 2123 2520 2169 et
2547 2117 2925 2185 condiendum,
2957 2134 3063 2173 non
3091 2120 3319 2189 patriam
3345 2122 3428 2177 vel
3461 2123 3654 2188 locum,
3676 2139 3783 2179 non

2209 2218 2397 2274 agrum
2420 2206 2502 2258 vel
2534 2206 2774 2272 domum,
2807 2223 2912 2263 nou
2943 2211 3237 2282 quidquam
3260 2212 3403 2282 quod
3432 2214 3614 2269 mundi
3638 2223 3788 2270 esset

2209 2295 2310 2349 sibi
2358 2296 2633 2365 proprium
2689 2298 2980 2365 duxerunt,
3033 2301 3128 2356 sed
3175 2301 3449 2360 salvandis
3489 2305 3787 2361 animabus

2207 2383 2384 2454 primo
2433 2385 2785 2443 durissimum
2834 2389 3157 2457 praedicandi
3219 2390 3458 2448 laborem
3511 2394 3673 2449 etiam
3727 2396 3785 2451 in

2208 2473 2407 2542 frigore
2450 2486 2509 2530 et
2546 2477 2716 2532 inedia
2759 2481 3016 2550 vanisque
3062 2480 3315 2550 periculis
3361 2482 3781 2555 impenderunt:

2210 2564 2332 2621 dein
2355 2567 2599 2635 exemplo
2627 2566 2886 2639 Magistri,
2910 2578 3016 2639 qua
3049 2571 3315 2626 charitate
3337 2572 3596 2643 majorem
3622 2587 3785 2628 nemo

2211 2654 2393 2721 habet,
2417 2655 2649 2711 animam
2680 2671 2831 2713 suam
2852 2673 2951 2728 pro
2970 2658 3233 2715 fratribus
3258 2670 3571 2731 posuerunt.
3593 2661 3785 2719 Omnis

2210 2753 2389 2799 autem
2432 2744 2585 2800 beata
2636 2746 2724 2799 illa
2773 2748 3086 2816 posteritas,
3136 2763 3255 2819 qua:
3300 2765 3369 2805 ex
3417 2752 3521 2807 hac
3559 2751 3782 2808 Patrum

2210 2833 2474 2903 spirituali
2522 2837 2871 2905 generatione
2919 2838 3200 2894 descendit
3223 2859 3251 2905 ,'
3293 2841 3524 2911 populus
3573 2842 3786 2898 scilicet

2210 2925 2595 2994 acquisitionis,
2638 2927 2730 2996 qui
2783 2936 3106 2984 testamento
3152 2931 3427 3002 sanguinis
3481 2931 3681 2989 Christi
3726 2933 3784 2989 iu

2210 3016 2561 3073 lsraelitieam
2587 3018 2902 3089 dignitatem
2933 3020 3249 3090 adoptatus,
3278 3022 3331 3076 in
3358 3037 3533 3092 genus
3549 3024 3787 3080 electum

2211 3119 2267 3165 et
2298 3110 2477 3181 regale
2528 3111 2892 3165 sacerdotium
2943 3110 3172 3171 Domino
3219 3111 3452 3185 eligente
3480 3115 3785 3179 successit;

2211 3216 2422 3268 omnes,
2466 3204 2708 3272 inquam,
2742 3202 2833 3259 isti
2881 3205 3126 3259 eamdem
3163 3204 3289 3261 vita;
3336 3205 3495 3269 viam,
3524 3204 3649 3261 licet
3682 3207 3794 3261 sub

2212 3294 2362 3348 varia
2402 3294 2663 3365 graduum
2692 3302 2748 3350 et
2790 3291 3087 3350 ciliciorum
3131 3295 3479 3352 distinctione
3527 3296 3783 3364 ingressi,

2212 3385 2337 3455 quia
2368 3384 2422 3439 in
2470 3396 2610 3439 terra
2655 3385 2851 3449 aliena,
2889 3399 2994 3440 non
3023 3400 3141 3456 quae
3181 3400 3278 3441 sua
3313 3394 3516 3452 essent,
3542 3388 3636 3441 sed
3666 3401 3797 3457 qua:

2212 3476 2441 3531 aliorum
2475 3476 2891 3543 laboraverunt;
2927 3478 3055 3547 quia
3105 3493 3213 3533 non
3257 3478 3518 3534 habentes
3549 3479 3639 3535 hic
3669 3494 3789 3534 ma-

2214 3577 2433 3623 nentem
2483 3569 2757 3623 civitatem
2784 3608 2800 3633 ,
2836 3567 3069 3624 futuram
3115 3569 3479 3638 inquisierunt
3518 3589 3533 3625 :
3583 3570 3704 3625 ideo
3735 3571 3791 3625 in

2215 3672 2399 3713 veram
2432 3658 2865 3729 repromissionis
2892 3668 3093 3714 terram
3128 3659 3365 3714 filiorum
3398 3659 3588 3725 Israel,
3618 3660 3688 3715 ab
3724 3675 3799 3715 eo

2215 3748 2306 3818 qui
2336 3748 2635 3804 ascendens
2662 3748 2930 3820 captivam
2970 3748 3121 3804 duxit
3143 3748 3534 3821 captivitatem,
3560 3747 3795 3805 feliciter

2216 3838 2611 3908 transmigrati,
2642 3838 2772 3894 facti
2815 3848 2943 3906 sunt
2972 3839 3046 3895 ibi
3082 3839 3231 3896 cives
3272 3850 3588 3895 sanctorum
3614 3846 3672 3896 et
3698 3840 3793 3895 do-

2216 3928 2425 3984 mestici
2456 3927 2574 3983 Dei.

2247 4030 2254 4036 ‘
2289 4019 2430 4075 XIV.
2477 4019 2663 4076 Neque
2695 4036 2825 4076 vero
2862 4018 3174 4088 arbitreris}
3212 4035 3299 4077 me
3346 4028 3442 4075 aut
3471 4016 3793 4090 ignorantia:

2217 4114 2485 4175 Caecitate,
2518 4122 2612 4167 aut
2646 4112 2935 4168 oblivionis
2980 4111 3211 4183 caligine
3253 4118 3539 4174 obrutum,
3568 4108 3791 4163 ordina-

2222 4212 2306 4258 tas
2345 4202 2672 4258 Christianae
2698 4202 2907 4259 militia:
2931 4201 3229 4272 phalangas
3257 4199 3560 4272 prmterire,
3588 4208 3683 4255 aut
3711 4199 3794 4256 eis

2219 4291 2478 4363 petulanti
2513 4292 2758 4364 vagantis
2798 4290 3379 4362 licentite‘arrogantia
3420 4289 3791 4361 prmjudiciunt

548 4385 798 4442 sufficiat.
833 4387 1073 4457 Denique
1114 4389 1343 4455 Teucer,
1390 4391 1619 4446 inhibito
1650 4391 1753 4446 sibi
1801 4394 1918 4449 sine
1964 4404 2111 4464 patre

2223 4382 2461 4451 inferre,
2508 4397 2630 4453 quae
2674 4383 2932 4439 videlicet
2974 4383 3300 4439 intrantibus
3344 4396 3496 4437 novae
3540 4380 3793 4435 Hierusa-

549 4476 747 4541 reditu,
782 4492 902 4530 cum
929 4475 1201 4532 Salamiua
1229 4490 1436 4548 patrem
1481 4491 1842 4547 aversaretur,
1873 4491 1929 4536 et
1970 4498 1998 4537 a
2035 4498 2122 4538 so-

546 4564 651 4621 ciis
676 4563 910 4619 Pataiam
937 4566 1330 4636 suspirantibus
1358 4568 1574 4622 ubinam
1604 4569 1764 4624 vellet
1805 4570 2000 4639 degere
2029 4586 2120 4626 ro-

549 4663 797 4725 garetur:
839 4653 1050 4721 Patria,
1097 4657 1305 4725 inquit,
1345 4658 1606 4728 cujusque
1647 4668 1761 4725 est,
1815 4658 2121 4731 ubicunque

551 4744 693 4802 bene
715 4755 823 4801 est.
850 4745 968 4813 Quo
996 4748 1124 4817 quid
1167 4749 1381 4804 acutius
1402 4749 1472 4804 ad
1518 4750 1657 4805 hanc
1682 4765 1788 4821 qua
1818 4751 1884 4806 de
1922 4752 2116 4822 agitur,

551 4835 677 4891 vitae
723 4836 987 4891 rationem
1021 4838 1129 4892 dici
1168 4839 1338 4909 possit
1365 4853 1472 4895 non
1521 4840 1710 4908 video,
1748 4841 1795 4897 si
1838 4841 1974 4897 bene
1999 4855 2122 4897 esse

548 4940 648 4983 suo
675 4928 904 4997 accipiat
929 4932 1103 4985 tundo.
1132 4930 1386 4988 Socrates
1408 4947 1623 5003 quoque
1643 4943 1861 5006 rogatus
1881 4933 2121 5002 eujacem

551 5030 612 5071 se
638 5033 760 5074 esse
788 5020 1082 5076 fateretur?
1107 5025 1436 5079 mundanum
1485 5039 1606 5082 esse
1641 5041 1702 5081 se
1742 5027 2038 5097 respondit,
2066 5027 2122 5082 id

550 5117 635 5148 ρει
677 5124 782 5148 non
806 5111 964 5148 ιισιῖιια
996 5112 1217 5148 αΙῖηηίηα
1243 5114 1343 5148 Ιηιιῖ
1391 5124 1441 5148 ai
1468 5116 1698 5148 :nnnlnm
1729 5123 1780 5148 ο.
1806 5118 1976 5148 Agna-Ia
2003 5131 2123 5148 nona

2219 4477 2346 4541 lem,
2371 4486 2478 4530 tam
2509 4490 2567 4531 se
2590 4476 2720 4546 ipsis
2743 4492 2905 4546 quam
2934 4476 3321 4530 infirmioribus
3340 4473 3596 4529 Ecclesia:
3623 4486 3794 4526 mem-

2219 4567 2335 4622 bris
2363 4576 2640 4622 armatura
2678 4566 2774 4621 Dei
2817 4565 3167 4637 protegendis
3208 4564 3480 4619 excubare
3515 4562 3773 4615 videntur

2218 4666 2275 4713 et
2308 4657 2571 4728 regularis
2631 4657 2754 4711 vita:
2808 4657 3106 4718 rationem,
3155 4668 3249 4709 seu
3298 4651 3553 4707 militaris
3598 4648 3797 4720 vigilia:

2220 4750 2509 4805 stationem
2540 4747 2895 4817 demigrando
2944 4754 3156 4801 mutare
3202 4743 3580 4814 prohibentur.
3626 4739 3794 4795 Novi-

2220 4855 2342 4895 mus
2369 4839 2516 4895 enim
2556 4838 2756 4893 divinis
2795 4836 3019 4891 Patrum
3058 4835 3254 4891 edictis
3295 4841 3514 4889 cautum
3550 4843 3693 4893 esse.
3727 4844 3835 4884 ne-

2221 4930 2367 5000 quis,
2404 4928 2510 4983 nisi
2536 4937 2681 4982 recta
2715 4928 2943 4991 ratione,
2992 4926 3060 4981 ad
3098 4924 3205 4981 alia
3246 4923 3531 4992 demigret,
3574 4936 3644 4977 ne
3674 4919 3794 4987 quis

2222 5020 2457 5075 alienum
2504 5017 2766 5071 clericum
2827 5016 3080 5071 sollicitet
3136 5032 3152 5069 :
3227 5013 3585 5067 nihilominus
3630 5009 3793 5064 etiam

2222 5110 2425 5148 animus:
2453 5109 2619 5148 libora
2644 5110 2963 5148 nol-iniectans
3009 5108 3054 5148 ci
3080 5121 3183 5148 nua
3209 5105 3451 5148 ΙῗιὶΡΙβςῖει
3482 5105 3535 5148 in
3569 5101 3796 5148 diversis
