4124 5374
360 270 462 340 893

1510 265 1844 326 EPISTOLA
1883 263 1976 318 AD
2013 263 2456 323 VALCHERUM.

3507 265 3615 324 891

363 393 524 438 trum.
587 379 820 436 Scimus
846 394 1062 450 quoque
1111 379 1166 435 in
1221 377 1427 435 eisdem
1473 377 1772 448 spiritualis
1815 374 2273 444 vitaeAeditura.
2326 373 2434 430 Sed
2486 373 2615 445 quid
2660 373 2810 430 dixi?
2849 374 3001 446 quasi
3043 375 3160 444 ipsa
3191 390 3309 432 mea
3346 374 3504 430 laude
3542 374 3626 428 in-

361 473 614 545 gregibus
637 471 773 528 alios
797 487 938 537 esse,
963 472 1160 542 quibus
1183 470 1618 539 contemplativm
1641 467 1938 524 dulcedinis

364 565 488 619 felix
521 573 668 633 patet
702 564 871 616 otimn
912 581 924 616 :
982 563 1152 626 alios,
1192 561 1390 630 quibus
1434 562 1485 614 in
1519 559 1796 615 lucrandis
1824 559 1940 611 ani-

364 653 555 710 mabus
577 662 768 706 ιιριινω
794 651 1216 720 dispensationis
1245 651 1611 720 evangelicum
1643 648 1942 716 iniungitur

364 743 638 812 negotium
684 761 697 796 :
752 758 982 811 quorum
1033 742 1123 795 alii
1177 741 1386 806 circuli,
1439 741 1528 794 alii
1595 749 1796 801 vectes,
1851 738 1940 792 alii

363 843 610 887 vectores
652 833 817 895 facti,
867 847 1060 885 novam
1113 832 1418 886 testamenti
1467 846 1648 885 arcam
1700 840 1938 899 portant,

364 924 532 980 donec
559 938 682 977 eam
713 923 764 976 in
796 932 996 976 aeterna
1033 923 1226 976 sistant
1265 923 1394 986 vita,
1429 923 1479 976 in
1511 922 1720 976 laudem
1753 930 1804 974 et
1831 922 1942 991 glo-

359 1014 500 1067 riam
553 1013 940 1081 omnipotentis
989 1013 1104 1064 Dei.
1155 1012 1282 1066 llam
1330 1021 1414 1066 est
1462 1012 1551 1064 illa
1599 1012 1860 1079 graduum
1889 1019 1946 1066 et

363 1103 662 1158 ciliciorum
697 1103 997 1166 distinctio,
1048 1111 1103 1156 et
1144 1104 1412 1158 bonorum
1462 1118 1685 1172 cperum
1736 1118 1854 1171 qua:
1889 1103 1942 1156 in

364 1193 449 1250 his
493 1203 756 1264 geruntur
794 1194 1074 1264 splendor,
1111 1209 1273 1264 quem
1315 1194 1537 1249 videbat
1584 1195 1842 1264 propheta
1888 1194 1940 1248 in

363 1297 557 1340 ornatu
598 1287 812 1354 regium,
871 1301 992 1356 qua:
1034 1287 1088 1340 in
1127 1287 1324 1340 vestitu
1375 1288 1637 1341 deaurato
1684 1287 1945 1340 assistens

365 1391 396 1445 a
434 1378 641 1432 dextris
672 1378 858 1447 sponsi
890 1379 1053 1447 regis,
1085 1377 1256 1447 fulget
1292 1379 1626 1434 circumdata
1660 1379 1942 1434 varietate.

365 1468 516 1533 lianc
569 1471 816 1524 eamdem
876 1468 1284 1524 distinctionem
1341 1468 1480 1522 idem
1544 1468 1811 1538 prepheta
1890 1467 1942 1522 in

367 1563 655 1630 aenigmate
686 1560 1096 1631 speculabatur,
1124 1561 1341 1630 quando
1370 1561 1598 1615 miratus
1625 1559 1944 1614 admirabile

364 1667 558 1707 nomen
587 1652 794 1706 Domini
823 1653 874 1705 in
913 1653 1165 1706 universa
1199 1659 1361 1716 terra,
1395 1667 1491 1720 pro
1519 1666 1585 1707 eo
1616 1652 1758 1722 quod
1780 1667 1946 1722 super

365 1743 533 1798 coelos
581 1743 786 1799 elevata
837 1752 982 1799 esset
1025 1743 1141 1812 ejus
1186 1744 1588 1812 magnificentia
1625 1763 1638 1798 :
1688 1745 1940 1809 miratus,
1973 1715 2018 1775 Β

367 1833 587 1903 inquam
623 1875 640 1900 ,
691 1834 860 1888 filium
911 1835 1146 1890 hominis
1193 1835 1353 1906 paulo
1399 1835 1576 1889 minus
1625 1835 1694 1890 ab
1743 1833 1949 1905 angelis

368 1926 730 1987 niiuoratum,
780 1936 834 1981 et
875 1936 1098 1995 propter
1133 1926 1442 1995 passionem
1490 1925 1680 1980 mortis
1725 1926 1776 1980 in
1814 1941 1948 1979 con-

367 2031 519 2070 sessu
561 2016 741 2072 Patris
789 2017 956 2087 gloria
999 2026 1054 2072 et
1083 2017 1288 2072 honore
1333 2027 1697 2073 coronatum:
1731 2015 1948 2084 Omnia,

371 2107 563 2178 inquit,
591 2106 858 2178 subjeciin
906 2109 1000 2162 sub
1044 2109 1261 2176 pedibus
1307 2108 1443 2178 ejus,
1476 2126 1614 2174 oves,
1645 2109 1816 2174 boves,
1858 2125 1950 2178 pe-

368 2216 492 2252 cora
539 2199 730 2265 campi,
777 2199 1011 2253 voiucrcs
1063 2199 1200 2263 caeli,
1235 2201 1401 2270 pisces
1428 2201 1634 2271 iuraris.
1667 2200 1711 2256 Ο
1757 2200 1951 2253 beatus

370 2289 460 2344 ille
494 2289 585 2359 qui
616 2288 742 2343 talia
785 2290 1031 2345 videbat!
1061 2289 1221 2345 beata
1251 2299 1306 2344 et
1342 2302 1652 2347 sanctorum
1677 2289 1949 2356 Ecclesia,

370 2395 574 2449 quam,
627 2390 682 2435 et
733 2380 844 2444 cui,
889 2387 951 2436 .et
1003 2381 1054 2434 in
1116 2395 1223 2450 qua
1277 2381 1404 2436 talia
1464 2382 1820 2451 prmvidebat!
1873 2379 1949 2438 lbi

371 2470 518 2526 enim
567 2471 669 2526 sub
719 2470 948 2539 pedibus
996 2471 1199 2526 Christi
1249 2473 1515 2528 discretas
1569 2472 1789 2528 videbat
1837 2472 1953 2542 pias

371 2560 621 2616 volucres
651 2561 774 2616 cwli
822 2562 1023 2617 abhis
1069 2579 1190 2633 qua:
1230 2563 1442 2619 obunco
1471 2565 1712 2619 avaritiae
1751 2574 1952 2630 rostro,

373 2667 602 2708 recurvo
653 2653 968 2722 rapacitatis
1014 2669 1195 2725 ungue
1232 2655 1478 2711 mitiores
1525 2655 1684 2710 alites
1741 2656 1793 2708 in
1827 2668 1954 2708 aere

380 2744 680 2799 devorant:
735 2745 804 2800 ab
856 2745 944 2800 his
988 2758 1398 2814 quoque,_qu:e
1445 2744 1514 2799 ad
1562 2745 1666 2800 hoc
1707 2745 1956 2799 innatam

375 2833 548 2902 aquis.
571 2842 630 2893 ut
657 2834 708 2888 in
737 2833 1002 2901 profunda
1027 2834 1385 2904 cupiditatum
1407 2833 1687 2898 demersui,
1713 2833 1954 2888 hiantem

377 2925 622 2978 avaritiae
638 2925 928 2993 ingluviem
947 2925 1126 2993 rapaci
1144 2924 1466 2978 miserorum
1488 2924 1717 2994 piscium
1731 2933 1956 2992 captura

378 3025 621 3085 pascant.
660 3015 743 3069 Ab
774 3015 878 3080 his,
930 3014 1172 3084 inquam,
1203 3014 1460 3069 diseretze
1493 3021 1620 3067 sunt
1665 3013 1828 3066 mites
1854 3011 1956 3066 illa:
1983 3053 2027 3114 Ο

377 3109 627 3171 volucres
678 3108 863 3171 cadi,
902 3122 1023 3177 quae
1072 3107 1356 3175 picturatis
1409 3107 1673 3161 bonorum
1701 3121 1954 3176 ,operum

381 3200 588 3256 vestitae
615 3197 830 3268 plumis,
882 3197 1145 3252 habentes
1169 3197 1336 3251 etiam
1374 3196 1639 3250 virtutum
1670 3210 1877 3264 pennas
1901 3204 1958 3250 et.

378 3289 624 3358 duplices
669 3287 954 3342 charitatis
1001 3286 1139 3351 alas,
1186 3286 1341 3356 quasi
1378 3284 1639 3341 columbae
1669 3284 1850 3338 volant
1890 3285 1958 3339 ad

380 3379 644 3436 fenestras
691 3395 837 3435 suas.
891 3379 967 3433 lbi
1014 3379 1179 3433 etiam
1221 3384 1349 3432 sunt
1405 3376 1580 3432 stella:
1629 3374 1776 3440 cmli,
1822 3390 1959 3444 quas

379 3471 649 3526 Abraham
678 3471 731 3527 in
759 3469 1120 3540 promissione
1145 3467 1356 3537 accepit
1384 3483 1397 3522 :
1433 3465 1805 3533 Multiplicabo
1823 3506 1840 3531 ,
1871 3465 1959 3520 in-

381 3562 515 3630 quit,
541 3577 715 3616 semen
751 3570 900 3614 tuum
942 3561 1077 3614 sicut
1111 3557 1294 3612 stellas
1324 3556 1460 3622 coeli,
1487 3565 1536 3610 et
1563 3554 1701 3610 velut
1744 3570 1960 3610 arenam

379 3652 568 3708 maris.
603 3650 697 3706 Hae
743 3651 914 3706 stellae
960 3649 1196 3721 puritate
1223 3649 1350 3703 vita:
1400 3647 1752 3702 lucidissima:
1785 3645 1963 3716 splen-

382 3732 510 3797 dent
532 3743 584 3797 in
610 3741 772 3806 C(Blo,
810 3742 952 3797 sicut
975 3740 1231 3797 Ecclesia:
1261 3737 1442 3795 verbis
1461 3737 1756 3804 radiantes,
1780 3752 1963 3794 exem-

384 3833 487 3904 plis
513 3833 825 3888 rutilantes.

453 3925 568 3980 XV.
613 3923 718 3979 Sed
765 3922 897 3994 quid
942 3923 1100 3979 nobis
1150 3922 1220 3976 ad
1273 3920 1546 3978 volucres?
1571 3920 1714 3990 quid.
1749 3934 1852 3975 nos
1883 3917 1964 3976 .ad

385 4017 568 4076 stellas
606 4016 764 4072 cteli?
790 4015 897 4071 Nos
920 4017 1065 4070 enim
1112 4030 1302 4070 sumus
1347 4015 1532 4069 miseri
1563 4014 1741 4084 pisces
1769 4011 1961 4077 maris,

388 4123 487 4163 nos
537 4122 725 4162 sumus
771 4122 936 4162 arena
984 4105 1183 4171 maris,
1233 4119 1332 4158 nos
1369 4102 1620 4159 ﬂuctibus
1671 4118 1854 4157 saecun
1906 4109 1966 4154 ut

385 4213 553 4253 arena
588 4198 1012 4262 contundimur;
1042 4212 1140 4251 nos
1171 4195 1396 4250 aestibus
1422 4195 1709 4250 mundana:
1737 4192 1962 4248 incerti-

389 4289 612 4354 tudinis,
641 4299 701 4343 ut
739 4289 858 4358 vagi
901 4288 1084 4353 pisces
1127 4285 1585 4341 circumferimur.
1630 4285 1698 4340 Et
1725 4299 1847 4354 qum
1880 4291 1967 4339 est

2040 465 2219 534 digeat
2257 473 2314 520 et
2358 481 2464 520 non
2508 480 2604 530 per
2641 481 2700 520 se
2740 466 2872 521 satis
2907 467 3162 524 emineat.
3196 466 3312 523 Non
3356 468 3502 522 enim
3540 467 3624 522 in-

2040 557 2188 624 diget
2237 556 2465 623 alicujus
2506 555 2668 612 .aude
2715 555 3061 624 adumbrari,
3113 557 3199 612 vel
3248 557 3302 612 in
3353 573 3627 612 commen-

2043 646 2216 700 titiam
2272 645 2501 716 elligiem
2558 645 2734 700 beata:
2792 645 3028 700 civitatis
3093 645 3320 716 alicujus
3377 659 3626 702 sermone

2041 735 2344 805 picturari:
2393 736 2518 806 quia
2565 750 2694 790 vere
2745 735 2865 790 viva
2915 737 3111 792 civitas
3163 747 3282 803 est,
3330 747 3382 792 et
3431 739 3625 795 beatus

2043 827 2211 893 locus,
2244 828 2436 881 divina:
2468 826 2743 897 religionis
2772 828 2959 882 vivens
2999 827 3266 882 institutis
3303 838 3359 883 et
3391 827 3622 899 legibus.

2042 921 2174 976 Cum
2200 937 2328 992 ergo
2359 932 2646 991 angustum
2678 923 2872 978 matris
2903 932 2958 978 et
2982 923 3211 978 nutricis
3239 933 3435 980 nostra:
3463 933 3626 995 caput

2044 1014 2165 1067 nive
2198 1013 2481 1067 candidius
2511 1013 2690 1068 albeat
2725 1013 3038 1068 revercndis
3077 1015 3312 1084 antiqum
3349 1014 3628 1084 sapientia:

2043 1108 2226 1171 cunis,
2272 1123 2503 1175 cumque
2554 1108 2682 1161 trito
2733 1115 2910 1178 gestet
2948 1107 3002 1162 in
3038 1108 3245 1162 vertice
3285 1106 3626 1176 splendidum

2043 1201 2290 1255 diadema
2338 1200 2532 1255 divinae
2586 1199 2902 1267 religionis;
2966 1199 3168 1272 fulgeat
3229 1214 3444 1271 quoque
3494 1214 3629 1254 auro

2046 1289 2204 1344 tectis
2237 1288 2529 1360 insignium
2584 1299 2859 1360 gestorum
2912 1290 3248 1361 cycladibus,
3301 1298 3356 1344 et
3398 1297 3504 1345 tota
3558 1289 3630 1344 sit

2044 1378 2419 1434 desiderabilis
2449 1378 2684 1448 undique
2710 1381 2973 1433 virtutum
3007 1379 3411 1434 circumamicta
3448 1379 3627 1434 varic-

2045 1469 2284 1523 tatibus:
2318 1482 2551 1522 sanusne
2577 1467 2677 1533 sis,
2720 1468 2764 1523 si
2805 1468 3035 1523 suadeas
3064 1476 3123 1522 ut
3147 1469 3391 1524 umbram
3420 1468 3626 1523 alarum

2044 1564 2160 1635 ejus
2208 1581 2316 1620 non
2363 1565 2681 1636 requiram?
2722 1565 2864 1634 quod
2901 1565 3163 1618 tantidem
3199 1573 3302 1628 est,
3335 1579 3397 1617 ac
3428 1562 3472 1615 si
3505 1562 3630 1615 hor-

2046 1665 2196 1721 tere,
2227 1665 2284 1710 ut
2313 1671 2433 1710 eam
2481 1656 2605 1712 odio
2645 1657 2896 1716 habeam.
2931 1654 3198 1709 Numnam
3241 1662 3299 1707 ut
3339 1652 3454 1721 ejus
3484 1649 3630 1706 solus

2049 1749 2313 1818 potiaris,
2371 1747 2519 1803 solus
2573 1747 2952 1802 communibus
2993 1746 3176 1800 fruare
3225 1743 3522 1800 commodis
3575 1750 3632 1797 et

2048 1841 2304 1911 gaudiis?
2338 1840 2446 1896 Sed
2476 1841 2621 1896 absit
2645 1842 2747 1895 hoc
2773 1856 2803 1895 a
2837 1839 3096 1894 modestia
3122 1847 3178 1892 et
3201 1836 3466 1907 probitate
3506 1843 3626 1895 tua;

2049 1930 2192 1982 absit
2218 1939 2278 1984 ut
2313 1929 2416 1984 hoc
2445 1945 2683 1999 unquam
2713 1929 2778 1983 de
2823 1937 2874 1981 te
2912 1942 3072 1996 quem
3121 1926 3387 1994 tantisper
3425 1923 3627 1986 norim,

2051 2020 2235 2075 credat
2263 2019 2442 2073 anima
2483 2034 2621 2072 mea.
2666 2019 2799 2072 Tam
2841 2032 2971 2071 vero
3014 2018 3186 2082 abest,
3232 2025 3348 2070 uta
3383 2029 3477 2092 _me
3506 2013 3632 2067 odio

2049 2111 2335 2177 habeatur,
2389 2120 2452 2166 ut
2496 2112 2660 2166 etiam
2705 2110 2750 2165 si
2801 2109 3104 2180 prohibeat,
3159 2105 3633 2162 vehementissime

2050 2198 2339 2268 dirigatur.

2121 2289 2260 2344 XVI.
2301 2289 2412 2345 Nec
2457 2291 2561 2344 hoc
2613 2289 2763 2355 dico,
2809 2291 2938 2361 quin
2981 2290 3114 2344 uber
3167 2285 3414 2350 colonia,
3471 2297 3633 2352 quam

2052 2381 2318 2448 inhabile,
2368 2389 2593 2450 paterna
2644 2381 2776 2434 mihi
2807 2381 3038 2446 viscera,
3088 2387 3144 2433 et
3192 2386 3434 2431 materna
3475 2372 3636 2428 exhi-

2051 2473 2177 2528 beat
2223 2485 2387 2527 uoera
2419 2487 2432 2524 :
2463 2469 2558 2524 sed
2590 2482 2767 2523 autem
2805 2477 2980 2522 tecum
3030 2466 3177 2529 ludo,
3209 2474 3304 2518 aut
3334 2471 3460 2532 opto
3489 2459 3635 2530 quod

2053 2561 2267 2626 vellem,
2304 2562 2349 2614 si
2381 2561 2452 2613 ita
2494 2558 2609 2614 sine
2645 2557 2866 2613 honoris
2918 2555 3226 2626 prmjudicio
3279 2552 3393 2606 fieri
3429 2565 3630 2605 conce-

2053 2653 2147 2707 dat
2171 2651 2262 2705 Dei
2293 2652 2464 2721 gratia
2494 2665 2508 2702 :
2547 2666 2645 2705 nec
2673 2650 2804 2704 mihi
2833 2649 2996 2704 debes
3033 2647 3101 2701 ad
3126 2644 3326 2717 ‘vitium
3359 2648 3633 2713 reputare,

2053 2745 2195 2814 quod
2226 2741 2364 2814 apud
2393 2751 2712 2812 praestantes
2759 2741 2935 2806 viros,
2982 2741 3107 2794 dum
3141 2753 3227 2793 res
3257 2739 3329 2792 ita
3365 2734 3635 2806 poposcit,

2055 2844 2267 2891 constat
2316 2849 2422 2889 non
2475 2834 2750 2888 insolitum
2813 2832 3001 2887 fuisse.
3060 2832 3303 2900 Namque
3351 2819 3506 2899 plena
3555 2835 3639 2881 est

2056 2912 2429 2997 exemplorum
2460 2936 2726 2989 vetustas,
2764 2925 2919 2996 plena
2947 2933 3002 2979 et
3028 2923 3298 2978 moderns:
3323 2919 3498 2974 aetatis
3533 2933 3634 2973 no-

2058 3017 2218 3081 vitas,
2248 3015 2436 3086 quanti
2464 3015 2665 3086 quique
2694 3014 2929 3068 illustres
2959 3013 3056 3067 viri
3099 3021 3243 3066 certa
3288 3010 3497 3065 ratione
3520 3007 3639 3062 loca

2059 3105 2485 3170 demutaverint;
2538 3120 2636 3159 nec
2679 3103 2794 3158 loca
2846 3103 2982 3174 ipsa,
3031 3103 3124 3158 sed
3173 3102 3302 3172 quid
3355 3099 3486 3153 inibi
3520 3113 3637 3151 mo-

2058 3197 2207 3252 ribus
2235 3212 2421 3250 eorum
2455 3195 2679 3260 uberat,
2710 3195 3038 3258 devitarint;
3080 3202 3172 3247 aut
3201 3201 3366 3253 certe,
3399 3203 3458 3245 ut
3499 3188 3640 3243 mul-

2062 3287 2130 3340 tis
2179 3287 2244 3340 ad
2294 3287 2520 3341 salutem
2568 3286 2923 3357 prodessent,
2980 3285 3045 3338 ad
3096 3284 3199 3338 alia
3257 3280 3637 3351 dentigrarinl.

2057 3376 2332 3432 Abraham
2357 3378 2555 3448 quippe
2579 3387 2633 3431 et
2657 3376 2750 3430 lilii
2787 3375 2904 3444 ejus
2929 3375 3250 3445 patriarcha:
3280 3387 3384 3427 non
3414 3381 3491 3427 tot
3522 3370 3641 3424 loca

2060 3469 2446 3531 mutavissent,
2496 3483 2602 3522 non
2660 3476 2740 3522 tot
2799 3476 2988 3537 puteos
3037 3480 3232 3536 aquam
3277 3465 3453 3517 vivam
3496 3478 3645 3532 qua--

2061 3569 2242 3613 rentes
2269 3557 2550 3620 fodissent,
2593 3557 2640 3611 si
2676 3557 2731 3611 in
2778 3572 2883 3610 uno
2918 3557 3097 3625 aliquo
3126 3555 3242 3610 loco
3273 3562 3468 3609 cuncta
3501 3553 3641 3608 bona

2017 3679 2022 3682 -
2060 3653 2186 3706 vita:
2238 3667 2351 3707 sua:
2400 3650 2754 3722 congruentia
2796 3649 3148 3718 reperissent.
3199 3645 3365 3701 Jacob
3403 3659 3642 3715 quoque,

2060 3743 2233 3799 nihilo
2279 3741 2456 3797 minus
2503 3751 2654 3796 vates
2688 3757 2851 3810 quam
2888 3739 3196 3810 patriarcha
3226 3778 3240 3801 ,
3284 3751 3556 3805 nunquam
3586 3735 3642 3788 in

2061 3833 2346 3888 animabus
2395 3833 2734 3903 sepluagiuta
2781 3831 2894 3902 (qui
2943 3830 3204 3901 mysticus
3243 3840 3501 3881 numerus
3536 3825 3644 3896 est)

2064 3925 2132 3980 ad
2159 3925 2469 3995 Egyptiam
2495 3924 2865 3978 descendisset
2895 3923 3072 3993 primo
3099 3920 3424 3985 ubertatem,
3455 3927 3644 3988 postea

2064 4017 2403 4080 servitutem,
2454 4015 2555 4068 nisi
2594 4016 2876 4068 caninean:
2926 4012 3136 4082 fugeret
3185 4011 3404 4065 famem.
3436 4008 3640 4079 Joseph

2064 4120 2278 4176 quoque
2303 4106 2386 4159 bis
2416 4105 2664 4158 venditus
2689 4103 2757 4158 ab
2780 4102 2976 4157 invidis
3008 4101 3269 4156 fratribus
3302 4101 3443 4155 bene
3467 4099 3644 4154 locum

2065 4198 2313 4262 mutavit,
2356 4196 2446 4265 qui
2479 4195 2532 4249 in
2579 4204 2819 4265 tempore
2859 4193 3122 4264 angustia:
3149 4190 3333 4246 nmltis
3371 4189 3438 4244 ad
3480 4190 3645 4244 vitam

2065 4287 2288 4360 profuit.
2342 4286 2733 4354 Quividelieet
2782 4286 2866 4340 vir
2907 4285 3082 4356 primo
3137 4281 3286 4353 virga
3335 4279 3648 4337 tentatinnis

389 4383 559 4437 nostri
610 4382 674 4436 ad
725 4381 844 4450 pias
891 4395 1139 4436 vomeres
1175 4379 1297 4435 caeli
1343 4379 1716 4450 comparatio?
1751 4393 1872 4448 qua:
1899 4378 1966 4432 ad
1997 4388 2042 4448 ι)
2067 4380 2373 4445 eruditus,-
2398 4387 2455 4434 et
2503 4379 2720 4433 camino
2755 4361 3160 4431 tribulationum
3206 4373 3274 4428 ad
3307 4387 3503 4444 purum
3552 4385 3648 4424 ex-

389 4472 597 4528 lucidas
623 4472 808 4527 stellas
839 4471 1094 4527 collatio?
1127 4479 1276 4525 certe
1319 4485 1383 4526 ea
1420 4485 1540 4539 quae
1588 4477 1674 4524 est
1715 4469 1868 4524 nihili
1900 4467 1967 4523 ad

390 4559 615 4630 aliquid,
646 4561 690 4614 si
725 4567 904 4614 tamen
944 4558 1086 4614 ratio
1119 4559 1381 4628 patiatur,
1410 4567 1469 4611 ut
1495 4558 1597 4613 hoc
1635 4557 1967 4626 comparatio

390 4650 494 4704 dici
539 4650 732 4720 possit.
781 4647 824 4706 Ο
871 4649 1076 4702 utinam
1124 4649 1178 4704 in
1229 4647 1407 4717 aliqua
1459 4647 1726 4717 spirituali
1777 4647 1967 4701 lacuna

391 4740 634 4810 procula
677 4741 1085 4810 tempestatibus
1119 4737 1598 4808 conquiescamus!
1635 4738 1842 4792 utinam
1868 4735 1968 4791 sub

392 4831 574 4900 aliquo
598 4831 732 4886 vivae
754 4831 903 4900 rupis
925 4829 1247 4884 abscondito
1271 4827 1679 4892 delitescamus,
1704 4826 1794 4881 ubi
1823 4824 1968 4880 venti

396 4922 621 4976 fortuna:
651 4921 792 4977 vires
820 4936 946 4976 suas
974 4935 1248 4984 exserere,
1276 4926 1334 4972 et
1363 4934 1460 4972 nos
1489 4917 1779 4972 ludibrium
1815 4932 1970 4972 suum

397 5020 666 5079 nequeant
719 5011 927 5068 facere!
989 5008 1138 5066 Hanc
1193 5024 1326 5078 ergo
1372 5007 1570 5076 quietis
1621 5009 1868 5063 lacunam
1917 5016 1976 5062 et

401 5101 531 5155 viva:
580 5102 724 5170 rupis
777 5101 1082 5164 latibulum,
1132 5109 1376 5158 nostram
1432 5098 1559 5153 mihi
1608 5100 1864 5171 eligerem
1919 5108 1977 5155 et

400 5203 639 5261 optarem
669 5192 906 5264 Legiam,
943 5191 1045 5246 nisi
1086 5203 1140 5249 tu
1176 5203 1287 5249 tam
1323 5204 1514 5258 aspero
1551 5191 1728 5248 Flacci
1767 5189 1840 5245 tui
1865 5192 1977 5249 sale

407 5284 995 5308 .Ι»Γ..ῘΑΑ-Ακ1⁴-.2ι-ιιιαι-
1028 5299 1139 5308 κ---
1169 5305 1197 5307 .μ

1257 5281 1522 5308 ι⁴1εηιιηλνιι
1595 5285 1810 5308 2....-.Λσυι
1861 5294 1946 5308 Α...

2067 4479 2285 4533 coctus,
2334 4468 2459 4523 inde
2505 4469 2558 4523 in
2591 4467 2872 4522 dominum
2918 4463 3140 4536 Egypti
3185 4462 3461 4527 excrevit,
3506 4461 3651 4515 unde

2066 4561 2286 4618 dorsum
2315 4560 2596 4632 patientia:
2621 4558 2723 4614 sub
2747 4558 3005 4613 oneribus
3028 4565 3086 4614 et
3117 4569 3310 4610 manus
3333 4551 3652 4609 obedientia:

2071 4653 2123 4709 in
2151 4653 2386 4721 cophino
2415 4651 2664 4706 servituti
2696 4650 2929 4720 subegit.

2139 4741 2303 4798 Χγιι.
2363 4741 2584 4796 Possem
2651 4739 2934 4793 innumera
2965 4733 3246 4806 'ejusmodi
3296 4733 3363 4786 ad
3417 4731 3656 4786 medium

2072 4832 2361 4894 deducere,
2393 4829 2497 4883 nisi
2525 4829 2795 4900 castigato
2817 4825 2914 4881 tibi
2937 4826 3217 4882 crederem
3250 4821 3353 4876 ista
3382 4821 3657 4876 sufﬁcere.

2073 4921 2170 4976 His
2212 4935 2344 4989 ergo
2379 4919 2573 4976 Flacco
2597 4929 2652 4974 tu
2701 4932 2826 4972 cum
2860 4914 2997 4970 etnlo
3029 4922 3085 4971 et
3132 4912 3316 4968 animo
3357 4925 3458 4966 suo
3491 4907 3665 4967 casti-

2073 5012 2253 5083 gatius
2296 5011 2368 5065 sit
2397 5022 2742 5079 responsum,
2776 5019 2939 5077 quam
2977 5019 3038 5061 se
3080 5003 3238 5075 copia
3283 5003 3550 5073 suggerit,
3601 5013 3669 5055 ne

2075 5105 2141 5159 de
2164 5108 2362 5156 caetero
2381 5098 2608 5170 alicujus
2628 5097 2966 5169 propositum
2986 5104 3099 5152 tam
3123 5091 3430 5162 improvide
3452 5102 3674 5163 carpse-

2076 5195 2171 5249 rit.
2196 5190 2402 5246 Excute
2424 5203 2552 5260 ergo
2577 5190 2647 5246 de
2673 5187 2926 5243 manibus
2955 5202 3080 5243 cum
3110 5183 3251 5243 casio
3285 5195 3387 5237 suo
3416 5185 3674 5242 Flaccum

2076 5294 2256 5308 ι---..νι.
2311 5290 2359 5308 ι..
2413 5281 2725 5308 ληηΙιλ-ἶη-νι
2770 5277 2949 5308 Δανῖηο
2999 5294 3180 5308 manu.“
3257 5272 3417 5308 “cina.
3469 5280 3514 5308 λζ
3566 5285 3676 5308 ηΙὶΙὶ
