  <div class='ocr_page' id='page_1' title='image "/cluster/home/n/w/nwhite01/storage/ocr_20150623/143/hvd.32044015471816/451.png"; bbox 0 0 4124 5374; ppageno 0'>
   <div class='ocr_carea' id='block_1_1' title="bbox 513 286 618 345">
    <p class='ocr_par' dir='ltr' id='par_1_1' title="bbox 513 286 618 345">
     <span class='ocr_line' id='line_1_1' title="bbox 513 286 618 345; baseline -0.019 0"><span class='ocrx_word' id='word_1_1' title='bbox 513 286 618 345; x_wconf 83' lang='grc'><strong>895</strong></span> 
     </span>
    </p>
   </div>
   <div class='ocr_carea' id='block_1_2' title="bbox 1698 241 2595 333">
    <p class='ocr_par' dir='ltr' id='par_1_2' title="bbox 1698 241 2595 333">
     <span class='ocr_line' id='line_1_2' title="bbox 1698 241 2595 333; baseline -0.018 1"><span class='ocrx_word' id='word_1_2' title='bbox 1698 248 1711 261; x_wconf 77' lang='grc'>”</span> <span class='ocrx_word' id='word_1_3' title='bbox 1743 271 2105 333; x_wconf 78' lang='lat' dir='ltr'><strong>GOZECIIINI</strong></span> <span class='ocrx_word' id='word_1_4' title='bbox 2144 241 2595 325; x_wconf 78' lang='lat' dir='ltr'><strong>SCIIOLASTICI</strong></span> 
     </span>
    </p>
   </div>
   <div class='ocr_carea' id='block_1_3' title="bbox 3662 252 3768 313">
    <p class='ocr_par' dir='ltr' id='par_1_3' title="bbox 3662 252 3768 313">
     <span class='ocr_line' id='line_1_3' title="bbox 3662 252 3768 313; baseline -0.028 0"><span class='ocrx_word' id='word_1_5' title='bbox 3662 252 3768 313; x_wconf 76' lang='lat'><strong>896</strong></span> 
     </span>
    </p>
   </div>
   <div class='ocr_carea' id='block_1_4' title="bbox 508 358 3766 472">
    <p class='ocr_par' dir='ltr' id='par_1_4' title="bbox 508 358 3766 472">
     <span class='ocr_line' id='line_1_4' title="bbox 508 358 3766 472; baseline -0.007 -16"><span class='ocrx_word' id='word_1_6' title='bbox 508 397 724 456; x_wconf 76' lang='lat' dir='ltr'><strong>animus</strong></span> <span class='ocrx_word' id='word_1_7' title='bbox 772 364 891 452; x_wconf 69' lang='lat' dir='ltr'><strong>non</strong></span> <span class='ocrx_word' id='word_1_8' title='bbox 950 382 1171 460; x_wconf 83' lang='lat' dir='ltr'><strong>deﬁcit,</strong></span> <span class='ocrx_word' id='word_1_9' title='bbox 1241 360 1414 472; x_wconf 80' lang='lat' dir='ltr'><strong>equus</strong></span> <span class='ocrx_word' id='word_1_10' title='bbox 1467 359 1563 447; x_wconf 74' lang='lat' dir='ltr'><strong>est</strong></span> <span class='ocrx_word' id='word_1_11' title='bbox 1609 362 1801 446; x_wconf 45' lang='lat' dir='ltr'><strong>etiam”</strong></span> <span class='ocrx_word' id='word_1_12' title='bbox 1833 386 2080 445; x_wconf 87' lang='lat' dir='ltr'><strong>salubris.</strong></span> <span class='ocrx_word' id='word_1_13' title='bbox 2114 391 2157 450; x_wconf 70' lang='grc' dir='ltr'><strong>Α</strong></span> <span class='ocrx_word' id='word_1_14' title='bbox 2189 375 2466 432; x_wconf 80' lang='lat' dir='ltr'><strong>sudavisse</strong></span> <span class='ocrx_word' id='word_1_15' title='bbox 2504 383 2560 429; x_wconf 78' lang='lat' dir='ltr'><strong>et</strong></span> <span class='ocrx_word' id='word_1_16' title='bbox 2601 369 2982 472; x_wconf 56' lang='lat' dir='ltr'><strong>Augustinum.</strong></span> <span class='ocrx_word' id='word_1_17' title='bbox 3003 366 3379 472; x_wconf 53' lang='lat' dir='ltr'><strong>fmbrosium.</strong></span> <span class='ocrx_word' id='word_1_18' title='bbox 3409 358 3766 472; x_wconf 54' lang='lat' dir='ltr'><strong>Athanasium</strong></span> 
     </span>
    </p>
   </div>
   <div class='ocr_carea' id='block_1_5' title="bbox 509 471 2086 556">
    <p class='ocr_par' dir='ltr' id='par_1_5' title="bbox 509 471 2086 556">
     <span class='ocr_line' id='line_1_5' title="bbox 509 471 2086 556; baseline -0.006 -11"><span class='ocrx_word' id='word_1_19' title='bbox 509 487 524 499; x_wconf 80' lang='grc'><strong>⁸</strong></span> <span class='ocrx_word' id='word_1_20' title='bbox 581 491 763 546; x_wconf 71' lang='lat' dir='ltr'><strong>XVIII.</strong></span> <span class='ocrx_word' id='word_1_21' title='bbox 804 489 873 542; x_wconf 74' lang='lat' dir='ltr'><strong>At</strong></span> <span class='ocrx_word' id='word_1_22' title='bbox 906 498 1143 543; x_wconf 89' lang='lat' dir='ltr'><strong>attamen</strong></span> <span class='ocrx_word' id='word_1_23' title='bbox 1173 486 1299 541; x_wconf 91' lang='lat' dir='ltr'><strong>licet</strong></span> <span class='ocrx_word' id='word_1_24' title='bbox 1319 485 1564 556; x_wconf 79' lang='lat' dir='ltr'><strong>vagando</strong></span> <span class='ocrx_word' id='word_1_25' title='bbox 1589 471 1646 539; x_wconf 85' lang='lat' dir='ltr'><strong>et</strong></span> <span class='ocrx_word' id='word_1_26' title='bbox 1669 481 1918 545; x_wconf 87' lang='lat' dir='ltr'><strong>&#39;vacando</strong></span> <span class='ocrx_word' id='word_1_27' title='bbox 1950 482 2086 536; x_wconf 93' lang='lat' dir='ltr'><strong>bene</strong></span> 
     </span>
    </p>
   </div>
   <div class='ocr_carea' id='block_1_6' title="bbox 444 572 2086 653">
    <p class='ocr_par' dir='ltr' id='par_1_6' title="bbox 444 572 2086 653">
     <span class='ocr_line' id='line_1_6' title="bbox 444 572 2086 653; baseline -0.008 -15"><span class='ocrx_word' id='word_1_28' title='bbox 444 572 473 589; x_wconf 76' lang='grc'><em>“’</em></span> <span class='ocrx_word' id='word_1_29' title='bbox 509 580 723 638; x_wconf 80' lang='lat' dir='ltr'><strong>&#39;vivendi</strong></span> <span class='ocrx_word' id='word_1_30' title='bbox 771 592 1015 653; x_wconf 67' lang='lat' dir='ltr'><strong>qurerere</strong></span> <span class='ocrx_word' id='word_1_31' title='bbox 1058 578 1258 642; x_wconf 87' lang='lat' dir='ltr'><strong>locum,</strong></span> <span class='ocrx_word' id='word_1_32' title='bbox 1305 590 1337 630; x_wconf 92' lang='lat' dir='ltr'><strong>e</strong></span> <span class='ocrx_word' id='word_1_33' title='bbox 1371 573 1611 629; x_wconf 85' lang='lat' dir='ltr'><strong>sacrario</strong></span> <span class='ocrx_word' id='word_1_34' title='bbox 1660 572 1962 643; x_wconf 80' lang='lat' dir='ltr'><strong>sapientum</strong></span> <span class='ocrx_word' id='word_1_35' title='bbox 2005 573 2086 626; x_wconf 90' lang='lat' dir='ltr'><strong>vi-</strong></span> 
     </span>
    </p>
   </div>
   <div class='ocr_carea' id='block_1_7' title="bbox 508 656 2086 745">
    <p class='ocr_par' dir='ltr' id='par_1_7' title="bbox 508 656 2086 745">
     <span class='ocr_line' id='line_1_7' title="bbox 508 656 2086 745; baseline -0.007 -20"><span class='ocrx_word' id='word_1_36' title='bbox 508 656 669 745; x_wconf 74' lang='lat' dir='ltr'><strong>peras</strong></span> <span class='ocrx_word' id='word_1_37' title='bbox 709 670 1121 742; x_wconf 86' lang='lat' dir='ltr'><strong>cccephalorum</strong></span> <span class='ocrx_word' id='word_1_38' title='bbox 1165 666 1409 721; x_wconf 92' lang='lat' dir='ltr'><strong>eliminet</strong></span> <span class='ocrx_word' id='word_1_39' title='bbox 1459 663 1643 729; x_wconf 78' lang='lat' dir='ltr'><strong>regula</strong></span> <span class='ocrx_word' id='word_1_40' title='bbox 1694 664 1951 743; x_wconf 71' lang='lat' dir='ltr'><strong>rationis;</strong></span> <span class='ocrx_word' id='word_1_41' title='bbox 2009 670 2086 715; x_wconf 88' lang='lat' dir='ltr'><strong>ta-</strong></span> 
     </span>
    </p>
   </div>
   <div class='ocr_carea' id='block_1_8' title="bbox 509 740 2083 833">
    <p class='ocr_par' dir='ltr' id='par_1_8' title="bbox 509 740 2083 833">
     <span class='ocr_line' id='line_1_8' title="bbox 509 740 2083 833; baseline -0.005 -16"><span class='ocrx_word' id='word_1_42' title='bbox 509 740 632 819; x_wconf 74' lang='lat' dir='ltr'><strong>inen</strong></span> <span class='ocrx_word' id='word_1_43' title='bbox 662 740 939 833; x_wconf 83' lang='lat' dir='ltr'><strong>permagni</strong></span> <span class='ocrx_word' id='word_1_44' title='bbox 968 756 1136 815; x_wconf 90' lang='lat' dir='ltr'><strong>refert</strong></span> <span class='ocrx_word' id='word_1_45' title='bbox 1158 758 1368 823; x_wconf 89' lang='lat' dir='ltr'><strong>videre,</strong></span> <span class='ocrx_word' id='word_1_46' title='bbox 1413 757 1735 827; x_wconf 83' lang='lat' dir='ltr'><strong>quibuscum</strong></span> <span class='ocrx_word' id='word_1_47' title='bbox 1769 740 2083 809; x_wconf 80' lang='lat' dir='ltr'><strong>diverseris.</strong></span> 
     </span>
    </p>
   </div>
   <div class='ocr_carea' id='block_1_9' title="bbox 508 848 2085 922">
    <p class='ocr_par' dir='ltr' id='par_1_9' title="bbox 508 848 2085 922">
     <span class='ocr_line' id='line_1_9' title="bbox 508 848 2085 922; baseline -0.004 -12"><span class='ocrx_word' id='word_1_48' title='bbox 508 855 625 911; x_wconf 81' lang='lat' dir='ltr'><strong>Non</strong></span> <span class='ocrx_word' id='word_1_49' title='bbox 674 853 980 910; x_wconf 88' lang='lat' dir='ltr'><strong>recordaris</strong></span> <span class='ocrx_word' id='word_1_50' title='bbox 1026 852 1156 922; x_wconf 91' lang='lat' dir='ltr'><strong>quid</strong></span> <span class='ocrx_word' id='word_1_51' title='bbox 1202 850 1471 906; x_wconf 91' lang='lat' dir='ltr'><strong>laboranti</strong></span> <span class='ocrx_word' id='word_1_52' title='bbox 1520 850 1798 921; x_wconf 75' lang='lat' dir='ltr'><strong>propheta:</strong></span> <span class='ocrx_word' id='word_1_53' title='bbox 1842 848 2085 903; x_wconf 87' lang='lat' dir='ltr'><strong>divinum</strong></span> 
     </span>
    </p>
   </div>
   <div class='ocr_carea' id='block_1_10' title="bbox 508 941 2087 1013">
    <p class='ocr_par' dir='ltr' id='par_1_10' title="bbox 508 941 2087 1013">
     <span class='ocr_line' id='line_1_10' title="bbox 508 941 2087 1013; baseline -0.006 -10"><span class='ocrx_word' id='word_1_54' title='bbox 508 949 653 1003; x_wconf 89' lang='lat' dir='ltr'><strong>dicat</strong></span> <span class='ocrx_word' id='word_1_55' title='bbox 698 945 1019 1002; x_wconf 84' lang='lat' dir='ltr'><strong>oraculum?</strong></span> <span class='ocrx_word' id='word_1_56' title='bbox 1064 942 1209 1009; x_wconf 85' lang='lat' dir='ltr'><strong>Fili,</strong></span> <span class='ocrx_word' id='word_1_57' title='bbox 1258 942 1472 1013; x_wconf 91' lang='lat' dir='ltr'><strong>inquit,</strong></span> <span class='ocrx_word' id='word_1_58' title='bbox 1516 942 1771 1010; x_wconf 78' lang='lat' dir='ltr'><strong>hominis,</strong></span> <span class='ocrx_word' id='word_1_59' title='bbox 1828 941 2087 996; x_wconf 78' lang='lat' dir='ltr'><strong>increduli</strong></span> 
     </span>
    </p>
   </div>
   <div class='ocr_carea' id='block_1_11' title="bbox 508 1033 2082 1110">
    <p class='ocr_par' dir='ltr' id='par_1_11' title="bbox 508 1033 2082 1110">
     <span class='ocr_line' id='line_1_11' title="bbox 508 1033 2082 1110; baseline -0.006 -16"><span class='ocrx_word' id='word_1_60' title='bbox 508 1051 555 1094; x_wconf 85' lang='lat' dir='ltr'><strong>et</strong></span> <span class='ocrx_word' id='word_1_61' title='bbox 580 1055 901 1110; x_wconf 86' lang='lat' dir='ltr'><strong>perversores</strong></span> <span class='ocrx_word' id='word_1_62' title='bbox 946 1047 1066 1091; x_wconf 82' lang='lat' dir='ltr'><strong>sunt</strong></span> <span class='ocrx_word' id='word_1_63' title='bbox 1113 1046 1304 1101; x_wconf 84' lang='lat' dir='ltr'><strong>tecum,</strong></span> <span class='ocrx_word' id='word_1_64' title='bbox 1346 1044 1394 1089; x_wconf 88' lang='lat' dir='ltr'><strong>et</strong></span> <span class='ocrx_word' id='word_1_65' title='bbox 1440 1050 1558 1100; x_wconf 82' lang='lat' dir='ltr'><strong>cum</strong></span> <span class='ocrx_word' id='word_1_66' title='bbox 1598 1033 1956 1105; x_wconf 76' lang='lat' dir='ltr'><strong>scorpionibus</strong></span> <span class='ocrx_word' id='word_1_67' title='bbox 1986 1034 2082 1086; x_wconf 81' lang='lat' dir='ltr'><strong>Ita-</strong></span> 
     </span>
    </p>
   </div>
   <div class='ocr_carea' id='block_1_12' title="bbox 509 1112 2083 1200">
    <p class='ocr_par' dir='ltr' id='par_1_12' title="bbox 509 1112 2083 1200">
     <span class='ocr_line' id='line_1_12' title="bbox 509 1112 2083 1200; baseline -0.008 -13"><span class='ocrx_word' id='word_1_68' title='bbox 509 1134 665 1187; x_wconf 85' lang='lat' dir='ltr'><strong>bitas.</strong></span> <span class='ocrx_word' id='word_1_69' title='bbox 698 1131 835 1186; x_wconf 77' lang='lat' dir='ltr'><strong>Num</strong></span> <span class='ocrx_word' id='word_1_70' title='bbox 863 1139 913 1185; x_wconf 89' lang='lat' dir='ltr'><strong>te</strong></span> <span class='ocrx_word' id='word_1_71' title='bbox 945 1128 1188 1200; x_wconf 58' lang='lat' dir='ltr'><strong>praeterit</strong></span> <span class='ocrx_word' id='word_1_72' title='bbox 1211 1127 1445 1199; x_wconf 87' lang='lat' dir='ltr'><strong>gcnuina</strong></span> <span class='ocrx_word' id='word_1_73' title='bbox 1464 1112 1826 1196; x_wconf 80' lang='lat' dir='ltr'><strong>scorpionum</strong></span> <span class='ocrx_word' id='word_1_74' title='bbox 1856 1123 2083 1188; x_wconf 87' lang='lat' dir='ltr'><strong>malitia,</strong></span> 
     </span>
    </p>
   </div>
   <div class='ocr_carea' id='block_1_13' title="bbox 507 1217 2082 1294">
    <p class='ocr_par' dir='ltr' id='par_1_13' title="bbox 507 1217 2082 1294">
     <span class='ocr_line' id='line_1_13' title="bbox 507 1217 2082 1294; baseline -0.003 -19"><span class='ocrx_word' id='word_1_75' title='bbox 507 1224 599 1294; x_wconf 82' lang='lat' dir='ltr'><strong>qui</strong></span> <span class='ocrx_word' id='word_1_76' title='bbox 628 1240 732 1278; x_wconf 89' lang='lat' dir='ltr'><strong>non</strong></span> <span class='ocrx_word' id='word_1_77' title='bbox 782 1223 942 1278; x_wconf 80' lang='lat' dir='ltr'><strong>dente</strong></span> <span class='ocrx_word' id='word_1_78' title='bbox 980 1222 1251 1287; x_wconf 82' lang='lat' dir='ltr'><strong>mordent,</strong></span> <span class='ocrx_word' id='word_1_79' title='bbox 1298 1236 1405 1275; x_wconf 90' lang='lat' dir='ltr'><strong>non</strong></span> <span class='ocrx_word' id='word_1_80' title='bbox 1451 1219 1632 1291; x_wconf 78' lang='lat' dir='ltr'><strong>lingua</strong></span> <span class='ocrx_word' id='word_1_81' title='bbox 1680 1217 1943 1279; x_wconf 79' lang='lat' dir='ltr'><strong>inficiunt,</strong></span> <span class='ocrx_word' id='word_1_82' title='bbox 1977 1231 2082 1270; x_wconf 91' lang='lat' dir='ltr'><strong>non</strong></span> 
     </span>
    </p>
   </div>
   <div class='ocr_carea' id='block_1_14' title="bbox 507 1311 2084 1380">
    <p class='ocr_par' dir='ltr' id='par_1_14' title="bbox 507 1311 2084 1380">
     <span class='ocr_line' id='line_1_14' title="bbox 507 1311 2084 1380; baseline -0.002 -10"><span class='ocrx_word' id='word_1_83' title='bbox 507 1332 603 1370; x_wconf 85' lang='lat' dir='ltr'><strong>ore</strong></span> <span class='ocrx_word' id='word_1_84' title='bbox 645 1324 1004 1380; x_wconf 85' lang='lat' dir='ltr'><strong>venenantur,</strong></span> <span class='ocrx_word' id='word_1_85' title='bbox 1057 1314 1152 1369; x_wconf 86' lang='lat' dir='ltr'><strong>sed</strong></span> <span class='ocrx_word' id='word_1_86' title='bbox 1203 1322 1409 1367; x_wconf 89' lang='lat' dir='ltr'><strong>tantum</strong></span> <span class='ocrx_word' id='word_1_87' title='bbox 1468 1320 1665 1367; x_wconf 87' lang='lat' dir='ltr'><strong>nocent</strong></span> <span class='ocrx_word' id='word_1_88' title='bbox 1714 1312 1918 1367; x_wconf 84' lang='lat' dir='ltr'><strong>cauda?</strong></span> <span class='ocrx_word' id='word_1_89' title='bbox 1975 1311 2084 1367; x_wconf 87' lang='lat' dir='ltr'><strong>llos</strong></span> 
     </span>
    </p>
   </div>
   <div class='ocr_carea' id='block_1_15' title="bbox 507 1400 2078 1477">
    <p class='ocr_par' dir='ltr' id='par_1_15' title="bbox 507 1400 2078 1477">
     <span class='ocr_line' id='line_1_15' title="bbox 507 1400 2078 1477; baseline -0.003 -18"><span class='ocrx_word' id='word_1_90' title='bbox 507 1407 705 1477; x_wconf 89' lang='lat' dir='ltr'><strong>quippe</strong></span> <span class='ocrx_word' id='word_1_91' title='bbox 747 1406 1060 1475; x_wconf 90' lang='lat' dir='ltr'><strong>scorpiones</strong></span> <span class='ocrx_word' id='word_1_92' title='bbox 1092 1403 1313 1459; x_wconf 89' lang='lat' dir='ltr'><strong>notabat</strong></span> <span class='ocrx_word' id='word_1_93' title='bbox 1357 1402 1644 1458; x_wconf 88' lang='lat' dir='ltr'><strong>Psalmista</strong></span> <span class='ocrx_word' id='word_1_94' title='bbox 1675 1418 1799 1456; x_wconf 91' lang='lat' dir='ltr'><strong>cum</strong></span> <span class='ocrx_word' id='word_1_95' title='bbox 1829 1400 2040 1457; x_wconf 85' lang='lat' dir='ltr'><strong>dicebat</strong></span> <span class='ocrx_word' id='word_1_96' title='bbox 2067 1419 2078 1454; x_wconf 92' lang='lat'><strong>:</strong></span> 
     </span>
    </p>
   </div>
   <div class='ocr_carea' id='block_1_16' title="bbox 508 1494 2078 1569">
    <p class='ocr_par' dir='ltr' id='par_1_16' title="bbox 508 1494 2078 1569">
     <span class='ocr_line' id='line_1_16' title="bbox 508 1494 2078 1569; baseline -0.003 -16"><span class='ocrx_word' id='word_1_97' title='bbox 508 1498 872 1553; x_wconf 80' lang='lat' dir='ltr'><strong>Detraltentem</strong></span> <span class='ocrx_word' id='word_1_98' title='bbox 903 1509 1097 1553; x_wconf 84' lang='lat' dir='ltr'><strong>secreto</strong></span> <span class='ocrx_word' id='word_1_99' title='bbox 1123 1498 1361 1569; x_wconf 75' lang='lat' dir='ltr'><strong>proximo</strong></span> <span class='ocrx_word' id='word_1_100' title='bbox 1394 1513 1514 1563; x_wconf 86' lang='lat' dir='ltr'><strong>suo,</strong></span> <span class='ocrx_word' id='word_1_101' title='bbox 1542 1497 1680 1551; x_wconf 80' lang='lat' dir='ltr'><strong>[tunc</strong></span> <span class='ocrx_word' id='word_1_102' title='bbox 1716 1494 2078 1566; x_wconf 76' lang='lat' dir='ltr'><strong>persequebar.</strong></span> 
     </span>
    </p>
   </div>
   <div class='ocr_carea' id='block_1_17' title="bbox 506 1587 2084 1660">
    <p class='ocr_par' dir='ltr' id='par_1_17' title="bbox 506 1587 2084 1660">
     <span class='ocr_line' id='line_1_17' title="bbox 506 1587 2084 1660; baseline -0.003 -17"><span class='ocrx_word' id='word_1_103' title='bbox 506 1588 668 1645; x_wconf 90' lang='lat' dir='ltr'><strong>Item:</strong></span> <span class='ocrx_word' id='word_1_104' title='bbox 703 1589 807 1656; x_wconf 84' lang='lat' dir='ltr'><strong>Qui</strong></span> <span class='ocrx_word' id='word_1_105' title='bbox 839 1591 1124 1660; x_wconf 73' lang='lat' dir='ltr'><strong>(aquantur</strong></span> <span class='ocrx_word' id='word_1_106' title='bbox 1147 1604 1328 1659; x_wconf 81' lang='lat' dir='ltr'><strong>pacem</strong></span> <span class='ocrx_word' id='word_1_107' title='bbox 1358 1604 1472 1642; x_wconf 85' lang='lat' dir='ltr'><strong>cum</strong></span> <span class='ocrx_word' id='word_1_108' title='bbox 1496 1587 1759 1657; x_wconf 75' lang='lat' dir='ltr'><strong>proximo,</strong></span> <span class='ocrx_word' id='word_1_109' title='bbox 1787 1592 1917 1651; x_wconf 91' lang='lat' dir='ltr'><strong>etc.,</strong></span> <span class='ocrx_word' id='word_1_110' title='bbox 1948 1599 2084 1653; x_wconf 89' lang='lat' dir='ltr'><strong>quos</strong></span> 
     </span>
    </p>
   </div>
   <div class='ocr_carea' id='block_1_18' title="bbox 507 1676 2083 1751">
    <p class='ocr_par' dir='ltr' id='par_1_18' title="bbox 507 1676 2083 1751">
     <span class='ocr_line' id='line_1_18' title="bbox 507 1676 2083 1751; baseline -0.002 -18"><span class='ocrx_word' id='word_1_111' title='bbox 507 1690 767 1751; x_wconf 85' lang='lat' dir='ltr'><strong>quantum</strong></span> <span class='ocrx_word' id='word_1_112' title='bbox 801 1681 914 1749; x_wconf 90' lang='lat' dir='ltr'><strong>ipse</strong></span> <span class='ocrx_word' id='word_1_113' title='bbox 959 1690 1256 1749; x_wconf 87' lang='lat' dir='ltr'><strong>omnesque</strong></span> <span class='ocrx_word' id='word_1_114' title='bbox 1303 1678 1478 1734; x_wconf 84' lang='lat' dir='ltr'><strong>sancti</strong></span> <span class='ocrx_word' id='word_1_115' title='bbox 1520 1676 1622 1732; x_wconf 89' lang='lat' dir='ltr'><strong>viri</strong></span> <span class='ocrx_word' id='word_1_116' title='bbox 1655 1690 1885 1748; x_wconf 76' lang='lat' dir='ltr'><strong>semper</strong></span> <span class='ocrx_word' id='word_1_117' title='bbox 1930 1690 2083 1731; x_wconf 81' lang='lat' dir='ltr'><strong>exse-</strong></span> 
     </span>
    </p>
   </div>
   <div class='ocr_carea' id='block_1_19' title="bbox 506 1767 2083 1841">
    <p class='ocr_par' dir='ltr' id='par_1_19' title="bbox 506 1767 2083 1841">
     <span class='ocr_line' id='line_1_19' title="bbox 506 1767 2083 1841; baseline -0.001 -17"><span class='ocrx_word' id='word_1_118' title='bbox 506 1770 641 1824; x_wconf 85' lang='lat' dir='ltr'><strong>crati</strong></span> <span class='ocrx_word' id='word_1_119' title='bbox 668 1771 797 1835; x_wconf 90' lang='lat' dir='ltr'><strong>sint,</strong></span> <span class='ocrx_word' id='word_1_120' title='bbox 829 1769 1108 1824; x_wconf 88' lang='lat' dir='ltr'><strong>subdendo</strong></span> <span class='ocrx_word' id='word_1_121' title='bbox 1134 1767 1309 1841; x_wconf 88' lang='lat' dir='ltr'><strong>aperit</strong></span> <span class='ocrx_word' id='word_1_122' title='bbox 1333 1787 1347 1823; x_wconf 88' lang='lat'><strong>:</strong></span> <span class='ocrx_word' id='word_1_123' title='bbox 1379 1768 1459 1823; x_wconf 87' lang='lat' dir='ltr'><strong>Da</strong></span> <span class='ocrx_word' id='word_1_124' title='bbox 1482 1767 1588 1824; x_wconf 85' lang='lat' dir='ltr'><strong>illis</strong></span> <span class='ocrx_word' id='word_1_125' title='bbox 1615 1767 1903 1824; x_wconf 84' lang='lat' dir='ltr'><strong>secundum</strong></span> <span class='ocrx_word' id='word_1_126' title='bbox 1926 1782 2083 1839; x_wconf 77' lang='lat' dir='ltr'><strong>apem</strong></span> 
     </span>
    </p>
   </div>
   <div class='ocr_carea' id='block_1_20' title="bbox 505 1860 1556 1930">
    <p class='ocr_par' dir='ltr' id='par_1_20' title="bbox 505 1860 1556 1930">
     <span class='ocr_line' id='line_1_20' title="bbox 505 1860 1556 1930; baseline 0.004 -18"><span class='ocrx_word' id='word_1_127' title='bbox 505 1860 757 1930; x_wconf 80' lang='lat' dir='ltr'><strong>ipsarum,</strong></span> <span class='ocrx_word' id='word_1_128' title='bbox 783 1869 838 1915; x_wconf 88' lang='lat' dir='ltr'><strong>et</strong></span> <span class='ocrx_word' id='word_1_129' title='bbox 859 1869 1051 1915; x_wconf 78' lang='lat' dir='ltr'><strong>caetera</strong></span> <span class='ocrx_word' id='word_1_130' title='bbox 1082 1876 1202 1930; x_wconf 71' lang='lat' dir='ltr'><strong>quae</strong></span> <span class='ocrx_word' id='word_1_131' title='bbox 1230 1870 1556 1930; x_wconf 91' lang='lat' dir='ltr'><strong>sequuntur.</strong></span> 
     </span>
    </p>
   </div>
   <div class='ocr_carea' id='block_1_21' title="bbox 575 1940 2084 2020">
    <p class='ocr_par' dir='ltr' id='par_1_21' title="bbox 575 1940 2084 2020">
     <span class='ocr_line' id='line_1_21' title="bbox 575 1940 2084 2020; baseline 0.001 -17"><span class='ocrx_word' id='word_1_132' title='bbox 575 1946 719 2003; x_wconf 82' lang='lat' dir='ltr'><strong>XIX.</strong></span> <span class='ocrx_word' id='word_1_133' title='bbox 759 1949 901 2005; x_wconf 83' lang='lat' dir='ltr'><strong>Ecce</strong></span> <span class='ocrx_word' id='word_1_134' title='bbox 939 1940 1139 2004; x_wconf 84' lang='lat' dir='ltr'><strong>iterum</strong></span> <span class='ocrx_word' id='word_1_135' title='bbox 1181 1965 1267 2007; x_wconf 91' lang='lat' dir='ltr'><strong>me</strong></span> <span class='ocrx_word' id='word_1_136' title='bbox 1311 1951 1668 2019; x_wconf 78' lang='lat' dir='ltr'><strong>pervicaciter</strong></span> <span class='ocrx_word' id='word_1_137' title='bbox 1693 1965 1947 2020; x_wconf 87' lang='lat' dir='ltr'><strong>premens</strong></span> <span class='ocrx_word' id='word_1_138' title='bbox 1989 1949 2084 2004; x_wconf 83' lang='lat' dir='ltr'><strong>ad—</strong></span> 
     </span>
    </p>
   </div>
   <div class='ocr_carea' id='block_1_22' title="bbox 500 2038 2081 2114">
    <p class='ocr_par' dir='ltr' id='par_1_22' title="bbox 500 2038 2081 2114">
     <span class='ocr_line' id='line_1_22' title="bbox 500 2038 2081 2114; baseline 0 -18"><span class='ocrx_word' id='word_1_139' title='bbox 500 2038 665 2114; x_wconf 82' lang='lat' dir='ltr'><strong>jicis:</strong></span> <span class='ocrx_word' id='word_1_140' title='bbox 713 2040 1091 2112; x_wconf 83' lang='lat' dir='ltr'><strong>Nunquidnam</strong></span> <span class='ocrx_word' id='word_1_141' title='bbox 1130 2043 1305 2101; x_wconf 89' lang='lat' dir='ltr'><strong>eidem</strong></span> <span class='ocrx_word' id='word_1_142' title='bbox 1347 2042 1632 2112; x_wconf 75' lang='lat' dir='ltr'><strong>Proph’etae</strong></span> <span class='ocrx_word' id='word_1_143' title='bbox 1679 2044 1898 2099; x_wconf 84' lang='lat' dir='ltr'><strong>mandat</strong></span> <span class='ocrx_word' id='word_1_144' title='bbox 1942 2043 2081 2097; x_wconf 87' lang='lat' dir='ltr'><strong>idem</strong></span> 
     </span>
    </p>
   </div>
   <div class='ocr_carea' id='block_1_23' title="bbox 438 2132 2085 2206">
    <p class='ocr_par' dir='ltr' id='par_1_23' title="bbox 438 2132 2085 2206">
     <span class='ocr_line' id='line_1_23' title="bbox 438 2132 2085 2206; baseline -0.002 -15"><span class='ocrx_word' id='word_1_145' title='bbox 438 2142 443 2147; x_wconf 87' lang='lat'><em>&#39;</em></span> <span class='ocrx_word' id='word_1_146' title='bbox 505 2134 803 2201; x_wconf 87' lang='lat' dir='ltr'><strong>oraculum,</strong></span> <span class='ocrx_word' id='word_1_147' title='bbox 831 2133 1010 2190; x_wconf 88' lang='lat' dir='ltr'><strong>locum</strong></span> <span class='ocrx_word' id='word_1_148' title='bbox 1056 2134 1140 2189; x_wconf 94' lang='lat' dir='ltr'><strong>veI</strong></span> <span class='ocrx_word' id='word_1_149' title='bbox 1186 2135 1426 2189; x_wconf 88' lang='lat' dir='ltr'><strong>animum</strong></span> <span class='ocrx_word' id='word_1_150' title='bbox 1473 2132 1727 2206; x_wconf 83' lang='lat' dir='ltr'><strong>fugiendo</strong></span> <span class='ocrx_word' id='word_1_151' title='bbox 1765 2146 1996 2198; x_wconf 92' lang='lat' dir='ltr'><strong>mutare,</strong></span> <span class='ocrx_word' id='word_1_152' title='bbox 2028 2144 2085 2189; x_wconf 92' lang='lat' dir='ltr'><strong>at</strong></span> 
     </span>
    </p>
   </div>
   <div class='ocr_carea' id='block_1_24' title="bbox 506 2225 2084 2297">
    <p class='ocr_par' dir='ltr' id='par_1_24' title="bbox 506 2225 2084 2297">
     <span class='ocr_line' id='line_1_24' title="bbox 506 2225 2084 2297; baseline -0.001 -16"><span class='ocrx_word' id='word_1_153' title='bbox 506 2243 614 2281; x_wconf 90' lang='lat' dir='ltr'><strong>non</strong></span> <span class='ocrx_word' id='word_1_154' title='bbox 645 2227 825 2296; x_wconf 87' lang='lat' dir='ltr'><strong>potius</strong></span> <span class='ocrx_word' id='word_1_155' title='bbox 853 2226 921 2282; x_wconf 91' lang='lat' dir='ltr'><strong>ad</strong></span> <span class='ocrx_word' id='word_1_156' title='bbox 943 2225 1294 2297; x_wconf 82' lang='lat' dir='ltr'><strong>corrigendos</strong></span> <span class='ocrx_word' id='word_1_157' title='bbox 1324 2241 1673 2296; x_wconf 87' lang='lat' dir='ltr'><strong>perversorcs</strong></span> <span class='ocrx_word' id='word_1_158' title='bbox 1698 2235 1753 2281; x_wconf 91' lang='lat' dir='ltr'><strong>et</strong></span> <span class='ocrx_word' id='word_1_159' title='bbox 1779 2226 2084 2282; x_wconf 67' lang='lat' dir='ltr'><strong>e’vcnenan-</strong></span> 
     </span>
    </p>
   </div>
   <div class='ocr_carea' id='block_1_25' title="bbox 506 2315 2087 2387">
    <p class='ocr_par' dir='ltr' id='par_1_25' title="bbox 506 2315 2087 2387">
     <span class='ocr_line' id='line_1_25' title="bbox 506 2315 2087 2387; baseline -0.001 -17"><span class='ocrx_word' id='word_1_160' title='bbox 506 2317 602 2371; x_wconf 85' lang='lat' dir='ltr'><strong>dos</strong></span> <span class='ocrx_word' id='word_1_161' title='bbox 619 2317 952 2386; x_wconf 84' lang='lat' dir='ltr'><strong>scorpiones,</strong></span> <span class='ocrx_word' id='word_1_162' title='bbox 974 2316 1136 2371; x_wconf 86' lang='lat' dir='ltr'><strong>etiam</strong></span> <span class='ocrx_word' id='word_1_163' title='bbox 1165 2331 1334 2387; x_wconf 88' lang='lat' dir='ltr'><strong>usque</strong></span> <span class='ocrx_word' id='word_1_164' title='bbox 1355 2315 1423 2370; x_wconf 88' lang='lat' dir='ltr'><strong>ad</strong></span> <span class='ocrx_word' id='word_1_165' title='bbox 1451 2316 1764 2387; x_wconf 84' lang='lat' dir='ltr'><strong>sanguinem</strong></span> <span class='ocrx_word' id='word_1_166' title='bbox 1796 2316 2087 2372; x_wconf 83' lang='lat' dir='ltr'><strong>resistere?</strong></span> 
     </span>
    </p>
   </div>
   <div class='ocr_carea' id='block_1_26' title="bbox 505 2406 2085 2478">
    <p class='ocr_par' dir='ltr' id='par_1_26' title="bbox 505 2406 2085 2478">
     <span class='ocr_line' id='line_1_26' title="bbox 505 2406 2085 2478; baseline 0 -16"><span class='ocrx_word' id='word_1_167' title='bbox 505 2406 694 2462; x_wconf 84' lang='lat' dir='ltr'><strong>Nonne</strong></span> <span class='ocrx_word' id='word_1_168' title='bbox 731 2407 872 2462; x_wconf 91' lang='lat' dir='ltr'><strong>idem</strong></span> <span class='ocrx_word' id='word_1_169' title='bbox 915 2406 1187 2478; x_wconf 84' lang='lat' dir='ltr'><strong>Propheta</strong></span> <span class='ocrx_word' id='word_1_170' title='bbox 1221 2409 1461 2475; x_wconf 84' lang='lat' dir='ltr'><strong>vincula,</strong></span> <span class='ocrx_word' id='word_1_171' title='bbox 1494 2407 1718 2474; x_wconf 80' lang='lat' dir='ltr'><strong>famem,</strong></span> <span class='ocrx_word' id='word_1_172' title='bbox 1758 2409 1932 2463; x_wconf 88' lang='lat' dir='ltr'><strong>lacum</strong></span> <span class='ocrx_word' id='word_1_173' title='bbox 1973 2422 2085 2463; x_wconf 78' lang='lat' dir='ltr'><strong>cte-</strong></span> 
     </span>
    </p>
   </div>
   <div class='ocr_carea' id='block_1_27' title="bbox 506 2497 2084 2569">
    <p class='ocr_par' dir='ltr' id='par_1_27' title="bbox 506 2497 2084 2569">
     <span class='ocr_line' id='line_1_27' title="bbox 506 2497 2084 2569; baseline 0.001 -19"><span class='ocrx_word' id='word_1_174' title='bbox 506 2512 696 2552; x_wconf 89' lang='lat' dir='ltr'><strong>nosnm</strong></span> <span class='ocrx_word' id='word_1_175' title='bbox 727 2497 978 2567; x_wconf 87' lang='lat' dir='ltr'><strong>pertulit,</strong></span> <span class='ocrx_word' id='word_1_176' title='bbox 1025 2506 1330 2568; x_wconf 65' lang='lat' dir='ltr'><strong>cteteraque</strong></span> <span class='ocrx_word' id='word_1_177' title='bbox 1372 2498 1426 2553; x_wconf 89' lang='lat' dir='ltr'><strong>id</strong></span> <span class='ocrx_word' id='word_1_178' title='bbox 1471 2512 1640 2567; x_wconf 84' lang='lat' dir='ltr'><strong>genus</strong></span> <span class='ocrx_word' id='word_1_179' title='bbox 1674 2499 1865 2568; x_wconf 89' lang='lat' dir='ltr'><strong>plura,</strong></span> <span class='ocrx_word' id='word_1_180' title='bbox 1906 2513 2027 2569; x_wconf 74' lang='lat' dir='ltr'><strong>qua:</strong></span> <span class='ocrx_word' id='word_1_181' title='bbox 2052 2514 2084 2552; x_wconf 87' lang='lat' dir='ltr'><strong>a</strong></span> 
     </span>
    </p>
   </div>
   <div class='ocr_carea' id='block_1_28' title="bbox 503 2575 2084 2659">
    <p class='ocr_par' dir='ltr' id='par_1_28' title="bbox 503 2575 2084 2659">
     <span class='ocr_line' id='line_1_28' title="bbox 503 2575 2084 2659; baseline 0.002 -21"><span class='ocrx_word' id='word_1_182' title='bbox 503 2575 774 2657; x_wconf 80' lang='lat' dir='ltr'><strong>principio</strong></span> <span class='ocrx_word' id='word_1_183' title='bbox 799 2601 1012 2657; x_wconf 91' lang='lat' dir='ltr'><strong>semper</strong></span> <span class='ocrx_word' id='word_1_184' title='bbox 1040 2587 1144 2658; x_wconf 91' lang='lat' dir='ltr'><strong>piis</strong></span> <span class='ocrx_word' id='word_1_185' title='bbox 1179 2587 1591 2659; x_wconf 83' lang='lat' dir='ltr'><strong>inalignantium</strong></span> <span class='ocrx_word' id='word_1_186' title='bbox 1633 2587 1967 2659; x_wconf 85' lang='lat' dir='ltr'><strong>perversitas</strong></span> <span class='ocrx_word' id='word_1_187' title='bbox 2004 2587 2084 2641; x_wconf 61' lang='lat' dir='ltr'><strong>in-</strong></span> 
     </span>
    </p>
   </div>
   <div class='ocr_carea' id='block_1_29' title="bbox 508 2676 2085 2748">
    <p class='ocr_par' dir='ltr' id='par_1_29' title="bbox 508 2676 2085 2748">
     <span class='ocr_line' id='line_1_29' title="bbox 508 2676 2085 2748; baseline 0.002 -18"><span class='ocrx_word' id='word_1_188' title='bbox 508 2677 660 2732; x_wconf 84' lang='lat' dir='ltr'><strong>tulit?</strong></span> <span class='ocrx_word' id='word_1_189' title='bbox 708 2676 924 2748; x_wconf 87' lang='lat' dir='ltr'><strong>Utique,</strong></span> <span class='ocrx_word' id='word_1_190' title='bbox 977 2677 1163 2745; x_wconf 89' lang='lat' dir='ltr'><strong>frater,</strong></span> <span class='ocrx_word' id='word_1_191' title='bbox 1213 2679 1286 2733; x_wconf 88' lang='lat' dir='ltr'><strong>ita</strong></span> <span class='ocrx_word' id='word_1_192' title='bbox 1327 2687 1449 2733; x_wconf 90' lang='lat' dir='ltr'><strong>est:</strong></span> <span class='ocrx_word' id='word_1_193' title='bbox 1495 2687 1551 2734; x_wconf 87' lang='lat' dir='ltr'><strong>et</strong></span> <span class='ocrx_word' id='word_1_194' title='bbox 1578 2689 1757 2734; x_wconf 90' lang='lat' dir='ltr'><strong>tamen</strong></span> <span class='ocrx_word' id='word_1_195' title='bbox 1790 2694 1896 2734; x_wconf 91' lang='lat' dir='ltr'><strong>non</strong></span> <span class='ocrx_word' id='word_1_196' title='bbox 1926 2678 2085 2733; x_wconf 90' lang='lat' dir='ltr'><strong>modo</strong></span> 
     </span>
    </p>
   </div>
   <div class='ocr_carea' id='block_1_30' title="bbox 505 2769 2084 2839">
    <p class='ocr_par' dir='ltr' id='par_1_30' title="bbox 505 2769 2084 2839">
     <span class='ocr_line' id='line_1_30' title="bbox 505 2769 2084 2839; baseline -0.001 -14"><span class='ocrx_word' id='word_1_197' title='bbox 505 2769 541 2825; x_wconf 82' lang='lat' dir='ltr'><strong>lt</strong></span> <span class='ocrx_word' id='word_1_198' title='bbox 563 2769 829 2832; x_wconf 85' lang='lat' dir='ltr'><strong>nninibus,</strong></span> <span class='ocrx_word' id='word_1_199' title='bbox 851 2770 944 2825; x_wconf 89' lang='lat' dir='ltr'><strong>sed</strong></span> <span class='ocrx_word' id='word_1_200' title='bbox 970 2770 1129 2824; x_wconf 88' lang='lat' dir='ltr'><strong>etiam</strong></span> <span class='ocrx_word' id='word_1_201' title='bbox 1162 2770 1291 2824; x_wconf 91' lang='lat' dir='ltr'><strong>viris</strong></span> <span class='ocrx_word' id='word_1_202' title='bbox 1319 2784 1480 2839; x_wconf 82' lang='lat' dir='ltr'><strong>SUpra</strong></span> <span class='ocrx_word' id='word_1_203' title='bbox 1508 2769 1652 2826; x_wconf 90' lang='lat' dir='ltr'><strong>vires</strong></span> <span class='ocrx_word' id='word_1_204' title='bbox 1679 2779 1763 2825; x_wconf 91' lang='lat' dir='ltr'><strong>est</strong></span> <span class='ocrx_word' id='word_1_205' title='bbox 1792 2784 2004 2839; x_wconf 84' lang='lat' dir='ltr'><strong>semper</strong></span> <span class='ocrx_word' id='word_1_206' title='bbox 2031 2770 2084 2823; x_wconf 92' lang='lat' dir='ltr'><strong>in</strong></span> 
     </span>
    </p>
   </div>
   <div class='ocr_carea' id='block_1_31' title="bbox 506 2850 2091 2932">
    <p class='ocr_par' dir='ltr' id='par_1_31' title="bbox 506 2850 2091 2932">
     <span class='ocr_line' id='line_1_31' title="bbox 506 2850 2091 2932; baseline -0.001 -17"><span class='ocrx_word' id='word_1_207' title='bbox 506 2863 780 2932; x_wconf 82' lang='lat' dir='ltr'><strong>procinctu</strong></span> <span class='ocrx_word' id='word_1_208' title='bbox 817 2878 935 2918; x_wconf 87' lang='lat' dir='ltr'><strong>esse</strong></span> <span class='ocrx_word' id='word_1_209' title='bbox 958 2903 974 2929; x_wconf 91' lang='lat'><strong>,</strong></span> <span class='ocrx_word' id='word_1_210' title='bbox 1034 2867 1307 2932; x_wconf 73' lang='lat' dir='ltr'><strong>nuntluam</strong></span> <span class='ocrx_word' id='word_1_211' title='bbox 1345 2861 1583 2915; x_wconf 89' lang='lat' dir='ltr'><strong>animum</strong></span> <span class='ocrx_word' id='word_1_212' title='bbox 1615 2861 1684 2917; x_wconf 89' lang='lat' dir='ltr'><strong>ad</strong></span> <span class='ocrx_word' id='word_1_213' title='bbox 1723 2861 1917 2916; x_wconf 68' lang='lat' dir='ltr'><strong>divinae</strong></span> <span class='ocrx_word' id='word_1_214' title='bbox 1958 2850 2091 2916; x_wconf 33' lang='lat' dir='ltr'><strong>cou-I</strong></span> 
     </span>
    </p>
   </div>
   <div class='ocr_carea' id='block_1_32' title="bbox 508 2948 2085 3024">
    <p class='ocr_par' dir='ltr' id='par_1_32' title="bbox 508 2948 2085 3024">
     <span class='ocr_line' id='line_1_32' title="bbox 508 2948 2085 3024; baseline 0.001 -19"><span class='ocrx_word' id='word_1_215' title='bbox 508 2948 866 3022; x_wconf 59' lang='lat' dir='ltr'><strong>t&#39;cniplationis</strong></span> <span class='ocrx_word' id='word_1_216' title='bbox 912 2952 1250 3009; x_wconf 87' lang='lat' dir='ltr'><strong>dulcedinem</strong></span> <span class='ocrx_word' id='word_1_217' title='bbox 1289 2955 1566 3008; x_wconf 84' lang='lat' dir='ltr'><strong>remittere</strong></span> <span class='ocrx_word' id='word_1_218' title='bbox 1600 2972 1613 3009; x_wconf 91' lang='lat'><strong>:</strong></span> <span class='ocrx_word' id='word_1_219' title='bbox 1648 2953 1846 3024; x_wconf 80' lang='lat' dir='ltr'><strong>jugiter</strong></span> <span class='ocrx_word' id='word_1_220' title='bbox 1887 2953 2085 3008; x_wconf 88' lang='lat' dir='ltr'><strong>tumul-</strong></span> 
     </span>
    </p>
   </div>
   <div class='ocr_carea' id='block_1_33' title="bbox 508 3042 2084 3114">
    <p class='ocr_par' dir='ltr' id='par_1_33' title="bbox 508 3042 2084 3114">
     <span class='ocr_line' id='line_1_33' title="bbox 508 3042 2084 3114; baseline 0.004 -22"><span class='ocrx_word' id='word_1_221' title='bbox 508 3042 675 3095; x_wconf 89' lang='lat' dir='ltr'><strong>tuosis</strong></span> <span class='ocrx_word' id='word_1_222' title='bbox 700 3042 989 3096; x_wconf 84' lang='lat' dir='ltr'><strong>assultibus</strong></span> <span class='ocrx_word' id='word_1_223' title='bbox 1011 3043 1248 3113; x_wconf 87' lang='lat' dir='ltr'><strong>percelli,</strong></span> <span class='ocrx_word' id='word_1_224' title='bbox 1296 3058 1569 3114; x_wconf 89' lang='lat' dir='ltr'><strong>nunquant</strong></span> <span class='ocrx_word' id='word_1_225' title='bbox 1598 3043 1823 3097; x_wconf 79' lang='lat' dir='ltr'><strong>interna:</strong></span> <span class='ocrx_word' id='word_1_226' title='bbox 1843 3044 2084 3098; x_wconf 88' lang='lat' dir='ltr'><strong>dulcedi-</strong></span> 
     </span>
    </p>
   </div>
   <div class='ocr_carea' id='block_1_34' title="bbox 508 3128 2089 3205">
    <p class='ocr_par' dir='ltr' id='par_1_34' title="bbox 508 3128 2089 3205">
     <span class='ocr_line' id='line_1_34' title="bbox 508 3128 2089 3205; baseline 0.004 -22"><span class='ocrx_word' id='word_1_227' title='bbox 508 3128 591 3184; x_wconf 85' lang='lat' dir='ltr'><strong>nis</strong></span> <span class='ocrx_word' id='word_1_228' title='bbox 620 3133 797 3200; x_wconf 81' lang='lat' dir='ltr'><strong>quiete</strong></span> <span class='ocrx_word' id='word_1_229' title='bbox 827 3131 1016 3188; x_wconf 83' lang='lat' dir='ltr'><strong>foveri.</strong></span> <span class='ocrx_word' id='word_1_230' title='bbox 1045 3132 1198 3189; x_wconf 85' lang='lat' dir='ltr'><strong>Nunc</strong></span> <span class='ocrx_word' id='word_1_231' title='bbox 1227 3134 1418 3188; x_wconf 88' lang='lat' dir='ltr'><strong>iterum</strong></span> <span class='ocrx_word' id='word_1_232' title='bbox 1451 3134 1656 3205; x_wconf 87' lang='lat' dir='ltr'><strong>antiqui</strong></span> <span class='ocrx_word' id='word_1_233' title='bbox 1685 3133 1827 3189; x_wconf 89' lang='lat' dir='ltr'><strong>illius</strong></span> <span class='ocrx_word' id='word_1_234' title='bbox 1857 3133 2089 3205; x_wconf 82' lang='lat' dir='ltr'><strong>Musonii</strong></span> 
     </span>
    </p>
   </div>
   <div class='ocr_carea' id='block_1_35' title="bbox 508 3220 2089 3291">
    <p class='ocr_par' dir='ltr' id='par_1_35' title="bbox 508 3220 2089 3291">
     <span class='ocr_line' id='line_1_35' title="bbox 508 3220 2089 3291; baseline 0.004 -18"><span class='ocrx_word' id='word_1_235' title='bbox 508 3220 681 3282; x_wconf 85' lang='lat' dir='ltr'><strong>dicto,</strong></span> <span class='ocrx_word' id='word_1_236' title='bbox 714 3223 859 3277; x_wconf 90' lang='lat' dir='ltr'><strong>velut</strong></span> <span class='ocrx_word' id='word_1_237' title='bbox 893 3223 1071 3278; x_wconf 88' lang='lat' dir='ltr'><strong>hostili</strong></span> <span class='ocrx_word' id='word_1_238' title='bbox 1110 3224 1340 3279; x_wconf 88' lang='lat' dir='ltr'><strong>armaris</strong></span> <span class='ocrx_word' id='word_1_239' title='bbox 1379 3224 1517 3291; x_wconf 91' lang='lat' dir='ltr'><strong>telo,</strong></span> <span class='ocrx_word' id='word_1_240' title='bbox 1557 3226 1741 3281; x_wconf 87' lang='lat' dir='ltr'><strong>dicens</strong></span> <span class='ocrx_word' id='word_1_241' title='bbox 1775 3242 1791 3280; x_wconf 89' lang='lat'><strong>:</strong></span> <span class='ocrx_word' id='word_1_242' title='bbox 1828 3226 2089 3280; x_wconf 86' lang='lat' dir='ltr'><strong>Animum</strong></span> 
     </span>
    </p>
   </div>
   <div class='ocr_carea' id='block_1_36' title="bbox 511 3310 2084 3387">
    <p class='ocr_par' dir='ltr' id='par_1_36' title="bbox 511 3310 2084 3387">
     <span class='ocr_line' id='line_1_36' title="bbox 511 3310 2084 3387; baseline 0.006 -25"><span class='ocrx_word' id='word_1_243' title='bbox 511 3310 806 3377; x_wconf 86' lang='lat' dir='ltr'><strong>remittere,</strong></span> <span class='ocrx_word' id='word_1_244' title='bbox 834 3314 1083 3368; x_wconf 89' lang='lat' dir='ltr'><strong>amittere</strong></span> <span class='ocrx_word' id='word_1_245' title='bbox 1109 3322 1216 3379; x_wconf 84' lang='lat' dir='ltr'><strong>est;</strong></span> <span class='ocrx_word' id='word_1_246' title='bbox 1245 3321 1299 3369; x_wconf 88' lang='lat' dir='ltr'><strong>et</strong></span> <span class='ocrx_word' id='word_1_247' title='bbox 1320 3312 1626 3369; x_wconf 87' lang='lat' dir='ltr'><strong>Christiano</strong></span> <span class='ocrx_word' id='word_1_248' title='bbox 1654 3313 1885 3387; x_wconf 77' lang='lat' dir='ltr'><strong>theologi</strong></span> <span class='ocrx_word' id='word_1_249' title='bbox 1914 3326 2084 3372; x_wconf 90' lang='lat' dir='ltr'><strong>nostrt</strong></span> 
     </span>
    </p>
   </div>
   <div class='ocr_carea' id='block_1_37' title="bbox 510 3400 979 3472">
    <p class='ocr_par' dir='ltr' id='par_1_37' title="bbox 510 3400 979 3472">
     <span class='ocr_line' id='line_1_37' title="bbox 510 3400 979 3472; baseline 0.011 -19"><span class='ocrx_word' id='word_1_250' title='bbox 510 3400 735 3455; x_wconf 85' lang='lat' dir='ltr'><strong>tnuniris</strong></span> <span class='ocrx_word' id='word_1_251' title='bbox 759 3402 943 3472; x_wconf 81' lang='lat' dir='ltr'><strong>clypeo</strong></span> <span class='ocrx_word' id='word_1_252' title='bbox 967 3422 979 3457; x_wconf 92' lang='lat'>:</span> 
     </span>
    </p>
   </div>
   <div class='ocr_carea' id='block_1_38' title="bbox 554 3512 1934 3579">
    <p class='ocr_par' dir='ltr' id='par_1_38' title="bbox 554 3512 1934 3579">
     <span class='ocr_line' id='line_1_38' title="bbox 554 3512 1934 3579; baseline 0.007 -17"><span class='ocrx_word' id='word_1_253' title='bbox 554 3512 806 3575; x_wconf 78' lang='lat' dir='ltr'><strong>Nunquam</strong></span> <span class='ocrx_word' id='word_1_254' title='bbox 831 3512 960 3563; x_wconf 87' lang='lat' dir='ltr'><strong>bella</strong></span> <span class='ocrx_word' id='word_1_255' title='bbox 986 3515 1152 3579; x_wconf 77' lang='lat' dir='ltr'><strong>bonis,</strong></span> <span class='ocrx_word' id='word_1_256' title='bbox 1177 3529 1418 3579; x_wconf 87' lang='lat' dir='ltr'><strong>nunquam</strong></span> <span class='ocrx_word' id='word_1_257' title='bbox 1440 3516 1716 3569; x_wconf 73' lang='lat' dir='ltr'><strong>discrimina</strong></span> <span class='ocrx_word' id='word_1_258' title='bbox 1737 3518 1934 3571; x_wconf 83' lang='lat' dir='ltr'><strong>desunt.</strong></span> 
     </span>
    </p>
   </div>
   <div class='ocr_carea' id='block_1_39' title="bbox 507 3620 2085 3693">
    <p class='ocr_par' dir='ltr' id='par_1_39' title="bbox 507 3620 2085 3693">
     <span class='ocr_line' id='line_1_39' title="bbox 507 3620 2085 3693; baseline 0.004 -20"><span class='ocrx_word' id='word_1_259' title='bbox 507 3620 588 3674; x_wconf 84' lang='lat' dir='ltr'><strong>Ad</strong></span> <span class='ocrx_word' id='word_1_260' title='bbox 618 3620 853 3691; x_wconf 71' lang='lat' dir='ltr'><strong>haecch</strong></span> <span class='ocrx_word' id='word_1_261' title='bbox 886 3638 899 3674; x_wconf 90' lang='lat'><strong>:</strong></span> <span class='ocrx_word' id='word_1_262' title='bbox 930 3621 1205 3687; x_wconf 82' lang='lat' dir='ltr'><strong>Animum,</strong></span> <span class='ocrx_word' id='word_1_263' title='bbox 1238 3622 1479 3692; x_wconf 89' lang='lat' dir='ltr'><strong>inquam,</strong></span> <span class='ocrx_word' id='word_1_264' title='bbox 1515 3623 1569 3677; x_wconf 94' lang='lat' dir='ltr'><strong>in</strong></span> <span class='ocrx_word' id='word_1_265' title='bbox 1599 3623 1820 3680; x_wconf 85' lang='lat' dir='ltr'><strong>delicias</strong></span> <span class='ocrx_word' id='word_1_266' title='bbox 1844 3623 2085 3693; x_wconf 88' lang='lat' dir='ltr'><strong>volupta-</strong></span> 
     </span>
    </p>
   </div>
   <div class='ocr_carea' id='block_1_40' title="bbox 510 3712 2091 3788">
    <p class='ocr_par' dir='ltr' id='par_1_40' title="bbox 510 3712 2091 3788">
     <span class='ocr_line' id='line_1_40' title="bbox 510 3712 2091 3788; baseline 0.006 -22"><span class='ocrx_word' id='word_1_267' title='bbox 510 3722 697 3781; x_wconf 82' lang='lat' dir='ltr'><strong>tesque</strong></span> <span class='ocrx_word' id='word_1_268' title='bbox 737 3712 1028 3780; x_wconf 86' lang='lat' dir='ltr'><strong>resolvere,</strong></span> <span class='ocrx_word' id='word_1_269' title='bbox 1064 3723 1117 3770; x_wconf 88' lang='lat' dir='ltr'><strong>et</strong></span> <span class='ocrx_word' id='word_1_270' title='bbox 1143 3716 1467 3785; x_wconf 82' lang='lat' dir='ltr'><strong>posthabitis</strong></span> <span class='ocrx_word' id='word_1_271' title='bbox 1500 3716 1714 3788; x_wconf 87' lang='lat' dir='ltr'><strong>iisquae</strong></span> <span class='ocrx_word' id='word_1_272' title='bbox 1747 3718 1813 3773; x_wconf 92' lang='lat' dir='ltr'><strong>ad</strong></span> <span class='ocrx_word' id='word_1_273' title='bbox 1853 3718 2091 3775; x_wconf 77' lang='lat' dir='ltr'><strong>salutem</strong></span> 
     </span>
    </p>
   </div>
   <div class='ocr_carea' id='block_1_41' title="bbox 507 3807 2093 3877">
    <p class='ocr_par' dir='ltr' id='par_1_41' title="bbox 507 3807 2093 3877">
     <span class='ocr_line' id='line_1_41' title="bbox 507 3807 2093 3877; baseline 0.001 -16"><span class='ocrx_word' id='word_1_274' title='bbox 507 3808 701 3861; x_wconf 72' lang='lat' dir='ltr'><strong>animae</strong></span> <span class='ocrx_word' id='word_1_275' title='bbox 732 3814 1029 3875; x_wconf 86' lang='lat' dir='ltr'><strong>operantur</strong></span> <span class='ocrx_word' id='word_1_276' title='bbox 1056 3814 1112 3860; x_wconf 92' lang='lat' dir='ltr'><strong>et</strong></span> <span class='ocrx_word' id='word_1_277' title='bbox 1137 3815 1453 3877; x_wconf 87' lang='lat' dir='ltr'><strong>protegunt,</strong></span> <span class='ocrx_word' id='word_1_278' title='bbox 1486 3807 1538 3862; x_wconf 91' lang='lat' dir='ltr'><strong>in</strong></span> <span class='ocrx_word' id='word_1_279' title='bbox 1572 3817 1784 3863; x_wconf 89' lang='lat' dir='ltr'><strong>terrena</strong></span> <span class='ocrx_word' id='word_1_280' title='bbox 1816 3808 2093 3866; x_wconf 85' lang='lat' dir='ltr'><strong>desideria</strong></span> 
     </span>
    </p>
   </div>
   <div class='ocr_carea' id='block_1_42' title="bbox 508 3898 2089 3960">
    <p class='ocr_par' dir='ltr' id='par_1_42' title="bbox 508 3898 2089 3960">
     <span class='ocr_line' id='line_1_42' title="bbox 508 3898 2089 3960; baseline 0.002 -6"><span class='ocrx_word' id='word_1_281' title='bbox 508 3899 805 3960; x_wconf 84' lang='lat' dir='ltr'><strong>remittere,</strong></span> <span class='ocrx_word' id='word_1_282' title='bbox 836 3913 965 3954; x_wconf 84' lang='lat' dir='ltr'><strong>vere</strong></span> <span class='ocrx_word' id='word_1_283' title='bbox 990 3898 1238 3956; x_wconf 89' lang='lat' dir='ltr'><strong>amittere</strong></span> <span class='ocrx_word' id='word_1_284' title='bbox 1262 3912 1366 3956; x_wconf 85' lang='lat' dir='ltr'><strong>est.</strong></span> <span class='ocrx_word' id='word_1_285' title='bbox 1392 3900 1592 3956; x_wconf 83' lang='lat' dir='ltr'><strong>Verum</strong></span> <span class='ocrx_word' id='word_1_286' title='bbox 1619 3900 1834 3957; x_wconf 88' lang='lat' dir='ltr'><strong>animus</strong></span> <span class='ocrx_word' id='word_1_287' title='bbox 1857 3920 1887 3956; x_wconf 89' lang='lat' dir='ltr'><strong>a</strong></span> <span class='ocrx_word' id='word_1_288' title='bbox 1916 3917 2089 3957; x_wconf 70' lang='lat' dir='ltr'><strong>saecu-</strong></span> 
     </span>
    </p>
   </div>
   <div class='ocr_carea' id='block_1_43' title="bbox 509 3990 2083 4061">
    <p class='ocr_par' dir='ltr' id='par_1_43' title="bbox 509 3990 2083 4061">
     <span class='ocr_line' id='line_1_43' title="bbox 509 3990 2083 4061; baseline 0.004 -18"><span class='ocrx_word' id='word_1_289' title='bbox 509 3991 700 4044; x_wconf 84' lang='lat' dir='ltr'><strong>larium</strong></span> <span class='ocrx_word' id='word_1_290' title='bbox 731 3990 984 4057; x_wconf 85' lang='lat' dir='ltr'><strong>tumultu,</strong></span> <span class='ocrx_word' id='word_1_291' title='bbox 1015 4001 1275 4061; x_wconf 87' lang='lat' dir='ltr'><strong>quantum</strong></span> <span class='ocrx_word' id='word_1_292' title='bbox 1308 3993 1511 4048; x_wconf 80' lang='lat' dir='ltr'><strong>homini</strong></span> <span class='ocrx_word' id='word_1_293' title='bbox 1543 4001 1730 4059; x_wconf 87' lang='lat' dir='ltr'><strong>vacat,</strong></span> <span class='ocrx_word' id='word_1_294' title='bbox 1762 3992 2007 4060; x_wconf 87' lang='lat' dir='ltr'><strong>feriatus,</strong></span> <span class='ocrx_word' id='word_1_295' title='bbox 2038 3994 2083 4049; x_wconf 90' lang='lat' dir='ltr'><strong>si</strong></span> 
     </span>
    </p>
   </div>
   <div class='ocr_carea' id='block_1_44' title="bbox 511 4080 2093 4153">
    <p class='ocr_par' dir='ltr' id='par_1_44' title="bbox 511 4080 2093 4153">
     <span class='ocr_line' id='line_1_44' title="bbox 511 4080 2093 4153; baseline 0.004 -22"><span class='ocrx_word' id='word_1_296' title='bbox 511 4080 678 4134; x_wconf 87' lang='lat' dir='ltr'><strong>nubes</strong></span> <span class='ocrx_word' id='word_1_297' title='bbox 707 4095 996 4144; x_wconf 90' lang='lat' dir='ltr'><strong>curarum,</strong></span> <span class='ocrx_word' id='word_1_298' title='bbox 1035 4081 1082 4135; x_wconf 89' lang='lat' dir='ltr'><strong>si</strong></span> <span class='ocrx_word' id='word_1_299' title='bbox 1111 4089 1300 4137; x_wconf 88' lang='lat' dir='ltr'><strong>ventos</strong></span> <span class='ocrx_word' id='word_1_300' title='bbox 1341 4082 1648 4153; x_wconf 86' lang='lat' dir='ltr'><strong>imbresque</strong></span> <span class='ocrx_word' id='word_1_301' title='bbox 1683 4083 2093 4140; x_wconf 84' lang='lat' dir='ltr'><strong>detrahentium</strong></span> 
     </span>
    </p>
   </div>
   <div class='ocr_carea' id='block_1_45' title="bbox 509 4165 2086 4239">
    <p class='ocr_par' dir='ltr' id='par_1_45' title="bbox 509 4165 2086 4239">
     <span class='ocr_line' id='line_1_45' title="bbox 509 4165 2086 4239; baseline 0.007 -21"><span class='ocrx_word' id='word_1_302' title='bbox 509 4165 841 4236; x_wconf 83' lang='lat' dir='ltr'><strong>linguarum,</strong></span> <span class='ocrx_word' id='word_1_303' title='bbox 872 4169 917 4224; x_wconf 91' lang='lat' dir='ltr'><strong>si</strong></span> <span class='ocrx_word' id='word_1_304' title='bbox 951 4178 1297 4239; x_wconf 85' lang='lat' dir='ltr'><strong>tempestates</strong></span> <span class='ocrx_word' id='word_1_305' title='bbox 1324 4181 1377 4226; x_wconf 90' lang='lat' dir='ltr'><strong>et</strong></span> <span class='ocrx_word' id='word_1_306' title='bbox 1408 4173 1650 4230; x_wconf 89' lang='lat' dir='ltr'><strong>turbines</strong></span> <span class='ocrx_word' id='word_1_307' title='bbox 1678 4173 1937 4229; x_wconf 86' lang='lat' dir='ltr'><strong>falsorum</strong></span> <span class='ocrx_word' id='word_1_308' title='bbox 1975 4172 2086 4229; x_wconf 88' lang='lat' dir='ltr'><strong>fra-</strong></span> 
     </span>
    </p>
   </div>
   <div class='ocr_carea' id='block_1_46' title="bbox 513 4257 2082 4327">
    <p class='ocr_par' dir='ltr' id='par_1_46' title="bbox 513 4257 2082 4327">
     <span class='ocr_line' id='line_1_46' title="bbox 513 4257 2082 4327; baseline 0.004 -14"><span class='ocrx_word' id='word_1_309' title='bbox 513 4271 650 4313; x_wconf 89' lang='lat' dir='ltr'><strong>trum</strong></span> <span class='ocrx_word' id='word_1_310' title='bbox 682 4257 735 4311; x_wconf 92' lang='lat' dir='ltr'><strong>in</strong></span> <span class='ocrx_word' id='word_1_311' title='bbox 764 4258 933 4312; x_wconf 82' lang='lat' dir='ltr'><strong>altum</strong></span> <span class='ocrx_word' id='word_1_312' title='bbox 961 4275 1021 4315; x_wconf 88' lang='lat' dir='ltr'><strong>se</strong></span> <span class='ocrx_word' id='word_1_313' title='bbox 1053 4260 1303 4316; x_wconf 87' lang='lat' dir='ltr'><strong>attollens</strong></span> <span class='ocrx_word' id='word_1_314' title='bbox 1333 4269 1707 4327; x_wconf 80' lang='lat' dir='ltr'><strong>transcendat,</strong></span> <span class='ocrx_word' id='word_1_315' title='bbox 1738 4273 1795 4319; x_wconf 88' lang='lat' dir='ltr'><strong>et</strong></span> <span class='ocrx_word' id='word_1_316' title='bbox 1838 4272 2082 4321; x_wconf 82' lang='lat' dir='ltr'><strong>autstrt-</strong></span> 
     </span>
    </p>
   </div>
   <div class='ocr_carea' id='block_1_47' title="bbox 509 4346 2084 4418">
    <p class='ocr_par' dir='ltr' id='par_1_47' title="bbox 509 4346 2084 4418">
     <span class='ocr_line' id='line_1_47' title="bbox 509 4346 2084 4418; baseline 0.003 -17"><span class='ocrx_word' id='word_1_317' title='bbox 509 4357 598 4401; x_wconf 90' lang='lat' dir='ltr'><strong>cto</strong></span> <span class='ocrx_word' id='word_1_318' title='bbox 640 4346 818 4416; x_wconf 87' lang='lat' dir='ltr'><strong>rigore</strong></span> <span class='ocrx_word' id='word_1_319' title='bbox 863 4348 1113 4402; x_wconf 86' lang='lat' dir='ltr'><strong>militaris</strong></span> <span class='ocrx_word' id='word_1_320' title='bbox 1158 4349 1456 4418; x_wconf 65' lang='lat' dir='ltr'><strong>disciplinas</strong></span> <span class='ocrx_word' id='word_1_321' title='bbox 1499 4352 1800 4417; x_wconf 88' lang='lat' dir='ltr'><strong>remissus,</strong></span> <span class='ocrx_word' id='word_1_322' title='bbox 1840 4353 1894 4407; x_wconf 92' lang='lat' dir='ltr'><strong>in</strong></span> <span class='ocrx_word' id='word_1_323' title='bbox 1937 4352 2084 4408; x_wconf 90' lang='lat' dir='ltr'><strong>illam</strong></span> 
     </span>
    </p>
   </div>
   <div class='ocr_carea' id='block_1_48' title="bbox 509 4436 2083 4511">
    <p class='ocr_par' dir='ltr' id='par_1_48' title="bbox 509 4436 2083 4511">
     <span class='ocr_line' id='line_1_48' title="bbox 509 4436 2083 4511; baseline 0.006 -23"><span class='ocrx_word' id='word_1_324' title='bbox 509 4436 925 4507; x_wconf 83' lang='lat' dir='ltr'><strong>placidissimam</strong></span> <span class='ocrx_word' id='word_1_325' title='bbox 975 4447 1033 4493; x_wconf 84' lang='lat' dir='ltr'><strong>et</strong></span> <span class='ocrx_word' id='word_1_326' title='bbox 1076 4438 1461 4506; x_wconf 81' lang='lat' dir='ltr'><strong>lucidissimam</strong></span> <span class='ocrx_word' id='word_1_327' title='bbox 1507 4440 1702 4497; x_wconf 71' lang='lat' dir='ltr'><strong>divina:</strong></span> <span class='ocrx_word' id='word_1_328' title='bbox 1747 4443 2083 4511; x_wconf 87' lang='lat' dir='ltr'><strong>contempla-</strong></span> 
     </span>
    </p>
   </div>
   <div class='ocr_carea' id='block_1_49' title="bbox 513 4530 2083 4598">
    <p class='ocr_par' dir='ltr' id='par_1_49' title="bbox 513 4530 2083 4598">
     <span class='ocr_line' id='line_1_49' title="bbox 513 4530 2083 4598; baseline 0.005 -16"><span class='ocrx_word' id='word_1_329' title='bbox 513 4530 673 4585; x_wconf 86' lang='lat' dir='ltr'><strong>tionis</strong></span> <span class='ocrx_word' id='word_1_330' title='bbox 721 4530 956 4598; x_wconf 86' lang='lat' dir='ltr'><strong>quietem</strong></span> <span class='ocrx_word' id='word_1_331' title='bbox 1007 4544 1066 4595; x_wconf 86' lang='lat' dir='ltr'><strong>se</strong></span> <span class='ocrx_word' id='word_1_332' title='bbox 1113 4538 1281 4585; x_wconf 87' lang='lat' dir='ltr'><strong>totuut</strong></span> <span class='ocrx_word' id='word_1_333' title='bbox 1338 4532 1573 4588; x_wconf 79' lang='lat' dir='ltr'><strong>resolvat</strong></span> <span class='ocrx_word' id='word_1_334' title='bbox 1616 4551 1629 4588; x_wconf 89' lang='lat'><strong><em>:</em></strong></span> <span class='ocrx_word' id='word_1_335' title='bbox 1683 4534 1756 4590; x_wconf 88' lang='lat' dir='ltr'><strong>ita</strong></span> <span class='ocrx_word' id='word_1_336' title='bbox 1800 4548 1932 4591; x_wconf 89' lang='lat' dir='ltr'><strong>.vere</strong></span> <span class='ocrx_word' id='word_1_337' title='bbox 1976 4550 2083 4590; x_wconf 75' lang='lat' dir='ltr'><strong>non</strong></span> 
     </span>
    </p>
   </div>
   <div class='ocr_carea' id='block_1_50' title="bbox 509 4620 2089 4693">
    <p class='ocr_par' dir='ltr' id='par_1_50' title="bbox 509 4620 2089 4693">
     <span class='ocr_line' id='line_1_50' title="bbox 509 4620 2089 4693; baseline 0.006 -22"><span class='ocrx_word' id='word_1_338' title='bbox 509 4620 793 4684; x_wconf 85' lang='lat' dir='ltr'><strong>amittitur,</strong></span> <span class='ocrx_word' id='word_1_339' title='bbox 821 4621 915 4675; x_wconf 88' lang='lat' dir='ltr'><strong>sed</strong></span> <span class='ocrx_word' id='word_1_340' title='bbox 945 4621 1125 4689; x_wconf 85' lang='lat' dir='ltr'><strong>petius</strong></span> <span class='ocrx_word' id='word_1_341' title='bbox 1147 4621 1430 4686; x_wconf 81' lang='lat' dir='ltr'><strong>retinetur,</strong></span> <span class='ocrx_word' id='word_1_342' title='bbox 1452 4623 1532 4676; x_wconf 86' lang='lat' dir='ltr'><strong>vel</strong></span> <span class='ocrx_word' id='word_1_343' title='bbox 1560 4621 1722 4692; x_wconf 90' lang='lat' dir='ltr'><strong>(quod</strong></span> <span class='ocrx_word' id='word_1_344' title='bbox 1744 4625 2089 4693; x_wconf 85' lang='lat' dir='ltr'><strong>potissimum</strong></span> 
     </span>
    </p>
   </div>
   <div class='ocr_carea' id='block_1_51' title="bbox 507 4711 2086 4782">
    <p class='ocr_par' dir='ltr' id='par_1_51' title="bbox 507 4711 2086 4782">
     <span class='ocr_line' id='line_1_51' title="bbox 507 4711 2086 4782; baseline 0.004 -16"><span class='ocrx_word' id='word_1_345' title='bbox 507 4714 611 4782; x_wconf 87' lang='lat' dir='ltr'><strong>est)</strong></span> <span class='ocrx_word' id='word_1_346' title='bbox 640 4720 770 4765; x_wconf 88' lang='lat' dir='ltr'><strong>tunc</strong></span> <span class='ocrx_word' id='word_1_347' title='bbox 799 4711 1014 4766; x_wconf 90' lang='lat' dir='ltr'><strong>demum</strong></span> <span class='ocrx_word' id='word_1_348' title='bbox 1045 4711 1224 4769; x_wconf 81' lang='lat' dir='ltr'><strong>vivere</strong></span> <span class='ocrx_word' id='word_1_349' title='bbox 1251 4712 1480 4767; x_wconf 85' lang='lat' dir='ltr'><strong>videtur.</strong></span> <span class='ocrx_word' id='word_1_350' title='bbox 1512 4712 1666 4780; x_wconf 83' lang='lat' dir='ltr'><strong>Quod</strong></span> <span class='ocrx_word' id='word_1_351' title='bbox 1693 4724 1872 4771; x_wconf 86' lang='lat' dir='ltr'><strong>autem</strong></span> <span class='ocrx_word' id='word_1_352' title='bbox 1903 4725 2086 4773; x_wconf 87' lang='lat' dir='ltr'><strong>noster</strong></span> 
     </span>
    </p>
   </div>
   <div class='ocr_carea' id='block_1_52' title="bbox 507 4800 2082 4876">
    <p class='ocr_par' dir='ltr' id='par_1_52' title="bbox 507 4800 2082 4876">
     <span class='ocr_line' id='line_1_52' title="bbox 507 4800 2082 4876; baseline 0.005 -24"><span class='ocrx_word' id='word_1_353' title='bbox 507 4803 584 4869; x_wconf 75' lang='lat' dir='ltr'><strong>ait</strong></span> <span class='ocrx_word' id='word_1_354' title='bbox 621 4800 952 4872; x_wconf 82' lang='lat' dir='ltr'><strong>&#39;I‘heologus,</strong></span> <span class='ocrx_word' id='word_1_355' title='bbox 984 4816 1199 4871; x_wconf 86' lang='lat' dir='ltr'><strong>semper</strong></span> <span class='ocrx_word' id='word_1_356' title='bbox 1225 4801 1536 4857; x_wconf 87' lang='lat' dir='ltr'><strong>Christiano</strong></span> <span class='ocrx_word' id='word_1_357' title='bbox 1568 4805 2082 4876; x_wconf 76' lang='lat' dir='ltr'><strong>esse-pugnandum,</strong></span> 
     </span>
    </p>
   </div>
   <div class='ocr_carea' id='block_1_53' title="bbox 510 4894 2084 4966">
    <p class='ocr_par' dir='ltr' id='par_1_53' title="bbox 510 4894 2084 4966">
     <span class='ocr_line' id='line_1_53' title="bbox 510 4894 2084 4966; baseline 0.001 -15"><span class='ocrx_word' id='word_1_358' title='bbox 510 4894 641 4951; x_wconf 84' lang='lat' dir='ltr'><strong>nihil</strong></span> <span class='ocrx_word' id='word_1_359' title='bbox 666 4896 808 4949; x_wconf 86' lang='lat' dir='ltr'><strong>unde</strong></span> <span class='ocrx_word' id='word_1_360' title='bbox 831 4895 914 4949; x_wconf 82' lang='lat' dir='ltr'><strong>vel</strong></span> <span class='ocrx_word' id='word_1_361' title='bbox 935 4895 1105 4950; x_wconf 89' lang='lat' dir='ltr'><strong>ausim</strong></span> <span class='ocrx_word' id='word_1_362' title='bbox 1133 4895 1215 4949; x_wconf 86' lang='lat' dir='ltr'><strong>vel</strong></span> <span class='ocrx_word' id='word_1_363' title='bbox 1243 4910 1437 4964; x_wconf 87' lang='lat' dir='ltr'><strong>queam</strong></span> <span class='ocrx_word' id='word_1_364' title='bbox 1460 4895 1734 4966; x_wconf 80' lang='lat' dir='ltr'><strong>diﬂiugere</strong></span> <span class='ocrx_word' id='word_1_365' title='bbox 1756 4912 1771 4962; x_wconf 89' lang='lat'><strong>;</strong></span> <span class='ocrx_word' id='word_1_366' title='bbox 1791 4897 1883 4952; x_wconf 88' lang='lat' dir='ltr'><strong>sed</strong></span> <span class='ocrx_word' id='word_1_367' title='bbox 1905 4905 2084 4953; x_wconf 87' lang='lat' dir='ltr'><strong>tamen</strong></span> 
     </span>
    </p>
   </div>
   <div class='ocr_carea' id='block_1_54' title="bbox 510 4984 2085 5057">
    <p class='ocr_par' dir='ltr' id='par_1_54' title="bbox 510 4984 2085 5057">
     <span class='ocr_line' id='line_1_54' title="bbox 510 4984 2085 5057; baseline 0.004 -20"><span class='ocrx_word' id='word_1_368' title='bbox 510 4984 657 5037; x_wconf 80' lang='lat' dir='ltr'><strong>salva</strong></span> <span class='ocrx_word' id='word_1_369' title='bbox 685 4985 899 5039; x_wconf 89' lang='lat' dir='ltr'><strong>virtutis</strong></span> <span class='ocrx_word' id='word_1_370' title='bbox 922 4985 1225 5040; x_wconf 82' lang='lat' dir='ltr'><strong>constantia</strong></span> <span class='ocrx_word' id='word_1_371' title='bbox 1254 4986 1415 5041; x_wconf 80' lang='lat' dir='ltr'><strong>liceat</strong></span> <span class='ocrx_word' id='word_1_372' title='bbox 1437 4988 1637 5050; x_wconf 84' lang='lat' dir='ltr'><strong>dicere,</strong></span> <span class='ocrx_word' id='word_1_373' title='bbox 1659 4987 1793 5043; x_wconf 82' lang='lat' dir='ltr'><strong>satis</strong></span> <span class='ocrx_word' id='word_1_374' title='bbox 1816 5002 2085 5057; x_wconf 83' lang='lat' dir='ltr'><strong>superque</strong></span> 
     </span>
    </p>
   </div>
   <div class='ocr_carea' id='block_1_55' title="bbox 508 5074 2092 5140">
    <p class='ocr_par' dir='ltr' id='par_1_55' title="bbox 508 5074 2092 5140">
     <span class='ocr_line' id='line_1_55' title="bbox 508 5074 2092 5140; baseline 0.006 -14"><span class='ocrx_word' id='word_1_375' title='bbox 508 5088 629 5127; x_wconf 84' lang='lat' dir='ltr'><strong>esse</strong></span> <span class='ocrx_word' id='word_1_376' title='bbox 670 5074 896 5140; x_wconf 83' lang='lat' dir='ltr'><strong>laboris,</strong></span> <span class='ocrx_word' id='word_1_377' title='bbox 934 5076 979 5132; x_wconf 83' lang='lat' dir='ltr'><strong>si</strong></span> <span class='ocrx_word' id='word_1_378' title='bbox 1025 5093 1053 5130; x_wconf 85' lang='lat' dir='ltr'><strong>a</strong></span> <span class='ocrx_word' id='word_1_379' title='bbox 1092 5076 1224 5132; x_wconf 88' lang='lat' dir='ltr'><strong>foris</strong></span> <span class='ocrx_word' id='word_1_380' title='bbox 1267 5077 1320 5133; x_wconf 92' lang='lat' dir='ltr'><strong>in</strong></span> <span class='ocrx_word' id='word_1_381' title='bbox 1363 5077 1514 5134; x_wconf 87' lang='lat' dir='ltr'><strong>falsis</strong></span> <span class='ocrx_word' id='word_1_382' title='bbox 1556 5078 1815 5134; x_wconf 88' lang='lat' dir='ltr'><strong>fratribus</strong></span> <span class='ocrx_word' id='word_1_383' title='bbox 1856 5078 1996 5134; x_wconf 89' lang='lat' dir='ltr'><strong>bella</strong></span> <span class='ocrx_word' id='word_1_384' title='bbox 2029 5087 2092 5135; x_wconf 81' lang='lat' dir='ltr'><strong>et</strong></span> 
     </span>
    </p>
   </div>
   <div class='ocr_carea' id='block_1_56' title="bbox 512 5163 2087 5230">
    <p class='ocr_par' dir='ltr' id='par_1_56' title="bbox 512 5163 2087 5230">
     <span class='ocr_line' id='line_1_56' title="bbox 512 5163 2087 5230; baseline 0.004 -13"><span class='ocrx_word' id='word_1_385' title='bbox 512 5163 799 5227; x_wconf 71' lang='lat' dir='ltr'><strong>seditiones</strong></span> <span class='ocrx_word' id='word_1_386' title='bbox 826 5177 1059 5230; x_wconf 89' lang='lat' dir='ltr'><strong>cessent,</strong></span> <span class='ocrx_word' id='word_1_387' title='bbox 1092 5167 1315 5224; x_wconf 89' lang='lat' dir='ltr'><strong>interius</strong></span> <span class='ocrx_word' id='word_1_388' title='bbox 1340 5184 1468 5224; x_wconf 88' lang='lat' dir='ltr'><strong>vero</strong></span> <span class='ocrx_word' id='word_1_389' title='bbox 1497 5169 1661 5223; x_wconf 87' lang='lat' dir='ltr'><strong>nostri</strong></span> <span class='ocrx_word' id='word_1_390' title='bbox 1691 5177 1915 5223; x_wconf 87' lang='lat' dir='ltr'><strong>conatus</strong></span> <span class='ocrx_word' id='word_1_391' title='bbox 1943 5169 2087 5224; x_wconf 87' lang='lat' dir='ltr'><strong>vires</strong></span> 
     </span>
    </p>
   </div>
   <div class='ocr_carea' id='block_1_57' title="bbox 512 5256 2088 5326">
    <p class='ocr_par' dir='ltr' id='par_1_57' title="bbox 512 5256 2088 5326">
     <span class='ocr_line' id='line_1_57' title="bbox 512 5256 2088 5326; baseline 0.008 -20"><span class='ocrx_word' id='word_1_392' title='bbox 512 5262 697 5319; x_wconf 81' lang='lat' dir='ltr'><strong>contra</strong></span> <span class='ocrx_word' id='word_1_393' title='bbox 736 5256 941 5326; x_wconf 88' lang='lat' dir='ltr'><strong>antiqui</strong></span> <span class='ocrx_word' id='word_1_394' title='bbox 980 5260 1150 5319; x_wconf 87' lang='lat' dir='ltr'><strong>hostis</strong></span> <span class='ocrx_word' id='word_1_395' title='bbox 1188 5270 1513 5317; x_wconf 87' lang='lat' dir='ltr'><strong>tentamenta</strong></span> <span class='ocrx_word' id='word_1_396' title='bbox 1553 5262 1869 5325; x_wconf 58' lang='lat' dir='ltr'><strong>decertent&#39;,</strong></span> <span class='ocrx_word' id='word_1_397' title='bbox 1915 5264 2088 5318; x_wconf 85' lang='lat' dir='ltr'><strong>donec</strong></span> 
     </span>
    </p>
   </div>
   <div class='ocr_carea' id='block_1_58' title="bbox 515 5344 1279 5374">
    <p class='ocr_par' dir='ltr' id='par_1_58' title="bbox 515 5344 1279 5374">
     <span class='ocr_line' id='line_1_58' title="bbox 515 5344 1279 5374; baseline 0 0"><span class='ocrx_word' id='word_1_398' title='bbox 515 5344 597 5374; x_wconf 56' lang='grc' dir='ltr'><strong>..ιβ</strong></span> <span class='ocrx_word' id='word_1_399' title='bbox 638 5358 774 5374; x_wconf 64' lang='grc' dir='ltr'><strong>αισι-ιιι</strong></span> <span class='ocrx_word' id='word_1_400' title='bbox 790 5353 906 5374; x_wconf 59' lang='grc' dir='ltr'>θιιῇη</span> <span class='ocrx_word' id='word_1_401' title='bbox 937 5349 1029 5374; x_wconf 63' lang='grc' dir='ltr'><strong>“Αξ</strong></span> <span class='ocrx_word' id='word_1_402' title='bbox 1066 5362 1279 5374; x_wconf 58' lang='grc' dir='ltr'><strong>Δ--ΔΔ“ΔΙ</strong></span> 
     </span>
    </p>
   </div>
   <div class='ocr_carea' id='block_1_59' title="bbox 2189 460 3771 537">
    <p class='ocr_par' dir='ltr' id='par_1_59' title="bbox 2189 460 3771 537">
     <span class='ocr_line' id='line_1_59' title="bbox 2189 460 3771 537; baseline -0.007 -13"><span class='ocrx_word' id='word_1_403' title='bbox 2189 470 2602 537; x_wconf 89' lang='lat' dir='ltr'><strong>innumerosque</strong></span> <span class='ocrx_word' id='word_1_404' title='bbox 2624 474 2763 521; x_wconf 71' lang='lat' dir='ltr'><strong>nota:</strong></span> <span class='ocrx_word' id='word_1_405' title='bbox 2785 463 2977 520; x_wconf 80' lang='lat' dir='ltr'><strong>frontis</strong></span> <span class='ocrx_word' id='word_1_406' title='bbox 3003 461 3212 529; x_wconf 87' lang='lat' dir='ltr'><strong>Patres,</strong></span> <span class='ocrx_word' id='word_1_407' title='bbox 3237 471 3292 517; x_wconf 91' lang='lat' dir='ltr'><strong>et</strong></span> <span class='ocrx_word' id='word_1_408' title='bbox 3317 460 3554 516; x_wconf 84' lang='lat' dir='ltr'><strong>exterius</strong></span> <span class='ocrx_word' id='word_1_409' title='bbox 3577 468 3698 517; x_wconf 87' lang='lat' dir='ltr'><strong>cont</strong></span> <span class='ocrx_word' id='word_1_410' title='bbox 3709 473 3771 514; x_wconf 87' lang='lat' dir='ltr'><strong>ra</strong></span> 
     </span>
    </p>
   </div>
   <div class='ocr_carea' id='block_1_60' title="bbox 2187 552 3767 630">
    <p class='ocr_par' dir='ltr' id='par_1_60' title="bbox 2187 552 3767 630">
     <span class='ocr_line' id='line_1_60' title="bbox 2187 552 3767 630; baseline -0.007 -16"><span class='ocrx_word' id='word_1_411' title='bbox 2187 559 2458 630; x_wconf 85' lang='lat' dir='ltr'><strong>apostolos</strong></span> <span class='ocrx_word' id='word_1_412' title='bbox 2495 568 2549 612; x_wconf 91' lang='lat' dir='ltr'><strong>et</strong></span> <span class='ocrx_word' id='word_1_413' title='bbox 2590 555 2881 626; x_wconf 90' lang='lat' dir='ltr'><strong>discipulos</strong></span> <span class='ocrx_word' id='word_1_414' title='bbox 2908 554 3126 609; x_wconf 65' lang='lat' dir='ltr'><strong>Satanae</strong></span> <span class='ocrx_word' id='word_1_415' title='bbox 3151 593 3166 619; x_wconf 92' lang='lat'><strong>,</strong></span> <span class='ocrx_word' id='word_1_416' title='bbox 3208 561 3262 609; x_wconf 89' lang='lat' dir='ltr'><strong>et</strong></span> <span class='ocrx_word' id='word_1_417' title='bbox 3304 552 3532 608; x_wconf 90' lang='lat' dir='ltr'><strong>interius</strong></span> <span class='ocrx_word' id='word_1_418' title='bbox 3574 560 3767 606; x_wconf 90' lang='lat' dir='ltr'><strong>contra</strong></span> 
     </span>
    </p>
   </div>
   <div class='ocr_carea' id='block_1_61' title="bbox 2187 639 3768 718">
    <p class='ocr_par' dir='ltr' id='par_1_61' title="bbox 2187 639 3768 718">
     <span class='ocr_line' id='line_1_61' title="bbox 2187 639 3768 718; baseline -0.006 -15"><span class='ocrx_word' id='word_1_419' title='bbox 2187 647 2489 718; x_wconf 88' lang='lat' dir='ltr'><strong>spiritualia</strong></span> <span class='ocrx_word' id='word_1_420' title='bbox 2522 645 2775 716; x_wconf 69' lang='lat' dir='ltr'><strong>nequitia:</strong></span> <span class='ocrx_word' id='word_1_421' title='bbox 2802 657 2974 714; x_wconf 89' lang='lat' dir='ltr'><strong>usque</strong></span> <span class='ocrx_word' id='word_1_422' title='bbox 3003 643 3069 698; x_wconf 92' lang='lat' dir='ltr'><strong>ad</strong></span> <span class='ocrx_word' id='word_1_423' title='bbox 3099 643 3338 698; x_wconf 73' lang='lat' dir='ltr'><strong>victoria:</strong></span> <span class='ocrx_word' id='word_1_424' title='bbox 3366 656 3621 697; x_wconf 90' lang='lat' dir='ltr'><strong>coronam</strong></span> <span class='ocrx_word' id='word_1_425' title='bbox 3652 639 3768 695; x_wconf 85' lang='lat' dir='ltr'><strong>for-</strong></span> 
     </span>
    </p>
   </div>
   <div class='ocr_carea' id='block_1_62' title="bbox 2191 737 3769 809">
    <p class='ocr_par' dir='ltr' id='par_1_62' title="bbox 2191 737 3769 809">
     <span class='ocr_line' id='line_1_62' title="bbox 2191 737 3769 809; baseline -0.003 -13"><span class='ocrx_word' id='word_1_426' title='bbox 2191 742 2315 796; x_wconf 90' lang='lat' dir='ltr'><strong>titer</strong></span> <span class='ocrx_word' id='word_1_427' title='bbox 2338 741 2642 796; x_wconf 88' lang='lat' dir='ltr'><strong>dimicasse.</strong></span> <span class='ocrx_word' id='word_1_428' title='bbox 2688 739 2970 795; x_wconf 82' lang='lat' dir='ltr'><strong>Assentior</strong></span> <span class='ocrx_word' id='word_1_429' title='bbox 2997 738 3248 809; x_wconf 89' lang='lat' dir='ltr'><strong>quidem,</strong></span> <span class='ocrx_word' id='word_1_430' title='bbox 3286 737 3477 803; x_wconf 89' lang='lat' dir='ltr'><strong>frater,</strong></span> <span class='ocrx_word' id='word_1_431' title='bbox 3522 738 3607 792; x_wconf 86' lang='lat' dir='ltr'><strong>his</strong></span> <span class='ocrx_word' id='word_1_432' title='bbox 3647 751 3769 805; x_wconf 66' lang='lat' dir='ltr'><strong>qua:</strong></span> 
     </span>
    </p>
   </div>
   <div class='ocr_carea' id='block_1_63' title="bbox 2191 829 3771 902">
    <p class='ocr_par' dir='ltr' id='par_1_63' title="bbox 2191 829 3771 902">
     <span class='ocr_line' id='line_1_63' title="bbox 2191 829 3771 902; baseline -0.004 -14"><span class='ocrx_word' id='word_1_433' title='bbox 2191 841 2298 888; x_wconf 83' lang='lat' dir='ltr'><strong>tum</strong></span> <span class='ocrx_word' id='word_1_434' title='bbox 2338 848 2495 897; x_wconf 89' lang='lat' dir='ltr'><strong>vere,</strong></span> <span class='ocrx_word' id='word_1_435' title='bbox 2538 841 2647 887; x_wconf 91' lang='lat' dir='ltr'><strong>tum</strong></span> <span class='ocrx_word' id='word_1_436' title='bbox 2692 831 2904 887; x_wconf 90' lang='lat' dir='ltr'><strong>curiose</strong></span> <span class='ocrx_word' id='word_1_437' title='bbox 2945 830 3360 902; x_wconf 82' lang='lat' dir='ltr'><strong>argumentaris.</strong></span> <span class='ocrx_word' id='word_1_438' title='bbox 3407 829 3535 884; x_wconf 83' lang='lat' dir='ltr'><strong>Mihi</strong></span> <span class='ocrx_word' id='word_1_439' title='bbox 3587 837 3771 882; x_wconf 86' lang='lat' dir='ltr'><strong>tamen</strong></span> 
     </span>
    </p>
   </div>
   <div class='ocr_carea' id='block_1_64' title="bbox 2188 917 3775 980">
    <p class='ocr_par' dir='ltr' id='par_1_64' title="bbox 2188 917 3775 980">
     <span class='ocr_line' id='line_1_64' title="bbox 2188 917 3775 980; baseline -0.005 0"><span class='ocrx_word' id='word_1_440' title='bbox 2188 940 2295 980; x_wconf 93' lang='lat' dir='ltr'><strong>non</strong></span> <span class='ocrx_word' id='word_1_441' title='bbox 2335 924 2466 979; x_wconf 88' lang='lat' dir='ltr'><strong>satis</strong></span> <span class='ocrx_word' id='word_1_442' title='bbox 2498 932 2643 979; x_wconf 90' lang='lat' dir='ltr'><strong>recte</strong></span> <span class='ocrx_word' id='word_1_443' title='bbox 2671 937 2885 978; x_wconf 87' lang='lat' dir='ltr'><strong>onmem</strong></span> <span class='ocrx_word' id='word_1_444' title='bbox 2920 921 3216 977; x_wconf 91' lang='lat' dir='ltr'><strong>electorum</strong></span> <span class='ocrx_word' id='word_1_445' title='bbox 3247 918 3544 975; x_wconf 89' lang='lat' dir='ltr'><strong>Ecelesiam</strong></span> <span class='ocrx_word' id='word_1_446' title='bbox 3578 919 3632 973; x_wconf 93' lang='lat' dir='ltr'><strong>in</strong></span> <span class='ocrx_word' id='word_1_447' title='bbox 3660 917 3775 972; x_wconf 77' lang='lat' dir='ltr'><strong>hoc</strong></span> 
     </span>
    </p>
   </div>
   <div class='ocr_carea' id='block_1_65' title="bbox 2187 1010 3768 1089">
    <p class='ocr_par' dir='ltr' id='par_1_65' title="bbox 2187 1010 3768 1089">
     <span class='ocr_line' id='line_1_65' title="bbox 2187 1010 3768 1089; baseline -0.003 -19"><span class='ocrx_word' id='word_1_448' title='bbox 2187 1031 2377 1089; x_wconf 81' lang='lat' dir='ltr'><strong>pugnae</strong></span> <span class='ocrx_word' id='word_1_449' title='bbox 2405 1017 2581 1071; x_wconf 90' lang='lat' dir='ltr'><strong>studio</strong></span> <span class='ocrx_word' id='word_1_450' title='bbox 2610 1015 2934 1071; x_wconf 89' lang='lat' dir='ltr'><strong>concludere</strong></span> <span class='ocrx_word' id='word_1_451' title='bbox 2969 1015 3189 1070; x_wconf 87' lang='lat' dir='ltr'><strong>videris.</strong></span> <span class='ocrx_word' id='word_1_452' title='bbox 3236 1012 3371 1067; x_wconf 81' lang='lat' dir='ltr'><strong>Nam</strong></span> <span class='ocrx_word' id='word_1_453' title='bbox 3413 1021 3467 1068; x_wconf 93' lang='lat' dir='ltr'><strong>et</strong></span> <span class='ocrx_word' id='word_1_454' title='bbox 3498 1012 3564 1067; x_wconf 88' lang='lat' dir='ltr'><strong>de</strong></span> <span class='ocrx_word' id='word_1_455' title='bbox 3612 1010 3768 1066; x_wconf 78' lang='lat' dir='ltr'><strong>fastis</strong></span> 
     </span>
    </p>
   </div>
   <div class='ocr_carea' id='block_1_66' title="bbox 2187 1101 3765 1170">
    <p class='ocr_par' dir='ltr' id='par_1_66' title="bbox 2187 1101 3765 1170">
     <span class='ocr_line' id='line_1_66' title="bbox 2187 1101 3765 1170; baseline -0.004 -10"><span class='ocrx_word' id='word_1_456' title='bbox 2187 1114 2243 1160; x_wconf 90' lang='lat' dir='ltr'><strong>et</strong></span> <span class='ocrx_word' id='word_1_457' title='bbox 2281 1104 2585 1169; x_wconf 90' lang='lat' dir='ltr'><strong>chronicis,</strong></span> <span class='ocrx_word' id='word_1_458' title='bbox 2645 1120 2753 1159; x_wconf 90' lang='lat' dir='ltr'><strong>tmo</strong></span> <span class='ocrx_word' id='word_1_459' title='bbox 2792 1120 2837 1160; x_wconf 82' lang='lat' dir='ltr'><strong>St</strong></span> <span class='ocrx_word' id='word_1_460' title='bbox 2878 1109 2944 1159; x_wconf 82' lang='lat' dir='ltr'><strong>de</strong></span> <span class='ocrx_word' id='word_1_461' title='bbox 2984 1102 3310 1158; x_wconf 88' lang='lat' dir='ltr'><strong>authenticis</strong></span> <span class='ocrx_word' id='word_1_462' title='bbox 3372 1101 3765 1170; x_wconf 89' lang='lat' dir='ltr'><strong>scripturarum</strong></span> 
     </span>
    </p>
   </div>
   <div class='ocr_carea' id='block_1_67' title="bbox 2188 1192 3775 1264">
    <p class='ocr_par' dir='ltr' id='par_1_67' title="bbox 2188 1192 3775 1264">
     <span class='ocr_line' id='line_1_67' title="bbox 2188 1192 3775 1264; baseline -0.004 -13"><span class='ocrx_word' id='word_1_463' title='bbox 2188 1196 2529 1252; x_wconf 90' lang='lat' dir='ltr'><strong>monimentis</strong></span> <span class='ocrx_word' id='word_1_464' title='bbox 2557 1196 2665 1252; x_wconf 92' lang='lat' dir='ltr'><strong>Deo</strong></span> <span class='ocrx_word' id='word_1_465' title='bbox 2701 1194 3044 1249; x_wconf 90' lang='lat' dir='ltr'><strong>militantium</strong></span> <span class='ocrx_word' id='word_1_466' title='bbox 3079 1193 3298 1264; x_wconf 79' lang='lat' dir='ltr'><strong>colligas</strong></span> <span class='ocrx_word' id='word_1_467' title='bbox 3334 1192 3553 1247; x_wconf 86' lang='lat' dir='ltr'><strong>annales</strong></span> <span class='ocrx_word' id='word_1_468' title='bbox 3574 1232 3588 1257; x_wconf 90' lang='lat'><strong>,</strong></span> <span class='ocrx_word' id='word_1_469' title='bbox 3620 1198 3775 1245; x_wconf 84' lang='lat' dir='ltr'><strong>certe</strong></span> 
     </span>
    </p>
   </div>
   <div class='ocr_carea' id='block_1_68' title="bbox 2188 1280 3769 1356">
    <p class='ocr_par' dir='ltr' id='par_1_68' title="bbox 2188 1280 3769 1356">
     <span class='ocr_line' id='line_1_68' title="bbox 2188 1280 3769 1356; baseline -0.003 -16"><span class='ocrx_word' id='word_1_470' title='bbox 2188 1295 2294 1340; x_wconf 91' lang='lat' dir='ltr'><strong>tam</strong></span> <span class='ocrx_word' id='word_1_471' title='bbox 2327 1285 2660 1352; x_wconf 89' lang='lat' dir='ltr'><strong>theoreticis,</strong></span> <span class='ocrx_word' id='word_1_472' title='bbox 2693 1300 2852 1356; x_wconf 90' lang='lat' dir='ltr'><strong>quam</strong></span> <span class='ocrx_word' id='word_1_473' title='bbox 2883 1284 3157 1355; x_wconf 89' lang='lat' dir='ltr'><strong>praeticis,</strong></span> <span class='ocrx_word' id='word_1_474' title='bbox 3186 1284 3288 1338; x_wconf 90' lang='lat' dir='ltr'><strong>hoc</strong></span> <span class='ocrx_word' id='word_1_475' title='bbox 3318 1291 3400 1337; x_wconf 91' lang='lat' dir='ltr'><strong>est</strong></span> <span class='ocrx_word' id='word_1_476' title='bbox 3436 1290 3546 1336; x_wconf 88' lang='lat' dir='ltr'><strong>tam</strong></span> <span class='ocrx_word' id='word_1_477' title='bbox 3578 1280 3769 1335; x_wconf 86' lang='lat' dir='ltr'><strong>otiosis</strong></span> 
     </span>
    </p>
   </div>
   <div class='ocr_carea' id='block_1_69' title="bbox 2185 1374 3768 1447">
    <p class='ocr_par' dir='ltr' id='par_1_69' title="bbox 2185 1374 3768 1447">
     <span class='ocr_line' id='line_1_69' title="bbox 2185 1374 3768 1447; baseline -0.001 -20"><span class='ocrx_word' id='word_1_478' title='bbox 2185 1393 2347 1447; x_wconf 81' lang='lat' dir='ltr'><strong>quam</strong></span> <span class='ocrx_word' id='word_1_479' title='bbox 2377 1377 2668 1447; x_wconf 82' lang='lat' dir='ltr'><strong>negotiosis</strong></span> <span class='ocrx_word' id='word_1_480' title='bbox 2695 1376 3003 1442; x_wconf 85' lang='lat' dir='ltr'><strong>virtutibus,</strong></span> <span class='ocrx_word' id='word_1_481' title='bbox 3035 1390 3128 1430; x_wconf 90' lang='lat' dir='ltr'><strong>eos</strong></span> <span class='ocrx_word' id='word_1_482' title='bbox 3173 1374 3282 1430; x_wconf 90' lang='lat' dir='ltr'><strong>Deo</strong></span> <span class='ocrx_word' id='word_1_483' title='bbox 3310 1374 3579 1445; x_wconf 88' lang='lat' dir='ltr'><strong>placuisse</strong></span> <span class='ocrx_word' id='word_1_484' title='bbox 3612 1375 3768 1426; x_wconf 82' lang='lat' dir='ltr'><strong>inve-</strong></span> 
     </span>
    </p>
   </div>
   <div class='ocr_carea' id='block_1_70' title="bbox 2186 1464 3771 1538">
    <p class='ocr_par' dir='ltr' id='par_1_70' title="bbox 2186 1464 3771 1538">
     <span class='ocr_line' id='line_1_70' title="bbox 2186 1464 3771 1538; baseline -0.006 -15"><span class='ocrx_word' id='word_1_485' title='bbox 2186 1469 2322 1524; x_wconf 86' lang='lat' dir='ltr'><strong>nies.</strong></span> <span class='ocrx_word' id='word_1_486' title='bbox 2356 1470 2421 1523; x_wconf 88' lang='lat' dir='ltr'><strong>Et</strong></span> <span class='ocrx_word' id='word_1_487' title='bbox 2458 1479 2515 1523; x_wconf 93' lang='lat' dir='ltr'><strong>ut</strong></span> <span class='ocrx_word' id='word_1_488' title='bbox 2544 1483 2715 1538; x_wconf 88' lang='lat' dir='ltr'><strong>pauca</strong></span> <span class='ocrx_word' id='word_1_489' title='bbox 2746 1468 2813 1523; x_wconf 91' lang='lat' dir='ltr'><strong>de</strong></span> <span class='ocrx_word' id='word_1_490' title='bbox 2841 1468 2927 1523; x_wconf 91' lang='lat' dir='ltr'><strong>his</strong></span> <span class='ocrx_word' id='word_1_491' title='bbox 2961 1468 3015 1522; x_wconf 92' lang='lat' dir='ltr'><strong>in</strong></span> <span class='ocrx_word' id='word_1_492' title='bbox 3048 1475 3423 1537; x_wconf 83' lang='lat' dir='ltr'><strong>argumentum</strong></span> <span class='ocrx_word' id='word_1_493' title='bbox 3465 1464 3588 1518; x_wconf 69' lang='lat' dir='ltr'><strong>ﬁtci</strong></span> <span class='ocrx_word' id='word_1_494' title='bbox 3619 1479 3771 1518; x_wconf 83' lang='lat' dir='ltr'><strong>con:-</strong></span> 
     </span>
    </p>
   </div>
   <div class='ocr_carea' id='block_1_71' title="bbox 2185 1555 3769 1632">
    <p class='ocr_par' dir='ltr' id='par_1_71' title="bbox 2185 1555 3769 1632">
     <span class='ocr_line' id='line_1_71' title="bbox 2185 1555 3769 1632; baseline -0.003 -18"><span class='ocrx_word' id='word_1_495' title='bbox 2185 1561 2380 1630; x_wconf 89' lang='lat' dir='ltr'><strong>pendio</strong></span> <span class='ocrx_word' id='word_1_496' title='bbox 2425 1561 2787 1632; x_wconf 84' lang='lat' dir='ltr'><strong>perstringam</strong></span> <span class='ocrx_word' id='word_1_497' title='bbox 2820 1601 2834 1625; x_wconf 95' lang='lat'><strong>,</strong></span> <span class='ocrx_word' id='word_1_498' title='bbox 2910 1560 3193 1615; x_wconf 91' lang='lat' dir='ltr'><strong>considera</strong></span> <span class='ocrx_word' id='word_1_499' title='bbox 3243 1558 3343 1613; x_wconf 90' lang='lat' dir='ltr'><strong>sub</strong></span> <span class='ocrx_word' id='word_1_500' title='bbox 3391 1556 3579 1612; x_wconf 86' lang='lat' dir='ltr'><strong>umbra</strong></span> <span class='ocrx_word' id='word_1_501' title='bbox 3632 1555 3769 1624; x_wconf 76' lang='lat' dir='ltr'><strong>legis</strong></span> 
     </span>
    </p>
   </div>
   <div class='ocr_carea' id='block_1_72' title="bbox 2183 1645 3763 1717">
    <p class='ocr_par' dir='ltr' id='par_1_72' title="bbox 2183 1645 3763 1717">
     <span class='ocr_line' id='line_1_72' title="bbox 2183 1645 3763 1717; baseline -0.005 -10"><span class='ocrx_word' id='word_1_502' title='bbox 2183 1650 2364 1717; x_wconf 87' lang='lat' dir='ltr'><strong>Josue,</strong></span> <span class='ocrx_word' id='word_1_503' title='bbox 2399 1652 2613 1707; x_wconf 87' lang='lat' dir='ltr'><strong>Gedeon</strong></span> <span class='ocrx_word' id='word_1_504' title='bbox 2633 1692 2647 1717; x_wconf 96' lang='lat'><strong>,</strong></span> <span class='ocrx_word' id='word_1_505' title='bbox 2680 1649 2878 1716; x_wconf 89' lang='lat' dir='ltr'><strong>David,</strong></span> <span class='ocrx_word' id='word_1_506' title='bbox 2923 1660 2977 1706; x_wconf 90' lang='lat' dir='ltr'><strong>et</strong></span> <span class='ocrx_word' id='word_1_507' title='bbox 3009 1664 3261 1705; x_wconf 91' lang='lat' dir='ltr'><strong>coronam</strong></span> <span class='ocrx_word' id='word_1_508' title='bbox 3294 1645 3763 1710; x_wconf 69' lang='lat' dir='ltr'><strong>Mne-balneorum;</strong></span> 
     </span>
    </p>
   </div>
   <div class='ocr_carea' id='block_1_73' title="bbox 2117 1727 3768 1815">
    <p class='ocr_par' dir='ltr' id='par_1_73' title="bbox 2117 1727 3768 1815">
     <span class='ocr_line' id='line_1_73' title="bbox 2117 1727 3768 1815; baseline -0.006 -16"><span class='ocrx_word' id='word_1_509' title='bbox 2117 1727 2158 1787; x_wconf 70' lang='grc' dir='ltr'><strong>Β</strong></span> <span class='ocrx_word' id='word_1_510' title='bbox 2187 1742 2309 1798; x_wconf 85' lang='lat' dir='ltr'><strong>dein</strong></span> <span class='ocrx_word' id='word_1_511' title='bbox 2349 1741 2589 1815; x_wconf 78' lang='lat' dir='ltr'><strong>Moysen,</strong></span> <span class='ocrx_word' id='word_1_512' title='bbox 2615 1750 2667 1797; x_wconf 93' lang='lat' dir='ltr'><strong>et</strong></span> <span class='ocrx_word' id='word_1_513' title='bbox 2700 1740 3133 1805; x_wconf 73' lang='lat' dir='ltr'><strong>Aaron,&#39;E|iam,</strong></span> <span class='ocrx_word' id='word_1_514' title='bbox 3170 1747 3224 1794; x_wconf 91' lang='lat' dir='ltr'><strong>et</strong></span> <span class='ocrx_word' id='word_1_515' title='bbox 3250 1738 3524 1802; x_wconf 67' lang='lat' dir='ltr'><strong>Elisrenm,</strong></span> <span class='ocrx_word' id='word_1_516' title='bbox 3554 1746 3609 1792; x_wconf 87' lang='lat' dir='ltr'><strong>et</strong></span> <span class='ocrx_word' id='word_1_517' title='bbox 3636 1750 3768 1808; x_wconf 85' lang='lat' dir='ltr'><strong>pro-</strong></span> 
     </span>
    </p>
   </div>
   <div class='ocr_carea' id='block_1_74' title="bbox 2112 3062 2155 3124">
    <p class='ocr_par' dir='ltr' id='par_1_74' title="bbox 2112 3062 2155 3124">
     <span class='ocr_line' id='line_1_74' title="bbox 2112 3062 2155 3124; baseline 0 -1"><span class='ocrx_word' id='word_1_518' title='bbox 2112 3062 2155 3124; x_wconf 85' lang='lat' dir='ltr'>C</span> 
     </span>
    </p>
   </div>
   <div class='ocr_carea' id='block_1_75' title="bbox 2114 4391 2161 4452">
    <p class='ocr_par' dir='ltr' id='par_1_75' title="bbox 2114 4391 2161 4452">
     <span class='ocr_line' id='line_1_75' title="bbox 2114 4391 2161 4452; baseline 0 0"><span class='ocrx_word' id='word_1_519' title='bbox 2114 4391 2161 4452; x_wconf 80' lang='grc' dir='ltr'><strong>Ι)</strong></span> 
     </span>
    </p>
   </div>
   <div class='ocr_carea' id='block_1_76' title="bbox 2183 1825 3769 1902">
    <p class='ocr_par' dir='ltr' id='par_1_76' title="bbox 2183 1825 3769 1902">
     <span class='ocr_line' id='line_1_76' title="bbox 2183 1825 3769 1902; baseline -0.003 -16"><span class='ocrx_word' id='word_1_520' title='bbox 2183 1834 2467 1902; x_wconf 90' lang='lat' dir='ltr'><strong>phetarum</strong></span> <span class='ocrx_word' id='word_1_521' title='bbox 2507 1836 2751 1889; x_wconf 86' lang='lat' dir='ltr'><strong>chorum.</strong></span> <span class='ocrx_word' id='word_1_522' title='bbox 2790 1833 2871 1888; x_wconf 82' lang='lat' dir='ltr'><strong>Ad</strong></span> <span class='ocrx_word' id='word_1_523' title='bbox 2911 1846 3175 1887; x_wconf 89' lang='lat' dir='ltr'><strong>summam</strong></span> <span class='ocrx_word' id='word_1_524' title='bbox 3218 1839 3342 1885; x_wconf 87' lang='lat' dir='ltr'><strong>nota</strong></span> <span class='ocrx_word' id='word_1_525' title='bbox 3380 1830 3520 1899; x_wconf 88' lang='lat' dir='ltr'><strong>quod</strong></span> <span class='ocrx_word' id='word_1_526' title='bbox 3569 1825 3769 1882; x_wconf 83' lang='lat' dir='ltr'><strong>Paulus</strong></span> 
     </span>
    </p>
   </div>
   <div class='ocr_carea' id='block_1_77' title="bbox 2183 1915 3766 1994">
    <p class='ocr_par' dir='ltr' id='par_1_77' title="bbox 2183 1915 3766 1994">
     <span class='ocr_line' id='line_1_77' title="bbox 2183 1915 3766 1994; baseline -0.007 -13"><span class='ocrx_word' id='word_1_527' title='bbox 2183 1926 2249 1981; x_wconf 89' lang='lat' dir='ltr'><strong>de</strong></span> <span class='ocrx_word' id='word_1_528' title='bbox 2291 1925 2481 1979; x_wconf 87' lang='lat' dir='ltr'><strong>iisdem</strong></span> <span class='ocrx_word' id='word_1_529' title='bbox 2515 1925 2750 1994; x_wconf 87' lang='lat' dir='ltr'><strong>antiquis</strong></span> <span class='ocrx_word' id='word_1_530' title='bbox 2790 1923 3040 1979; x_wconf 85' lang='lat' dir='ltr'><strong>Patribus</strong></span> <span class='ocrx_word' id='word_1_531' title='bbox 3079 1922 3222 1978; x_wconf 89' lang='lat' dir='ltr'><strong>dicat</strong></span> <span class='ocrx_word' id='word_1_532' title='bbox 3255 1938 3268 1975; x_wconf 92' lang='lat'><strong>:</strong></span> <span class='ocrx_word' id='word_1_533' title='bbox 3304 1916 3516 1980; x_wconf 80' lang='lat' dir='ltr'><strong>Sancti,</strong></span> <span class='ocrx_word' id='word_1_534' title='bbox 3544 1915 3766 1987; x_wconf 80' lang='lat' dir='ltr'><strong>inquit,</strong></span> 
     </span>
    </p>
   </div>
   <div class='ocr_carea' id='block_1_78' title="bbox 2181 2016 3781 2089">
    <p class='ocr_par' dir='ltr' id='par_1_78' title="bbox 2181 2016 3781 2089">
     <span class='ocr_line' id='line_1_78' title="bbox 2181 2016 3781 2089; baseline -0.006 -19"><span class='ocrx_word' id='word_1_535' title='bbox 2181 2033 2274 2089; x_wconf 84' lang='lat' dir='ltr'><strong>per</strong></span> <span class='ocrx_word' id='word_1_536' title='bbox 2304 2017 2461 2084; x_wconf 80' lang='lat' dir='ltr'><strong>[idem</strong></span> <span class='ocrx_word' id='word_1_537' title='bbox 2495 2018 2725 2071; x_wconf 81' lang='lat' dir='ltr'><strong>vicerunt</strong></span> <span class='ocrx_word' id='word_1_538' title='bbox 2767 2030 2943 2085; x_wconf 76' lang='lat' dir='ltr'><strong>regna,</strong></span> <span class='ocrx_word' id='word_1_539' title='bbox 2985 2022 3040 2068; x_wconf 92' lang='lat' dir='ltr'><strong>et</strong></span> <span class='ocrx_word' id='word_1_540' title='bbox 3084 2021 3279 2068; x_wconf 75' lang='lat' dir='ltr'><strong>cmtera</strong></span> <span class='ocrx_word' id='word_1_541' title='bbox 3317 2026 3435 2080; x_wconf 74' lang='lat' dir='ltr'><strong>qua:</strong></span> <span class='ocrx_word' id='word_1_542' title='bbox 3466 2016 3781 2079; x_wconf 81' lang='lat' dir='ltr'><strong>sequuntur</strong></span> 
     </span>
    </p>
   </div>
   <div class='ocr_carea' id='block_1_79' title="bbox 2184 2099 3769 2176">
    <p class='ocr_par' dir='ltr' id='par_1_79' title="bbox 2184 2099 3769 2176">
     <span class='ocr_line' id='line_1_79' title="bbox 2184 2099 3769 2176; baseline -0.007 -15"><span class='ocrx_word' id='word_1_543' title='bbox 2184 2120 2351 2176; x_wconf 79' lang='lat' dir='ltr'><strong>usque</strong></span> <span class='ocrx_word' id='word_1_544' title='bbox 2385 2106 2698 2160; x_wconf 83' lang='lat' dir='ltr'><strong>circttiertmt</strong></span> <span class='ocrx_word' id='word_1_545' title='bbox 2729 2105 2782 2159; x_wconf 82' lang='lat' dir='ltr'><strong>in</strong></span> <span class='ocrx_word' id='word_1_546' title='bbox 2821 2103 3072 2168; x_wconf 85' lang='lat' dir='ltr'><strong>meliotis,</strong></span> <span class='ocrx_word' id='word_1_547' title='bbox 3112 2112 3158 2156; x_wconf 78' lang='lat' dir='ltr'><strong>et</strong></span> <span class='ocrx_word' id='word_1_548' title='bbox 3193 2102 3247 2155; x_wconf 85' lang='lat' dir='ltr'><strong>in</strong></span> <span class='ocrx_word' id='word_1_549' title='bbox 3285 2099 3655 2155; x_wconf 82' lang='lat' dir='ltr'><strong>solitudinibus</strong></span> <span class='ocrx_word' id='word_1_550' title='bbox 3683 2114 3769 2151; x_wconf 76' lang='lat' dir='ltr'><strong>er-</strong></span> 
     </span>
    </p>
   </div>
   <div class='ocr_carea' id='block_1_80' title="bbox 2184 2188 3770 2261">
    <p class='ocr_par' dir='ltr' id='par_1_80' title="bbox 2184 2188 3770 2261">
     <span class='ocr_line' id='line_1_80' title="bbox 2184 2188 3770 2261; baseline -0.005 -11"><span class='ocrx_word' id='word_1_551' title='bbox 2184 2206 2402 2261; x_wconf 86' lang='lat' dir='ltr'><strong>rantes;</strong></span> <span class='ocrx_word' id='word_1_552' title='bbox 2447 2204 2501 2251; x_wconf 91' lang='lat' dir='ltr'><strong>et</strong></span> <span class='ocrx_word' id='word_1_553' title='bbox 2555 2196 2768 2251; x_wconf 89' lang='lat' dir='ltr'><strong>tandem</strong></span> <span class='ocrx_word' id='word_1_554' title='bbox 2820 2195 3071 2250; x_wconf 90' lang='lat' dir='ltr'><strong>omnibus</strong></span> <span class='ocrx_word' id='word_1_555' title='bbox 3115 2191 3449 2247; x_wconf 90' lang='lat' dir='ltr'><strong>enumeratis</strong></span> <span class='ocrx_word' id='word_1_556' title='bbox 3495 2188 3770 2244; x_wconf 64' lang='lat' dir='ltr'><strong>concludit</strong></span> 
     </span>
    </p>
   </div>
   <div class='ocr_carea' id='block_1_81' title="bbox 2185 2280 3770 2353">
    <p class='ocr_par' dir='ltr' id='par_1_81' title="bbox 2185 2280 3770 2353">
     <span class='ocr_line' id='line_1_81' title="bbox 2185 2280 3770 2353; baseline -0.006 -11"><span class='ocrx_word' id='word_1_557' title='bbox 2185 2288 2369 2342; x_wconf 89' lang='lat' dir='ltr'><strong>dicens</strong></span> <span class='ocrx_word' id='word_1_558' title='bbox 2397 2305 2410 2341; x_wconf 91' lang='lat'>:</span> <span class='ocrx_word' id='word_1_559' title='bbox 2450 2287 2518 2340; x_wconf 83' lang='lat' dir='ltr'><strong>Et</strong></span> <span class='ocrx_word' id='word_1_560' title='bbox 2552 2286 2605 2340; x_wconf 87' lang='lat' dir='ltr'><strong>Iti</strong></span> <span class='ocrx_word' id='word_1_561' title='bbox 2642 2298 2817 2339; x_wconf 84' lang='lat' dir='ltr'><strong>omnes</strong></span> <span class='ocrx_word' id='word_1_562' title='bbox 2856 2285 3151 2339; x_wconf 87' lang='lat' dir='ltr'><strong>tes:imonio</strong></span> <span class='ocrx_word' id='word_1_563' title='bbox 3181 2283 3303 2352; x_wconf 82' lang='lat' dir='ltr'><strong>ﬁdei</strong></span> <span class='ocrx_word' id='word_1_564' title='bbox 3339 2281 3541 2353; x_wconf 82' lang='lat' dir='ltr'><strong>probati</strong></span> <span class='ocrx_word' id='word_1_565' title='bbox 3576 2280 3770 2334; x_wconf 76' lang='lat' dir='ltr'><strong>inventi</strong></span> 
     </span>
    </p>
   </div>
   <div class='ocr_carea' id='block_1_82' title="bbox 2183 2369 3785 2444">
    <p class='ocr_par' dir='ltr' id='par_1_82' title="bbox 2183 2369 3785 2444">
     <span class='ocr_line' id='line_1_82' title="bbox 2183 2369 3785 2444; baseline -0.004 -15"><span class='ocrx_word' id='word_1_566' title='bbox 2183 2386 2322 2429; x_wconf 80' lang='lat' dir='ltr'><strong>sunt.</strong></span> <span class='ocrx_word' id='word_1_567' title='bbox 2351 2374 2443 2431; x_wconf 89' lang='lat' dir='ltr'><strong>llis</strong></span> <span class='ocrx_word' id='word_1_568' title='bbox 2465 2384 2520 2430; x_wconf 94' lang='lat' dir='ltr'><strong>et</strong></span> <span class='ocrx_word' id='word_1_569' title='bbox 2545 2373 2874 2443; x_wconf 77' lang='lat' dir='ltr'><strong>huiusmodi,</strong></span> <span class='ocrx_word' id='word_1_570' title='bbox 2900 2374 2943 2429; x_wconf 91' lang='lat' dir='ltr'><strong>si</strong></span> <span class='ocrx_word' id='word_1_571' title='bbox 2968 2373 3295 2444; x_wconf 84' lang='lat' dir='ltr'><strong>diligentiam</strong></span> <span class='ocrx_word' id='word_1_572' title='bbox 3316 2369 3785 2427; x_wconf 42' lang='lat' dir='ltr'><strong>considerationis.</strong></span> 
     </span>
    </p>
   </div>
   <div class='ocr_carea' id='block_1_83' title="bbox 2184 2460 3789 2534">
    <p class='ocr_par' dir='ltr' id='par_1_83' title="bbox 2184 2460 3789 2534">
     <span class='ocr_line' id='line_1_83' title="bbox 2184 2460 3789 2534; baseline -0.004 -14"><span class='ocrx_word' id='word_1_573' title='bbox 2184 2464 2705 2530; x_wconf 67' lang='lat' dir='ltr'><strong>adhibeas,‘videbis</strong></span> <span class='ocrx_word' id='word_1_574' title='bbox 2731 2473 2881 2519; x_wconf 90' lang='lat' dir='ltr'><strong>certe</strong></span> <span class='ocrx_word' id='word_1_575' title='bbox 2915 2463 3254 2534; x_wconf 85' lang='lat' dir='ltr'><strong>patriarchas</strong></span> <span class='ocrx_word' id='word_1_576' title='bbox 3282 2461 3496 2533; x_wconf 90' lang='lat' dir='ltr'><strong>quidem</strong></span> <span class='ocrx_word' id='word_1_577' title='bbox 3529 2460 3789 2528; x_wconf 74' lang='lat' dir='ltr'><strong>practice-</strong></span> 
     </span>
    </p>
   </div>
   <div class='ocr_carea' id='block_1_84' title="bbox 2184 2554 3793 2627">
    <p class='ocr_par' dir='ltr' id='par_1_84' title="bbox 2184 2554 3793 2627">
     <span class='ocr_line' id='line_1_84' title="bbox 2184 2554 3793 2627; baseline -0.004 -15"><span class='ocrx_word' id='word_1_578' title='bbox 2184 2557 2414 2627; x_wconf 87' lang='lat' dir='ltr'><strong>negotiis</strong></span> <span class='ocrx_word' id='word_1_579' title='bbox 2464 2556 2853 2612; x_wconf 87' lang='lat' dir='ltr'><strong>instantissime</strong></span> <span class='ocrx_word' id='word_1_580' title='bbox 2903 2564 3239 2625; x_wconf 87' lang='lat' dir='ltr'><strong>occupatos;</strong></span> <span class='ocrx_word' id='word_1_581' title='bbox 3290 2554 3583 2624; x_wconf 86' lang='lat' dir='ltr'><strong>prophetas</strong></span> <span class='ocrx_word' id='word_1_582' title='bbox 3634 2566 3793 2605; x_wconf 28' lang='lat' dir='ltr'><strong>vero,</strong></span> 
     </span>
    </p>
   </div>
   <div class='ocr_carea' id='block_1_85' title="bbox 2184 2640 3771 2717">
    <p class='ocr_par' dir='ltr' id='par_1_85' title="bbox 2184 2640 3771 2717">
     <span class='ocr_line' id='line_1_85' title="bbox 2184 2640 3771 2717; baseline -0.006 -16"><span class='ocrx_word' id='word_1_583' title='bbox 2184 2646 2613 2717; x_wconf 71' lang='lat' dir='ltr'><strong>contemplativa:</strong></span> <span class='ocrx_word' id='word_1_584' title='bbox 2654 2645 2820 2716; x_wconf 88' lang='lat' dir='ltr'><strong>quieti</strong></span> <span class='ocrx_word' id='word_1_585' title='bbox 2864 2659 3054 2699; x_wconf 89' lang='lat' dir='ltr'><strong>serena</strong></span> <span class='ocrx_word' id='word_1_586' title='bbox 3104 2652 3280 2699; x_wconf 88' lang='lat' dir='ltr'><strong>mente</strong></span> <span class='ocrx_word' id='word_1_587' title='bbox 3328 2642 3570 2696; x_wconf 74' lang='lat' dir='ltr'><strong>feriatos.</strong></span> <span class='ocrx_word' id='word_1_588' title='bbox 3619 2640 3771 2706; x_wconf 45' lang='lat' dir='ltr'><strong>Quo.</strong></span> 
     </span>
    </p>
   </div>
   <div class='ocr_carea' id='block_1_86' title="bbox 2185 2727 3767 2802">
    <p class='ocr_par' dir='ltr' id='par_1_86' title="bbox 2185 2727 3767 2802">
     <span class='ocr_line' id='line_1_86' title="bbox 2185 2727 3767 2802; baseline -0.008 -11"><span class='ocrx_word' id='word_1_589' title='bbox 2185 2737 2345 2791; x_wconf 89' lang='lat' dir='ltr'><strong>modo</strong></span> <span class='ocrx_word' id='word_1_590' title='bbox 2374 2735 2517 2790; x_wconf 90' lang='lat' dir='ltr'><strong>enim</strong></span> <span class='ocrx_word' id='word_1_591' title='bbox 2551 2734 2727 2800; x_wconf 88' lang='lat' dir='ltr'><strong>aliter,</strong></span> <span class='ocrx_word' id='word_1_592' title='bbox 2764 2733 2851 2789; x_wconf 88' lang='lat' dir='ltr'><strong>vel</strong></span> <span class='ocrx_word' id='word_1_593' title='bbox 2894 2733 2979 2787; x_wconf 80' lang='lat' dir='ltr'><strong>isti</strong></span> <span class='ocrx_word' id='word_1_594' title='bbox 3020 2731 3243 2787; x_wconf 85' lang='lat' dir='ltr'><strong>salutem</strong></span> <span class='ocrx_word' id='word_1_595' title='bbox 3277 2732 3452 2802; x_wconf 90' lang='lat' dir='ltr'><strong>gentis</strong></span> <span class='ocrx_word' id='word_1_596' title='bbox 3481 2744 3593 2784; x_wconf 76' lang='lat' dir='ltr'><strong>sua:</strong></span> <span class='ocrx_word' id='word_1_597' title='bbox 3639 2727 3767 2781; x_wconf 88' lang='lat' dir='ltr'><strong>forti</strong></span> 
     </span>
    </p>
   </div>
   <div class='ocr_carea' id='block_1_87' title="bbox 2188 2815 3770 2894">
    <p class='ocr_par' dir='ltr' id='par_1_87' title="bbox 2188 2815 3770 2894">
     <span class='ocr_line' id='line_1_87' title="bbox 2188 2815 3770 2894; baseline -0.006 -15"><span class='ocrx_word' id='word_1_598' title='bbox 2188 2838 2347 2879; x_wconf 90' lang='lat' dir='ltr'><strong>manu</strong></span> <span class='ocrx_word' id='word_1_599' title='bbox 2396 2832 2828 2894; x_wconf 86' lang='lat' dir='ltr'><strong>propugnarent,</strong></span> <span class='ocrx_word' id='word_1_600' title='bbox 2876 2822 2960 2876; x_wconf 89' lang='lat' dir='ltr'><strong>vel</strong></span> <span class='ocrx_word' id='word_1_601' title='bbox 3009 2821 3083 2874; x_wconf 91' lang='lat' dir='ltr'><strong>illi</strong></span> <span class='ocrx_word' id='word_1_602' title='bbox 3131 2834 3323 2875; x_wconf 89' lang='lat' dir='ltr'><strong>sereno</strong></span> <span class='ocrx_word' id='word_1_603' title='bbox 3365 2819 3561 2872; x_wconf 90' lang='lat' dir='ltr'><strong>mentis</strong></span> <span class='ocrx_word' id='word_1_604' title='bbox 3606 2815 3770 2871; x_wconf 91' lang='lat' dir='ltr'><strong>oculo</strong></span> 
     </span>
    </p>
   </div>
   <div class='ocr_carea' id='block_1_88' title="bbox 2186 2900 3766 2978">
    <p class='ocr_par' dir='ltr' id='par_1_88' title="bbox 2186 2900 3766 2978">
     <span class='ocr_line' id='line_1_88' title="bbox 2186 2900 3766 2978; baseline -0.007 -7"><span class='ocrx_word' id='word_1_605' title='bbox 2186 2917 2374 2971; x_wconf 79' lang='lat' dir='ltr'><strong>beatas</strong></span> <span class='ocrx_word' id='word_1_606' title='bbox 2417 2915 2655 2969; x_wconf 83' lang='lat' dir='ltr'><strong>visiones</strong></span> <span class='ocrx_word' id='word_1_607' title='bbox 2698 2900 2977 2968; x_wconf 86' lang='lat' dir='ltr'><strong>viderent?</strong></span> <span class='ocrx_word' id='word_1_608' title='bbox 3021 2910 3132 2966; x_wconf 81' lang='lat' dir='ltr'><strong>Nec</strong></span> <span class='ocrx_word' id='word_1_609' title='bbox 3174 2911 3287 2965; x_wconf 63' lang='lat' dir='ltr'><strong>ha&#39;c</strong></span> <span class='ocrx_word' id='word_1_610' title='bbox 3336 2910 3486 2974; x_wconf 87' lang='lat' dir='ltr'><strong>dico,</strong></span> <span class='ocrx_word' id='word_1_611' title='bbox 3530 2909 3659 2978; x_wconf 91' lang='lat' dir='ltr'><strong>quin</strong></span> <span class='ocrx_word' id='word_1_612' title='bbox 3711 2907 3766 2961; x_wconf 86' lang='lat' dir='ltr'><strong>in</strong></span> 
     </span>
    </p>
   </div>
   <div class='ocr_carea' id='block_1_89' title="bbox 2186 2997 3763 3074">
    <p class='ocr_par' dir='ltr' id='par_1_89' title="bbox 2186 2997 3763 3074">
     <span class='ocr_line' id='line_1_89' title="bbox 2186 2997 3763 3074; baseline -0.004 -16"><span class='ocrx_word' id='word_1_613' title='bbox 2186 3012 2416 3074; x_wconf 89' lang='lat' dir='ltr'><strong>utroque</strong></span> <span class='ocrx_word' id='word_1_614' title='bbox 2451 3005 2638 3058; x_wconf 78' lang='lat' dir='ltr'><strong>ordine</strong></span> <span class='ocrx_word' id='word_1_615' title='bbox 2682 3001 2883 3056; x_wconf 88' lang='lat' dir='ltr'><strong>fuerint</strong></span> <span class='ocrx_word' id='word_1_616' title='bbox 2921 3004 3101 3070; x_wconf 85' lang='lat' dir='ltr'><strong>plures</strong></span> <span class='ocrx_word' id='word_1_617' title='bbox 3140 2999 3418 3068; x_wconf 87' lang='lat' dir='ltr'><strong>utriusque</strong></span> <span class='ocrx_word' id='word_1_618' title='bbox 3458 2997 3714 3068; x_wconf 85' lang='lat' dir='ltr'><strong>propositi</strong></span> <span class='ocrx_word' id='word_1_619' title='bbox 3746 3013 3763 3051; x_wconf 90' lang='lat'><strong>:</strong></span> 
     </span>
    </p>
   </div>
   <div class='ocr_carea' id='block_1_90' title="bbox 2186 3077 3771 3158">
    <p class='ocr_par' dir='ltr' id='par_1_90' title="bbox 2186 3077 3771 3158">
     <span class='ocr_line' id='line_1_90' title="bbox 2186 3077 3771 3158; baseline -0.005 -10"><span class='ocrx_word' id='word_1_620' title='bbox 2186 3094 2279 3148; x_wconf 85' lang='lat' dir='ltr'><strong>sed</strong></span> <span class='ocrx_word' id='word_1_621' title='bbox 2302 3093 2415 3147; x_wconf 66' lang='lat' dir='ltr'><strong>haec</strong></span> <span class='ocrx_word' id='word_1_622' title='bbox 2439 3100 2616 3146; x_wconf 90' lang='lat' dir='ltr'><strong>tamen</strong></span> <span class='ocrx_word' id='word_1_623' title='bbox 2634 3090 2958 3146; x_wconf 87' lang='lat' dir='ltr'><strong>adscribitur</strong></span> <span class='ocrx_word' id='word_1_624' title='bbox 2974 3089 3243 3158; x_wconf 84' lang='lat' dir='ltr'><strong>generalis</strong></span> <span class='ocrx_word' id='word_1_625' title='bbox 3261 3088 3531 3143; x_wconf 85' lang='lat' dir='ltr'><strong>distinctio</strong></span> <span class='ocrx_word' id='word_1_626' title='bbox 3551 3077 3771 3155; x_wconf 70' lang='lat' dir='ltr'><strong>utrique</strong></span> 
     </span>
    </p>
   </div>
   <div class='ocr_carea' id='block_1_91' title="bbox 2185 3175 3765 3242">
    <p class='ocr_par' dir='ltr' id='par_1_91' title="bbox 2185 3175 3765 3242">
     <span class='ocr_line' id='line_1_91' title="bbox 2185 3175 3765 3242; baseline -0.004 -5"><span class='ocrx_word' id='word_1_627' title='bbox 2185 3181 2385 3237; x_wconf 90' lang='lat' dir='ltr'><strong>ordini.</strong></span> <span class='ocrx_word' id='word_1_628' title='bbox 2415 3181 2710 3236; x_wconf 87' lang='lat' dir='ltr'><strong>Transacta</strong></span> <span class='ocrx_word' id='word_1_629' title='bbox 2741 3187 2918 3234; x_wconf 89' lang='lat' dir='ltr'><strong>autem</strong></span> <span class='ocrx_word' id='word_1_630' title='bbox 2957 3175 3167 3233; x_wconf 80' lang='lat' dir='ltr'><strong>Veteris</strong></span> <span class='ocrx_word' id='word_1_631' title='bbox 3196 3176 3527 3232; x_wconf 90' lang='lat' dir='ltr'><strong>Testamenti</strong></span> <span class='ocrx_word' id='word_1_632' title='bbox 3564 3184 3721 3230; x_wconf 82' lang='lat' dir='ltr'><strong>nocte</strong></span> <span class='ocrx_word' id='word_1_633' title='bbox 3746 3215 3765 3242; x_wconf 90' lang='lat'><strong>,</strong></span> 
     </span>
    </p>
   </div>
   <div class='ocr_carea' id='block_1_92' title="bbox 2186 3265 3765 3343">
    <p class='ocr_par' dir='ltr' id='par_1_92' title="bbox 2186 3265 3765 3343">
     <span class='ocr_line' id='line_1_92' title="bbox 2186 3265 3765 3343; baseline -0.006 -16"><span class='ocrx_word' id='word_1_634' title='bbox 2186 3272 2240 3327; x_wconf 91' lang='lat' dir='ltr'><strong>in</strong></span> <span class='ocrx_word' id='word_1_635' title='bbox 2255 3272 2408 3343; x_wconf 86' lang='lat' dir='ltr'><strong>cujus</strong></span> <span class='ocrx_word' id='word_1_636' title='bbox 2431 3272 2463 3325; x_wconf 88' lang='lat' dir='ltr'><strong>fi</strong></span> <span class='ocrx_word' id='word_1_637' title='bbox 2474 3279 2773 3325; x_wconf 88' lang='lat' dir='ltr'><strong>rmamento</strong></span> <span class='ocrx_word' id='word_1_638' title='bbox 2789 3269 3070 3324; x_wconf 88' lang='lat' dir='ltr'><strong>memorati</strong></span> <span class='ocrx_word' id='word_1_639' title='bbox 3089 3268 3276 3323; x_wconf 82' lang='lat' dir='ltr'><strong>Patres</strong></span> <span class='ocrx_word' id='word_1_640' title='bbox 3291 3266 3435 3320; x_wconf 86' lang='lat' dir='ltr'><strong>velut</strong></span> <span class='ocrx_word' id='word_1_641' title='bbox 3450 3265 3765 3320; x_wconf 84' lang='lat' dir='ltr'><strong>clarissimae</strong></span> 
     </span>
    </p>
   </div>
   <div class='ocr_carea' id='block_1_93' title="bbox 2186 3355 3763 3426">
    <p class='ocr_par' dir='ltr' id='par_1_93' title="bbox 2186 3355 3763 3426">
     <span class='ocr_line' id='line_1_93' title="bbox 2186 3355 3763 3426; baseline -0.003 -14"><span class='ocrx_word' id='word_1_642' title='bbox 2186 3360 2437 3416; x_wconf 81' lang='lat' dir='ltr'><strong>Iacebant</strong></span> <span class='ocrx_word' id='word_1_643' title='bbox 2456 3360 2644 3424; x_wconf 73' lang='lat' dir='ltr'><strong>stcllm,</strong></span> <span class='ocrx_word' id='word_1_644' title='bbox 2671 3360 2759 3415; x_wconf 89' lang='lat' dir='ltr'><strong>ubi</strong></span> <span class='ocrx_word' id='word_1_645' title='bbox 2784 3358 2962 3415; x_wconf 72' lang='lat' dir='ltr'><strong>illum</strong></span> <span class='ocrx_word' id='word_1_646' title='bbox 2987 3358 3101 3413; x_wconf 90' lang='lat' dir='ltr'><strong>dies</strong></span> <span class='ocrx_word' id='word_1_647' title='bbox 3140 3371 3300 3426; x_wconf 88' lang='lat' dir='ltr'><strong>quam</strong></span> <span class='ocrx_word' id='word_1_648' title='bbox 3327 3357 3459 3411; x_wconf 86' lang='lat' dir='ltr'><strong>fecit</strong></span> <span class='ocrx_word' id='word_1_649' title='bbox 3482 3355 3763 3416; x_wconf 85' lang='lat' dir='ltr'><strong>Dominus.</strong></span> 
     </span>
    </p>
   </div>
   <div class='ocr_carea' id='block_1_94' title="bbox 2185 3445 3765 3519">
    <p class='ocr_par' dir='ltr' id='par_1_94' title="bbox 2185 3445 3765 3519">
     <span class='ocr_line' id='line_1_94' title="bbox 2185 3445 3765 3519; baseline -0.005 -13"><span class='ocrx_word' id='word_1_650' title='bbox 2185 3461 2240 3506; x_wconf 90' lang='lat' dir='ltr'><strong>et</strong></span> <span class='ocrx_word' id='word_1_651' title='bbox 2262 3460 2413 3506; x_wconf 88' lang='lat' dir='ltr'><strong>ortus</strong></span> <span class='ocrx_word' id='word_1_652' title='bbox 2440 3459 2524 3506; x_wconf 91' lang='lat' dir='ltr'><strong>est</strong></span> <span class='ocrx_word' id='word_1_653' title='bbox 2550 3449 2644 3505; x_wconf 91' lang='lat' dir='ltr'><strong>Sol</strong></span> <span class='ocrx_word' id='word_1_654' title='bbox 2661 3448 2886 3519; x_wconf 69' lang='lat' dir='ltr'><strong>iustitiae</strong></span> <span class='ocrx_word' id='word_1_655' title='bbox 2913 3448 3159 3504; x_wconf 84' lang='lat' dir='ltr'><strong>Christus</strong></span> <span class='ocrx_word' id='word_1_656' title='bbox 3185 3447 3339 3502; x_wconf 87' lang='lat' dir='ltr'><strong>Jesus</strong></span> <span class='ocrx_word' id='word_1_657' title='bbox 3357 3488 3370 3512; x_wconf 97' lang='lat'><strong>,</strong></span> <span class='ocrx_word' id='word_1_658' title='bbox 3415 3447 3538 3500; x_wconf 89' lang='lat' dir='ltr'><strong>vide</strong></span> <span class='ocrx_word' id='word_1_659' title='bbox 3578 3445 3765 3515; x_wconf 84' lang='lat' dir='ltr'><strong>Barjo-</strong></span> 
     </span>
    </p>
   </div>
   <div class='ocr_carea' id='block_1_95' title="bbox 2186 3536 3764 3607">
    <p class='ocr_par' dir='ltr' id='par_1_95' title="bbox 2186 3536 3764 3607">
     <span class='ocr_line' id='line_1_95' title="bbox 2186 3536 3764 3607; baseline -0.006 -10"><span class='ocrx_word' id='word_1_660' title='bbox 2186 3556 2310 3597; x_wconf 91' lang='lat' dir='ltr'><strong>nam</strong></span> <span class='ocrx_word' id='word_1_661' title='bbox 2332 3541 2570 3606; x_wconf 87' lang='lat' dir='ltr'><strong>Petrum,</strong></span> <span class='ocrx_word' id='word_1_662' title='bbox 2594 3549 2650 3595; x_wconf 91' lang='lat' dir='ltr'><strong>et</strong></span> <span class='ocrx_word' id='word_1_663' title='bbox 2669 3556 2765 3595; x_wconf 88' lang='lat' dir='ltr'><strong>vas</strong></span> <span class='ocrx_word' id='word_1_664' title='bbox 2788 3538 3069 3595; x_wconf 88' lang='lat' dir='ltr'><strong>electionis</strong></span> <span class='ocrx_word' id='word_1_665' title='bbox 3097 3537 3316 3593; x_wconf 82' lang='lat' dir='ltr'><strong>Paulum</strong></span> <span class='ocrx_word' id='word_1_666' title='bbox 3339 3551 3508 3607; x_wconf 86' lang='lat' dir='ltr'><strong>usque</strong></span> <span class='ocrx_word' id='word_1_667' title='bbox 3528 3536 3594 3590; x_wconf 90' lang='lat' dir='ltr'><strong>ad</strong></span> <span class='ocrx_word' id='word_1_668' title='bbox 3617 3550 3764 3589; x_wconf 76' lang='lat' dir='ltr'><strong>mar-</strong></span> 
     </span>
    </p>
   </div>
   <div class='ocr_carea' id='block_1_96' title="bbox 2189 3631 3758 3701">
    <p class='ocr_par' dir='ltr' id='par_1_96' title="bbox 2189 3631 3758 3701">
     <span class='ocr_line' id='line_1_96' title="bbox 2189 3631 3758 3701; baseline -0.003 -14"><span class='ocrx_word' id='word_1_669' title='bbox 2189 3632 2311 3701; x_wconf 79' lang='lat' dir='ltr'><strong>tyrii</strong></span> <span class='ocrx_word' id='word_1_670' title='bbox 2332 3647 2584 3688; x_wconf 87' lang='lat' dir='ltr'><strong>coronam</strong></span> <span class='ocrx_word' id='word_1_671' title='bbox 2615 3633 2668 3686; x_wconf 91' lang='lat' dir='ltr'><strong>in</strong></span> <span class='ocrx_word' id='word_1_672' title='bbox 2694 3633 2809 3688; x_wconf 88' lang='lat' dir='ltr'><strong>acie</strong></span> <span class='ocrx_word' id='word_1_673' title='bbox 2830 3631 3131 3701; x_wconf 88' lang='lat' dir='ltr'><strong>perstitisse</strong></span> <span class='ocrx_word' id='word_1_674' title='bbox 3158 3648 3172 3685; x_wconf 90' lang='lat'><strong>:</strong></span> <span class='ocrx_word' id='word_1_675' title='bbox 3202 3631 3465 3686; x_wconf 83' lang='lat' dir='ltr'><strong>Joannem</strong></span> <span class='ocrx_word' id='word_1_676' title='bbox 3502 3644 3631 3685; x_wconf 91' lang='lat' dir='ltr'><strong>vero</strong></span> <span class='ocrx_word' id='word_1_677' title='bbox 3660 3644 3758 3684; x_wconf 86' lang='lat' dir='ltr'><strong>an-</strong></span> 
     </span>
    </p>
   </div>
   <div class='ocr_carea' id='block_1_97' title="bbox 2186 3721 3757 3799">
    <p class='ocr_par' dir='ltr' id='par_1_97' title="bbox 2186 3721 3757 3799">
     <span class='ocr_line' id='line_1_97' title="bbox 2186 3721 3757 3799; baseline -0.004 -19"><span class='ocrx_word' id='word_1_678' title='bbox 2186 3726 2368 3799; x_wconf 71' lang='lat' dir='ltr'><strong>gelicae</strong></span> <span class='ocrx_word' id='word_1_679' title='bbox 2414 3725 2741 3796; x_wconf 82' lang='lat' dir='ltr'><strong>virginitatis</strong></span> <span class='ocrx_word' id='word_1_680' title='bbox 2791 3725 3097 3795; x_wconf 85' lang='lat' dir='ltr'><strong>theologum</strong></span> <span class='ocrx_word' id='word_1_681' title='bbox 3119 3764 3134 3790; x_wconf 91' lang='lat'><strong>,</strong></span> <span class='ocrx_word' id='word_1_682' title='bbox 3163 3733 3217 3779; x_wconf 92' lang='lat' dir='ltr'><strong>et</strong></span> <span class='ocrx_word' id='word_1_683' title='bbox 3247 3721 3451 3778; x_wconf 88' lang='lat' dir='ltr'><strong>Lucam</strong></span> <span class='ocrx_word' id='word_1_684' title='bbox 3475 3721 3757 3792; x_wconf 80' lang='lat' dir='ltr'><strong>Evangelii</strong></span> 
     </span>
    </p>
   </div>
   <div class='ocr_carea' id='block_1_98' title="bbox 2186 3811 3772 3883">
    <p class='ocr_par' dir='ltr' id='par_1_98' title="bbox 2186 3811 3772 3883">
     <span class='ocr_line' id='line_1_98' title="bbox 2186 3811 3772 3883; baseline -0.005 -14"><span class='ocrx_word' id='word_1_685' title='bbox 2186 3829 2538 3879; x_wconf 90' lang='lat' dir='ltr'><strong>conservum,</strong></span> <span class='ocrx_word' id='word_1_686' title='bbox 2587 3827 2818 3883; x_wconf 9' lang='lat' dir='ltr'><strong>(aptorum</strong></span> <span class='ocrx_word' id='word_1_687' title='bbox 2865 3812 3003 3868; x_wconf 90' lang='lat' dir='ltr'><strong>alter</strong></span> <span class='ocrx_word' id='word_1_688' title='bbox 3054 3813 3229 3883; x_wconf 90' lang='lat' dir='ltr'><strong>primo</strong></span> <span class='ocrx_word' id='word_1_689' title='bbox 3278 3820 3471 3866; x_wconf 89' lang='lat' dir='ltr'><strong>contra</strong></span> <span class='ocrx_word' id='word_1_690' title='bbox 3528 3811 3772 3866; x_wconf 85' lang='lat' dir='ltr'><strong>bestiam.</strong></span> 
     </span>
    </p>
   </div>
   <div class='ocr_carea' id='block_1_99' title="bbox 2185 3898 3758 3975">
    <p class='ocr_par' dir='ltr' id='par_1_99' title="bbox 2185 3898 3758 3975">
     <span class='ocr_line' id='line_1_99' title="bbox 2185 3898 3758 3975; baseline -0.004 -14"><span class='ocrx_word' id='word_1_691' title='bbox 2185 3900 2548 3961; x_wconf 83' lang='lat' dir='ltr'><strong>Domitianum</strong></span> <span class='ocrx_word' id='word_1_692' title='bbox 2565 3905 2806 3975; x_wconf 89' lang='lat' dir='ltr'><strong>aliosque</strong></span> <span class='ocrx_word' id='word_1_693' title='bbox 2826 3898 3177 3959; x_wconf 88' lang='lat' dir='ltr'><strong>anticltristos</strong></span> <span class='ocrx_word' id='word_1_694' title='bbox 3197 3902 3410 3959; x_wconf 90' lang='lat' dir='ltr'><strong>fortiter</strong></span> <span class='ocrx_word' id='word_1_695' title='bbox 3431 3902 3758 3966; x_wconf 69' lang='lat' dir='ltr'><strong>decertat-it;</strong></span> 
     </span>
    </p>
   </div>
   <div class='ocr_carea' id='block_1_100' title="bbox 2186 3992 3756 4066">
    <p class='ocr_par' dir='ltr' id='par_1_100' title="bbox 2186 3992 3756 4066">
     <span class='ocr_line' id='line_1_100' title="bbox 2186 3992 3756 4066; baseline -0.005 -13"><span class='ocrx_word' id='word_1_696' title='bbox 2186 3996 2307 4053; x_wconf 88' lang='lat' dir='ltr'><strong>dein</strong></span> <span class='ocrx_word' id='word_1_697' title='bbox 2346 4010 2477 4051; x_wconf 80' lang='lat' dir='ltr'><strong>vero</strong></span> <span class='ocrx_word' id='word_1_698' title='bbox 2519 3996 2713 4066; x_wconf 90' lang='lat' dir='ltr'><strong>sopitis</strong></span> <span class='ocrx_word' id='word_1_699' title='bbox 2758 3996 3067 4051; x_wconf 86' lang='lat' dir='ltr'><strong>earumdem</strong></span> <span class='ocrx_word' id='word_1_700' title='bbox 3121 3994 3419 4048; x_wconf 84' lang='lat' dir='ltr'><strong>bestiarum</strong></span> <span class='ocrx_word' id='word_1_701' title='bbox 3458 3992 3756 4056; x_wconf 89' lang='lat' dir='ltr'><strong>furoribtts,</strong></span> 
     </span>
    </p>
   </div>
   <div class='ocr_carea' id='block_1_101' title="bbox 2188 4084 3761 4158">
    <p class='ocr_par' dir='ltr' id='par_1_101' title="bbox 2188 4084 3761 4158">
     <span class='ocr_line' id='line_1_101' title="bbox 2188 4084 3761 4158; baseline -0.004 -15"><span class='ocrx_word' id='word_1_702' title='bbox 2188 4087 2475 4158; x_wconf 70' lang='lat' dir='ltr'><strong>theologia:</strong></span> <span class='ocrx_word' id='word_1_703' title='bbox 2504 4088 2617 4142; x_wconf 91' lang='lat' dir='ltr'><strong>otio</strong></span> <span class='ocrx_word' id='word_1_704' title='bbox 2645 4100 2874 4151; x_wconf 88' lang='lat' dir='ltr'><strong>vacans,</strong></span> <span class='ocrx_word' id='word_1_705' title='bbox 2899 4094 2955 4140; x_wconf 93' lang='lat' dir='ltr'><strong>et</strong></span> <span class='ocrx_word' id='word_1_706' title='bbox 2992 4084 3045 4139; x_wconf 92' lang='lat' dir='ltr'><strong>in</strong></span> <span class='ocrx_word' id='word_1_707' title='bbox 3095 4085 3212 4153; x_wconf 90' lang='lat' dir='ltr'><strong>ipso</strong></span> <span class='ocrx_word' id='word_1_708' title='bbox 3232 4084 3530 4139; x_wconf 88' lang='lat' dir='ltr'><strong>divinitatis</strong></span> <span class='ocrx_word' id='word_1_709' title='bbox 3556 4097 3761 4136; x_wconf 85' lang='lat' dir='ltr'><strong>arcano</strong></span> 
     </span>
    </p>
   </div>
   <div class='ocr_carea' id='block_1_102' title="bbox 2184 4173 3760 4249">
    <p class='ocr_par' dir='ltr' id='par_1_102' title="bbox 2184 4173 3760 4249">
     <span class='ocr_line' id='line_1_102' title="bbox 2184 4173 3760 4249; baseline -0.003 -16"><span class='ocrx_word' id='word_1_710' title='bbox 2184 4178 2462 4249; x_wconf 85' lang='lat' dir='ltr'><strong>Evangelii</strong></span> <span class='ocrx_word' id='word_1_711' title='bbox 2485 4178 2754 4233; x_wconf 89' lang='lat' dir='ltr'><strong>calamum</strong></span> <span class='ocrx_word' id='word_1_712' title='bbox 2778 4177 3010 4247; x_wconf 88' lang='lat' dir='ltr'><strong>tingens,</strong></span> <span class='ocrx_word' id='word_1_713' title='bbox 3030 4177 3081 4231; x_wconf 93' lang='lat' dir='ltr'><strong>iu</strong></span> <span class='ocrx_word' id='word_1_714' title='bbox 3106 4190 3236 4246; x_wconf 83' lang='lat' dir='ltr'><strong>pace</strong></span> <span class='ocrx_word' id='word_1_715' title='bbox 3251 4176 3556 4231; x_wconf 87' lang='lat' dir='ltr'><strong>consenuit.</strong></span> <span class='ocrx_word' id='word_1_716' title='bbox 3583 4173 3760 4229; x_wconf 79' lang='lat' dir='ltr'><strong>Lucas</strong></span> 
     </span>
    </p>
   </div>
   <div class='ocr_carea' id='block_1_103' title="bbox 2186 4265 3757 4339">
    <p class='ocr_par' dir='ltr' id='par_1_103' title="bbox 2186 4265 3757 4339">
     <span class='ocr_line' id='line_1_103' title="bbox 2186 4265 3757 4339; baseline -0.003 -15"><span class='ocrx_word' id='word_1_717' title='bbox 2186 4278 2367 4324; x_wconf 89' lang='lat' dir='ltr'><strong>autem</strong></span> <span class='ocrx_word' id='word_1_718' title='bbox 2423 4284 2546 4325; x_wconf 92' lang='lat' dir='ltr'><strong>cum</strong></span> <span class='ocrx_word' id='word_1_719' title='bbox 2593 4269 2949 4339; x_wconf 89' lang='lat' dir='ltr'><strong>peripatetico</strong></span> <span class='ocrx_word' id='word_1_720' title='bbox 2998 4267 3165 4322; x_wconf 87' lang='lat' dir='ltr'><strong>Paulo</strong></span> <span class='ocrx_word' id='word_1_721' title='bbox 3207 4268 3438 4337; x_wconf 86' lang='lat' dir='ltr'><strong>aliisque</strong></span> <span class='ocrx_word' id='word_1_722' title='bbox 3476 4265 3757 4334; x_wconf 80' lang='lat' dir='ltr'><strong>Evangelii</strong></span> 
     </span>
    </p>
   </div>
   <div class='ocr_carea' id='block_1_104' title="bbox 2184 4355 3746 4429">
    <p class='ocr_par' dir='ltr' id='par_1_104' title="bbox 2184 4355 3746 4429">
     <span class='ocr_line' id='line_1_104' title="bbox 2184 4355 3746 4429; baseline -0.004 -15"><span class='ocrx_word' id='word_1_723' title='bbox 2184 4359 2500 4423; x_wconf 86' lang='lat' dir='ltr'><strong>veredariis,</strong></span> <span class='ocrx_word' id='word_1_724' title='bbox 2529 4360 2706 4429; x_wconf 89' lang='lat' dir='ltr'><strong>primo</strong></span> <span class='ocrx_word' id='word_1_725' title='bbox 2731 4360 3151 4428; x_wconf 89' lang='lat' dir='ltr'><strong>circumquaque</strong></span> <span class='ocrx_word' id='word_1_726' title='bbox 3172 4357 3453 4411; x_wconf 75' lang='lat' dir='ltr'><strong>desudavrt</strong></span> <span class='ocrx_word' id='word_1_727' title='bbox 3491 4374 3505 4410; x_wconf 89' lang='lat'><strong>:</strong></span> <span class='ocrx_word' id='word_1_728' title='bbox 3539 4358 3662 4410; x_wconf 89' lang='lat' dir='ltr'><strong>dein</strong></span> <span class='ocrx_word' id='word_1_729' title='bbox 3691 4355 3746 4409; x_wconf 90' lang='lat' dir='ltr'><strong>in</strong></span> 
     </span>
    </p>
   </div>
   <div class='ocr_carea' id='block_1_105' title="bbox 2188 4447 3746 4520">
    <p class='ocr_par' dir='ltr' id='par_1_105' title="bbox 2188 4447 3746 4520">
     <span class='ocr_line' id='line_1_105' title="bbox 2188 4447 3746 4520; baseline -0.003 -16"><span class='ocrx_word' id='word_1_730' title='bbox 2188 4448 2662 4520; x_wconf 65' lang='lat' dir='ltr'><strong>theologiaeptinm</strong></span> <span class='ocrx_word' id='word_1_731' title='bbox 2694 4463 2754 4504; x_wconf 89' lang='lat' dir='ltr'><strong>se</strong></span> <span class='ocrx_word' id='word_1_732' title='bbox 2779 4447 3094 4515; x_wconf 89' lang='lat' dir='ltr'><strong>conferens,</strong></span> <span class='ocrx_word' id='word_1_733' title='bbox 3121 4456 3175 4502; x_wconf 90' lang='lat' dir='ltr'><strong>et</strong></span> <span class='ocrx_word' id='word_1_734' title='bbox 3218 4462 3435 4502; x_wconf 88' lang='lat' dir='ltr'><strong>sacram</strong></span> <span class='ocrx_word' id='word_1_735' title='bbox 3477 4447 3746 4501; x_wconf 88' lang='lat' dir='ltr'><strong>incarnati</strong></span> 
     </span>
    </p>
   </div>
   <div class='ocr_carea' id='block_1_106' title="bbox 2185 4537 3761 4608">
    <p class='ocr_par' dir='ltr' id='par_1_106' title="bbox 2185 4537 3761 4608">
     <span class='ocr_line' id='line_1_106' title="bbox 2185 4537 3761 4608; baseline 0 -16"><span class='ocrx_word' id='word_1_736' title='bbox 2185 4537 2350 4595; x_wconf 80' lang='lat' dir='ltr'><strong>Verbi</strong></span> <span class='ocrx_word' id='word_1_737' title='bbox 2382 4539 2665 4595; x_wconf 90' lang='lat' dir='ltr'><strong>historiam</strong></span> <span class='ocrx_word' id='word_1_738' title='bbox 2704 4547 2927 4606; x_wconf 78' lang='lat' dir='ltr'><strong>texens,</strong></span> <span class='ocrx_word' id='word_1_739' title='bbox 2955 4541 3114 4595; x_wconf 88' lang='lat' dir='ltr'><strong>beato</strong></span> <span class='ocrx_word' id='word_1_740' title='bbox 3144 4538 3248 4593; x_wconf 84' lang='lat' dir='ltr'><strong>line</strong></span> <span class='ocrx_word' id='word_1_741' title='bbox 3287 4539 3339 4592; x_wconf 88' lang='lat' dir='ltr'><strong>in</strong></span> <span class='ocrx_word' id='word_1_742' title='bbox 3381 4553 3513 4608; x_wconf 85' lang='lat' dir='ltr'><strong>pace</strong></span> <span class='ocrx_word' id='word_1_743' title='bbox 3559 4537 3761 4592; x_wconf 83' lang='lat' dir='ltr'><strong>obdor-</strong></span> 
     </span>
    </p>
   </div>
   <div class='ocr_carea' id='block_1_107' title="bbox 2186 4630 3753 4701">
    <p class='ocr_par' dir='ltr' id='par_1_107' title="bbox 2186 4630 3753 4701">
     <span class='ocr_line' id='line_1_107' title="bbox 2186 4630 3753 4701; baseline -0.002 -15"><span class='ocrx_word' id='word_1_744' title='bbox 2186 4631 2358 4686; x_wconf 83' lang='lat' dir='ltr'><strong>mivit.</strong></span> <span class='ocrx_word' id='word_1_745' title='bbox 2394 4630 2530 4687; x_wconf 81' lang='lat' dir='ltr'><strong>Vide</strong></span> <span class='ocrx_word' id='word_1_746' title='bbox 2567 4632 2761 4687; x_wconf 87' lang='lat' dir='ltr'><strong>dehinc</strong></span> <span class='ocrx_word' id='word_1_747' title='bbox 2800 4634 2937 4701; x_wconf 88' lang='lat' dir='ltr'><strong>quos</strong></span> <span class='ocrx_word' id='word_1_748' title='bbox 2982 4644 3282 4695; x_wconf 89' lang='lat' dir='ltr'><strong>memoras,</strong></span> <span class='ocrx_word' id='word_1_749' title='bbox 3329 4630 3658 4698; x_wconf 81' lang='lat' dir='ltr'><strong>Augustinos</strong></span> <span class='ocrx_word' id='word_1_750' title='bbox 3695 4637 3753 4683; x_wconf 89' lang='lat' dir='ltr'><strong>et</strong></span> 
     </span>
    </p>
   </div>
   <div class='ocr_carea' id='block_1_108' title="bbox 2183 4717 3765 4788">
    <p class='ocr_par' dir='ltr' id='par_1_108' title="bbox 2183 4717 3765 4788">
     <span class='ocr_line' id='line_1_108' title="bbox 2183 4717 3765 4788; baseline -0.003 -14"><span class='ocrx_word' id='word_1_751' title='bbox 2183 4720 2520 4787; x_wconf 83' lang='lat' dir='ltr'><strong>Ambrosios,</strong></span> <span class='ocrx_word' id='word_1_752' title='bbox 2547 4731 2607 4776; x_wconf 91' lang='lat' dir='ltr'><strong>ut</strong></span> <span class='ocrx_word' id='word_1_753' title='bbox 2627 4736 2755 4776; x_wconf 91' lang='lat' dir='ltr'><strong>vere</strong></span> <span class='ocrx_word' id='word_1_754' title='bbox 2783 4721 2981 4776; x_wconf 90' lang='lat' dir='ltr'><strong>asseris</strong></span> <span class='ocrx_word' id='word_1_755' title='bbox 3008 4728 3236 4788; x_wconf 90' lang='lat' dir='ltr'><strong>utroque</strong></span> <span class='ocrx_word' id='word_1_756' title='bbox 3296 4718 3566 4788; x_wconf 87' lang='lat' dir='ltr'><strong>pugnandi</strong></span> <span class='ocrx_word' id='word_1_757' title='bbox 3594 4717 3765 4774; x_wconf 82' lang='lat' dir='ltr'><strong>modo</strong></span> 
     </span>
    </p>
   </div>
   <div class='ocr_carea' id='block_1_109' title="bbox 2186 4808 3763 4880">
    <p class='ocr_par' dir='ltr' id='par_1_109' title="bbox 2186 4808 3763 4880">
     <span class='ocr_line' id='line_1_109' title="bbox 2186 4808 3763 4880; baseline -0.002 -16"><span class='ocrx_word' id='word_1_758' title='bbox 2186 4810 2238 4864; x_wconf 91' lang='lat' dir='ltr'><strong>in</strong></span> <span class='ocrx_word' id='word_1_759' title='bbox 2264 4810 2381 4866; x_wconf 88' lang='lat' dir='ltr'><strong>acie</strong></span> <span class='ocrx_word' id='word_1_760' title='bbox 2406 4808 2634 4866; x_wconf 89' lang='lat' dir='ltr'><strong>feliciter</strong></span> <span class='ocrx_word' id='word_1_761' title='bbox 2658 4811 2984 4880; x_wconf 89' lang='lat' dir='ltr'><strong>perstitisse.</strong></span> <span class='ocrx_word' id='word_1_762' title='bbox 3016 4809 3058 4863; x_wconf 91' lang='lat' dir='ltr'><strong>E</strong></span> <span class='ocrx_word' id='word_1_763' title='bbox 3090 4809 3304 4863; x_wconf 87' lang='lat' dir='ltr'><strong>diverso</strong></span> <span class='ocrx_word' id='word_1_764' title='bbox 3327 4816 3505 4862; x_wconf 89' lang='lat' dir='ltr'><strong>autem</strong></span> <span class='ocrx_word' id='word_1_765' title='bbox 3533 4808 3763 4862; x_wconf 84' lang='lat' dir='ltr'><strong>attende</strong></span> 
     </span>
    </p>
   </div>
   <div class='ocr_carea' id='block_1_110' title="bbox 2184 4896 3748 4969">
    <p class='ocr_par' dir='ltr' id='par_1_110' title="bbox 2184 4896 3748 4969">
     <span class='ocr_line' id='line_1_110' title="bbox 2184 4896 3748 4969; baseline -0.004 -14"><span class='ocrx_word' id='word_1_766' title='bbox 2184 4900 2380 4956; x_wconf 84' lang='lat' dir='ltr'><strong>Paulos</strong></span> <span class='ocrx_word' id='word_1_767' title='bbox 2409 4910 2463 4956; x_wconf 91' lang='lat' dir='ltr'><strong>et</strong></span> <span class='ocrx_word' id='word_1_768' title='bbox 2501 4902 2764 4956; x_wconf 82' lang='lat' dir='ltr'><strong>Antonios</strong></span> <span class='ocrx_word' id='word_1_769' title='bbox 2787 4900 3023 4969; x_wconf 89' lang='lat' dir='ltr'><strong>aliosque</strong></span> <span class='ocrx_word' id='word_1_770' title='bbox 3046 4898 3352 4952; x_wconf 89' lang='lat' dir='ltr'><strong>innumeros</strong></span> <span class='ocrx_word' id='word_1_771' title='bbox 3375 4896 3577 4952; x_wconf 89' lang='lat' dir='ltr'><strong>Christi</strong></span> <span class='ocrx_word' id='word_1_772' title='bbox 3621 4911 3748 4950; x_wconf 82' lang='lat' dir='ltr'><strong>cru-</strong></span> 
     </span>
    </p>
   </div>
   <div class='ocr_carea' id='block_1_111' title="bbox 2185 4986 3753 5060">
    <p class='ocr_par' dir='ltr' id='par_1_111' title="bbox 2185 4986 3753 5060">
     <span class='ocr_line' id='line_1_111' title="bbox 2185 4986 3753 5060; baseline -0.003 -15"><span class='ocrx_word' id='word_1_773' title='bbox 2185 4990 2376 5046; x_wconf 76' lang='lat' dir='ltr'><strong>cifixos</strong></span> <span class='ocrx_word' id='word_1_774' title='bbox 2413 5005 2550 5060; x_wconf 90' lang='lat' dir='ltr'><strong>pene</strong></span> <span class='ocrx_word' id='word_1_775' title='bbox 2593 4990 2661 5045; x_wconf 88' lang='lat' dir='ltr'><strong>ab</strong></span> <span class='ocrx_word' id='word_1_776' title='bbox 2703 4990 2959 5044; x_wconf 79' lang='lat' dir='ltr'><strong>exteriori</strong></span> <span class='ocrx_word' id='word_1_777' title='bbox 3008 4987 3219 5042; x_wconf 79' lang='lat' dir='ltr'><strong>turbine</strong></span> <span class='ocrx_word' id='word_1_778' title='bbox 3250 4988 3450 5040; x_wconf 82' lang='lat' dir='ltr'><strong>vixisse</strong></span> <span class='ocrx_word' id='word_1_779' title='bbox 3494 4986 3753 5050; x_wconf 87' lang='lat' dir='ltr'><strong>feriatos;</strong></span> 
     </span>
    </p>
   </div>
   <div class='ocr_carea' id='block_1_112' title="bbox 2185 5075 3759 5149">
    <p class='ocr_par' dir='ltr' id='par_1_112' title="bbox 2185 5075 3759 5149">
     <span class='ocr_line' id='line_1_112' title="bbox 2185 5075 3759 5149; baseline -0.004 -15"><span class='ocrx_word' id='word_1_780' title='bbox 2185 5089 2348 5149; x_wconf 88' lang='lat' dir='ltr'><strong>atque</strong></span> <span class='ocrx_word' id='word_1_781' title='bbox 2382 5080 2544 5134; x_wconf 89' lang='lat' dir='ltr'><strong>etiam</strong></span> <span class='ocrx_word' id='word_1_782' title='bbox 2571 5079 2683 5149; x_wconf 92' lang='lat' dir='ltr'><strong>ipsa</strong></span> <span class='ocrx_word' id='word_1_783' title='bbox 2713 5078 2989 5132; x_wconf 89' lang='lat' dir='ltr'><strong>interioris</strong></span> <span class='ocrx_word' id='word_1_784' title='bbox 3017 5092 3206 5146; x_wconf 79' lang='lat' dir='ltr'><strong>pugnae</strong></span> <span class='ocrx_word' id='word_1_785' title='bbox 3236 5075 3573 5143; x_wconf 85' lang='lat' dir='ltr'><strong>certamina,</strong></span> <span class='ocrx_word' id='word_1_786' title='bbox 3599 5075 3759 5143; x_wconf 86' lang='lat' dir='ltr'><strong>adju-</strong></span> 
     </span>
    </p>
   </div>
   <div class='ocr_carea' id='block_1_113' title="bbox 2185 5164 3755 5241">
    <p class='ocr_par' dir='ltr' id='par_1_113' title="bbox 2185 5164 3755 5241">
     <span class='ocr_line' id='line_1_113' title="bbox 2185 5164 3755 5241; baseline -0.004 -17"><span class='ocrx_word' id='word_1_787' title='bbox 2185 5181 2344 5226; x_wconf 89' lang='lat' dir='ltr'><strong>vante</strong></span> <span class='ocrx_word' id='word_1_788' title='bbox 2383 5171 2553 5241; x_wconf 86' lang='lat' dir='ltr'><strong>gratia</strong></span> <span class='ocrx_word' id='word_1_789' title='bbox 2590 5170 2814 5231; x_wconf 84' lang='lat' dir='ltr'><strong>Christi,</strong></span> <span class='ocrx_word' id='word_1_790' title='bbox 2845 5176 2965 5238; x_wconf 89' lang='lat' dir='ltr'><strong>post</strong></span> <span class='ocrx_word' id='word_1_791' title='bbox 3018 5177 3223 5237; x_wconf 85' lang='lat' dir='ltr'><strong>tergum</strong></span> <span class='ocrx_word' id='word_1_792' title='bbox 3261 5166 3491 5227; x_wconf 86' lang='lat' dir='ltr'><strong>misisse,</strong></span> <span class='ocrx_word' id='word_1_793' title='bbox 3544 5174 3602 5219; x_wconf 91' lang='lat' dir='ltr'><strong>et</strong></span> <span class='ocrx_word' id='word_1_794' title='bbox 3639 5164 3755 5234; x_wconf 88' lang='lat' dir='ltr'><strong>jam</strong></span> 
     </span>
    </p>
   </div>
   <div class='ocr_carea' id='block_1_114' title="bbox 2185 5255 3757 5334">
    <p class='ocr_par' dir='ltr' id='par_1_114' title="bbox 2185 5255 3757 5334">
     <span class='ocr_line' id='line_1_114' title="bbox 2185 5255 3757 5334; baseline -0.006 -17"><span class='ocrx_word' id='word_1_795' title='bbox 2185 5265 2338 5334; x_wconf 85' lang='lat' dir='ltr'><strong>quasi</strong></span> <span class='ocrx_word' id='word_1_796' title='bbox 2391 5264 2445 5317; x_wconf 91' lang='lat' dir='ltr'><strong>in</strong></span> <span class='ocrx_word' id='word_1_797' title='bbox 2495 5262 2804 5318; x_wconf 62' lang='lat' dir='ltr'><strong>caelestibus</strong></span> <span class='ocrx_word' id='word_1_798' title='bbox 2859 5259 2909 5315; x_wconf 89' lang='lat' dir='ltr'><strong>ei</strong></span> <span class='ocrx_word' id='word_1_799' title='bbox 2969 5272 3301 5329; x_wconf 86' lang='lat' dir='ltr'><strong>conregnare</strong></span> <span class='ocrx_word' id='word_1_800' title='bbox 3347 5255 3439 5327; x_wconf 89' lang='lat' dir='ltr'><strong>qui</strong></span> <span class='ocrx_word' id='word_1_801' title='bbox 3493 5255 3757 5312; x_wconf 85' lang='lat' dir='ltr'><strong>dicebat:</strong></span> 
     </span>
    </p>
   </div>
  </div>
