4020 5392
188 328 279 387 89.7
1318 330 1648 391 EPISTOLA
1684 333 1777 388 AD
1819 333 2182 391 VALCHERU
2192 335 2259 391 31.

3304 324 3414 381 998

188 450 366 499 exorto
394 438 519 496 Sole
538 439 783 510 jus-tiliae,
817 448 870 496 et
902 442 1191 512 negotiosis
1217 450 1274 498 et
1310 442 1500 499 otiosis
1528 443 1743 498 virtuti—
1764 453 1821 525 Α
1848 445 1938 501 bet
1972 456 2351 516 argumentum
2375 464 2391 513 ;
2414 447 2527 503 vel
2555 460 2620 502 ea
2660 461 2781 517 qua:
2833 446 2900 501 dc
2944 444 3127 500 divino
3155 442 3418 515 producis

193 533 302 598 bus,
330 545 466 599 quas
514 530 709 601 partim
752 541 957 586 naturte
999 531 1281 599 beneficio,
1322 533 1522 603 partim
1550 532 1746 590 libera-

192 624 309 679 lium
338 623 749 691 disciplinarum
775 622 955 679 studio
976 625 1209 680 assecuti
1231 635 1379 689 sunt,
1404 625 1567 679 vitam
1591 640 1745 681 suant

192 717 241 771 in
270 715 356 772 illo
376 730 477 768 suo
497 714 725 769 honesto
748 722 803 768 et
829 713 945 769 utili
971 714 1323 769 solertissime
1345 725 1705 771 exercuerunt
1727 732 1742 769 :

190 804 391 877 quando
434 802 527 858 alii
578 816 764 858 eorum
794 801 878 858 vel
923 804 1060 858 artis
1090 804 1293 858 militia:
1333 803 1620 872 stipendiis
1647 803 1747 859 de—

190 895 363 959 vincti,
421 894 502 948 vel
553 893 782 964 publicis
830 892 1393 948 administrationibus
1445 890 1743 962 perfuncti,

192 988 321 1045 domi
341 987 581 1056 forisque
600 986 840 1056 graviter
861 988 1090 1058 agendo,
1110 996 1250 1043 terra
1275 988 1518 1058 marique
1539 987 1749 1040 fortiter

189 1079 461 1151 pugnando
483 1119 499 1144 ,
534 1079 748 1136 celebre
776 1095 972 1135 nomen
994 1080 1094 1135 sibi
1126 1089 1406 1150 perpetuo,
1439 1089 1497 1134 ttt
1523 1078 1748 1150 putaba-

192 1183 292 1235 tur,
330 1180 717 1242 propagarunt.
761 1170 869 1226 Alii
917 1186 1047 1227 vero
1081 1170 1162 1225 vel
1203 1170 1447 1227 emeritis
1476 1170 1750 1226 laboribus

192 1264 339 1321 nobili
377 1264 491 1320 otio
529 1263 734 1329 donati,
774 1264 857 1320 vel
896 1264 1062 1321 etiam
1121 1264 1177 1320 in
1232 1264 1403 1320 otium
1452 1264 1596 1334 quod
1642 1264 1752 1327 ele-

188 1366 367 1428 gerant
400 1356 528 1412 odio
576 1355 945 1421 surcularium,
974 1371 1035 1412 se
1078 1356 1420 1413 conferentes
1444 1397 1457 1421 ,
1494 1356 1578 1411 vel
1616 1358 1752 1413 scri-

191 1447 372 1514 bendo,
406 1447 494 1504 vel
519 1447 848 1519 disputando
871 1449 1026 1521 juxta
1055 1449 1158 1505 sibi
1184 1463 1251 1506 ac
1278 1448 1586 1518 reipublicae
1613 1463 1749 1503 con-

193 1538 472 1594 suluerunt.
1700 1592 1704 1598 λ

257 1626 416 1683 XXII.
448 1627 606 1696 Quod
631 1628 698 1695 si,
731 1639 791 1685 ut
833 1639 1249 1702 argumentosus
1277 1645 1365 1697 cs,
1396 1631 1563 1685 etiam
1608 1644 1752 1689 nunc

192 1722 466 1795 missis
491 1723 795 1793 pugnacius
831 1724 1112 1780 contendis
1143 1722 1439 1793 refragari,
1467 1731 1754 1778 succentu-

1828 537 2090 605 toraculo,
2119 538 2211 595 ubi
2250 538 2370 593 sine
2397 538 2538 592 nube
2566 537 2830 608 figmenti,
2867 536 3014 593 clara
3050 543 3197 606 patet
3220 534 3420 591 veritas

1846 629 2172 699 argumenti.
2210 629 2373 695 Vera,
2407 629 2647 699 inquam,
2679 637 2827 693 sunt,
2864 638 2919 683 et
2954 628 3175 683 omnino
3208 627 3420 699 idonea,

1847 733 1955 774 non
2022 731 2200 775 tamen
2252 721 2473 776 omnino
2522 718 2761 775 efﬁcacia
2823 720 2892 775 ad
2964 698 3420 789 persuadendum,

1846 810 2065 880 quando
2087 811 2302 867 animus
2330 810 2669 867 irrevocabili
2702 820 2889 866 tenore
2913 811 2983 867 ab
3017 810 3103 865 bis
3146 810 3421 864 diversum

1849 900 2000 974 eligit
2067 903 2420 973 propositum.
2479 902 2728 959 Didicisti
2781 918 2907 959 cum
2967 902 3143 957 Tullio
3199 904 3426 959 docente

1847 992 2083 1046 oratoris
2123 991 2355 1047 cilicium
2408 1000 2463 1047 et
2496 993 2656 1049 linem
2690 1011 2704 1048 :
2749 993 2983 1057 oliicium
3024 994 3265 1062 quidem,
3301 1000 3428 1063 apte

1850 1082 1916 1137 ad
1957 1084 2387 1154 persuadendum
2416 1085 2645 1152 dicere;
2703 1085 2862 1141 finem
2910 1100 3063 1151 vero,
3096 1085 3428 1153 persuadere

1852 1170 2112 1227 dictione.
2156 1172 2359 1228 [lorum
2391 1188 2522 1244 ergo
2560 1174 2789 1230 alterum
2832 1174 3035 1253 optime
3071 1170 3266 1235 affers,
3301 1171 3429 1227 dum

1824 1268 1973 1335 {apte
1995 1260 2065 1315 ad
2091 1262 2522 1331 persuadendum
2562 1263 2700 1318 dicis
2727 1281 2741 1313 :
2770 1262 3000 1318 alterum
3034 1276 3164 1316 vero
3187 1261 3428 1321 minime.

1850 1349 1976 1419 quia
2032 1348 2159 1405 dum
2207 1352 2537 1421 persuadere
2578 1352 2814 1408 dictione
2870 1351 3093 1406 minimc
3132 1350 3299 1414 vales,
3326 1349 3433 1403 fine

1851 1442 2075 1498 excidis.
2116 1441 2269 1499 Nosti
2293 1454 2475 1500 autem
2500 1444 2645 1515 quod
2683 1444 2817 1499 tanti
2846 1444 3147 1499 aestimatur
3173 1442 3429 1506 cilicium,

1853 1533 1958 1587 nisi
2013 1534 2119 1589 line
2165 1548 2287 1597 suo.
2341 1534 2394 1589 id
2434 1543 2520 1588 est
2561 1533 2753 1589 eﬂ'eetu
2797 1533 3068 1603 potiatur,
3110 1532 3302 1603 quanti
3353 1540 3435 1585 est

1853 1622 2014 1687 satio,
2065 1622 2109 1676 si
2143 1637 2418 1692 nunquam
2467 1632 2725 1679 ructatur.
2772 1622 3009 1678 Proinde
3063 1632 3186 1692 apte
3235 1623 3303 1676 de
3356 1622 3434 1679 la-

1855 1710 1989 1765 bore
2022 1710 2228 1775 dicens,
2270 1709 2445 1766 ofﬁcio
2490 1721 2634 1767 recte
2667 1710 2955 1779 fungeris;
2994 1711 3088 1765 sed
3126 1710 3253 1764 dum
3284 1709 3436 1777 quie-

190 1785 332 1870 riatis
356 1785 534 1870 cincta
570 1785 858 1871 sententiis
912 1815 1087 1870 aderit
1116 1815 1229 1884 ipsa
1252 1785 1486 1879 Veritas,
1518 1826 1619 1869 nec
1641 1814 1755 1869 suis

1863 1808 1969 1854 tcnt
2016 1809 2074 1856 et
2123 1801 2292 1856 otium
2341 1802 2561 1871 eligenti
2606 1802 2936 1872 persuadere
2982 1818 3087 1856 non
3141 1810 3328 1871 potes,
3376 1811 3437 1855 ut

183 1901 385 1978 desinet
407 1903 659 1973 partibus
684 1901 1004 1975 suffragari,
1028 1913 1084 1960 et
1106 1912 1165 1959 ut
1190 1904 1373 1958 verius
1395 1903 1757 1972 testatiusque

195 1992 260 2045 sit
281 1992 413 2059 quod
453 2006 867 2058 asseverantes,
899 1992 1131 2048 adducet
1161 1992 1318 2048 nobis
1350 1992 1404 2047 in
1435 1990 1750 2061 prtesidium

199 2080 306 2137 Iidei
340 2081 402 2136 de
430 2083 661 2137 consilio
698 2082 980 2152 utriusque
1024 2081 1353 2138 Testamenti
1386 2096 1665 2151 personas,
1689 2079 1758 2136 de

199 2171 351 2226 altero
396 2172 621 2242 quidem
677 2171 970 2228 Rachelem
1015 2180 1071 2228 et
1114 2172 1289 2239 Liam,
1326 2173 1393 2229 de
1437 2173 1610 2229 altero
1655 2187 1756 2229 au-

200 2272 292 2318 tem
322 2263 587 2318 llartham
610 2272 665 2318 et
686 2264 932 2319 Mariam.
971 2264 1077 2321 Sed
1108 2280 1367 2335 quorsum
1397 2266 1513 2321 haec
1541 2263 1758 2321 omnia?

129 2366 136 2374 '
200 2354 441 2425 profecto,
476 2365 540 2411 ut
594 2364 843 2426 patenter
887 2357 1174 2422 advertas,
1220 2356 1361 2414 sicut
1417 2357 1757 2428 prtemissum

200 2453 289 2511 est,
317 2459 528 2517 semper
553 2454 609 2501 et
629 2447 819 2502 otiosis
843 2454 897 2502 et
920 2448 1214 2518 negotiosis
1240 2448 1533 2505 virtutibus
1557 2448 1759 2505 electos

199 2548 311 2589 suos
334 2533 439 2588 Deo
467 2534 892 2605 complacuisse,
922 2551 1024 2592 nec
1052 2536 1368 2592 alterutram
1421 2548 1632 2608 partem
1659 2553 1759 2593 un-

201 2638 342 2692 quam
371 2624 526 2680 alteri
563 2625 964 2695 prejudicasse.
996 2627 1130 2695 Quia
1160 2628 1303 2685 sicut
1335 2637 1588 2698 occeptat
1616 2629 1760 2685 Deus

201 2715 325 2784 quod
355 2716 597 2787 practice
638 2716 942 2783 laboratur,
976 2719 1048 2773 ita
1078 2733 1184 2777 non
1216 2718 1523 2774 excluditur
1551 2720 1618 2774 ab
1643 2718 1761 2788 ejus

202 2806 517 2878 beneplacito
540 2847 559 2875 ,
597 2808 742 2879 quod
781 2823 881 2865 suo
909 2818 1149 2882 tempore
1190 2810 1428 2866 theorice
1458 2809 1762 2868 sabbatiza-

202 2902 294 2948 tur.

263 2984 437 3042 XXIII.
489 2985 655 3056 Papa:
698 2995 879 3041 autem
926 2995 986 3042 ut
1034 2986 1271 3043 nodosas
1318 3002 1399 3053 es,
1458 2987 1646 3049 frater,
1702 2995 1763 3043 ut

205 3075 406 3145 fungino
434 3077 614 3148 capite
663 3092 746 3141 es,
800 3086 855 3131 et
908 3085 1081 3131 totum
1137 3086 1188 3132 te
1230 3078 1403 3148 tegis!
1448 3077 1567 3142 lam
1616 3078 1759 3134 enim

205 3168 438 3236 putabam
483 3176 540 3222 te
595 3168 841 3233 desiisse,
889 3178 943 3222 ct
963 3168 1045 3223 vel
1070 3169 1297 3224 dicentis
1320 3170 1658 3233 auctoritate,
1678 3170 1760 3237 vel

205 3256 365 3325 potius
402 3258 674 3313 dictorum
717 3258 984 3328 gravitate
1016 3274 1281 3329 pressum,
1319 3275 1515 3314 manus
1546 3260 1763 3316 veritati

210 3347 418 3404 dedisse.
463 3348 537 3405 Et
578 3363 707 3404 ecce
757 3349 951 3404 iterum
994 3348 1199 3419 clangis
1234 3349 1385 3414 tuba,
1418 3350 1609 3404 iterum
1644 3364 1765 3418 per-

206 3440 388 3510 strepis
409 3440 473 3496 ad
505 3455 685 3505 arma,
729 3440 923 3495 iterum
982 3442 1293 3497 excusando
1331 3442 1615 3513 impugnas
1650 3444 1765 3498 ani-

207 3543 355 3594 mum,
406 3531 497 3601 qui
547 3539 831 3600 tantopere
881 3531 1053 3587 otium
1109 3532 1457 3603 amplectitur
1509 3543 1564 3588 ct
1609 3535 1764 3604 quie-

211 3625 329 3683 tem,
375 3620 635 3676 minitans
688 3622 973 3690 segnitiem
1024 3631 1080 3677 et
1134 3623 1485 3689 socordiam,
1529 3640 1650 3694 qua:
1706 3639 1767 3680 se

209 3704 412 3762 tbcorite
457 3707 622 3779 pallio
666 3708 877 3774 amicit,
922 3718 994 3775 te,
1022 3710 1267 3765 detracta
1294 3711 1433 3781 pelle
1481 3727 1512 3767 e
1557 3712 1766 3768 latebra

209 3812 351 3867 quam
402 3798 569 3864 fovet,
622 3810 1026 3869 protracturum
1066 3802 1119 3855 in
1155 3802 1376 3858 lucem:
1422 3805 1767 3874 recurrisque

208 3887 267 3962 ad
289 3890 600 3958 praedictum
641 3892 959 3962 prophetam
1004 3892 1208 3959 dicens,
1249 3895 1390 3964 quod
1421 3895 1763 3966 corrigendis

210 3980 598 4046 perversoribns
621 3990 674 4035 et
698 3981 1067 4036 evenenandis
1095 3983 1466 4053 scorpionibus
1489 3992 1637 4038 tanto
1661 3983 1765 4038 im-

211 4067 409 4134 pensius
436 4070 727 4139 acriusque
757 4069 1066 4136 institisset,
1108 4081 1311 4140 quanto
1348 4072 1610 4128 furiosius
1672 4088 1768 4128 eos

213 4154 270 4209 ad
291 4159 710 4228 repugnandum,
757 4168 810 4214 et
842 4162 1081 4231 seipsnm
1114 4164 1526 4231 discerpendum
1554 4178 1767 4217 anima—

215 4251 287 4297 tos
332 4245 570 4302 vidisset.
632 4249 801 4304 Atldis
867 4266 1080 4320 quoque
1142 4252 1426 4322 pigritanti
1487 4253 1767 4308 stimulum

214 4329 409 4401 Flacci,
469 4353 575 4408 quo
637 4338 726 4394 ille
793 4342 1014 4397 satirico
1086 4342 1394 4413 Damasippi
1444 4344 1525 4397 sui
1584 4358 1766 4413 peror-

215 4433 354 4478 natus
377 4437 700 4494 commento,
735 4429 787 4484 in
819 4431 1082 4485 desidiam
1113 4432 1386 4487 invehitur
1414 4432 1601 4488 dicens
1632 4450 1647 4487 :

324 4515 548 4567 Invidiam
573 4519 765 4579 placare
791 4533 933 4573 Daras
957 4522 1136 4572 virtute
1160 4522 1352 4573 relicta.

275 4617 454 4677 XXIV.
485 4622 867 4689 Contemnere,
901 4639 1087 4688 miser,
1127 4638 1216 4678 ve.
1260 4625 1472 4681 medius
1511 4626 1769 4697 proponis

220 4704 550 4767 fortissimum
596 4714 728 4769 illud
776 4716 1099 4770 constantiae
1158 4715 1435 4783 solamen,
1476 4720 1618 4788 quod
1673 4734 1771 4775 vas

221 4796 476 4857 electionis
518 4811 570 4857 et
612 4803 936 4861 solidissima
967 4820 1119 4860 mens
1158 4807 1445 4875 primitiva:
1474 4808 1526 4862 in
1562 4807 1768 4865 electos

222 4892 587 4954 persecutionis
633 4910 796 4951 manu
871 4895 1072 4966 detegit
1120 4896 1307 4952 dicens
1364 4914 1376 4950 :
1435 4897 1627 4954 Omnes
1681 4900 1771 4970 qui

225 4977 379 5034 volunt
422 4983 475 5037 in
502 4982 707 5039 Christo
734 4985 820 5056 pie
842 4986 1027 5053 vivere,
1046 4988 1456 5057 persecutionem
1483 4990 1764 5058 patientur.

227 5063 323 5121 Et:
372 5070 492 5127 Non
528 5075 886 5140 coronabitur,
934 5077 1037 5132 nisi
1082 5079 1173 5149 qui
1214 5076 1448 5146 legitime.
1476 5079 1767 5133 certaverit.

225 5156 439 5218 Adhibes
469 5180 682 5237 quoque
728 5175 995 5237 prteterea
1046 5168 1278 5229 certanti
1316 5164 1529 5223 scutum
1578 5170 1773 5225 divina:

1858 1907 2022 1963 supra
2072 1895 2278 1949 dictum
2323 1904 2427 1960 est,
2473 1898 2583 1951 line
2638 1896 2877 1951 ex:'idis.~
2912 1895 3042 1962 Quis
3085 1896 3228 1950 enim
3279 1897 3438 1951 hodie

1858 1984 2027 2038 otium
2055 1983 2271 2054 negotio
2310 1999 2416 2039 non
2453 1988 2731 2059 praeferat,
2765 1988 3006 2054 quando,
3043 1987 3086 2041 si
3133 1986 3348 2040 labores
3381 1986 3435 2041 in

1860 2090 2088 2131 vacuum
2136 2077 2335 2143 cadat;
2389 2079 2433 2133 si
2481 2093 2693 2143 cesses,
2744 2067 3004 2133 tantidem
3056 2077 3268 2132 valeat?
3307 2076 3439 2144 Quis

1858 2168 2001 2221 enim
2034 2182 2141 2222 non
2171 2176 2435 2238 temperet
2471 2184 2500 2222 a
2545 2168 2756 2236 labore,
2797 2170 2886 2224 ubi
2930 2178 3129 2239 negato
3169 2170 3334 2224 etiam
3371 2185 3439 2225 eo

1860 2258 1926 2314 de
1977 2273 2084 2328 quo
2146 2260 2447 2317 convenisti
2489 2261 2749 2326 denario,
2804 2261 3088 2316 minimum
3145 2259 3437 2326 laboranti,

1859 2348 2147 2418 plurimum
2171 2350 2417 2407 conferat
2459 2352 2671 2417 otianti,
2713 2352 2978 2423 siquidem
3017 2352 3129 2407 otio
3155 2352 3292 2407 bene
3316 2364 3442 2407 uta-

1863 2439 1984 2494 tur?
2004 2438 2139 2507 Quis
2167 2450 2372 2504 autem,
2398 2441 2500 2496 nisi
2532 2450 2712 2497 mento
2733 2451 2948 2512 captus,
2974 2441 3066 2496 tali
3098 2451 3285 2513 pergat
3310 2452 3442 2498 tem-

1860 2538 2069 2599 pestate
2097 2518 2259 2601 supra
2288 2530 2476 2601 spinas
2504 2546 2705 2595 serere,
2744 2533 2835 2588 ubi
2882 2534 3021 2587 mala
3057 2543 3197 2588 terra
3231 2533 3441 2590 tribulis

1862 2620 2111 2690 genuina:
2147 2621 2524 2691 perversitatis
2579 2622 2813 2678 horrens
2894 2624 3167 2680 salubrem
3214 2626 3441 2681 cultoris

1863 2726 2099 2773 manum,
2137 2720 2192 2767 et
2223 2720 2423 2767 bonum
2459 2714 2605 2767 verbi
2651 2729 2833 2770 semen
2870 2714 3078 2784 spernit
3105 2713 3441 2770 admittere?

1861 2801 2011 2857 Felix
2060 2802 2247 2874 utique
2294 2810 2456 2866 terra,
2517 2803 2573 2857 in
2627 2819 2731 2874 qua
2785 2820 2881 2875 per
2932 2805 3157 2873 verbum
3201 2804 3440 2859 hominis

1862 2894 2160 2950 seminatur
2184 2897 2413 2951 verbum
2463 2895 2578 2961 Dei,
2623 2912 2743 2966 quae
2793 2896 3104 2952 coelestibus
3158 2897 3329 2966 rigata
3386 2906 3443 2952 et

1863 2986 2134 3056 eompluta
2189 2986 2499 3042 docentium
2577 2986 2830 3052 nubibus,
2894 2988 3206 3058 centuplum
3262 2988 3443 3043 reddit

1868 3076 2100 3133 fructum
2133 3078 2200 3132 ad
2240 3079 2436 3135 horrea
2490 3078 2702 3134 Domini
2749 3079 2845 3135 Dei
2887 3083 2971 3135 sui
3079 3079 3245 3134 Extra
3297 3088 3442 3135 terra

1866 3167 1958 3222 illa
2008 3168 2187 3223 ferrea
2237 3169 2432 3223 merito
2471 3167 2667 3223 coelum
2713 3168 2877 3223 habet
2924 3183 3157 3232 aeneum,
3185 3183 3305 3237 quae
3345 3182 3441 3223 ac-

1866 3271 2023 3331 cepto
2078 3260 2286 3327 semine
2343 3276 2451 3316 non
2512 3259 2802 3316 fecundata
2860 3260 3138 3330 germine,
3178 3258 3440 3329 quidquid

1868 3352 2149 3420 Spinarum
2174 3360 2230 3407 et
2264 3351 2600 3406 zizaniorum
2623 3359 2867 3420 generat,
2902 3350 2955 3403 itt
2985 3358 3225 3419 tempore
3250 3350 3445 3405 messis

1867 3442 2100 3514 alligatis
2140 3441 2416 3498 fasciculis
2451 3442 2686 3497 mittitur
2726 3441 2779 3496 in
2813 3440 2993 3510 ignem
3018 3448 3302 3496 aeternum.
3336 3440 3442 3494 Dc-

1866 3533 2030 3602 nique
2074 3531 2168 3586 tali
2226 3540 2384 3586 terrm
2423 3541 2478 3585 et
2520 3530 2611 3585 tali
2642 3532 2813 3586 vineae
2864 3530 3166 3586 cultoribus
3203 3545 3310 3585 non
3360 3543 3447 3585 re-

1868 3623 2156 3694 spondenti
2234 3621 2633 3678 Paterfamilias
2689 3621 2884 3677 merito
2957 3621 3128 3676 iratus
3171 3635 3270 3691 per
3317 3635 3447 3690 pro-

1866 3716 2084 3785 phetam
2141 3714 2383 3769 minatur
2436 3714 2622 3769 dicens
2669 3733 2682 3768 :
2731 3712 2856 3769 Non
2900 3714 3191 3784 pumbitar,
3224 3729 3317 3767 nec
3357 3712 3444 3780 {o-

1869 3806 2060 3870 rlietttr,
2107 3815 2155 3860 et
2207 3805 2429 3859 nubibus
2474 3805 2737 3859 mandabo
2789 3822 2852 3858 ne
2908 3804 3094 3874 pluunt
3138 3819 3294 3872 super
3330 3817 3446 3856 eam

1868 3897 2119 3961 imbrem;
2171 3897 2380 3952 scilicet
2422 3911 2516 3951 eos
2570 3911 2708 3965 quos
2757 3898 3051 3951 secundum
3110 3897 3444 3963 propositum

1868 3987 2359 4057 praedestinationis
2392 3986 2640 4054 praevidit
2681 3987 2991 4040 damnatum
3024 3986 3105 4044 iri.
3141 3986 3243 4039 hoc
3281 3985 3447 4038 verbo

1870 4093 2159 4134 secernens
2199 4079 2268 4133 ab
2310 4078 2412 4138 bis.
2458 4093 2593 4147 quos
2633 4077 2907 4147 prmscivit
2944 4085 2999 4149 et
3035 4075 3451 4145 'pnedestinavit

1870 4170 2173 4226 conformes
2219 4168 2331 4222 fieri
2366 4167 2615 4237 imaginis
2646 4167 2768 4221 Filii
2812 4166 2915 4221 sui.
2968 4166 3095 4220 Inde
3138 4174 3322 4227 etiam,
3389 4172 3449 4218 ut

1869 4261 2136 4325 arbitror,
2188 4259 2466 4328 Iegislator
2525 4268 2579 4313 et
2642 4260 3029 4329 prophetarum
3077 4258 3337 4313 Dominus
3391 4256 3446 4310 in

1870 4366 1989 4415 suo,
2016 4351 2085 4406 de
2115 4364 2225 4420 quo
2256 4359 2366 4405 tota
2392 4350 2477 4404 lex
2509 4350 2705 4419 pendet
2743 4358 2797 4405 et
2835 4351 3128 4419 prophetae,
3159 4347 3449 4418 Evangelio

1800 4452 1847 4511 ι)
1873 4439 2113 4510 loquitur
2139 4440 2364 4495 dicens:
2400 4436 2581 4493 Nolite
2609 4449 2846 4493 sanctum
2869 4440 2997 4493 dare
3018 4438 3255 4500 canibus,
3287 4453 3450 4507 neque

1874 4530 2188 4601 margaritas
2221 4531 2442 4584 mittatis
2485 4538 2606 4583 ante
2640 4518 2845 4598 porcos.
2895 4527 3013 4594 Quo
3057 4526 3243 4596 utique
3282 4526 3452 4580 verbo

1871 4622 2208 4678 damnandos
2256 4622 2491 4677 secrevit
2534 4635 2563 4675 a
2616 4620 2915 4683 salvandis,
2976 4635 3042 4674 ne
3088 4617 3268 4673 surdis
3315 4631 3452 4683 prte-

1872 4713 2104 4768 dic'ando
2132 4711 2185 4767 in
2217 4726 2445 4767 vacuum
2478 4711 2636 4767 cedat
2668 4710 2755 4779 pia
2791 4708 3097 4764 sollicitudo
3130 4707 3447 4760 laborantis.

1942 4802 2260 4860 XXVI‘Jam
2280 4800 2867 4867 tandem,charissime,
2887 4798 3092 4862 fateris,
3111 4805 3169 4850 ut
3187 4786 3451 4864 arbitror,

1873 4909 1959 4951 me
1992 4894 2082 4950 tali
2117 4892 2376 4960 temporis
2402 4890 2630 4946 articulo
2658 4889 2786 4942 mihi
2817 4888 3043 4957 tibique,
3068 4896 3122 4939 et
3144 4885 3249 4953 piis
3269 4886 3452 4941 omni-

1874 4986 2000 5049 bus,
2058 4997 2162 5037 nec
2219 4979 2438 5043 frustra,
2502 4994 2603 5033 nec
2659 4977 2830 5031 otiose
2875 4984 3163 5044 exoptasse
3218 4972 3391 5027 otium
3441 4995 3457 5031 ε

1871 5077 2070 5147 quippe
2110 5072 2328 5142 quando
2382 5085 2482 5125 nec
2534 5071 2779 5130 honesto,
2830 5082 2931 5123 nec
2977 5064 3116 5127 utili,
3170 5062 3258 5118 vel
3309 5077 3471 5127 certe

1880 5164 2043 5238 (quod
2077 5163 2164 5217 his
2204 5160 2481 5228 antiquius
2511 5158 2613 5230 est)
2641 5155 2797 5211 saluti
2839 5171 2949 5211 non
2977 5153 3269 5224 respondet
3293 5169 3475 5227 “(‘80.
