4124 5374
563 331 678 405 899;

1798 321 1922 382 ΕΟΖ
1932 319 2155 381 ΕεΗιΝι
2196 315 2644 380 εαιιοιειιδτιεε

3711 322 3816 377 9(ἓο

566 428 815 519 legitima:
855 441 1129 500 missionis
1173 449 1371 496 metam
1418 436 1662 495 emeritis
1713 435 1888 490 milito
1933 443 2141 505 stipen-
2172 441 2220 500 Α
2249 434 2394 489 deria
2418 442 2799 488 coacervantes
2834 433 2937 488 sibi
2978 447 3287 504 magtsaos,
3330 432 3638 504 prurientes
3675 433 3824 488 auri-

567 541 675 595 diis
705 555 721 591 :
755 537 848 590 tibi
885 547 1040 596 vero,
1069 532 1198 586 licet
1228 531 1405 584 adhuc
1441 527 1753 582 succulenta
1793 535 1848 579 et
1877 525 2060 588 viridi,
2095 535 2150 578 et

554 630 674 700 piis
702 627 979 687 omnibus,
1013 621 1293 684 tantidem,
1322 619 1446 688 quia
1487 618 1670 680 timeo,
1700 615 1784 669 vel
1814 623 1962 669 certe
1989 615 2146 667 video

569 721 714 790 quod
745 718 796 771 in
824 714 1118 770 laborando
1147 711 1346 765 frustra
1373 709 1586 762 volvitis
1621 719 1798 761 rotam
1827 705 2146 759 nativitatis.

568 810 748 876 Quare
795 818 974 861 autem
1025 805 1248 868 frustra,
1303 803 1429 873 quia
1487 803 1738 871 superius
1795 800 2008 855 abunde
2064 807 2151 854 est

570 916 912 972 expressum,
959 898 1236 966 castigata!
1303 895 1651 964 disputationi
1710 894 1850 948 idem
1904 903 2150 962 repetere

575 991 901 1064 superﬂuum
957 1001 1060 1045 est.
1121 988 1270 1044 Nosti
1321 996 1578 1056 praeterea
1639 986 1781 1056 quod
1848 984 2021 1039 levita:
2081 998 2148 1037 et

569 1085 827 1138 mandato
863 1081 1000 1151 legis
1046 1094 1078 1133 a
1127 1095 1232 1134 xxv
1278 1079 1434 1132 annis
1477 1088 1531 1131 et
1581 1092 1742 1146 supra
1765 1074 2023 1144 juhentur
2053 1075 2153 1130 ml-

585 1173 850 1237 nislrare;
882 1188 910 1226 a
937 1163 1382 1240 quinquagesimo
1411 1183 1561 1230 vero,
1593 1169 1682 1237 qui
1706 1176 1759 1222 et
1782 1166 2037 1220 Jubiheus
2069 1175 2152 1220 est

577 1274 634 1316 et
699 1261 942 1333 mysticis
1005 1261 1388 1315 celeberrimus
1463 1259 1841 1322 sacramentis,
1901 1257 2154 1312 custodes

574 1365 830 1405 vasorum
897 1349 1030 1404 fore.
1094 1349 1354 1403 Maturius
1407 1357 1584 1400 autem
1650 1347 1767 1414 lege
1836 1347 2151 1401 militarium

581 1443 920 1497 sanctionum
947 1442 1150 1495 tirones
1169 1440 1482 1494 scribuntur
1508 1440 1573 1493 ad
1603 1439 1846 1492 militiam
1873 1440 2150 1504 ;eamdem

585 1538 788 1594 tamen,
820 1544 981 1599 quam
1007 1539 1060 1583 et
1098 1529 1190 1592 illi,
1227 1529 1476 1598 legitimae
1510 1529 1781 1582 missionis
1812 1529 2013 1582 habent
2041 1541 2152 1582 mc-

582 1629 714 1674 tam.
752 1620 1022 1674 Cathedra
1058 1636 1270 1690 quoque
1300 1620 1566 1676 scholaris
1593 1620 1890 1690 magisterii
1921 1629 1975 1675 ct
1999 1620 2151 1690 juxta

578 1718 776 1765 metam
809 1710 1056 1765 militaris
1084 1710 1378 1779 tliSciplinz‘e
1415 1710 1465 1764 in
1528 1711 1853 1764 auditorium
1896 1710 2149 1764 cateclte-

2252 525 2374 586 bus,
2411 525 2565 579 vanis
2605 534 2657 578 et
2691 524 2958 593 pestiferis
2999 526 3295 579 inserviunt
3335 541 3523 580 vocum
3555 525 3636 579 vel
3670 539 3821 594 qum-

2252 614 2487 667 stionum
2521 613 2849 668 novitatibus
2882 632 2894 667 :
2927 623 2982 668 et
3018 615 3107 684 qui
3147 617 3323 670 adhuc
3352 617 3551 668 nudum
3582 623 3636 669 ct
3663 615 3824 668 molle

2253 702 2419 756 lutum
2445 703 2496 756 iu
2540 713 2657 758 rota
2691 703 2982 773 disciplime
3005 703 3197 758 artifiti
3226 703 3413 773 pollice
3442 715 3496 758 et
3519 704 3820 758 vehementi

2255 801 2410 848 torno
2447 793 2673 848 formari
2716 794 2976 848 deberent
3025 793 3074 847 in
3115 809 3240 847 vasa
3272 794 3474 862 gltirim,
3512 793 3580 847 ab
3615 793 3739 847 inde
3769 794 3819 845 in

2253 893 2477 940 externa
2519 885 2793 956 fugitando
2827 886 3151 950 resilientes,
3188 885 3562 939 deformantur
3595 885 3648 939 in
3692 899 3817 938 vasa

2255 976 2606 1030 contumelia'.
2632 975 2731 1042 Qui
2748 976 2956 1029 etiamsi
2982 975 3180 1044 aliquid
3203 984 3459 1030 extrema:
3483 975 3562 1028 vcl
3589 974 3819 1044 garrula!

2255 1065 2532 1134 cujusdam
2570 1065 2808 1120 scientize
2858 1066 3109 1135 colligant
3159 1079 3253 1135 per
3301 1064 3618 1126 eruditoria,
3666 1064 3820 1133 quasi

2254 1157 2752 1227 vagipalantesqttc
2805 1157 2949 1210 nullo
3004 1157 3244 1211 contenti
3296 1157 3628 1210 discursant.
3678 1155 3818 1223 Quia

2255 1247 2322 1302 de
2359 1249 2599 1302 moribus
2619 1258 2887 1312 extrema,
2920 1246 3003 1301 vel
3037 1247 3176 1300 nulla
3213 1247 3437 1316 qumstio
3477 1256 3579 1309 est,
3620 1245 3822 1300 reversi

2255 1339 2320 1392 ad
2346 1353 2492 1401 suos,
2537 1353 2766 1392 excusso
2794 1339 2862 1392 ab
2909 1337 3164 1391 indomita
3189 1335 3402 1389 cervice
3432 1335 3636 1389 timoris
3668 1333 3822 1402 jugo,

2254 1437 2310 1484 et
2344 1430 2587 1498 disrnpto
2619 1428 2918 1498 disciplina:
2955 1428 3158 1488 freno,
3210 1427 3415 1496 seipsos
3474 1418 3683 1496 perdite
3725 1427 3824 1480 'vl-

2257 1519 2451 1586 vendo,
2479 1519 2612 1575 alios
2649 1519 2918 1574 fermento
2961 1517 3176 1573 malitiae
3215 1517 3632 1588 corrumpendo,
3681 1525 3822 1574 totos

2255 1611 2474 1680 rapiunt
2498 1612 2548 1664 in
2573 1623 2830 1681 prteceps.
3713 1628 3718 1631 '

2327 1701 2558 1756 XXVIII.
2597 1703 2826 1769 Quidam
2866 1715 2996 1756 vero
3041 1700 3168 1756 facti
3209 1715 3318 1754 sua:
3361 1696 3640 1768 cujusdam
3669 1693 3827 1753 insti-

582 1815 707 1856 seos
737 1803 899 1855 habet
933 1799 1155 1869 januam
1181 1773 1556 1865 institutionis,
1585 1803 1682 1856 sed
1706 1801 1861 1870 longe
1886 1804 2152 1856 maturius
2183 1773 2228 1834 Β
2263 1793 2488 1848 ultionis
2558 1793 3042 1864 pseudomagistri,
3103 1793 3230 1847 dum
3303 1799 3510 1847 certum
3573 1792 3826 1862 ignorant

583 1892 878 1946 absolvitur
905 1897 1051 1947 exitu
1097 1895 1418 1947 necessaria:
1445 1893 1737 1947 missionis.
1766 1893 1929 1963 Cujus
1959 1892 2156 1949 laboris

582 1992 816 2055 tempus,
862 1985 986 2054 quia
1029 1985 1163 2040 nihil
1203 1985 1473 2040 difﬁcilius
1516 1986 1616 2040 sub
1664 1985 1776 2040 sole
1813 1987 2035 2056 geritur,
2068 1988 2152 2041 vel

575 2078 719 2146 quod
755 2077 928 2146 magis
961 2076 1192 2146 operarii
1221 2076 1302 2130 sui
1338 2079 1480 2131 vires
1525 2077 1826 2137 exhauriat,
1870 2091 1899 2129 a
1943 2078 2156 2146 sapien-

582 2170 730 2223 tibus
752 2169 1072 2238 przelluitum
1103 2177 1187 2222 est
1217 2178 1502 2237 septcune,
1535 2168 1636 2221 nisi
1671 2169 1738 2222 de
1768 2178 1962 2222 cretero
1992 2168 2037 2222 is
2065 2169 2154 2238 qui

579 2268 806 2328 protest,
845 2258 1170 2313 auctoritate
1208 2258 1519 2328 prmsideal,
1562 2273 1666 2311 non
1711 2257 1918 2312 labore.
1957 2257 2155 2312 Omnes

583 2350 904 2418 itaque-has
952 2358 1146 2414 metas,
1193 2350 1394 2418 partim
1443 2360 1519 2415 tu,
1554 2349 1902 2414 charissimc,
1927 2365 1990 2403 ex
2022 2359 2153 2414 toto,

582 2453 685 2506 ego
703 2438 1044 2508 jamdudum,
1069 2439 1452 2509 transegimus,
1485 2447 1540 2493 et
1567 2439 1742 2493 adhuc
1767 2440 2029 2509 gemimus
2054 2439 2154 2494 sub

586 2530 746 2591 fasce,
779 2530 954 2586 adhuc
993 2529 1045 2583 in
1079 2531 1268 2584 eodem
1309 2529 1634 2584 desudamus
1675 2529 1898 2594 labore;
1928 2537 1981 2584 et
2012 2529 2154 2583 nulla

583 2622 738 2676 nobis
775 2623 952 2677 adhuc
983 2621 1168 2676 arrisit
1207 2621 1381 2691 gratia
1412 2620 1622 2675 emeriti
1661 2621 1906 2684 honoris,
1942 2636 2059 2689 qua:
2087 2635 2152 2674 ex

581 2726 736 2781 atquo
795 2719 1110 2782 compenset
1166 2711 1338 2764 vicem
1397 2711 1530 2765 tanti
1599 2710 1822 2764 laboris.
1875 2709 1990 2764 Non
2047 2719 2152 2775 est,

581 2814 776 2874 prmter
808 2805 1093 2858 admodum
1131 2818 1354 2872 paucos,
1393 2802 1482 2872 qui
1527 2817 1661 2872 opus
1701 2802 1829 2856 illttd
1872 2810 2152 2867 retractet,

584 2915 691 2953 non
717 2908 800 2953 est
825 2897 916 2966 qui
950 2897 1231 2965 recogitet.
1257 2893 1531 2949 Liberales
1561 2895 1702 2949 enim
1734 2893 2027 2964 disciplina:
2058 2893 2155 2946 mi-

586 2988 690 3042 mis
733 2996 788 3042 et
834 2987 1186 3042 histrionibus
1231 2985 1640 3054 posthabentur,
1668 2994 1722 3039 ct
1749 3001 1885 3055 pene
1933 3000 2031 3054 per
2074 2993 2156 3039 ta-

2254 1895 2517 1950 prmsepe,
2573 1895 2672 1936 nec
2724 1883 2774 1935 in
2820 1897 2914 1936 sua
2954 1897 3074 1951 qum
3109 1897 3212 1936 non
3258 1881 3474 1945 habent,
3514 1895 3572 1936 so
3600 1888 3829 1948 possunt

2256 1969 2518 2038 recipere,
2562 1970 2663 2024 hac
2711 1969 2830 2024 illac
2882 1985 2976 2039 per
3036 1969 3188 2023 villas
3241 1983 3511 2038 pagosque
3561 1969 3827 2036 urbesque

2257 2059 2707 2120 circumcursant.
2747 2075 2915 2113 novas
2950 2059 3216 2125 Psalterii,
3268 2058 3441 2124 Pauli,
3480 2056 3827 2129 Apocalypsis

2255 2149 2514 2204 lectiones
2573 2151 2811 2215 tradunt,
2859 2150 3191 2219 juventutcm
3257 2165 3514 2203 novorum
3552 2150 3821 2219 capillum,

2256 2237 2486 2294 levitatis
2507 2239 3208 2309 pedissequam,disciplinae
3225 2239 3486 2309 refugam,
3511 2251 3628 2309 post
3648 2256 3706 2292 se
3734 2256 3829 2307 per

2253 2331 2589 2401 voluptatum
2630 2331 2860 2386 declivia
2898 2331 3114 2386 trahunt
3152 2331 3556 2385 :reverentiam
3591 2330 3830 2399 discipli-

2256 2436 2355 2484 περ,
2389 2419 2776 2488 subiectionem
2807 2421 3147 2482 obedientim,
3183 2421 3584 2475 observantiam
3615 2421 3825 2488 religio-

2256 2511 2360 2575 nis,
2393 2520 2666 2581 postremo
2692 2512 2872 2566 omnia
2907 2511 3172 2580 regularis
3197 2512 3321 2565 vita:
3359 2513 3539 2565 munia
3573 2510 3826 2583 perditis-

2256 2600 2390 2654 sima
2425 2614 2633 2653 morum
2655 2600 3000 2669 corruptione
3027 2600 3382 2656 confundunt.
3691 2611 3696 2618 '

2281 2711 2290 2719 ι
2326 2688 2516 2744 XXIX.
2557 2689 2623 2744 Et
2661 2705 2726 2744 ne
2764 2691 2904 2746 forte
2937 2705 3022 2746 me
3058 2699 3215 2762 putes
3254 2692 3306 2745 in
3339 2690 3643 2762 hujusmodi
3668 2693 3825 2747 dero-

2255 2779 2434 2849 gantis
2463 2779 2656 2850 linguae
2691 2779 2794 2834 tela
2826 2781 3078 2852 dirigere,
3108 2790 3164 2837 et
3197 2797 3475 2848 novorum,
3504 2799 3610 2837 imo
3638 2783 3823 2837 melio-

2256 2890 2373 2930 rum
2417 2875 2845 2945 suggillationem
2896 2877 3152 2932 invidiose
3202 2887 3417 2943 texere;
3463 2894 3569 2932 non
3604 2879 3825 2931 omnino

2257 2971 2450 3026 credas
2502 2971 2680 3024 verbis
2732 2971 2887 3037 meis,
2924 2971 3084 3026 crede
3119 2975 3298 3040 potius
3338 2971 3506 3024 oculis
3530 2981 3580 3025 et
3605 2972 3828 3025 auribus

582 3077 778 3130 hernas
820 3077 1127 3129 mendicare
1163 3075 1431 3136 videntur,
1472 3075 1696 3144 pecunia
1736 3075 1823 3128 illa
1865 3090 2138 3144 super.....

2258 3063 2384 3122 tuis.
2427 3061 2583 3127 Vide,
2632 3063 2674 3116 si
2709 3062 2903 3132 placet,
2937 3078 3098 3133 quam
3139 3078 3284 3118 sanae
3337 3064 3615 3130 doctrinae,
3661 3075 3824 3134 quam

582 3165 1052 3234 philosophantur,
1085 3178 1388 3216 mammona
1413 3179 1575 3232 super
1597 3178 1750 3236 reges
1767 3173 1821 3218 et
1851 3165 2148 3220 tetrarchas

581 3253 832 3308 omnibus
879 3252 1202 3305 dominatur.
1261 3251 1344 3305 Ad
1389 3266 1677 3318 summam,
1728 3253 1908 3307 omnia
1935 3253 2150 3310 virtutis

586 3342 806 3410 praemia
841 3340 1021 3394 feralis
1049 3342 1288 3410 possidet
1317 3342 1564 3407 avaritia,
1602 3350 1656 3398 et
1703 3343 1754 3397 in
1792 3359 1956 3414 regno
1995 3360 2150 3414 pecu-

586 3429 688 3484 nia:
713 3429 936 3483 ambitio
961 3444 1057 3483 sua
1086 3439 1236 3483 taxat
1257 3431 1627 3485 mercimonia.
1659 3431 1796 3498 Quid
1831 3433 1896 3487 de
1929 3433 2150 3489 tantillis

587 3518 741 3572 nobis
791 3518 1076 3573 credamus
1138 3517 1406 3583 futurum,
1451 3521 1538 3574 ubi
1592 3520 1795 3590 lapides
1857 3523 2148 3577 sanctuarii

583 3605 814 3675 dispersi
861 3615 989 3660 sunt
1035 3607 1086 3660 in
1134 3607 1313 3675 capite
1355 3608 1592 3662 omnium
1634 3609 1980 3679 platearum?
2022 3611 2152 3678 Qua:

586 3711 716 3751 vero
747 3697 952 3767 sperari
991 3697 1075 3752 vel
1114 3699 1420 3766 concupisci
1454 3708 1646 3767 potest,
1694 3709 1789 3754 attt
1831 3702 2152 3771 dignitatum

587 3787 934 3853 ministratio,
972 3796 1066 3841 aut
1095 3789 1455 3857 spiritualium
1489 3804 1739 3843 vasorum
1764 3792 2030 3856 custodia,
2061 3793 2150 3846 ubi

587 3891 692 3930 non
731 3890 858 3931 vasa
889 3876 1272 3930 misericordia:
1322 3888 1621 3947 prteparata
1669 3881 1718 3933 in
1773 3880 2016 3950 gloriam,
2059 3881 2153 3936 sed

588 3967 788 4036 ubique
819 3965 1070 4022 videntur
1099 3983 1224 4021 vasa
1259 3969 1497 4038 iraeapta
1530 3971 1583 4022 in
1618 3970 1921 4036 interitum,
1953 3987 1981 4026 a
2012 3972 2154 4028 vasis

589 4065 923 4112 craterarum
951 4071 1120 4126 usque
1143 4058 1208 4112 ad
1235 4074 1394 4112 omne
1419 4074 1514 4114 vas
1544 4061 1908 4114 musicorum?

659 4143 870 4199 XXVII.
895 4144 971 4198 Ex
999 4147 1189 4200 eadem
1219 4147 1398 4216 itaque
1424 4149 1657 4203 toxicata
1689 4149 1928 4204 avaritia:
1952 4151 2152 4215 radice,

589 4241 646 4286 et
683 4247 753 4286 ex
789 4232 892 4286 hoc
923 4233 1180 4300 pestifero
1217 4235 1547 4288 zizaniorum
1591 4238 1818 4302 semine,
1859 4241 1997 4292 mala
2036 4249 2154 4294 orta

588 4331 674 4376 est
697 4329 754 4377 et
779 4323 1018 4390 quotidie
1051 4324 1103 4376 in
1140 4322 1292 4392 pejus
1331 4325 1556 4392 pullulat
1588 4329 1822 4381 exitialis
1863 4344 2074 4383 morum
2101 4339 2157 4384 et

2250 3160 2484 3214 salubris
2513 3159 2806 3228 disciplinre
2843 3159 3073 3228 theologi
3110 3160 3175 3213 de
3208 3159 3506 3213 Turoneusi
3541 3168 3826 3230 emergant

2249 3248 2544 3314 academia,
2574 3249 2656 3303 cui
2681 3249 2926 3317 praesidet
2954 3250 3226 3319 apostolus
3255 3249 3338 3303 ille
3374 3249 3677 3304 SatanreBe
3697 3267 3822 3304 reu-

2250 3341 2454 3410 garins.
2482 3337 2637 3404 Vide,
2663 3340 2901 3408 inquam,
2918 3355 3076 3408 quam
3102 3340 3431 3409 pestilentes,
3452 3341 3556 3394 imo
3590 3339 3824 3394 letb‘iferi

2252 3428 2567 3498 scorpiones
2615 3435 2670 3481 et
2716 3429 2882 3497 reguli
2926 3429 2992 3483 de
3043 3430 3288 3484 cavernis
3326 3430 3613 3494 erumpant
3661 3431 3825 3483 totius

2251 3520 2420 3574 nostri
2485 3518 2744 3588 temporis
2787 3517 3124 3589 Babylonim;
3187 3519 3276 3587 qui
3320 3519 3699 3574 luet-esiarehm
3744 3521 3823 3573 sui

2252 3618 2428 3663 musto
2455 3608 2612 3673 ebrii,
2639 3615 2693 3661 et
2713 3622 2916 3660 veneno
2930 3607 3143 3661 delibuti
3159 3649 3170 3672 ,
3189 3610 3251 3663 de
3268 3612 3435 3663 sacris
3452 3611 3830 3680 sacrilegasin-

2254 3697 2825 3754 trodueuntnovitates
2847 3697 3226 3764 quaestionum,
3259 3696 3323 3750 ad
3356 3698 3485 3750 nihil
3517 3697 3692 3762 utiles,
3721 3698 3822 3752 nisi

2253 3788 2320 3842 ad
2381 3786 2789 3841 subversionem
2836 3785 3163 3838 audientium
3215 3801 3228 3838 :
3277 3802 3502 3854 quorum
3547 3801 3724 3841 sermo
3769 3798 3826 3842 ut

2253 3892 2450 3932 cancer
2483 3877 2684 3945 serpit;
2718 3876 2840 3944 quia
2881 3877 3124 3939 scicntia,
3159 3891 3275 3945 quae
3312 3878 3482 3942 inﬂat,
3518 3893 3622 3933 non
3654 3877 3823 3932 mdifi-

2254 3976 2337 4022 cat
2350 4006 2364 4029 ,
2393 3966 2485 4021 sed
2510 3965 2790 4019 subvertit.

2324 4055 2495 4110 XXX.
2537 4055 2630 4109 Isti
2675 4058 2740 4108 de
2788 4055 2946 4108 rebus
2983 4057 3359 4121 sacrosanctis,
3410 4058 3476 4113 de
3513 4055 3826 4113 coelestibus

2253 4147 2460 4203 scilicet
2500 4149 2875 4211 sacramentis,
2913 4163 3031 4216 qua:
3069 4150 3239 4203 sancti
3275 4151 3484 4214 Patres,
3520 4154 3734 4220 quoties
3758 4151 3826 4206 ad

2255 4257 2317 4297 ea
2365 4257 2422 4296 sc
2461 4240 2693 4295 audebat
2734 4250 2996 4295 tractatus
3042 4257 3226 4296 eorum
3270 4243 3537 4308 attollere,
3581 4243 3826 4301 videntes

2258 4353 2320 4392 ea
2359 4352 2462 4391 non
2488 4336 2661 4389 solum
2685 4350 3013 4402 sermonem,
3049 4337 3141 4391 sed
3161 4338 3321 4390 etiam
3355 4338 3641 4393 humanam
3671 4354 3829 4408 supe-

589 4409 884 4478 diseipliua:
909 4409 1144 4478 jactura,
1173 4412 1308 4464 adeo
1336 4421 1394 4464 ut
1429 4413 1482 4466 in
1529 4414 1673 4467 nullo
1709 4415 1966 4484 regularis
1994 4418 2151 4472 ollicii

2260 4441 2384 4480 rare
2413 4427 2697 4488 rationem,
2729 4439 2783 4480 et
2820 4437 3152 4489 reverenter,
3183 4437 3239 4480 ιιι
3265 4427 3570 4496 oportebat,
3596 4431 3830 4500 attinge-

591 4499 854 4569 regimine
900 4499 1059 4554 liceat
1095 4501 1171 4554 uti
1227 4501 1452 4556 solemni
1503 4503 1766 4571 majorum
1807 4521 2034 4561 censura
2073 4509 2157 4563 vel

587 4593 759 4648 ferula
787 4609 802 4646 :
829 4593 924 4648 sed
953 4593 997 4647 si
1021 4594 1278 4648 tortuosis
1307 4595 1560 4649 vitiorum
1585 4596 1918 4652 anfractibus
1941 4613 2157 4653 manum

589 4684 645 4738 itt
674 4683 827 4753 virga
875 4683 1189 4738 tlircctionis
1241 4683 1461 4738 stimulo
1510 4688 1852 4754 represseris,
1900 4689 2158 4743 continuo

597 4792 698 4848 pro
735 4775 1030 4843 majoribus
1058 4777 1274 4845 quidem
1312 4785 1405 4831 aut
1431 4778 1710 4832 multitudo
1735 4779 1991 4834 similium
2021 4795 2152 4850 pro-

587 4868 896 4940 pugnatrix,
940 4876 1036 4922 aut
1082 4867 1307 4937 pecunia
1362 4867 1690 4923 defensatrix
1731 4871 1952 4925 accedat
2003 4889 2015 4924 :
2059 4886 2156 4940 pro

590 4956 888 4988 minas-“usa
926 4970 1053 4988 ναι-Λ
1099 4964 1188 4988 aut
1240 4956 1524 4988 :nnmnlnnn
1566 4957 1783 4988 Ιῖιιηπιηι-
1845 4968 1931 4988 nul
1978 4960 2154 4988 ηΙΙέιιεσ-

2263 4517 2419 4578 bant;
2454 4523 2531 4577 et,
2569 4513 2659 4568 ubi
2712 4529 2846 4583 Opus
2891 4524 3026 4579 erat,
3088 4514 3343 4569 habentes
3395 4515 3586 4571 clavim
3638 4519 3826 4582 David,

2261 4605 2442 4658 subtili
2474 4605 2795 4658 discretione
2836 4605 3108 4674 aperiendi
3157 4615 3205 4659 et
3238 4605 3539 4672 claudendi,
3568 4616 3829 4676 quantum

2261 4694 2328 4748 ad
2358 4693 2704 4747 sobrietatem
2743 4694 3074 4762 sapientibus
3108 4694 3239 4748 satis
3279 4704 3442 4761 esset,
3474 4709 3536 4750 ca
3564 4697 3830 4753 catholico

2257 4783 2630 4850 exponebant;
2675 4782 2870 4844 dehis,
2908 4783 3147 4853 inquam,
3194 4785 3353 4838 rebus
3391 4795 3444 4838 et
3472 4789 3833 4842 sacramentis

2257 4882 2310 4926 et
2336 4887 2499 4926 novas
2527 4881 2580 4925 et
2613 4872 2924 4940 peregrinas
2958 4873 3160 4925 eudnnt
3215 4887 3244 4925 a
3270 4873 3373 4928 fide
3412 4873 3828 4945 intelligentias;

2263 4974 2306 4986 Α.
2335 4963 2442 4986 2η-..
2465 4970 2794 4986 ο..-..σι.....ι--ί-
2830 4960 3060 4984 -.υι1--ιὲγ-
