4124 5374
325 327 418 387 9M

1479 325 1809 383 EPISTOLA
1850 325 1944 381 AD
1986 323 2434 382 VALCIIERUM.

3442 329 3589 387 901v

328 435 721 498 tmusformans
751 435 906 495 nobis
931 436 1169 495 condidit
1197 444 1253 492 et
1274 446 1631 502 consecrarit,
1661 436 1886 493 crudum
1916 445 1967 506 Λ
2061 433 2295 490 XXXIII.
2330 434 2459 490 llaec
2499 436 2686 513 omnia
2716 435 2987 508 sapienter
3007 438 3253 509 despexit
3279 437 3556 499 llcriman-
3582 490 3587 497 .

326 531 411 584 vel
432 535 646 583 coctum
668 541 829 598 aqua,
860 542 967 582 non
995 542 1177 581 assum
1201 525 1311 597 igni
1339 526 1647 590 comedunt,
1669 534 1724 579 et
1747 526 1891 595 quod

326 614 444 690 ejus
476 617 751 675 residuum
785 627 886 681 est,
915 625 973 674 et
1008 633 1222 687 semper
1249 618 1353 672 erit
1384 617 1529 688 (quia
1570 616 1754 671 nullus
1790 633 1891 670 un-

326 723 488 780 quam
538 707 806 774 mortalis,
851 708 1243 778 quantumlibet
1287 709 1485 771 sciens,
1521 708 1586 761 ad
1627 707 1890 762 incarnati

327 795 487 852 Verbi
510 786 767 851 arcanum
806 795 959 865 plena
989 795 1339 867 intelligentia
1374 797 1425 849 in
1459 797 1559 851 bac
1588 796 1695 849 vita
1726 811 1890 865 pene-

323 893 473 940 trare
494 885 687 955 potuit,
713 893 807 938 aut
844 883 1084 956 poterit),
1127 884 1234 955 igni
1273 902 1377 939 non
1409 885 1748 939 comburunt.
1800 884 1890 939 Isti

322 970 684 1044 improvidam
735 973 1120 1042 simpliciorum
1171 972 1396 1028 fratrum
1443 975 1784 1038 facilitatem,
1836 982 1894 1027 et

325 1067 559 1122 maxime
581 1066 845 1122 curiosam
871 1065 1282 1120 discurrentium
1315 1066 1659 1138 perfugarum
1704 1067 1894 1120 levita-

329 1167 436 1213 tem
490 1172 632 1213 novo
676 1157 910 1227 quodam
959 1157 1184 1212 docendi
1228 1158 1497 1213 lenocinio
1544 1158 1893 1229 occupantes,

325 1247 501 1316 primo
533 1247 703 1317 ipsam
739 1245 1140 1316 Scripturarum
1193 1249 1554 1317 superficiem,
1599 1250 1750 1319 quasi
1782 1249 1893 1319 pl.:-

326 1351 453 1391 nam
473 1336 539 1391 ad
562 1336 996 1407 septicolomnem
1033 1339 1309 1408 sapientim
1341 1339 1556 1393 domum
1600 1345 1893 1394 ostendunt

324 1426 493 1492 viam,
527 1436 582 1483 et
628 1435 855 1492 rectam,
903 1427 1047 1483 velut
1080 1430 1147 1483 ad
1196 1440 1408 1498 portum
1437 1431 1645 1493 salutis,
1670 1433 1892 1485 demon-

324 1525 500 1573 atrant
534 1517 780 1573 semitam
828 1508 847 1571 ’τ
913 1518 1107 1572 deinde
1163 1520 1467 1589 sephisticte
1519 1520 1894 1589 disputationis

324 1608 534 1664 retibus
563 1617 770 1678 captos,
813 1616 869 1664 et
890 1609 1137 1664 carnalis
1174 1611 1413 1666 scicntitc
1450 1615 1698 1667 acumine
1733 1613 1894 1667 hebe-

323 1708 486 1765 tatos,
544 1714 641 1772 per
694 1700 967 1769 captiosos
1024 1702 1344 1757 necessariae
1410 1705 1892 1774 argumentationis

322 1789 529 1843 ducunt
554 1786 850 1844 anfractus
896 1805 912 1843 :
948 1789 1118 1844 donec
1150 1799 1403 1847 extranea
1447 1802 1501 1847 et
1534 1809 1563 1847 a
1596 1796 1768 1849 salute
1798 1812 1889 1865 pe—

323 1877 536 1947 regrina
586 1879 941 1947 quaestionum
968 1880 1200 1934 novitate
1225 1881 1449 1951 pulchre
1487 1885 1555 1939 ad
1599 1886 1888 1954 perniciem

321 1970 637 2037 instructos,
685 1986 791 2026 una
839 1985 1022 2027 secum
1068 1972 1386 2044 demergant
1432 1974 1488 2028 in
1544 1986 1762 2046 puteum
1808 1975 1890 2030 in-

314 2060 535 2117 teritus.

397 2151 583 2207 XXXI.
614 2152 773 2209 Tales
799 2169 929 2227 ergo
965 2156 1091 2226 quia
1121 2170 1225 2211 non
1256 2155 1563 2220 advertunt,
1603 2156 1742 2225 quod
1782 2172 1886 2212 non

315 2242 564 2299 'luunano
606 2255 697 2298 aut
738 2245 917 2300 strculi
957 2260 1115 2301 sensu
1157 2247 1210 2301 in
1250 2247 1341 2301 Dei
1380 2249 1541 2302 rebus
1568 2246 1640 2301 sit
1666 2246 1889 2317 loquen-

319 2329 470 2395 dum,
499 2331 749 2402 quodque
780 2333 1056 2389 inventum
1095 2335 1199 2390 mel
1239 2335 1304 2390 ad
1340 2335 1736 2399 sufﬁcientiam,
1779 2353 1887 2391 non

319 2431 494 2485 usque
515 2417 582 2471 ad
604 2432 858 2473 nauseam
905 2421 977 2474 sit
1017 2423 1433 2488 comedendum,
1465 2423 1588 2477 dum
1624 2439 1720 2479 sua
1764 2422 1887 2479 freti

318 2509 585 2576 sapientia
626 2508 850 2565 nimium
898 2510 1195 2579 maiestatis
1246 2513 1511 2584 profunda
1557 2522 1886 2578 scrutantur,

318 2598 562 2666 oppressi
591 2615 621 2652 a
641 2598 806 2670 gloria
833 2602 885 2656 in
912 2616 1156 2658 errorum
1174 2604 1435 2673 profunda
1454 2606 1884 2675 prmcipitantur:

310 2700 377 2744 et
412 2689 537 2744 dum
584 2688 903 2760 imprudenti
932 2694 1168 2749 carnalis
1209 2694 1485 2764 sapientia:
1537 2697 1756 2751 audacia
1790 2696 1891 2766 lip-

316 2781 534 2849 pientes
555 2780 741 2836 oculos
773 2782 1020 2838 animalis
1041 2784 1294 2850 hominis,
1326 2785 1415 2854 qui
1438 2801 1542 2841 non
1573 2786 1799 2857 percipit
1824 2801 1889 2843 ea

320 2886 444 2941 quae
491 2872 585 2926 Dei
636 2873 874 2936 sunt,‘in
915 2889 1103 2929 verum
1145 2874 1325 2929 Solem
1363 2876 1594 2946 defigere
1621 2877 1886 2945 nituntur,

314 2963 493 3033 ipsius
528 2962 816 3021 inaccchze
849 2963 983 3020 lucis
1009 2966 1175 3022 radiis
1201 2969 1522 3037 repercussi,
1565 2969 1616 3021 in
1650 2968 1888 3023 exterio-

312 3066 411 3106 res
455 3067 702 3107 errorum
759 3054 1008 3109 tenebras
1052 3055 1428 3124 projiciuntur.
1461 3055 1549 3110 lsti
1585 3057 1650 3112 de
1695 3057 1889 3114 divinis

320 3153 783 3199 sacramentorum
819 3146 1114 3216 mysteriis,
1153 3162 1367 3219 semper
1391 3150 1606 3219 quidem
1639 3164 1891 3206 reveren-

321 3235 429 3299 dis,
470 3250 573 3299 nec
613 3250 850 3305 unquam
882 3237 1118 3293 humano
1154 3253 1314 3297 sensu
1352 3247 1447 3293 aut
1482 3240 1692 3299 ratione
1731 3241 1894 3296 attin-

321 3326 533 3397 gendis,
557 3326 684 3380 dum
709 3326 887 3397 impiis
915 3342 1021 3381 non
1045 3328 1234 3382 timent
1262 3331 1696 3385 contentionibus
1724 3333 1893 3387 inser-

320 3416 459 3481 vire,
494 3416 628 3472 nihil
658 3432 789 3472 sano
829 3418 1014 3473 auditu
1046 3419 1262 3489 dignum
1302 3429 1579 3475 merentur
1618 3420 1888 3475 difﬁnire:

314 3516 378 3560 .et
397 3506 522 3563 dum
551 3516 758 3565 natura:
785 3507 1042 3563 terminos
1067 3507 1254 3563 volunt
1276 3508 1568 3572 includere,
1590 3517 1646 3564 et
1672 3510 1721 3563 id
1751 3509 1895 3581 quod

324 3598 490 3651 totius
510 3596 793 3652 rationalis
816 3606 1076 3652 creaturae
1098 3598 1360 3655 rationem
1388 3609 1627 3669 superat,
1653 3600 1891 3667 humana

324 3685 539 3740 ratione
565 3694 796 3755 pergunt
826 3686 1167 3751 concludere,
1207 3702 1334 3742 vere
1368 3689 1420 3742 in
1467 3689 1693 3758 lapidem
1723 3688 1892 3745 offen-

324 3776 495 3831 sionis
534 3784 588 3831 et
622 3784 831 3845 petram
871 3778 1109 3833 scandali
1146 3777 1445 3849 impingunt
1479 3797 1492 3832 :
1529 3780 1651 3848 quia
1684 3780 1751 3835 de
1783 3781 1889 3851 piis

325 3881 455 3921 sane
476 3866 736 3921 doctrina!
764 3866 1020 3921 uberibus
1042 3882 1141 3937 pro
1175 3867 1335 3931 lacte,
1368 3869 1616 3940 butyrum
1646 3879 1739 3924 aut
1768 3886 1892 3924 san-

325 3959 542 4025 guinem
608 3958 909 4028 exprimere
980 3958 1331 4015 contendunt.
1402 3959 1554 4015 Hanc
1627 3960 1891 4015 mortiferi

324 4048 590 4118 dogmatis
644 4058 850 4118 pestem
906 4049 973 4104 ab
1022 4048 1259 4105 Ecclesia
1308 4063 1403 4103 sua
1446 4048 1694 4105 Christus
1736 4051 1893 4108 Jesns

328 4139 586 4195 radicitus
635 4139 850 4204 evellat,
891 4140 1202 4208 priusquam
1254 4140 1522 4215 modicum
1573 4138 1891 4199 fermentum

330 4238 494 4284 totam
523 4245 759 4303 massam
790 4236 1120 4300 corrumpat.

396 4320 609 4376 XXXII.
638 4321 772 4376 Cum
807 4336 936 4390 ergo
981 4322 1084 4376 hoc
1119 4321 1317 4387 toxico,
1365 4322 1584 4392 insuper
1608 4331 1663 4379 et
1710 4324 1894 4380 multi.

1989 537 2091 578 nus
2122 522 2403 578 Bernensis
2424 560 2440 585 ,
2463 522 2638 594 Drogo
2686 522 3006 581 Parisiensis
3022 567 3037 591 ,
3053 526 3328 597 Spirensis
3350 528 3560 586 lluore-

1990 628 2251 678 manuus,
2296 613 2756 685 Bavenbergensis
2789 616 3160 685 Meiubardus,
3204 629 3261 675 et
3295 629 3561 691 praetcrea

1990 704 2175 767 multi,
2199 712 2253 758 et
2290 712 2606 772 praestantes
2627 744 2645 770 ,
2673 716 2727 760 et
2752 709 3034 777 principum
3075 712 3409 767 auctoritatis
3433 714 3558 780 viri,

1988 798 2101 867 qui,
2155 797 2394 865 przecisis
2446 798 2773 865 speciebus,
2833 811 2887 853 et
2939 803 3204 859 abdicatis
3251 805 3558 875 laboribus.

1990 884 2182 938 atmiis
2226 884 2621 953 Volt-fecerunt;
2667 897 2722 942 et
2773 890 3002 960 sapienti
3063 894 3291 948 consilio
3334 896 3452 962 usi,
3504 899 3558 955 in

1994 974 2275 1043 theologia:
2321 982 2493 1029 nt.um
2523 989 2929 1032 concesserunt.
2961 980 3072 1050 Ego
3100 998 3224 1036 vero
3253 984 3380 1053 quid
3410 986 3557 1041 face-

1991 1076 2105 1114 rem
2122 1062 2143 1114 ?
2162 1076 2261 1115 cur
2286 1079 2391 1115 non
2415 1062 2553 1116 idem
2581 1065 2703 1118 vim:
2721 1067 3052 1136 propositum
3079 1069 3147 1123 de
3169 1081 3365 1125 caetero
3391 1075 3559 1145 elige-

1990 1166 2103 1211 rem
2126 1153 2149 1206 ?
2173 1152 2285 1222 Ego
2311 1169 2436 1207 vero
2463 1170 2525 1208 ac
2564 1155 2770 1210 lubens.
2794 1158 2876 1211 Ad
2899 1160 3001 1213 hoc
3031 1161 3178 1215 enim
3204 1162 3303 1216 etsi
3334 1179 3561 1234 genera-

1991 1240 2057 1294 lis
2110 1241 2317 1308 piurum
2352 1246 2593 1297 omnium
2623 1245 2840 1314 querela
2875 1248 2957 1301 vel
3004 1263 3168 1303 causa
3200 1266 3286 1305 me
3344 1269 3447 1309 non
3474 1270 3560 1308 ur-

1990 1340 2179 1401 geret,
2232 1330 2524 1400 singularis
2576 1341 2755 1386 tamen
2800 1334 2925 1388 vitat
2972 1352 3102 1391 mea:
3156 1340 3458 1406 decursus,
3505 1352 3563 1396 et

1994 1433 2172 1472 rerum
2196 1435 2433 1474 mearum
2464 1432 2754 1490 proventus
2780 1440 2866 1477 me
2893 1425 3031 1479 idem
3059 1427 3256 1496 eligere
3283 1432 3416 1489 satis
3444 1449 3559 1489 mo-

1992 1520 2163 1562 neret.
2192 1510 2323 1564 \‘itie
2341 1526 2574 1580 namque
2591 1514 2848 1567 decursus
2870 1517 3127 1571 continuo
3148 1518 3345 1575 laborzs
3365 1525 3558 1581 attritu

1992 1594 2181 1650 ell‘etas
2223 1598 2516 1665 exhaurit,
2564 1601 2607 1653 si
2640 1616 2759 1670 qua:
2784 1615 3102 1672 supersunt,
3135 1611 3375 1676 corporis
3399 1613 3560 1677 vires,

1991 1693 2045 1739 et
2073 1696 2426 1753 praematuras
2456 1688 2718 1759 inspergit
2744 1692 2904 1760 capiti
2937 1692 3088 1748 nives
3116 1711 3132 1750 :
3158 1699 3297 1752 unde
3346 1709 3401 1752 et
3448 1678 3564 1755 ma-

1924 1771 1967 1830 Β
1996 1784 2170 1828 turum
2204 1777 2330 1829 mihi
2362 1780 2600 1832 minatur
2623 1782 2845 1835 exitium
2865 1821 2880 1846 ,
2905 1782 3007 1837 nisi
3040 1794 3251 1839 mature
3277 1804 3362 1843 me
3387 1790 3564 1845 confe-

1992 1882 2107 1921 ram
2157 1867 2211 1922 in
2244 1871 2479 1940 quietem
2526 1881 2581 1927 et
2617 1875 2807 1929 otium.
2838 1875 3142 1934 Proventus
3169 1891 3348 1936 autem
3384 1897 3562 1939 rerum

1989 1974 2230 2025 mearum
2253 2003 2268 2027 ,
2302 1963 2426 2018 licet
2468 1967 2681 2022 abunde
2706 1974 3126 2045 expetendarum
3168 1973 3351 2028 aflluat
3372 1979 3561 2048 Copia,

1991 2059 2169 2107 tamen
2220 2054 2453 2109 maxime
2515 2056 2946 2115 desiderabilium
3011 2075 3289 2133 aporiatur
3344 2069 3562 2137 inopia,

1992 2159 2179 2203 eorum
2212 2147 2395 2215 utique
2425 2152 2492 2201 de
2540 2166 2706 2206 aureo
2749 2168 3013 2224 maiorum
3048 2172 3247 2232 saeculo
3289 2160 3442 2228 prius
3464 2177 3562 2223 au—

1988 2233 2134 2298 dita,
2173 2250 2294 2304 qua:
2332 2234 2887 2305 felicioribusnostrte
2914 2246 3184 2301 memoria,
3206 2247 3398 2307 diebus
3437 2251 3587 2321 ipse.

1990 2324 2159 2379 oculis
2173 2326 2307 2380 meis
2318 2326 2663 2391 vidi,scilicet
2682 2330 2841 2385 fidem
2856 2348 2960 2387 non
2985 2334 3187 2401 fictam,
3209 2346 3265 2391 et
3284 2338 3564 2395 veritatem
3584 2402 3587 2409 ι

1990 2412 2292 2484 integram;
2344 2429 2669 2488 pra:ceptum
2711 2420 2922 2477 Domini
2970 2424 3022 2479 in
3074 2426 3306 2481 invicem
3346 2445 3567 2487 conser-
3616 2449 3666 2501 μ’

1987 2517 2147 2568 vare,
2192 2505 2418 2573 justitize
2455 2517 2510 2564 et
2555 2509 2795 2581 aequitati
2852 2512 2987 2567 nihil
3037 2526 3394 2586 anteponere;
3429 2521 3563 2574 nihil

1990 2594 2268 2666 remittere
2293 2598 2358 2649 de
2380 2597 2641 2666 gravitate
2672 2601 2967 2671 disciplime
2991 2612 3046 2659 et
3073 2605 3350 2674 religionis
3373 2648 3387 2669 .
3415 2609 3555 2662 nihil
3580 2656 3587 2669 ,

1989 2683 2277 2739 admittere
2314 2688 2455 2754 quod
2490 2702 2597 2742 non
2631 2700 2772 2745 esset
2821 2692 3048 2761 publica:
3093 2692 3357 2750 utilitatis
3380 2706 3435 2750 et
3465 2700 3565 2751 ho-

1989 2773 2249 2838 aestatis;
2290 2785 2589 2845 eteteraque
2629 2778 2681 2831 id
2722 2795 2892 2850 genus
2918 2783 3096 2836 omnia
3118 2820 3137 2849 ,
3163 2799 3282 2854 qua:
3314 2784 3367 2839 in
3409 2786 3569 2843 luteis

1989 2861 2238 2941 humanae
2286 2873 2493 2919 naturae
2535 2868 2778 2922 cratibus
2827 2871 3032 2927 auratis
3081 2856 3313 2942 possunt
3358 2886 3589 2933 utentes.

1990 2955 2262 3027 aedificare
2284 2994 2301 3020 ,
2336 2964 2391 3010 et
2422 2958 2474 3010 in
2496 2958 2639 3012 vasis
2665 2960 2919 3016 lictiubns
2947 2962 3328 3035 desiderabiles
3355 2966 3570 3021 thesan-
3642 2982 3647 2987 '

1991 3060 2083 3101 ros
2115 3061 2399 3117 reponere.
2442 3045 2567 3103 llaec
2592 3057 2716 3102 sunt
2745 3064 2863 3119 quae
2892 3050 3202 3107 melioribus
3233 3064 3428 3109 nostrae
3461 3072 3570 3111 n;e-

1996 3139 2181 3193 moria:
2205 3140 2392 3195 diebus
2420 3156 2506 3195 me
2533 3140 2718 3197 videre
2746 3183 2760 3209 ,
2783 3153 2838 3198 et
2872 3144 2955 3199 his
2982 3145 3248 3221 interesse
3274 3149 3413 3203 serio
3433 3165 3587 3223 gaus

1993 3230 2209 3284 deham.
2230 3304 2235 3307 _
2259 3228 2411 3286 Nunc
2454 3246 2580 3287 vero
2615 3234 2738 3302 quia
2784 3248 2923 3304 pene
2958 3249 3027 3291 ex
3055 3243 3166 3292 toto
3198 3237 3554 3315 defecerunt;

1993 3335 2102 3376 non
2156 3329 2264 3374 tam
2313 3337 2489 3377 meam
2517 3361 2533 3390 ,
2590 3339 2751 3394 quam
2790 3340 3134 3383 communem
3177 3327 3348 3386 defleo
3392 3314 3560 3403 mise-

1995 3426 2151 3463 l‘lﬂﬂl.

2063 3497 2305 3557 XXXIV.
2344 3499 2412 3556 Et
2449 3514 2508 3557 ut
2543 3502 2850 3573 antiquiora
2873 3543 2891 3570 ,
2923 3507 2995 3560 'et
3021 3504 3093 3570 ob
3126 3506 3227 3562 hoc
3257 3508 3481 3563 meliora
3510 3524 3570 3577 se

1996 3596 2201 3643 taceam
2232 3600 2471 3659 tempora
2493 3633 2511 3658 ,
2542 3603 2597 3651 et
2642 3595 2708 3649 de
2753 3596 2837 3649 his
2867 3593 3058 3666 loquar
3085 3612 3204 3665 qua:
3243 3599 3436 3666 partim
3463 3600 3571 3669 ipsi

1992 3679 2252 3746 vidimus,
2278 3683 2475 3752 partim
2519 3695 2770 3739 recenler
2791 3695 2942 3756 gesta
2978 3686 3122 3742 fideli
3148 3689 3411 3747 relatione
3433 3690 3571 3745 didi-

1991 3767 2202 3834 cimus;
2249 3784 2280 3822 a
2333 3771 2523 3826 diebus
2554 3773 2754 3827 domini
2795 3772 3012 3843 Notgeri
3059 3788 3255 3831 nostra:
3286 3778 3432 3832 urbis
3457 3780 3581 3849 epi-p

1992 3861 2182 3928 scopi,
2231 3875 2417 3915 eorum
2464 3864 2779 3932 pontificum
2827 3867 2919 3933 qui
2968 3865 3475 3938 cicoutempurales
3517 3871 3570 3923 in

1992 3949 2235 4003 Ecclesia
2263 3947 2531 4004 ﬂorebant
2559 3952 2812 4020 praecipui
2841 3991 2858 4016 ,
2893 3968 3061 4023 usque
3087 3955 3153 4011 ad
3182 3955 3297 4008 hanc
3331 3956 3579 4025 qurejaut

1994 4039 2045 4093 in
2098 4039 2314 4093 miseria
2344 4038 2681 4099 defluxerunt
2728 4044 2833 4096 duo
2870 4044 3067 4110 lustra,
3113 4046 3479 4102 misericordia
3518 4057 3576 4105 et

1992 4129 2195 4182 veritas
2247 4128 2603 4184 obviaverunt
2641 4129 2787 4196 sibi,
2831 4130 3044 4201 justitia
3098 4144 3151 4189 et
3187 4150 3289 4204 pax
3318 4137 3573 4192 osculata:

1993 4225 2135 4269 sunt.
2167 4214 2321 4270 Nunc
2369 4226 2551 4271 autem
2581 4218 2646 4274 de
2673 4230 2810 4272 terra
2835 4222 3040 4275 sublata
3063 4232 3172 4285 est,
3202 4233 3256 4278 et
3278 4222 3487 4297 justitia
3516 4226 3568 4280 in

1993 4306 2187 4360 emtum
2239 4308 2493 4375 recessit,
2542 4318 2598 4363 et
2647 4312 2933 4379 repentino
2958 4310 3191 4383 quodam
3220 4311 3449 4368 fOItuna:
3478 4315 3573 4369 im-

333 4408 484 4465 formi
538 4411 753 4466 malitia:
801 4420 857 4466 et
898 4411 1149 4481 nequitia:
1195 4412 1458 4467 fermento
1499 4423 1605 4468 tota
1656 4415 1891 4485 undique

1993 4409 2152 4467 petu,
2196 4407 2253 4453 et.
2292 4411 2632 4456 monstruosa
2680 4416 2860 4458 rerum
2910 4405 3319 4474 perturbatione
3364 4421 3577 4479 .nversa

332 4499 681 4557 fermentctur
711 4501 974 4570 Ecclesia,
1016 4517 1117 4559 nec
1151 4519 1375 4575 usquam
1404 4520 1540 4576 pene
1567 4505 1892 4564 sinceritatis

331 4600 384 4645 et
407 4593 649 4647 veritatis
675 4592 938 4659 integrum
961 4602 1209 4648 servetur
1232 4610 1415 4665 azyma
1446 4613 1460 4649 :
1486 4610 1711 4664 cumque
1739 4613 1895 4653 nemo

328 4698 464 4752 pene
498 4685 568 4740 sit
588 4684 679 4754 qui
711 4693 896 4741 contra
920 4685 1036 4740 hrec
1068 4684 1151 4739 vel
1174 4685 1239 4738 ad
1263 4700 1386 4740 vera
1410 4687 1563 4741 bonae
1594 4688 1716 4745 vita:
1747 4689 1887 4743 insti-

336 4781 467 4839 tnta,
490 4773 572 4829 vel
596 4770 801 4829 laboret
822 4774 953 4842 ipse,
976 4773 1058 4829 vel
1082 4774 1409 4829 laborantem
1433 4775 1498 4829 de
1520 4776 1624 4830 vita
1649 4777 1895 4833 mercede

336 4876 668 4933 remaneret;
696 4876 749 4924 et
777 4870 846 4924 ob
869 4868 971 4923 hoc
1001 4867 1112 4939 ipsa
1151 4883 1271 4937 quae
1311 4868 1399 4922 vix
1437 4870 1646 4924 residua
1683 4879 1786 4934 est,
1818 4868 1897 4924 la-

334 4951 633 5013 borantium
663 4959 902 5028 paucitas
930 4957 1087 5013 nedio
1117 4960 1281 5021 victa,
1312 4972 1341 5010 a
1379 4958 1558 5012 labore
1585 4968 1843 5028 temperet
1877 4977 1890 5013 :

337 5045 455 5113 quis
489 5049 700 5119 negotio
723 5062 825 5102 non
871 5054 1163 5117 anteponat
1203 5046 1417 5099 otium?
1452 5046 1574 5115 quis
1612 5047 1783 5103 inutili
1816 5046 1896 5103 la-

333 5129 451 5188 bori
476 5144 530 5191 et
579 5136 802 5191 elamori
829 5134 897 5190 ad
925 5136 1118 5192 surdos
1156 5149 1262 5191 non
1295 5132 1547 5204 praeferat
1575 5135 1812 5204 quietem
1842 5145 1896 5191 et

340 5221 639 5280 silentium?
690 5224 871 5289 Posui,
926 5220 1122 5298 inquit,
1175 5223 1255 5277 ori
1298 5239 1409 5276 meo
1449 5225 1740 5277 custodiam
1779 5240 1896 5279 cum

1993 4498 2045 4543 et
2073 4503 2324 4559 perversa
2347 4501 2473 4547 sunt
2504 4494 2682 4548 omnia
2709 4511 2725 4557 ;
2757 4504 2833 4560 et,
2864 4505 2922 4551 ut
2963 4496 3198 4552 breviter
3224 4498 3428 4565 dicam,
3460 4515 3576 4555 orit-

1994 4580 2079 4633 nia
2107 4582 2379 4649 praedictis
2425 4585 2720 4640 contraria.
2764 4588 2912 4642 Adeo
2942 4596 3001 4643 ut
3045 4590 3091 4643 si
3129 4590 3251 4658 quis
3292 4590 3433 4644 inter
3477 4590 3575 4643 bas

1994 4674 2172 4728 saeculi
2225 4684 2574 4745 tempestates
2623 4677 2812 4733 eodem
2860 4677 3085 4732 rationis
3131 4677 3278 4731 claro
3312 4678 3575 4732 eteadem

1997 4766 2077 4819 via
2112 4770 2480 4825 mandatorum
2510 4807 2527 4833 ,
2564 4769 2715 4837 quasi
2750 4767 3048 4822 cmlestium
3091 4766 3253 4820 ductu
3302 4767 3536 4822 siderum
3562 4807 3576 4831 ,

1994 4856 2126 4910 velit
2172 4858 2408 4928 seipsuin
2455 4866 2511 4911 et
2557 4858 2660 4911 sibi
2696 4844 2900 4911 credita
2932 4852 3157 4927 regere,
3186 4856 3299 4922 ipsa
3334 4859 3575 4913 turbidus

1994 4946 2247 5001 violentia
2298 4961 2585 5014 percussus
2633 4953 2858 5015 cegatur
2912 4945 2981 5000 ab
3026 4947 3264 5010 iucmpto
3295 4945 3577 5000 desistere.

1996 5037 2148 5106 Quod
2199 5051 2359 5105 quam
2418 5035 2707 5101 horribile,
2760 5049 2923 5102 quam
2983 5032 3212 5089 monstri
3259 5024 3587 5101 simile’sit,‘

1995 5126 2126 5184 nulli
2152 5122 2307 5179 facile
2336 5123 2651 5193 exlilicabile
2676 5132 2781 5178 est.
2806 5121 3061 5193 Legimus
3086 5121 3228 5176 enim
3256 5136 3431 5182 nonne
3454 5126 3586 5180 illud

1995 5215 2194 5288 prioris
2220 5213 2401 5269 smculi
2430 5230 2619 5271 aurum
2642 5214 3100 5285 argentocmtcris
3127 5210 3399 5271 inferioris
3426 5216 3583 5287 pretii

2293 5313 2452 5326 αρμῗνκ-
2493 5317 2531 5326 ,ο
2564 5323 2617 5326 μί
2648 5324 2653 5325 γ
2688 5315 2911 5326 ι-κ----...ν
3031 5313 3206 5326 ',.lA—--
