4124 5374
577 324 687 383 903

1782 327 2148 388 GOZEClllNl
2191 330 2642 393 SCllOLASTlCl

3747 344 3854 403 90.:

576 436 862 532 quisquam
909 443 1018 532 est,
1045 434 1744 532 qui‘prop‘riiord‘lnis'vcl
1779 438 1936 495 oﬂicii
1984 448 2165 495 servet
2191 434 2428 508 Amodo
2475 448 2618 517 quod
2686 450 2963 520 quaerebat
3023 453 3241 510 dantem
3294 465 3564 513 excusat:
3596 469 3853 532 perorata

576 528 817 599 legitima
846 544 860 582 :
901 528 997 583 sed
1028 526 1386 584 desiderabile
1410 529 1538 583 illud
1572 531 1741 586 nostri
1774 533 2033 603 temporis
2065 549 2163 587 au-

575 635 694 674 rum
721 612 1004 689 repentino
1031 618 1267 687 quodam
1298 632 1428 674 casu
1453 660 1469 686 ,
1501 634 1608 674 non
1637 631 1696 674 ut
1739 621 1888 689 prius
1915 635 2010 690 per
2034 630 2168 677 tem-

573 724 767 779 porum
826 707 1138 772 intervalla,
1220 723 1327 762 non
1393 709 1448 762 in
1492 716 1777 780 argentum
1833 709 1917 764 vel
1973 719 2166 764 caetera

572 800 849 869 quantivis
877 797 1035 871 pretii
1065 798 1280 853 metalla
1305 839 1319 864 ,
1353 799 1446 854 sed
1477 799 1533 854 in
1570 799 1820 868 stipulam
1859 809 1915 854 et
1950 799 2163 864 fenum,

572 901 667 944 aut
695 900 843 945 certe
889 890 943 943 in
996 887 1231 942 favillam
1273 896 1330 942 et
1356 884 1596 943 cinerem
1638 888 1858 943 omnino
1891 890 2166 944 redactum

571 988 674 1034 est.
706 976 777 1034 Ut
811 979 955 1034 enim
998 987 1194 1033 cuneta
1228 992 1349 1046 quae
1396 977 1645 1048 superius
1672 975 1899 1046 objectis
1932 978 2039 1034 tuis
2083 991 2167 1032 re-

573 1068 892 1137 spondendo
943 1071 1235 1137 dequestus
1263 1081 1413 1132 sum,
1457 1067 1838 1136 compendiose
1861 1064 2165 1133 recolligam

571 1157 783 1228 epilogo
803 1197 818 1223 ,
850 1166 1134 1227 postquam
1179 1154 1482 1210 clarissima
1510 1154 1615 1209 duo
1644 1152 1900 1210 Ecclesia:
1930 1142 2167 1208 lumina-'

572 1249 654 1300 ria
678 1285 693 1311 ,
726 1260 847 1315 quae
874 1245 1039 1300 nimis
1064 1254 1187 1300 sero
1214 1244 1356 1299 Deus
1383 1244 1662 1308 accendit,
1694 1253 1749 1299 et
1772 1244 1933 1299 nimis
1956 1253 2167 1299 mature

575 1337 629 1393 in
660 1336 980 1392 abscondito
1011 1335 1168 1391 faciei
1221 1350 1331 1390 suae
1380 1349 1412 1388 a
1442 1334 1860 1389 conturbatione
1889 1333 2166 1388 hominum

572 1428 884 1492 abscondit,
943 1426 1231 1482 llenrieum
1261 1427 1383 1482 dico
1406 1426 1703 1481 secundum
1747 1426 2161 1495 imperatorem,

570 1528 627 1574 et
648 1519 988 1574 Liutboldum
1022 1517 1347 1589 Moguntina:
1401 1517 1545 1572 sedis
1582 1516 2029 1586 protopraesulem
2058 1556 2072 1580 ,
2106 1515 2160 1570 in

571 1624 710 1680 quos
757 1609 907 1664 aurei
958 1609 1139 1664 smculi
1187 1607 1326 1663 lines
1370 1623 1495 1663 cum
1538 1608 1774 1661 maxima
1825 1607 1908 1662 sui
1955 1606 2165 1662 decoris

571 1700 751 1770 specie
798 1700 1133 1755 devenerunt
1164 1719 1176 1754 :
1211 1700 1326 1755 hate
1350 1740 1365 1767 ,
1412 1700 1633 1769 inquam
1660 1740 1674 1765 ,
1725 1698 2028 1754 clarissima
2058 1697 2163 1754 duo

570 1789 898 1855 luminaria,
977 1798 1264 1859 postquam
1306 1790 1374 1844 ab
1424 1788 1511 1844 his
1568 1787 1805 1843 tenebris
1862 1789 1928 1842 ad
1978 1802 2162 1842 veram
2193 1788 2237 1846 Β

569 1879 746 1936 lucem
772 1921 789 1947 ,
819 1896 850 1934 a
888 1895 994 1951 qua
1023 1881 1185 1935 etiam
1237 1881 1343 1934 huc
1371 1878 1676 1934 alluxerunt
1709 1877 1829 1934 orbi
1882 1888 2066 1942 terrae,
2104 1885 2163 1932 ut

568 1985 790 2024 oramus
833 1979 887 2025 et
917 1979 1166 2040 optamus
1190 2011 1205 2035 ,
1235 1978 1512 2038 assumpta
1544 1978 1699 2034 sunt;
1736 1968 1998 2039 quidquid
2024 1968 2162 2023 divi-

571 2077 656 2117 na:
685 2062 997 2134 religionis,
1036 2061 1298 2132 quidquid
1340 2061 1612 2130 aequitatis
1632 2069 1696 2131 et
1725 2059 1949 2129 justitia:
1969 2100 1983 2120 .
2014 2058 2164 2128 quid-

569 2154 700 2224 quid
727 2152 1031 2208 liberalium
1070 2152 1373 2207 studiorum
1402 2190 1418 2215 ,
1446 2149 1705 2219 quidquid
1740 2148 1980 2204 liberalis
2004 2148 2164 2202 disci-

567 2243 730 2313 plina:
766 2241 967 2312 ubique
995 2241 1249 2309 vigebat,
1272 2241 1414 2296 sicut
1450 2249 1579 2295 tunc
1628 2239 1888 2307 temporis
1924 2236 2164 2292 Ecclesia

568 2343 626 2389 et
672 2322 824 2388 vario
878 2332 1136 2386 virtutum
1175 2330 1374 2387 decore
1416 2340 1473 2386 et
1525 2328 1811 2399 multiplici
1857 2327 2162 2383 liberalium

570 2424 878 2481 litterarum
932 2421 1230 2495 propagine
1265 2420 1522 2488 ﬂorebat,
1573 2436 1696 2477 cum
1738 2420 1819 2476 eis
1844 2420 2048 2490 pariter
2078 2434 2165 2474 se-

568 2513 747 2584 pulta,
802 2512 913 2568 imo
963 2512 1017 2567 in
1081 2511 1279 2567 caelum
1334 2519 1552 2581 recepta
1614 2518 1783 2565 sunt:
1818 2510 1891 2563 ita
1938 2518 1998 2562 ut
2030 2505 2164 2561 nihil

568 2619 759 2659 eorum
800 2617 937 2673 pene
990 2601 1318 2658 remanserit
1361 2601 1415 2656 in
1464 2609 1612 2656 terra
1643 2600 1845 2671 praeter
1870 2599 2163 2654 admodum

526 2709 738 2771 ψευσεῖ
761 2735 777 2762 ,
800 2706 856 2752 et
886 2696 1001 2752 hac
1026 2704 1086 2750 ut
1115 2694 1322 2750 umbrae
1351 2694 1528 2750 inanis
1561 2692 1811 2763 vestigia.
2158 2703 2162 2711 '

635 2777 856 2840 XXXV.
899 2783 1143 2855 Namque
1174 2785 1229 2839 in
1255 2783 1446 2855 primis
1470 2824 1486 2851 ,
1532 2784 1588 2838 hi
1637 2784 1729 2853 qui
1760 2784 1813 2839 in
1841 2785 2039 2854 populo
2066 2782 2161 2840 Dei

564 2873 915 2946 magistratus
985 2884 1042 2929 et
1094 2873 1261 2929 duces
1306 2872 1484 2929 locum
1536 2873 1817 2944 regiminis
1863 2882 2161 2945 occupant,

563 2966 681 3021 sine
712 2975 959 3035 respectu
986 2965 1081 3020 Dei
1110 2966 1370 3032 videntis,
1403 2966 1519 3038 sine
1549 2972 1697 3019 metu
1738 2964 1973 3019 hominis
1992 2962 2163 3020 corri-

563 3060 740 3127 gentis
759 3097 774 3122 ,
802 3072 990 3113 onmes
1018 3071 1157 3127 pene
1184 3073 1302 3127 quae
1329 3072 1424 3111 sua
1453 3067 1577 3111 sunt
1603 3065 1873 3126 quaerunt,
1901 3071 2009 3111 non
2039 3071 2160 3125 qua:

564 3150 926 3205 communiter
972 3160 1027 3205 et
1080 3149 1308 3205 aliorum
1353 3149 1530 3219 :quia
1580 3165 1686 3204 non
1737 3158 1818 3204 est
1864 3149 2027 3203 timor
2062 3148 2157 3205 Dei

565 3234 692 3297 ante
717 3241 903 3297 oculos
957 3257 1179 3308 eorum;
1231 3249 1287 3295 et
1327 3241 1448 3296 ideo
1500 3241 1755 3296 contritio
1779 3249 1833 3296 et
1863 3240 2157 3296 infelicitas

565 3334 620 3387 in
659 3332 763 3387 viis
801 3347 1011 3388 eorum.
1053 3332 1120 3387 Et
1148 3332 1416 3402 quomodo
1441 3339 1770 3402 cognoscent
1798 3332 1939 3385 viam
1969 3333 2152 3404 pacis,

565 3423 656 3492 qui
708 3423 1004 3487 devorant,
1054 3423 1261 3493 inquit,
1304 3424 1514 3493 plebem
1545 3439 1720 3478 meam
1769 3432 1829 3477 ut
1857 3423 2036 3478 cibum
2063 3439 2158 3494 pa-

564 3515 684 3570 nis?
714 3513 852 3581 Quia
907 3528 1036 3568 vero
1063 3528 1169 3567 non
1208 3521 1291 3568 est
1343 3515 1433 3582 qui
1480 3514 1583 3568 hoc
1618 3514 1898 3583 requirat,
1936 3529 2042 3569 non
2074 3524 2158 3571 est

565 3608 657 3676 qui
710 3614 929 3672 arguat,
1009 3618 1107 3668 pro
1156 3604 1351 3659 studiis
1403 3604 1710 3659 divinarum
1751 3604 2155 3673 Scripturarum

567 3696 913 3751 invaluerunt
963 3702 1139 3748 stuuta
1193 3693 1472 3764 partium,
1504 3708 1602 3762 pro
1644 3693 1912 3764 gravitate
1961 3704 2015 3747 et
2042 3710 2156 3748 mo-

564 3787 743 3843 destia
775 3787 1054 3858 religionis
1079 3826 1094 3851 ,
1122 3785 1291 3857 gloria
1319 3794 1373 3839 ct
1395 3785 1643 3856 gloriatio
1678 3800 1827 3839 vatur.
1855 3784 2105 3839 elationis
2136 3799 2151 3838 :

565 3888 621 3933 et
644 3879 770 3934 dum
803 3878 1006 3933 divitiis
1050 3885 1106 3931 et
1135 3876 1431 3931 honoribus
1478 3876 1719 3946 gestiunt
1758 3876 1897 3929 alter
1925 3875 2153 3930 altcrmn

564 3968 890 4037 prtevenire,
943 3982 1041 4022 nec
1089 3967 1283 4022 timent
1321 3965 1563 4037 profanis
1613 3966 1887 4022 utentibus
1932 3966 2072 4020 odiis
2101 3974 2156 4021 et

566 4060 1001 4116 contentionibus
1049 4059 1354 4126 deservire;
1402 4073 1503 4115 nec
1541 4059 1831 4128 quidquam
1879 4060 2028 4128 pensi
2061 4060 2152 4112 ha-

565 4150 734 4216 bent,
764 4165 886 4203 eum
930 4150 1266 4220 tyrannidem
1314 4150 1493 4220 potius
1523 4166 1686 4220 quam
1717 4151 1959 4220 regimen
1991 4165 2152 4204 exer—

564 4248 725 4294 ceant
759 4256 773 4293 :
809 4241 875 4294 ad
918 4255 1077 4309 quem
1116 4243 1318 4294 exitum
1342 4280 1356 4305 ,
1406 4240 1515 4295 imo
1542 4241 1766 4295 exitium
1802 4241 1926 4294 talia
1956 4257 2149 4311 prove-

565 4329 686 4382 nire
710 4329 973 4381 dehcant?
1019 4327 1140 4382 lltec
1164 4337 1344 4381 autem
1376 4327 1630 4395 majestas
1658 4338 1714 4383 ct
1737 4331 1855 4382 talis
1879 4338 2148 4397 potestas,

2269 553 2399 593 vero
2424 554 2585 595 causa
2610 540 2879 598 violentia:
2907 553 2963 600 et
2990 548 3269 616 rapacitati
3300 550 3620 621 cmtcrisquc
3657 570 3855 612 concu-

2271 630 2496 687 rialibus
2520 632 2635 689 suis
2660 636 2835 691 media
2866 626 3147 706 residens’,
3179 641 3246 697 de
3275 642 3414 698 libro
3438 660 3535 700 suo
3556 646 3688 719 legit
3707 645 3854 718 quod

2269 722 2340 775 sit
2361 721 2596 791 justum,
2636 735 2692 782 et
2731 728 2932 783 eisdem
2953 727 3152 799 juratis
3178 731 3385 802 legibus
3413 735 3514 792 sibi
3545 738 3853 795 assentien-

2271 812 2413 869 tibus
2438 855 2453 882 ,
2502 814 2618 887 lege
2653 818 3010 875 nummularia
3042 822 3096 877 in
3130 837 3278 879 reum
3318 824 3527 896 profert
3548 827 3850 898 judicium;

2268 912 2323 958 et
2355 906 2538 961 tandiu
2585 908 2894 967 vinculatns
2940 921 3153 968 tenetur
3191 930 3349 983 reus,
3387 917 3559 974 donec
3585 919 3733 974 illum
3762 923 3854 978 ab-

2269 994 2441 1049 solvat
2479 1012 2786 1054 mammona
2818 1001 2952 1058 dcus
2983 1020 2997 1057 :
3030 1019 3300 1075 quemque
3345 1009 3505 1064 modo
3542 1008 3851 1069 Labeonem

2269 1094 2385 1168 lege
2425 1096 2637 1153 Caecilia
2681 1100 2875 1156 suflicit
2894 1103 3041 1158 cruci
3070 1144 3084 1167 ,
3112 1108 3273 1160 modo
3302 1105 3561 1163 Catonem
3591 1109 3711 1179 lege
3739 1126 3854 1168 mo-

2269 1183 2478 1255 netarja
2509 1189 2669 1243 donat
2700 1190 2889 1246 curuli.
2926 1191 2983 1248 lu
3015 1195 3160 1248 omni
3187 1203 3367 1250 autem
3395 1198 3656 1253 concione
3688 1200 3849 1271 hujus

2266 1281 2549 1350 potestatis
2599 1281 2702 1336 hoc
2752 1283 3005 1354 proponit
3043 1287 3341 1342 auctoritas
3378 1284 3605 1359 legum,
3646 1290 3699 1344 in
3746 1291 3853 1348 hoc

2266 1369 2541 1424 consentit
2584 1384 2793 1424 summa
2814 1370 3176 1441 judiciorum,
3202 1384 3262 1429 ut
3289 1375 3379 1445 qui
3408 1392 3515 1432 non
3544 1387 3723 1444 potest
3744 1380 3855 1435 sol-

2267 1475 2393 1516 vere
2444 1461 2510 1517 de
2560 1462 2824 1519 immenso
2860 1479 2958 1520 suo
2986 1504 3001 1531 ,
3056 1465 3229 1521 solvat
3254 1469 3398 1538 quod
3434 1485 3657 1541 compar
3686 1472 3757 1527 sit
3785 1474 3851 1529 de

2266 1552 2512 1607 dimenso
2559 1567 2655 1608 suo
2682 1570 2694 1605 :
2724 1561 2779 1607 et
2820 1553 2865 1608 si
2894 1569 3002 1610 non
3043 1553 3208 1613 habet
3250 1559 3391 1613 unde
3426 1560 3700 1628 solvatur,
3731 1562 3850 1618 sine

2267 1642 2616 1698 miseratione
2635 1641 2985 1714 crucifigatur

2336 1730 2573 1786 XXXVI.
2604 1731 2728 1789 Inde
2754 1743 2837 1789 est
2872 1737 3020 1805 quod
3053 1751 3174 1792 cum
3224 1739 3277 1793 in
3317 1741 3571 1797 nundinis
3601 1754 3847 1799 sanctum

2266 1818 2510 1876 videmus
2549 1821 2900 1896 Evangelium
2926 1865 2941 1891 ,
2973 1827 3193 1884 venales
3218 1829 3272 1884 in
3302 1831 3541 1888 Ecclesia
3573 1835 3849 1891 columbas

2264 1921 2319 1966 et
2347 1912 2633 1970 cathedras
2686 1917 3032 1974 vendentium
3058 1959 3072 1983 ,
3106 1937 3204 1977 nec
3243 1923 3399 1997 longe
3422 1926 3597 1982 abhis
3629 1943 3849 1983 mensas

2263 2007 2779 2078 nummulariorum,
2817 2024 2946 2078 quia
2990 2010 3151 2067 hodie
3190 2027 3291 2069 nec
3340 2018 3509 2086 gratis
3551 2018 3847 2088 quidquam

2265 2098 2532 2169 accipitur
2556 2140 2570 2165 ,
2610 2116 2711 2157 nec
2733 2103 2903 2172 gratis
2927 2103 3114 2159 datur:
3144 2121 3265 2161 cum
3291 2107 3436 2173 hate,
3466 2109 3683 2178 inquam
3712 2150 3727 2174 ,
3768 2108 3850 2162 vi-

2264 2188 2442 2243 dimus
2466 2231 2481 2255 ,
2518 2194 2778 2249 attentius
2805 2209 3062 2252 vacamus
3082 2213 3274 2253 onmes
3310 2198 3428 2254 foro
3454 2215 3616 2269 quam
3640 2201 3803 2254 choro
3829 2240 3845 2265 ,

2265 2279 2475 2334 cautius
2526 2280 2705 2336 usuris
2746 2297 2907 2352 quam
2937 2284 3255 2355 scripturis,
3301 2288 3602 2357 impensius
3639 2305 3848 2343 merca-

2266 2368 2396 2424 tioui
2455 2384 2617 2439 quam
2660 2371 2941 2443 religioni;
2985 2376 3157 2446 magis
3224 2377 3507 2448 implendis
3559 2379 3849 2450 capacibus

2263 2461 2586 2529 marsurpiis
2608 2502 2624 2529 ,
2663 2478 2824 2533 quam
2855 2468 3223 2536 assequendis‘
3252 2454 3564 2524 liberalibus
3601 2470 3795 2524 studiis
3828 2487 3843 2523 :

2264 2558 2320 2611 et
2345 2551 2567 2607 omnino
2610 2552 2791 2609 missis
2833 2554 2917 2611 his
2947 2572 3066 2628 quae
3098 2559 3409 2630 evangelica
3451 2561 3670 2625 veritas,
3712 2577 3846 2631 apo-

2263 2642 2454 2715 stolica
2508 2645 2810 2712 institutio,
2872 2658 3189 2705 sanctorum
3257 2651 3475 2706 Patrum
3550 2655 3848 2710 auctoritas

2262 2735 2646 2793 ecclesiasticis
2685 2738 2867 2793 sanxit
2897 2739 3225 2810 disciplinis,
3263 2742 3601 2798 saecularium
3633 2744 3846 2798 deside-

2263 2827 2346 2882 rio
2378 2825 2514 2882 adeo
2560 2827 2853 2895 inhiamus,
2922 2830 3262 2886 cnmulandis
3317 2822 3518 2887 divitiis
3586 2834 3848 2903 tantisper

2262 2931 2596 2988 occupamur
2620 2958 2636 2985 ,
2682 2934 2746 2975 ac
2774 2921 2837 2979 si
2882 2921 3171 2997 talipretio
3203 2925 3366 2979 vitam
3413 2935 3670 2979 auernam
3699 2940 3845 2979 mer-

2263 3007 2377 3062 cari
2424 3023 2753 3066 mereamur.
2798 3011 2976 3080 Quare
3030 3015 3180 3070 hoc?
3228 3016 3353 3085 quia
3401 3018 3532 3071 tanti
3582 3029 3841 3087 quantum

2185 3122 2233 3187 α
2264 3102 2467 3159 habeas
2490 3104 2587 3160 sis.
2616 3103 2806 3161 Omnis
2831 3108 2974 3161 enim
3005 3122 3113 3175 res,
3146 3117 3205 3161 ut
3230 3109 3307 3162 ait
3328 3124 3488 3179 quem
3511 3110 3649 3164 nosti
3681 3128 3696 3162 :

2384 3238 2570 3306 yirtus,
2596 3240 2740 3302 fama,
2763 3240 2936 3302 decus,
2961 3241 3125 3306 divina
3151 3242 3468 3306 humanaque
3483 3244 3698 3305 pulchris

2382 3298 2583 3366 Divitiis
2609 3298 2798 3366 parent,
2821 3298 2945 3366 quas
2966 3305 3076 3365 quis
3098 3298 3423 3366 contraxerit,
3443 3298 3524 3355 ille

2383 3362 2551 3428 glarus
2569 3362 2696 3428 erit,
2715 3362 2871 3428 fortis,
2888 3362 3065 3427 justus,
3090 3369 3305 3428 sapiens,
3331 3362 3481 3416 etiam
3516 3379 3626 3427 ηπ,

2380 3422 2442 3473 Ει
2463 3425 2698 3487 quidquid
2725 3422 2876 3475 volet.

2258 3522 2388 3578 Cum
2423 3539 2554 3595 ergo
2611 3540 2679 3580 ex
2715 3541 2777 3580 ea
2814 3543 2935 3597 quae
2965 3528 3229 3584 malorum
3258 3531 3498 3586 omnium
3553 3533 3707 3587 radix
3759 3542 3843 3589 est

2257 3615 2506 3680 avaritia,
2558 3617 2673 3672 hzec
2724 3617 2998 3675 horribilis
3047 3621 3323 3690 spinarum
3373 3622 3506 3676 silva
3557 3633 3839 3694 emergat,

2256 3705 2435 3773 facile,
2468 3708 2574 3763 imo
2597 3709 2886 3776 horribile,
2918 3719 3003 3766 est
3039 3710 3223 3767 videre
3253 3713 3355 3769 hoc
3385 3714 3650 3785 spiuetum
3678 3732 3841 3786 quem

2256 3796 2491 3853 fructum
2528 3797 2688 3854 ferat.
2716 3800 2845 3856 Inde
2875 3810 2960 3856 est
3002 3804 3143 3872 quod
3192 3804 3317 3858 dum
3360 3806 3711 3874 acquirendis
3741 3809 3842 3861 im-

2257 3890 2768 3955 moramur‘studiis,
2802 3890 2856 3944 in
2880 3894 3257 3961 comparandis
3286 3895 3582 3951 honoribus
3609 3896 3838 3953 invicem

2254 3988 2683 4047 praecurrentes,
2717 3995 2823 4033 non
2878 3980 3081 4035 honore
3131 3982 3360 4037 invicem
3408 3988 3837 4054 przevenicntrs.

2255 4070 2476 4138 antiqua
2507 4070 2701 4125 divinae
2749 4072 3023 4141 religionis
3077 4072 3359 4128 immutata
3402 4075 3540 4131 facie
3563 4118 3578 4142 ,
3610 4091 3835 4146 paterna

2254 4160 2475 4216 moralis
2520 4160 2818 4232 disciplina:
2846 4178 2983 4230 pene
3011 4164 3067 4218 in
3103 4162 3341 4220 fabulam
3377 4170 3594 4225 redacta
3616 4171 3836 4225 institu-

2256 4253 2418 4317 tione,
2452 4252 2619 4308 frater
2643 4255 2797 4309 fratri
2830 4256 3151 4324 invidemus,
3183 4258 3321 4313 alter
3356 4260 3509 4316 alteri
3536 4264 3834 4319 mordendo

2253 4343 2576 4414 derogamus
2629 4364 2642 4400 :
2706 4347 2932 4402 invicem
2994 4358 3315 4406 accusantes
3384 4352 3639 4408 intestina
3695 4355 3834 4411 bella

564 4417 611 4470 si
664 4416 880 4486 quando
931 4415 1116 4469 sedeat
1173 4431 1269 4485 pro
1321 4415 1615 4481 tribunali,
1670 4429 1730 4471 ut
1782 4418 2146 4484 subjectorum

2259 4449 2548 4501 movemus,
2595 4437 2769 4491 acutis
2821 4439 3107 4494 verborum
3137 4440 3361 4511 spiculis
3412 4443 3642 4500 fratrum
3667 4449 3831 4504 corda

562 4508 708 4561 facta
763 4508 953 4561 debeat
997 4508 1349 4570 examinare,
1402 4516 1458 4562 et
1507 4509 1747 4580 neglecm
1784 4510 1837 4563 in
1866 4510 2022 4564 oculo
2044 4525 2141 4565 suo

565 4601 717 4656 trabe
765 4601 828 4654 de
873 4599 1029 4653 oculo
1075 4598 1297 4653 alterius
1330 4595 1590 4654 festucam
1644 4615 1835 4654 eruere
1865 4639 1881 4664 ,
1917 4601 2140 4653 avaritia

561 4708 743 4748 eomes
793 4691 845 4744 in
897 4690 1072 4744 medio
1102 4698 1285 4744 astans
1310 4690 1575 4744 declamat
1597 4691 1840 4759 querelas
1867 4707 1881 4755 ;
1914 4692 2142 4744 exsudat

561 4797 791 4846 causas,
850 4780 932 4834 fas
977 4789 1032 4834 et
1069 4778 1259 4844 nefas,
1301 4793 1456 4833 sacra
1485 4787 1540 4832 et
1585 4778 1806 4849 profana
1865 4780 1916 4832 in
1963 4778 2140 4832 medio

561 4875 747 4930 haberi
780 4872 1024 4942 deplorat
1055 4887 1071 4925 :
1103 4871 1505 4926 miserationem
1537 4869 1806 4941 judicum,
1841 4872 2139 4926 auctorita-

564 4975 668 5022 tem
694 4967 898 5035 legnm,
936 4964 1058 5034 jura
1083 4965 1260 5020 divina
1284 4973 1339 5019 et
1378 4966 1612 5019 humana
1652 4964 1925 5035 implorat;
1952 4973 2006 5018 et
2033 4963 2138 5018 nisi

558 5059 613 5110 ad
662 5056 803 5120 quod
853 5057 1125 5120 arguitur,
1177 5056 1231 5109 in
1283 5055 1486 5110 loculos
1539 5055 1800 5110 nunnnati
1850 5056 1991 5111 illius
2043 5057 2135 5120 qui

2249 4524 2605 4591 confodimns;
2639 4529 2788 4584 dolos
2826 4530 2876 4583 in
2906 4532 3070 4586 corde
3110 4544 3405 4601 versantes,
3433 4536 3828 4594 simulationem

2243 4615 2295 4669 in
2324 4615 2490 4681 vultu,
2531 4615 2794 4673 fallaciam
2854 4621 2907 4674 in
2951 4622 3130 4676 verbis
3157 4622 3502 4691 proferimus,
3526 4636 3580 4681 et
3607 4630 3829 4683 omnino

2242 4703 2308 4755 ad
2341 4704 2588 4775 injuriam
2624 4709 2890 4764 mandatis
2933 4709 3025 4765 Dei
3057 4712 3239 4766 omnia
3277 4713 3529 4770 mandata
3559 4715 3676 4785 ejus
3717 4733 3829 4787 pra:

2241 4795 2465 4862 pecunia
2515 4797 2663 4865 parvi
2692 4798 2972 4854 habemus.
3002 4800 3282 4858 Postremo
3315 4819 3504 4860 omnes
3527 4805 3745 4864 levitate
3773 4819 3829 4865 et

2242 4901 2450 4940 morum
2478 4887 2857 4953 inconstantia,
2903 4891 3058 4958 quasi
3104 4892 3314 4948 arundo
3343 4895 3521 4950 ventis
3547 4897 3681 4952 adeo
3711 4900 3828 4966 agi-

2241 4983 2436 5039 tamnr,
2494 4985 2552 5031 ut
2607 4978 2659 5031 in
2713 4994 2820 5048 quo
2877 4981 3049 5050 pridie
3104 4983 3381 5039 studiosus
3418 4986 3711 5043 vehemens
3739 4993 3824 5044 vel

2240 5075 2388 5120 certe
2418 5067 2612 5120 nimius
2638 5067 2827 5120 fueris.
2856 5072 3117 5120 postridie
3146 5088 3215 5120 ne
3238 5074 3452 5120 quidam
3486 5078 3818 5120 meminm-ie-
