4124 5374
262 321 377 384 933

1365 327 1701 390 EPISTOIA
1741 330 1832 386 AD
1887 326 2353 386 \VALCllEllliM.

3421 335 3524 389 906

250 449 432 495 autem
465 437 654 512 ﬂagelli
703 439 963 511 quosdam
996 441 1149 511 qttasi
1194 457 1378 498 ramos
1412 453 1466 498 et
1509 443 1838 513 prmnuntios
1867 449 1914 504 Α
1940 440 2205 496 cautelam
2263 441 2538 495 custodiaa.
2589 441 2699 496 Iloc
2748 453 2928 498 autent
2978 445 3193 510 feceris,
3227 447 3269 500 si
3299 463 3525 505 cunctas

253 529 500 584 videmus
547 530 749 584 sensim
802 530 866 585 de
913 539 1056 584 terra
1104 531 1256 595 oriri,
1314 532 1527 602 quando
1579 531 1834 601 paulatim

244 622 482 676 conterit
535 621 793 675 Dominus
836 619 1087 676 baculum
1136 624 1292 692 panis
1329 631 1384 676 et
1423 621 1664 676 lanitium
1701 623 1833 685 vini,

251 713 378 765 dum
404 711 542 766 inter
571 711 910 767 Christianos
931 711 1181 766 audimus
1202 713 1316 782 geri
1357 710 1495 766 bella
1537 720 1592 766 et
1621 711 1839 766 seditio-

251 817 352 857 nes
375 843 390 866 ,
450 816 614 871 super
657 802 995 856 Christianos
1029 816 1362 872 paganorum
1399 801 1622 856 crebras
1662 803 1839 856 incur-

247 895 450 948 siones.
502 891 653 947 Unde
717 892 874 947 datur
913 891 1104 960 conjici
1178 893 1230 947 id
1280 893 1422 961 quod
1476 901 1690 960 restat,
1732 893 1835 947 nisi

247 984 595 1038 correctione
625 993 808 1038 nostra
863 983 1186 1055 propitietur
1228 983 1371 1039 Deus
1397 1026 1411 1050 ,
1441 999 1545 1039 non
1575 984 1665 1040 diu
1705 984 1837 1040 dila-

249 1080 363 1125 lum
387 1073 475 1125 iri.
814 1089 818 1094 ·

318 1161 581 1217 XXXVII.
613 1162 818 1226 Inunc,
849 1161 1036 1226 frater,
1074 1179 1172 1235 age
1193 1173 1381 1219 contra
1405 1169 1573 1221 otium
1598 1177 1651 1223 et
1681 1170 1834 1238 quie-

248 1265 389 1318 tem,
427 1265 481 1309 et
519 1255 607 1324 qui
646 1272 710 1309 ca
761 1257 860 1310 hoc
917 1267 1157 1326 tempore
1200 1259 1551 1328 concupiscit,
1591 1275 1718 1313 voca
1757 1261 1837 1329 pi-

242 1361 403 1415 grum
429 1355 484 1400 et
508 1347 804 1400 socordem.
845 1345 906 1399 Et
941 1362 974 1400 ο
999 1347 1232 1412 utinam,
1267 1348 1566 1416 chperatis
1594 1349 1834 1404 laborum

245 1437 519 1504 praemiis.
560 1451 621 1491 ea
672 1437 941 1505 potiamur
978 1447 1159 1507 optata
1196 1449 1250 1493 et
1291 1439 1492 1492 salubri
1531 1441 1712 1509 quiete
1748 1441 1832 1494 cui

245 1546 354 1584 non
407 1529 557 1585 labor
611 1531 883 1590 succedat,
928 1530 1021 1584 sed
1052 1530 1222 1600 gloria
1267 1532 1491 1586 accedat
1536 1532 1589 1585 iu
1643 1541 1835 1586 senatu

240 1622 489 1677 cmlestis
535 1621 727 1676 cut-im!
769 1619 825 1675 Si
856 1620 1014 1691 quid,
1046 1622 1237 1688 frater,
1263 1624 1404 1679 nosti
1448 1625 1670 1688 rectius,
1701 1640 1834 1679 cat;-

241 1711 427 1776 didus,
461 1711 675 1780 imperti
710 1728 723 1764 ;
753 1711 798 1765 si
856 1728 980 1776 non,
1015 1720 1168 1767 utere
1225 1729 1455 1768 mecum.
1487 1713 1639 1780 Quou
1668 1716 1710 1769 si
1740 1733 1834 1784 ge-

1940 538 2043 583 ttue
2069 529 2304 583 civitatis
2342 539 2554 598 portas,
2606 547 2795 587 ontnes
2839 533 2996 601 hujus
3042 535 3199 590 lutea:
3225 537 3418 594 dooms
3443 540 3524 596 fe-

1939 626 2172 683 nestras,
2227 621 2468 674 custodia
2497 622 2819 678 humilitatis
2849 625 2950 681 sub
2988 641 3108 680 sera
3141 637 3195 682 et
3228 629 3403 697 sigillo
3429 632 3526 686 ha.

1937 705 2066 760 beas
2093 721 2108 760 :
2138 707 2182 761 si
2211 717 2436 763 cunctos
2484 707 2642 778 hujus
2667 709 2846 768 ﬁctilis
2894 713 3035 768 vasis
3057 715 3233 771 exitus
3267 727 3324 771 (ι
3346 720 3524 775 aditus

1938 801 2198 854 virtutum
2259 801 2527 870 repagulis
2585 817 2818 866 mutuas,
2868 820 2936 858 ne
2973 805 3053 860 vel
3095 810 3274 862 exitus
3319 809 3404 865 his
3431 813 3522 881 qui

1942 887 2085 942 intus
2109 898 2415 953 servantur,
2462 890 2546 942 ναι
2585 892 2764 944 aditus
2789 901 2972 960 pateat
2998 894 3083 947 his
3106 897 3200 965 qui
3230 897 3360 952 foris
3388 899 3525 954 insi-

1937 977 2154 1033 diantur
2188 981 2353 1049 :quia
2401 981 2445 1034 si
2492 981 2740 1035 elationis
2785 981 3001 1037 levitate
3053 986 3122 1037 for
3140 986 3184 1039 is
3213 987 3430 1044 efﬂuant
3457 1006 3522 1044 ea

1939 1085 2059 1140 quae
2090 1072 2233 1125 intus
2269 1071 2404 1126 bene
2446 1083 3044 1143 congesseratoperosa
3077 1091 3268 1130 manus
3304 1080 3522 1135 solliciti

1939 1159 2170 1226 laboris,
2217 1163 2477 1217 continuo
2531 1179 2626 1228 ea,
2679 1173 2770 1216 aut
2805 1164 3037 1227 difficile,
3099 1174 3192 1220 aut
3247 1175 3523 1239 numquam

1940 1253 2296 1322 recolligenzla
2321 1254 2595 1323 disperdet
2636 1264 2688 1309 et
2715 1255 2999 1324 dissipabit
3025 1266 3216 1312 ventus
3259 1261 3526 1328 superLia:

1939 1343 1998 1397 in
2033 1344 2390 1412 perditionem
2415 1361 2526 1399 sine
2552 1346 2827 1400 vanitatis.
2856 1346 2911 1400 Si
2940 1363 3067 1402 vero
3095 1365 3123 1402 a
3153 1349 3284 1404 foris
3305 1359 3525 1419 patente

1938 1435 2084 1488 aditu
2114 1435 2328 1506 maligni
2361 1436 2652 1505 irruperint
2677 1437 2883 1502 hostes,
2913 1453 2977 1492 ea
2999 1455 3120 1509 quze
3144 1440 3522 1510 plurimo-cum

1939 1525 2120 1582 labore
2152 1528 2296 1582 intus
2325 1529 2536 1598 gessisti
2567 1530 2830 1585 violenter
2856 1531 3134 1600 diripient,
3165 1534 3297 1588 nihLl
3328 1535 3521 1606 reliqui

1938 1620 2081 1674 victo
2106 1629 2302 1689 prmter
2332 1622 2632 1691 gehennam
2677 1620 2956 1677 facientes.
2989 1623 3221 1678 Proinde
3261 1626 3522 1696 quidquid

1938 1712 2234 1780 gratiarum
2282 1712 2333 1765 in
2385 1720 2436 1766 te
2481 1713 2737 1768 divinitus
2788 1713 3040 1768 collatum
3082 1725 3200 1782 cst,
3260 1717 3522 1787 quidquid

244 1816 446 1855 nerosa
480 1801 938 1869 magnanimitatis
987 1815 1092 1858 tuze
1140 1801 1396 1859 fortitudo
1417 1806 1593 1860 adhuc
1623 1806 1706 1860 his
1730 1822 1832 1862 non
1867 1785 1912 1846 Β
1939 1804 2362 1858 divinimuneris
2382 1805 2432 1857 in
2459 1805 2710 1860 thesauro
2733 1807 3076 1861 conscientiae
3105 1816 3206 1863 tua:
3237 1807 3522 1863 collectum

238 1893 580 1961 acquiescat,
619 1903 675 1948 et
728 1909 846 1948 eam
890 1893 1020 1948 nihil
1066 1895 1293 1949 arduum
1342 1895 1559 1966 aggredi
1607 1897 1829 1966 pigeat:

240 1985 417 2039 alium
467 2003 628 2056 quam
662 2001 746 2040 me
789 1987 884 2040 tibi
916 2003 1095 2056 quiere
1140 1974 1537 2043 Fcrentarium.
1589 1990 1714 2059 quia
1749 2003 1833 2042 me

239 2074 345 2128 hac
401 2087 642 2144 tenipore
701 2077 755 2131 in
800 2093 976 2148 pugna
1027 2093 1132 2132 non
1187 2078 1410 2134 habebis
1467 2080 1832 2134 socium:ch

235 2183 427 2238 quaere
472 2169 697 2224 altertnn
731 2169 980 2224 Martium
1007 2211 1019 2233 ,
1055 2171 1140 2224 cui
1181 2186 1315 2239 opus
1355 2171 1456 2224 hoc
1481 2173 1790 2225 committas
1814 2212 1828 2234 ,

236 2258 323 2312 cui
363 2267 543 2312 tamen
592 2259 749 2313 bonis
795 2260 965 2315 initiis
992 2260 1241 2314 meliores
1263 2269 1520 2325 eventus,
1546 2276 1706 2330 quam
1757 2261 1829 2315 illi

235 2348 489 2404 Romam
544 2350 766 2406 tribuas.
802 2350 912 2422 Ego
942 2366 1070 2406 vero
1097 2352 1220 2406 licet
1251 2351 1303 2406 in
1336 2351 1426 2407 illo
1456 2367 1616 2421 quam
1651 2353 1827 2416 terali,

237 2453 351 2496 tam
387 2443 596 2497 diutino
638 2442 941 2498 vinculatus
996 2459 1247 2509 carcere,
1281 2444 1620 2514 quantalibet
1645 2455 1832 2515 potero

235 2533 430 2590 effetas
450 2536 593 2590 vires
618 2534 834 2591 solabor
861 2536 1042 2604 quiete
1075 2553 1089 2589 :
1119 2545 1174 2590 et
1195 2551 1354 2606 spero
1376 2537 1518 2606 quod
1542 2536 1830 2605 aliquando

237 2628 460 2682 tandem
508 2627 794 2692 exaudiar,
827 2636 882 2681 et
921 2627 1074 2696 longa
1109 2638 1304 2697 optatae
1334 2627 1607 2682 missionis
1629 2628 1830 2682 ducens

235 2717 501 2787 suspiria,
549 2717 593 2771 si
641 2733 746 2771 non
802 2718 1090 2781 emeritus,
1140 2717 1330 2772 saltem
1374 2719 1630 2782 emissus,
1669 2716 1828 2771 alicui

237 2807 602 2862 transcribam
647 2823 763 2861 mea
817 2807 989 2860 tristia
1041 2821 1224 2877 regna.
1280 2806 1421 2861 Nihil
1465 2821 1593 2860 vero
1621 2806 1674 2860 in
1706 2815 1830 2859 voto

237 2914 361 2954 meo
392 2913 635 2969 ponens,
682 2907 775 2952 aut
823 2897 1082 2952 voluntati
1136 2898 1476 2968 relinquens,
1519 2913 1606 2953 me
1659 2898 1829 2952 lutum

236 3004 396 3044 suum
431 3003 497 3044 ex
525 2996 639 3041 toto
675 2989 958 3043 committo
984 2987 1146 3058 figulo
1197 3005 1358 3044 meo:
1393 2989 1506 3058 ipse
1545 3006 1630 3045 me
1665 2990 1831 3060 ﬁllgill.

240 3080 293 3132 in
319 3088 439 3134 rota
484 3077 760 3132 szecularis
789 3078 995 3132 ordinis
1015 3118 1029 3142 ,
1063 3089 1216 3147 prout
1244 3080 1448 3137 sederit
1491 3081 1828 3151 beneplacito

236 3185 337 3224 suo
375 3188 393 3224 :
427 3179 702 3240 utcunque
737 3185 824 3224 me
867 3169 984 3238 ejus
1037 3180 1214 3227 toruet
1257 3173 1523 3242 potentia,
1576 3173 1710 3228 nihil
1738 3172 1830 3226 ad—

237 3259 404 3328 dam,
447 3260 549 3317 nisi
593 3260 833 3318 solemne
880 3262 1006 3317 illud
1045 3262 1364 3318 obedientiae
1401 3263 1626 3317 verbum
1657 3280 1672 3316 :
1710 3260 1831 3316 Fiat

240 3352 482 3408 voluntas
504 3365 618 3411 tua.

310 3442 602 3499 XXXVIII.
643 3443 890 3512 Constat,
926 3444 1123 3510 frater,
1153 3461 1410 3516 quorsum
1433 3447 1808 3503 aberravimus

241 3547 501 3604 quorsum
543 3552 572 3591 a
605 3538 737 3592 recti
768 3538 981 3592 itineris
1019 3538 1159 3592 linea
1194 3554 1411 3593 cursum
1461 3550 1707 3595 nostrum
1733 3542 1829 3596 de-

246 3626 536 3682 tersimus:
568 3628 821 3697 quoniam
869 3643 956 3684 me
1011 3627 1281 3683 abduxisti
1341 3629 1607 3700 ignarum,
1657 3631 1832 3698 adque

245 3715 530 3771 verborum
558 3717 875 3773 diverticula
907 3733 992 3773 me
1022 3720 1237 3774 traxisti
1269 3720 1552 3776 dulcedine
1575 3733 1679 3774 tua:
1703 3721 1832 3774 cha-

248 3807 421 3863 ritatis
455 3808 687 3864 ebrium.
739 3807 874 3864 V‘ide
925 3809 1130 3876 frater,
1159 3821 1214 3866 et
1261 3811 1542 3880 diligenter
1581 3812 1723 3878 vide,
1765 3829 1833 3869 ne

247 3899 370 3955 dum
395 3902 638 3971 quautam
668 3903 1058 3974 scripturarum
1082 3905 1260 3960 sidera
1289 3906 1506 3960 incaute
1527 3907 1831 3975 sequimur,

249 3988 301 4043 in
323 4002 511 4048 cautes
549 4003 603 4050 et
653 4005 828 4065 syrtes
860 3996 1034 4051 adacti
1071 3995 1448 4068 Charybdeutn
1494 3999 1832 4054 incurramus

249 4081 610 4154 naufragium.
671 4083 822 4150 Vide,
880 4086 1127 4157 inquam,
1178 4088 1390 4142 etiamsi
1425 4089 1601 4143 minus
1644 4089 1830 4153 Iibito,

250 4186 317 4226 ne
344 4172 545 4231 dictum
599 4177 671 4233 sit
723 4178 952 4248 amplius
984 4179 1322 4249 Iicito,-quia
1352 4179 1544 4252 ﬂagelli
1577 4181 1729 4252 plaga
1769 4182 1832 4234 li.

250 4275 428 4319 vorem
483 4266 642 4334 facit,
728 4269 997 4340 ﬂagellum
1056 4269 1252 4341 linguae
1303 4271 1625 4326 comminuit
1686 4287 1828 4326 ossa.

249 4348 478 4411 Proinde
520 4355 632 4425 jam
663 4373 807 4413 nunc
845 4358 974 4413 illuc
1024 4359 1209 4414 redeat
1238 4360 1438 4426 oratio,
1500 4361 1638 4415 unde
1667 4361 1827 4428 abiit,

1855 3125 1902 3187 C

1934 1906 2039 1962 est,
2065 1913 2165 1953 nec
2193 1898 2321 1952 mihi
2348 1899 2640 1966 imputetur
2667 1898 2930 1969 plantanti
2969 1907 3023 1954 et
3046 1901 3260 1971 riganti.
3292 1917 3390 1956 nec
3422 1902 3518 1956 tibi

1938 1998 2096 2043 terra”:
2140 1988 2372 2043 uber;im
2401 1989 2749 2044 fructificanti
2781 2007 2792 2042 :
2828 1991 2922 2054 sed
2963 1999 3133 2046 totum
3165 1990 3430 2046 referatur
3451 1993 3520 2046 ad

1936 2078 2149 2132 Patrem
2197 2079 2489 2142 luminum,
2537 2096 2567 2132 a
2607 2095 2714 2149 quo
2741 2088 2826 2134 est
2843 2095 3002 2136 omne
3046 2081 3226 2136 datum
3255 2082 3518 2152 optimum

1934 2176 1990 2221 et
2012 2181 2171 2221 omne
2197 2167 2395 2222 donum
2425 2167 2745 2237 perfectum.

1980 2257 2250 2312 XXXIX.
2300 2257 2520 2312 Possem
2565 2259 2781 2329 quidem
2822 2259 3045 2316 uberius
3073 2269 3128 2315 et
3161 2261 3374 2329 plenius
3397 2277 3520 2332 per-

1935 2346 2204 2404 fectionis
2235 2360 2339 2404 tua:
2395 2364 2593 2404 munus
2639 2350 2964 2420 applaudere
2995 2369 3010 2406 :
3045 2351 3140 2407 sed
3166 2363 3387 2422 propter
3416 2369 3518 2408 no-

1937 2449 2046 2494 tam
2084 2441 2467 2497 asscntationis
2521 2455 2628 2494 non
2677 2441 2882 2509 patitur
2932 2443 3170 2510 gravitas
3218 2445 3514 2499 modestia.

1935 2531 2154 2585 Librum
2187 2540 2365 2586 autem
2410 2546 2572 2602 quem
2607 2533 2739 2586 mihi
2765 2533 3054 2602 scripsisti,
3091 2549 3354 2604 quemque
3386 2537 3518 2590 mihi

1931 2623 2218 2678 scribendo
2256 2622 2596 2678 occasionem
2629 2621 2836 2688 fecisti,
2880 2624 2932 2678 in
2963 2639 3071 2694 quo
3109 2625 3520 2681 mihiarticulos

1931 2713 2244 2784 digitorum,
2302 2714 2491 2768 oculos
2533 2722 2591 2769 et
2638 2715 2905 2780 animum,
2934 2715 3210 2770 inclinium
3248 2718 3518 2784 cervicis,

1933 2805 2174 2861 laborem
2206 2806 2422 2876 capitis,
2455 2807 2564 2861 imo
2605 2816 2655 2861 te
2695 2815 2867 2862 totum
2909 2809 3092 2862 animo
3124 2823 3244 2862 meo
3273 2810 3517 2864 insinua-

1929 2897 2033 2964 sti;
2069 2897 2121 2952 in
2170 2898 2534 2951 exterioribus
2565 2897 2699 2952 meis
2743 2913 2849 2953 non
2898 2898 3114 2953 invenio
3145 2899 3286 2953 unde
3313 2901 3516 2968 possim

1930 3004 1998 3044 ex
2054 3003 2210 3059 atquo
2263 3002 2696 3056 rccompensare,
2761 2986 2844 3042 vel
2909 2987 3152 3058 plurimae
3199 2989 3517 3060 benignitati

1937 3089 2038 3133 tua:
2068 3077 2325 3133 talionem
2390 3077 2636 3132 reddere.
2692 3076 2799 3131 Sed
2842 3077 3076 3147 primum
3118 3079 3296 3150 rogari
3345 3079 3413 3134 ab
3452 3094 3519 3135 eo

1935 3171 2030 3226 tibi
2064 3169 2294 3235 restitui,
2347 3184 2377 3222 a
2421 3183 2527 3238 quo
2557 3168 2670 3223 hzec
2714 3176 2769 3224 et
2811 3169 2988 3224 omnia
3015 3185 3134 3239 qua:
3174 3170 3341 3226 habes
3373 3173 3516 3227 bona

1933 3263 2211 3334 accepisti,
2264 3270 2322 3317 ut
2357 3262 2422 3316 ad
2452 3261 2678 3315 invicem
2707 3261 2866 3333 hujus
2911 3263 3296 3318 benevolentia:
3339 3265 3519 3320 aureis

1934 3353 2198 3408 bonorum
2249 3366 2470 3423 operum
2510 3349 2707 3406 litteris
2752 3367 2948 3406 nomen
2987 3359 3138 3406 tuum
3169 3353 3440 3407 scribatur
3463 3353 3518 3409 iu

1934 3442 2073 3500 libro
2103 3444 2245 3499 vitaz.
2279 3442 2409 3497 Dein
2461 3455 2567 3495 non
2605 3440 2920 3496 dormitabit
2951 3451 3134 3496 nostra
3181 3457 3308 3512 erga
3348 3451 3398 3496 te
3424 3443 3520 3497 de-

1934 3535 2079 3588 votio
2101 3542 2378 3604 perpetua,
2429 3530 2472 3585 si
2525 3531 2868 3599 pcrmodeste
2908 3531 3197 3586 succinctis
3232 3531 3390 3586 rebus
3421 3547 3522 3585 no:

1933 3625 2062 3680 stris
2087 3663 2101 3688 ,
2132 3632 2390 3693 quantum
2443 3619 2657 3689 utrique
2706 3629 2952 3674 nostrum
2991 3619 3055 3675 ad
3087 3621 3348 3676 honorem
3391 3635 3521 3676 con-

1934 3716 2116 3778 ducat,
2147 3712 2520 3769 remunerandi
2553 3711 2830 3767 subiaceat
2864 3712 3100 3767 occasio.

2006 3805 2116 3860 XL.
2156 3803 2273 3860 Jam
2309 3803 2525 3859 tandem
2577 3804 2661 3858 his
2706 3819 2824 3874 qua)
2863 3805 3089 3859 dicenda
3134 3813 3323 3870 erant,
3355 3813 3519 3874 prout

1935 3898 2147 3970 negotia
2185 3895 2556 3966 patiebantur,
2602 3895 2921 3966 explicitis,
2952 3895 3195 3950 calamus
3238 3910 3298 3950 se
3346 3905 3514 3950 totum

1934 4005 2073 4045 novo
2103 3989 2297 4042 scriba!
2323 3985 2608 4056 scalpello,
2639 4002 2744 4040 non
2771 3985 2996 4040 Judaico
3019 4027 3032 4051 ,
3072 3986 3163 4040 sed
3192 3986 3516 4042 scholastice

1934 4101 2086 4142 more
2116 4084 2505 4147 circumcidat;
2539 4091 2594 4136 et
2637 4084 2702 4135 ad
2739 4091 2793 4136 te
2837 4081 3208 4152 recipiendum
3229 4121 3244 4147 ,
3278 4081 3514 4136 salutan~

1933 4179 2060 4252 dum
2083 4219 2098 4244 ,
2147 4177 2338 4232 festive
2385 4176 2718 4241 nabendum,
2749 4191 2852 4230 non
2886 4185 3150 4246 quantum
3195 4175 3391 4242 latius,
3422 4178 3517 4231 sel

1932 4277 2135 4340 quanto
2171 4268 2366 4323 lautius
2397 4268 2563 4335 valet,
2597 4267 2873 4337 accingat;
2905 4267 3032 4336 quia
3066 4276 3136 4335 te,
3171 4283 3330 4337 quem
3371 4269 3516 4322 inte—

1935 4362 2046 4416 tius
2091 4361 2144 4414 in
2190 4359 2493 4415 visceribus
2521 4358 2648 4414 Jesu
2677 4358 2882 4416 Christi
2936 4368 3092 4413 teneo
3140 4358 3515 4429 complexum,

250 4451 304 4496 et
328 4445 394 4500 ad
439 4456 492 4503 te
521 4460 846 4515 revertatur,
883 4451 1027 4506 unde
1057 4451 1230 4522 prima
1259 4451 1375 4520 ejus
1415 4455 1684 4525 scaturigo
1710 4470 1832 4525 pro-
1866 4465 1911 4523 ο
1939 4471 1967 4508 a
1995 4452 2126 4507 foris
2154 4467 2258 4506 non
2291 4451 2556 4506 dimittam
2575 4492 2588 4515 ,
2618 4451 2720 4506 nisi
2749 4450 2894 4505 laute
2914 4459 3194 4521 acceptum
3222 4468 3235 4504 :
3267 4451 3517 4520 sciasque

250 4525 363 4586 ﬂuit
387 4553 400 4588 :
423 4546 478 4591 et
498 4539 622 4607 quia
653 4554 682 4592 a
717 4540 984 4595 charitate
1005 4541 1189 4610 coepit,
1227 4542 1280 4596 iu
1303 4542 1568 4598 charitate
1597 4543 1826 4599 desinat.

251 4619 493 4684 Charitas
540 4645 668 4685 vero
715 4647 986 4701 numquam
1039 4633 1292 4697 excidat,
1342 4634 1438 4688 sed
1485 4633 1573 4687 hic
1617 4642 1732 4688 sata
1779 4645 1833 4689 et

255 4727 599 4785 creutentata,
650 4737 832 4777 veram
889 4722 970 4775 sui
1021 4722 1407 4792 plenitudinem
1463 4723 1737 4794 praeripiat
1777 4726 1832 4778 in

259 4805 362 4860 \‘ita
390 4819 609 4867 aeterna.
650 4815 724 4868 De
751 4814 1018 4882 probitate
1054 4823 1233 4868 autem
1268 4822 1377 4880 tua,
1406 4816 1692 4885 gravitate,
1717 4831 1832 4870 mo-

256 4895 416 4954 destia
459 4916 514 4958 et
538 4907 862 4970 constantia,
899 4907 1072 4976 deque
1105 4907 1318 4962 cretei-is
1350 4909 1502 4961 bona:
1545 4908 1669 4962 vita:
1713 4906 1835 4961 fun-

259 4989 516 5053 ctionibus
544 4999 676 5053 satis
708 4999 760 5052 in
808 4999 1180 5068 superioribus
1208 4999 1408 5052 dictant
1437 4999 1508 5053 sit
1539 5016 1552 5053 :
1587 5001 1655 5056 de
1698 4997 1830 5053 alle-

259 5079 426 5136 ctione
454 5099 579 5142 vero
603 5096 714 5152 tua,
745 5087 1134 5149 benevolentia,
1178 5089 1496 5158 creterisque
1532 5087 1836 5145 humanita-

263 5165 330 5220 tis
354 5169 555 5236 oﬂiciis.
590 5191 766 5248 neque
808 5177 916 5241 hic,
962 5193 1136 5248 neque
1163 5177 1234 5232 ibi
1279 5179 1413 5232 satis
1449 5195 1681 5250 unquam
1728 5178 1833 5236 dici

262 5261 468 5322 poterit.
513 5263 624 5324 IIoe
669 5276 879 5322 tantum
932 5267 1027 5323 tibi
1077 5270 1364 5340 imprecer,
1426 5280 1485 5324 ut
1535 5285 1751 5342 semper
1778 5271 1832 5325 in

1933 4544 2051 4615 ejus
2087 4543 2240 4614 dapis
2272 4550 2322 4596 te
2353 4556 2474 4597 esse
2523 4541 2854 4608 debitorem,
2896 4541 3050 4611 cujus
3099 4551 3149 4595 te
3180 4540 3337 4595 nobis
3371 4541 3518 4596 festi-

1932 4649 2058 4688 vum
2089 4631 2382 4687 exhibuisti
2416 4619 2700 4686 convivam
2755 4640 2809 4686 et
2853 4645 3206 4687 assessorem.
3249 4628 3436 4685 Saluto
3467 4640 3517 4683 to

1932 4739 2055 4778 cum
2085 4721 2306 4794 paucis,
2339 4721 2470 4777 licet
2500 4721 2602 4776 sim
2649 4738 2771 4778 cum
2809 4722 2995 4778 multis
3023 4741 3037 4777 :
3077 4722 3204 4791 quia
3240 4721 3326 4776 vel
3360 4721 3516 4790 pauci

1933 4824 2058 4870 sunt
2089 4812 2355 4882 indigena:
2393 4812 2510 4881 ejus
2540 4829 2702 4882 quam
2736 4827 2904 4890 servo.
2925 4814 3153 4871 coloniae
3174 4851 3191 4877 ,
3220 4815 3313 4883 qui
3340 4815 3517 4868 norint

1933 4913 2137 4978 quanta
2163 4905 2422 4958 virtutum
2450 4905 2576 4960 dote
2603 4904 2942 4960 industrium
2989 4901 3207 4962 ornaris
3249 4903 3520 4965 animum,

1934 4997 2018 5054 vel
2048 4994 2206 5067 pauci
2236 5003 2362 5050 sunt
2408 4996 2532 5050 boni
2570 5011 2751 5051 rerum
2784 4996 3191 5058 :rstimatores,
3223 4993 3318 5062 qui
3344 5008 3534 5046 sanum

1936 5087 2002 5146 de
2030 5087 2198 5144 rebus
2227 5085 2406 5140 ferant
2445 5083 2733 5151 judicium.
2770 5084 2830 5138 Si
2861 5092 3028 5150 enim
3061 5097 3114 5140 te
3144 5090 3430 5135 noscerent
3451 5122 3464 5146 ,
3492 5093 3546 5134 et

1936 5179 2003 5235 de
2051 5186 2108 5232 te
2156 5189 2253 5242 pro
2305 5174 2515 5230 meritis
2542 5179 2887 5233 mstimarent
2949 5185 3015 5242 hi
3063 5168 3157 5244 qui
3203 5169 3368 5224 multa
3415 5173 3550 5227 bona

1935 5272 2208 5326 noverunt
2235 5271 2290 5318 et
2316 5264 2575 5328 oderunt,
2604 5255 2866 5336 profecto~
2888 5275 2953 5326 te
2985 5265 3257 5333 amarent.
3302 5260 3485 5316 Saluto
3508 5270 3557 5315 te
