4124 5374
405 312 607 379 ΙδθθΔ

1292 294 1719 385 Quemnam
1755 302 2034 375 comas
2076 310 2481 373 FARFENSES
2522 314 2778 374 noxae.

3571 307 3678 365 9l0

2936 472 3141 487 ’μα-φο*
3170 474 3209 481 _
3218 472 3656 500 *Ἢ

2936 490 3155 500 _——_.
3169 489 3441 500 ...αι-ν*

2921 490 3155 502 *ιω
3169 489 3441 500 ..._-_—..

1255 636 2151 799 QUEBIMONIA
2221 637 2823 757 JOANNIS
2934 704 2937 707 ι

1590 874 1601 881 ι
1668 834 2069 917 samueNSIs
2102 856 2408 915 EPISCOPI

1033 1020 1271 1082 Contra
1297 1017 1630 1098 Far/enses
1662 1014 1995 1077 monachos
2026 1014 2093 1073 in
2115 1014 2667 1092 synodo'Romana
2695 1013 2849 1075 anni
2887 1014 3059 1076 1051.

810 1183 997 1254 (Massa
1050 1182 1252 1237 Cuncti.
1289 1181 1430 1246 XIX,
1460 1179 1582 1248 797,
1625 1195 1689 1234 ex
1722 1177 1966 1233 (ἶΙιι-οηίω

2045 1176 2291 1243 l‘arfensu,
2326 1176 2446 1231 Rer.
2472 1177 2599 1231 Ital.
2632 1175 2853 1247 δοτῆρι..
2878 1176 2962 1247 ΙΙΙ,
3001 1196 3058 1243 ll,
3086 1178 3176 1236 58!
3209 1180 3227 1249 )

459 1436 657 1499 Audiat
693 1442 949 1497 Dominus
986 1450 1042 1496 et
1078 1441 1240 1496 totius
1286 1406 1436 1511 regni
1663 1437 1975 1495 moderator
2001 1448 2050 1509 Α
2080 1436 2444 1494 ministerium
2481 1448 2659 1491 meum
2699 1434 2773 1490 ita
2813 1440 3071 1489 tractant
3113 1441 3172 1488 ut
3219 1432 3431 1501 decuit,
3481 1449 3658 1507 neque

387 1534 764 1606 aequissimus,
801 1532 886 1587 vel
926 1531 1112 1601 prima:
1143 1529 1290 1585 sedis
1326 1529 1639 1599 episcopus,
1682 1527 1973 1597 audiatque
2075 1529 2343 1599 promissa
2374 1527 2535 1582 xenia
2563 1526 2742 1593 misit,
2772 1525 2867 1582 sed
2895 1526 3238 1581 medietatem
3264 1541 3418 1581 suam
3444 1527 3655 1583 duabus

382 1631 577 1678 cuncta
609 1622 724 1677 hate
750 1629 937 1675 sancta
966 1613 1825 1690 synodus,percipialquejuslam
1847 1628 1972 1686 Ριῗο-
2073 1619 2169 1674 Dei
2207 1618 2423 1675 ancillis
2449 1618 2617 1674 dedit.
2652 1617 2804 1672 Arsit
2835 1617 3089 1690 praedicta
3126 1616 3359 1673 ecclesia
3397 1633 3503 1672 una
3536 1617 3652 1672 dic-

379 1713 756 1770 elamationem
771 1725 934 1783 quam
951 1709 1092 1766 facio
1102 1724 1267 1781 super
1279 1708 1526 1765 abbatem
1544 1706 1967 1779 Pbarpbensem,

383 1825 412 1860 a
444 1822 560 1876 quo
597 1804 796 1861 multas
827 1813 883 1860 et
918 1816 1111 1876 passus
1139 1816 1258 1857 sum
1298 1810 1356 1856 et
1386 1800 1565 1871 patior
1593 1798 1843 1870 injurias.
1874 1799 1968 1856 Est

377 1897 627 1967 quantam
654 1891 912 1966 ecclesia
963 1891 1017 1947 in
1073 1891 1280 1947 honore
1317 1889 1377 1944 S.
1413 1889 1696 1945 Michaelis
1731 1885 1965 1944 archan-

376 1986 511 2057 geli,
545 1986 647 2042 sita
684 1985 740 2041 in
780 1990 962 2041 monte
992 1982 1084 2054 qui
1120 1980 1322 2038 dicitur
1349 1979 1585 2047 Tancia,
1619 1975 1871 2036 videlicet
1909 1980 1965 2035 in

373 2077 686 2149 episcopatu
742 2090 892 2143 mw,
942 2088 1064 2147 qua:
1112 2070 1257 2142 juris
1309 2071 1418 2127 mei
1470 2071 1815 2141 episcopatus
1845 2078 1958 2134 est,

371 2166 528 2237 cujus
559 2167 745 2224 altaris
773 2174 963 2223 auctor
991 2172 1048 2221 et
1076 2163 1354 2221 dedicatur
1383 2161 1626 2218 creditur
1658 2160 1826 2217 fuisse
1862 2159 1962 2214 Sil:-

371 2270 552 2314 vester
602 2257 951 2314 beatissimus
1004 2250 1168 2323 hujus
1222 2252 1380 2307 almae
1420 2251 1578 2308 sedis
1632 2250 1956 2322 episcopus;

372 2365 537 2420 super
570 2349 717 2421 quod
754 2349 941 2405 altare
974 2361 1081 2404 non
1127 2356 1212 2403 est
1251 2345 1460 2401 veritus
1500 2344 1671 2401 abbas
1703 2343 1794 2399 ille
1824 2359 1958 2399 ausu

369 2443 660 2499 temerario
712 2440 1004 2498 maceriam
1056 2429 1289 2505 addere,
1342 2446 1401 2494 et
1449 2450 1614 2521 supra
1649 2435 1785 2490 tanti
1822 2448 1957 2491 cou-

375 2532 674 2593 secratoris
698 2531 952 2588 violatam
981 2527 1446 2587 consecrationem
1476 2527 1670 2583 missas
1706 2540 1805 2598 per
1836 2540 1956 2582 mo-

368 2622 575 2680 nacbos
607 2630 737 2678 suos
773 2629 1030 2688 cantare,
1068 2619 1216 2675 nullo
1245 2618 1331 2674 vel
1362 2616 1597 2673 faciente
1627 2616 1711 2671 vel
1733 2616 1958 2687 jubente

363 2714 638 2785 episeopo.
688 2714 763 2769 De
817 2711 1051 2769 ecclesia
1087 2718 1271 2765 autem
1306 2708 1397 2765 illa
1443 2706 1628 2763 nescio
1660 2721 1759 2777 per
1791 2721 1954 2777 quem

2071 1726 2226 1779 rum,
2262 1715 2478 1782 etpost
2518 1712 2956 1769 oombustionem
3003 1711 3159 1765 duxit
3202 1711 3294 1766 ille
3337 1711 3652 1783 episcOpum

2071 1801 2522 1873 Siphoniensem,
2552 1809 2643 1869 et,
2671 1815 2759 1857 me
2787 1801 3003 1857 nolente
3032 1809 3087 1856 et
3116 1801 3421 1869 nesciente,
3446 1800 3652 1858 conse-

2068 1895 2243 1951 cravit
2271 1908 2417 1952 eam.
2444 1894 2579 1951 Cum
2606 1908 2739 1950 vero
2768 1908 2873 1949 una
2900 1892 3109 1948 dierum
3143 1890 3309 1950 sciret
3335 1908 3424 1950 me
3449 1894 3651 1949 iturum

2066 1981 2187 2042 fore
2214 1987 2283 2042 ad
2312 1986 2601 2057 quemdam
2633 1984 2811 2042 locum
2833 2025 2850 2052 ,
2882 1986 2989 2041 mei
3020 1985 3252 2041 senioris
3272 1984 3520 2054 jussione
3548 1986 3651 2039 im-

2064 2074 2258 2145 plenda
2280 2115 2296 2143 ,
2336 2076 2550 2146 paravit
2580 2075 2842 2132 adversus
2878 2090 2966 2135 me
2999 2075 3254 2142 insidias,
3292 2083 3350 2132 et
3387 2075 3556 2141 tales,
3590 2083 3652 2130 ut

2062 2160 2108 2221 si
2147 2180 2235 2221 me
2263 2173 2477 2236 posset,
2506 2165 2810 2232 occideret,
2840 2174 2934 2221 aut
2963 2166 3010 2221 si
3040 2177 3397 2236 nonoposset,
3429 2167 3647 2221 domum

2063 2259 2117 2314 in
2151 2272 2261 2330 qua
2299 2260 2418 2330 ipse
2451 2267 2615 2314 noctu
2640 2256 2917 2328 jacerem,
2950 2257 3204 2314 incendio
3248 2269 3645 2315 concremant.

2060 2348 2225 2418 Cujus
2274 2348 2495 2406 nefaria:
2545 2348 2948 2405 adinventionis
2979 2348 3189 2404 exstitit
3222 2356 3419 2404 auctor
3453 2349 3649 2406 Petrus

2060 2439 2394 2504 monachus,
2433 2438 2525 2510 qui
2564 2437 2767 2494 dicitur
2818 2437 2885 2493 de
2935 2437 3232 2494 Laurentio
3256 2478 3272 2505 ,
3312 2449 3368 2495 et
3417 2454 3541 2495 cum
3578 2455 3646 2495 eo

2063 2527 2229 2585 Datus
2282 2529 2352 2585 de
2405 2528 2636 2593 liberto,
2693 2525 2876 2584 Teuzo
2928 2528 2996 2585 de
3053 2530 3275 2597 Berizo,
3327 2531 3645 2589 Albertiuus

2057 2617 2442 2686 Adulterinus,
2490 2618 2761 2685 Barocco,
2807 2618 3003 2676 Petrus
3048 2620 3421 2688 Castellanus,
3471 2624 3644 2680 llaino

2058 2707 2125 2763 de
2149 2706 2467 2764 Crescentio
2487 2749 2502 2775 ,
2533 2708 2704 2766 Follia
2729 2708 2967 2764 Joannes
2995 2709 3315 2778 Ferrarius,
3344 2711 3642 2768 Rainaldus

362 2805 610 2862 datorem
636 2845 653 2872 ,
691 2805 1038 2861 medietatem
1074 2802 1285 2858 obtinet
1321 2799 1552 2856 ecclesia
1589 2799 1802 2854 Sanctae
1837 2798 1952 2853 Μει-
1985 2788 2027 2847 Β
2056 2795 2396 2855 de'Guidone
2426 2799 2779 2872 presbytero,
2809 2809 2866 2856 et
2894 2800 3174 2856 Azolinus.
3208 2800 3378 2859 Unius
3405 2803 3641 2874 denique

361 2897 489 2967 rius,
516 2896 693 2968 cujus
737 2897 855 2969 ipse
900 2894 1069 2951 abbas
1108 2901 1230 2959 est;
1272 2890 1624 2949 medietatem
1661 2900 1792 2944 vero
1821 2888 1953 2944 alte-

360 3000 479 3043 ram
508 2988 851 3059 episcOpatus
878 2985 1120 3057 possidet
1146 2998 1321 3040 meus.
1352 2981 1462 3039 Sed
1489 2992 1558 3038 ex
1583 2980 1671 3038 his
1690 2979 1953 3039 medietate

362 3077 505 3134 tibus
540 3080 686 3135 inter
723 3091 810 3134 me
839 3087 896 3134 et
941 3077 1192 3133 abbatem
1231 3074 1511 3147 nugonem
1546 3072 1669 3130 talis
1697 3071 1952 3144 obligatio

356 3167 504 3225 facta
529 3176 641 3236 est,
679 3177 740 3224 ut
772 3181 992 3240 semper
1026 3168 1081 3223 in
1129 3177 1373 3237 tempore
1408 3162 1859 3237 quadragesimali
1896 3168 1953 3218 et

356 3260 415 3316 in
441 3276 627 3318 mense
655 3260 794 3316 Maio
848 3274 1001 3316 meus
1042 3258 1116 3315 ibi
1160 3272 1285 3315 eum
1328 3272 1430 3313 suo
1474 3255 1723 3312 minister
1765 3255 1947 3321 sedet,

354 3353 568 3410 ueteris
606 3366 737 3409 vero
766 3344 1102 3424 temporibus
1129 3348 1277 3407 solus
1305 3363 1453 3405 suos
1475 3348 1547 3404 ibi
1590 3348 1745 3404 sedet
1784 3346 1947 3405 mini~

355 3446 489 3512 s‘ter,
526 3462 557 3501 a
592 3460 701 3517 quo
741 3445 848 3500 tria
879 3445 1037 3501 xenia
1076 3444 1130 3499 in
1164 3457 1308 3498 anno
1336 3438 1617 3498 haberem.
1657 3439 1721 3495 Et
1753 3439 1801 3493 si
1843 3455 1945 3493 un-

351 3551 517 3607 quam
556 3538 724 3593 abbas
758 3535 848 3591 ille
879 3543 973 3591 aut
994 3534 1194 3606 aliquis
1215 3546 1498 3590 successor
1529 3529 1648 3599 ejus
1679 3537 1775 3585 aut
1814 3543 1946 3584 vena

352 3630 512 3686 deret
556 3630 718 3688 alicui
740 3669 756 3696 ,
778 3636 783 3643 “
798 3636 894 3684 aut
923 3628 1183 3691 donaret,
1214 3635 1307 3680 aut
1333 3633 1557 3697 propter
1584 3621 1903 3679 beneﬁcium
1924 3652 1941 3687 ,

349 3729 450 3777 aut
476 3716 694 3792 quoquo
721 3718 880 3776 modo
908 3718 1078 3789 ipsius
1105 3715 1352 3774 ecclesia:
1378 3715 1723 3772 medietatem
1753 3728 1905 3769 suam
1924 3751 1940 3777 ,

351 3801 484 3865 tunc
512 3810 579 3866 ad
611 3824 788 3866 meam
842 3821 1199 3880 meorumque
1252 3820 1629 3863 successorum
1659 3804 1942 3861 deveniret

347 3898 757 3971 proprietatem.
802 3897 870 3954 Et
910 3897 955 3954 si
998 3912 1099 3970 ego
1141 3897 1225 3953 Vel
1254 3896 1452 3968 aliquis
1475 3909 1760 3951 successor
1787 3908 1940 3951 meus

344 3989 416 4044 de
464 3988 756 4045 medietate
804 3987 975 4058 ipsius
1011 3986 1258 4044 ecclesia:
1293 4002 1415 4058 quae
1446 3994 1532 4043 est
1565 3985 1671 4042 mei
1721 3984 1937 4056 episeo-

344 4087 537 4150 patus,
584 4078 790 4150 aliquid
829 4079 943 4134 tale
982 4076 1266 4144 fecissem,
1313 4086 1443 4136 tunc
1496 4074 1615 4150 ipsa
1671 4077 1933 4134 medietas

342 4170 413 4228 ad
440 4170 653 4227 abbatis
680 4156 960 4227 deveniret
993 4170 1400 4242 proprietatem.
1432 4170 1501 4225 Et
1527 4184 1659 4226 ecce
1695 4169 1929 4228 domnus

343 4261 462 4334 ipse
516 4262 684 4319 abbas
732 4260 789 4317 in
838 4261 925 4319 bis
976 4260 1231 4319 omnibus
1280 4260 1928 4342 eecidit,,quia_'neque

412 4395 491 4479 (Ι)
531 4395 755 4479 .llisjta.
772 4396 1048 4479 recitatis,
1077 4397 1363 4479 quaesitum
1384 4435 1399 4464 ,
1432 4405 1517 4479 est
1552 4406 1622 4454 an
1660 4399 1925 4479 advocato

340 4466 548 4540 domini
575 4466 874 4540 abbatisut
897 4466 1128 4540 domnus
1156 4478 1291 4539 papa
1309 4507 1324 4533 ,
1350 4476 1538 4540 sancta
1563 4470 1769 4540 synodo
1795 4485 1925 4540 con-

338 4538 596 4611 cedente,
627 4536 873 4611 inducias
912 4536 1255 4611 permitteret
1293 4540 1362 4593 ad
1402 4536 1613 4611 singula
1656 4554 1779 4608 quae
1805 4539 1923 4611 μεθ-

338 4606 585 4664 binensis
605 4607 894 4674 episcopus
914 4604 1400 4673 'eonelamaverat,
1434 4604 1618 4664 ve'rius
1651 4604 1708 4663 εἰ
1738 4609 1912 4666 subti-

340 4622 585 4664 mnensis
605 4622 790 4674 episco
830 4622 894 4661 us
929 4622 1400 4673 conclamaverat,
1434 4623 1618 4664 verius
1651 4622 1708 4663 et
1738 4622 1912 4666 sunti-

339 4678 445 4734 lius
472 4622 902 4747 investigandum
931 4685 985 4732 et
1014 4677 1472 4747 respondendum.
1504 4677 1655 4733 Tune
1682 4680 1914 4747 benigna

338 4747 628 4830 largitione
677 4746 1007 4830 permissum
1048 4754 1152 4830 est.
1199 4746 1442 4830 .Aderant
1486 4756 1668 4830 autem
1715 4746 1913 4830 ibidem

339 4815 625 4886 utriusque
648 4815 820 4887 partis
848 4815 1011 4872 amici
1039 4816 1348 4887 veraciores
1375 4826 1433 4872 et
1458 4817 1671 4887 paciﬁci
1701 4828 1914 4873 seruta-

337 4898 483 4942 tores
498 4928 514 4951 ,
536 4884 634 4955 qui
650 4884 810 4956 'ipsas
836 4899 924 4956 res
944 4886 1205 4956 canonice
1226 4884 1581 4956 indagantes,
1613 4888 1915 4943 retulerunt

335 4960 537 5026 «bimae
562 4954 739 5026 papa:
775 4955 921 5024 quod
966 4970 1064 5026 per
1108 4955 1283 5026 legem
1324 4954 1410 5026 vel
1436 4969 1639 5026 sacros
1679 4972 1914 5013 canones

328 5023 818 5096 judicare'vellet,
868 5039 939 5096 ne
967 5023 1388 5096 'ambas'partes'
1430 5025 1485 5079 in
1530 5026 1915 5096 detrimentum

333 5092 715 5168 gravissimum
751 5092 1378 5168 dev_enirent,_videlicet
1396 5105 1636 5168 propter
1666 5095 1919 5168 violatio-

2057 2891 2162 2945 mei
2216 2889 2678 2962 archipresbyteri
2736 2891 2926 2948 silvam
2971 2892 3163 2948 incidit
3214 2892 3285 2949 ob
3340 2893 3444 2950 hoc
3493 2895 3639 2965 quod

2056 2992 2232 3038 meum
2265 2982 2477 3038 ﬁdelem
2510 2982 2662 3039 illum
2703 2983 2985 3054 cognovit,
3023 2999 3144 3055 quae
3176 2998 3284 3040 non
3320 2985 3499 3041 minus
3541 2998 3639 3041 va-

2054 3069 2152 3127 luit
2171 3080 2335 3143 quam
2365 3082 2583 3131 centum
2610 3073 2797 3130 libras.
2816 3074 2973 3146 Cepit
2993 3076 3284 3147 quemdam
3307 3076 3635 3134 servientem

2053 3178 2265 3229 meum,
2314 3173 2370 3220 et
2414 3163 2542 3235 quia
2592 3165 2731 3221 dixit
2785 3181 2845 3224 se
2894 3182 3073 3223 meum
3117 3182 3272 3235 esse,
3311 3168 3537 3225 abstulit
3583 3171 3633 3226 ei

2049 3270 2250 3324 equum
2275 3265 2332 3313 et
2356 3258 2538 3314 omnia
2568 3261 2891 3316 vestimenta
2921 3261 3059 3334 ejus.
3088 3259 3361 3318 Praeterea
3392 3262 3634 3325 decimas

2048 3350 2239 3402 oinnes
2259 3351 2383 3416 quin
2408 3347 2543 3404 mihi
2569 3349 2860 3421 pertinent,
2880 3364 2979 3407 nec
3004 3366 3111 3407 non
3136 3360 3191 3408 et
3214 3360 3424 3423 partem
3451 3369 3630 3411 meam

2050 3436 2117 3492 de
2142 3437 2302 3495 bonis
2344 3448 2685 3498 mortuorum
2705 3481 2721 3509 ,
2752 3442 3061 3515 ubicunque
3092 3444 3268 3513 valet,
3312 3450 3627 3516 contendit,

2048 3528 2283 3585 Inarime
2329 3538 2510 3587 tamen
2555 3532 2609 3588 in
2649 3531 2982 3592 Bucciniano
3018 3544 3073 3592 et
3111 3535 3398 3608 Vulpiano.
3441 3538 3537 3596 llis
3574 3549 3631 3598 et

2045 3615 2166 3673 aliis
2192 3617 2263 3673 ab
2287 3632 2354 3674 eo
2381 3618 2579 3677 abbate
2600 3628 2823 3690 pressus
2863 3623 3285 3683 adversitatibus
3301 3667 3317 3695 ,
3347 3627 3628 3698 proclamo

2044 3722 2132 3764 me
2168 3720 2333 3782 super
2369 3709 2555 3777 illum,
2599 3726 2850 3782 qumrens
2893 3714 3322 3773 misericordiam
3354 3729 3624 3790 vestram,

2042 3808 2104 3856 ut
2141 3814 2251 3856 non
2276 3800 2472 3858 sinatis
2498 3802 2800 3858 Ecclesiam
2842 3819 3017 3860 meam
3039 3845 3055 3871 ,
3082 3805 3191 3862 imo
3231 3816 3340 3862 tam
3385 3817 3621 3866 vestram

2041 3908 2203 3965 quam
2227 3905 2403 3979 meam
2420 3936 2435 3961 ,
2469 3897 2632 3953 tantis
2657 3897 3076 3955 adversitalibus
3104 3900 3317 3971 gravari
3347 3901 3624 3974 tantisque

2041 3980 2303 4041 molestiis
2329 3985 2639 4053 molestari,
2671 3986 2765 4040 sed
2795 3988 2972 4056 potius
3000 3986 3225 4043 liberata
3260 4005 3291 4045 a
3322 3991 3610 4062 perturba-

2039 4072 2275 4132 tionibus
2310 4076 2445 4132 tanti
2482 4078 2908 4149 perturbatoris,
2952 4087 3128 4152 grates
3177 4080 3303 4139 inde
3349 4084 3618 4143 maximas

2034 4158 2147 4224 Deo
2175 4166 2468 4225 reddamus
2490 4176 2548 4224 et
2576 4167 2727 4225 vobis
2757 4168 2856 4243 (l).
2908 4250 2911 4251 ν

2032 4402 2153 4492 tiea_
2164 4406 2502 4492 professione
2533 4406 2810 4492 antiquior
2837 4416 2892 4465 et
2920 4409 3170 4492 anterior
3196 4425 3295 4481 per
3312 4414 3498 4492 omnia
3531 4413 3617 4470 in-

2028 4486 2190 4533 venta
2221 4486 2305 4534 est
2336 4479 2492 4546 hujus
2520 4479 2690 4535 nostri
2723 4481 3037 4536 monasterii
3084 4479 3269 4538 fuisse.
3311 4482 3429 4540 Hoc
3465 4499 3614 4542 sunt-

2029 4564 2150 4605 mus
2179 4549 2378 4618 praesul
2416 4549 2622 4625 certius
2654 4550 3004 4625 discernens,
3047 4551 3406 4625 litem__ipsam
3431 4594 3448 4621 ,
3488 4571 3614 4625 pro-

2028 4616 2307 4690 utcunque
2320 4619 2544 4690 potuit,
2575 4616 2767 4690 sedare
2796 4618 2958 4686 fecit,
2989 4630 3044 4675 et
3081 4616 3614 4681 edidit'monasterio

2024 4688 2428 4761 lmicgm'irabile
2450 4689 2929 4761 privilegium‘sua:
2956 4692 3056 4761 pia:
3084 4691 3517 4748 conﬁrmationis
3544 4696 3615 4749 de

2021 4759 2263 4830 omnium
2307 4756 2808 4830 hujusmona'sterii
2852 4756 3116 4830 bonorum
3162 4763 3613 4830 acquisitionibus

2021 4828 2303 4909 liberrime
2346 4829 2704 4909 poss'nlendisi3
2745 4828 2993 4909 _l)eniq_ue
3040 4836 3165 4909 post
3216 4828 3432 4909 longum
3476 4840 3614 4909 tem-

2022 4913 2159 4970 pus,
2191 4897 2392 4953 nostris
2418 4897 2626 4952 scilicet
2653 4897 2880 4970 diebus,
2912 4897 2987 4953 ita
3026 4897 3267 4954 vidimus
3308 4897 3365 4955 et
3408 4900 3619 4955 audivi-

2024 4965 2147 5038 inus
2187 4970 2510 5024 referentem
2552 4973 2610 5038 et
2642 4965 2952 5038 certissime
2990 4974 3284 5038 testantem
3328 4972 3617 5038 quemdam

2019 5036 2192 5108 RomL
2210 5039 2379 5108 episc.
2427 5035 2647 5092 nomine
2686 5034 2913 5108 Petrum
2931 5037 3095 5108 Ljam
3150 5034 3314 5108 nimis
3347 5034 3616 5103 'vetulum.

2017 5108 2109 5180 qui
2160 5100 2349 5180 Romae
2392 5107 2713 5180 morabatur
2766 5107 2910 5180 apud
2939 5100 3205 5180 Sanctum
3253 5100 3616 5180 Vincentium,

330 5164 461 5222 Eae!!!
503 5173 560 5220 et
588 5164 1049 5246 destructioneEm
1071 5164 1259 5246 altaris
1288 5171 1347 5217 et
1377 5164 1729 5246 reliquiarum
1765 5164 1915 5235 ejus,
2008 5164 2167 5246 jima
2219 5176 2507 5232 ecclesiam
2552 5164 2818 5233 sanctam"
2848 5174 2990 5233 bear.
3019 5164 3172 5236 perri
3212 5178 3440 5246 apostoli
3463 5164 3622 5246 (om;
