4124 5374
307 335 412 394 κο

1302 338 1670 397 Αυνειιδυδ
1706 335 2116 396 ΕΒΕΟΟΙιυΜ
2155 337 2573 397 CALUHMAS.

3465 341 3571 399 930

312 476 3561 523 mw

489 648 614 771 Θ

1396 927 1782 1020 SILVJE

1211 635 2613 864 EUMBERTUS

1887 924 2451 1017 CANDIDAE

496 1141 1330 1280 ADVERSUS
1421 1139 2344 1269 GR/ECORUM
2433 1134 3394 1270 CALUMNIAS.

1342 1377 1642 1448 (Caussa,
1683 1373 1933 1429 Biblioth.
1954 1380 2032 1427 ret
2055 1369 2208 1426 Patr.
2237 1369 2378 1437 XIV,
2404 1372 2552 1444 l92.)

309 1665 396 1729 Ca
425 1663 644 1749 umnia
676 1664 1122 1749 episeOporum
1160 1657 1496 1749 Michaelis
1535 1657 2254 1749 Constantinopolitani,
2287 1665 2346 1722 et
2384 1658 2620 1749 Leonis
2657 1659 2952 1722 Arridani
2993 1660 3341 1749 [Acridani]
3375 1662 3586 1742 pervi-

393 1744 625 1806 caciter
655 1738 1092 1821 exhalantium
1125 1740 1457 1821 pestiferas
1483 1739 1724 1801 meﬁtes
1749 1738 2111 1821 [mepltites]
2154 1739 2552 1800 diversarum
2585 1738 2937 1821 intereseon,
2969 1744 3277 1802 adversus
3300 1738 3582 1804 sanctam

389 1826 700 1884 Romaum
751 1820 1094 1883 Ecclesiam
1126 1818 1696 1898 'apostolicamque
1734 1820 1978 1888 sedem,
2023 1818 2153 1881 imo
2203 1825 2423 1878 contra
2462 1832 2721 1898 omnem
2769 1819 3056 1879 Latinam
3091 1830 3152 1880 ct
3197 1821 3607 1882 Occidenta--

392 1901 515 1963 lem
547 1900 915 1962 Ecclesiam.
955 1902 1100 1960 Hinc
1133 1896 1393 1977 quidem
1427 1896 1776 1969 calumnia.
1823 1902 2044 1978 Crteco
2084 1913 2383 1978 sermone
2435 1896 2639 1968 edita,
2707 1906 2794 1978 et,
2835 1898 3066 1978 .loanni
3122 1901 3458 1960 Kannensi
3503 1903 3584 1978 (6)

393 1982 698 2057 episcotio
765 1979 825 2039 in
874 1976 1392 2056 suggillationem
1455 1978 1746 2038 omnium
1808 1976 2182 2057 Latinorum
2234 1977 2502 2057 directa,
2561 1993 2707 2057 cum
2767 1977 2997 2037 fuisset
3057 1980 3242 2040 'l‘ram
3299 1976 3585 2057 exhibita

391 2055 564 2118 fratri
605 2055 984 2129 Hutuberto,
1023 2065 1258 2118 sancta:
1311 2057 1612 2118 Ecclesia:
1680 2058 1866 2119 Silvae
1927 2055 2228 2117 Candida:
2265 2055 2597 2132 episcopo,
2665 2055 2730 2116 in
2802 2057 3097 2117 Latinum
3146 2065 3241 2118 est
3283 2056 3583 2120 translata

392 2138 535 2214 ejus
573 2138 716 2198 stud
750 2153 812 2209 o,
850 2144 1042 2215 atque
1077 2137 1283 2215 delata
1316 2136 1578 2215 domino
1613 2137 1814 2198 Leoni
1851 2152 2044 2215 nono.
2075 2135 2232 2208 Quae
2271 2133 2479 2215 etiam
2515 2133 2614 2194 hic
2658 2134 2734 2215 ad
2775 2136 3089 2215 cautelam
3132 2135 3480 2196 multorum
3522 2146 3588 2199 et

397 2211 710 2284 notitiam,
741 2232 872 2278 non
907 2211 1120 2276 autem
1154 2213 1229 2275 ad
1268 2213 1607 2275 utilitatem
1645 2216 1924 2294 aliquam
1967 2214 2231 2287 inserta,
2271 2211 2518 2274 cunctis
2579 2213 2746 2276 scire
2777 2213 3144 2276 volentibus
3180 2215 3453 2278 tidcliter
3492 2224 3589 2277 est

393 2303 784 2356 conservata.

384 2417 625 2473 Micam
670 2415 993 2472 universalis
1033 2415 1342 2486 patriarcha
1385 2430 1537 2472 novre
1578 2414 1790 2479 Romae,
1839 2423 1894 2470 et
1925 2419 1970 2479 Λ
2000 2413 2078 2468 dit
2128 2412 2396 2482 quomodo
2440 2427 2502 2467 ea
2548 2427 2667 2479 qua:
2723 2410 2936 2468 Veteris
2984 2411 3202 2468 fuerunt
3249 2412 3588 2472 Testamenti

315 2507 426 2562 Leo
447 2507 886 2577 archiepiscopus
913 2504 1392 2577 Al‘l‘idlB[ACl‘itltl‘.]
1425 2503 1737 2574 metropolis
1767 2504 1893 2558 Bul-

314 2614 592 2667 garurum,
624 2594 822 2651 dilecto
851 2594 1004 2649 fratri
1031 2593 1220 2649 losum
1249 2593 1524 2648 Kannensi
1545 2593 1822 2664 episc0po.

391 2688 432 2740 l.
482 2687 579 2740 Dei
623 2699 816 2756 magna
860 2684 1079 2739 dilectio
1121 2694 1175 2738 et
1211 2685 1448 2754 jucunda
1491 2683 1900 2753 compositionis

319 2777 532 2831 viscera
577 2775 778 2830 ﬂexere
825 2789 923 2829 nos
958 2775 1197 2830 scribere
1239 2776 1304 2828 ad
1341 2786 1487 2828 tuam
1531 2775 1899 2838 sanctitatem,

263 2915 280 2928 ,,
319 2873 376 2920 et
423 2881 520 2936 per
568 2877 620 2920 te
670 2865 737 2918 ad
798 2865 1080 2919 universos
1129 2865 1400 2934 principes
1453 2864 1794 2918 sacerdotum
1848 2871 1905 2917 et

319 2957 628 3013 sacerdotes
653 2957 1011 3020 Francorum,
1052 2966 1106 3010 et
1144 2957 1436 3010 monachos
1473 2966 1528 3010 et
1563 2955 1812 3027 populos,
1849 2963 1906 3009 et

321 3049 390 3103 ad
444 3048 617 3118 ipsum
671 3047 1178 3102 reverendissimum
1227 3061 1444 3116 papam,
1500 3056 1556 3100 et
1611 3044 1903 3099 memorari

323 3138 390 3192 de
441 3137 644 3208 azymis
704 3147 758 3191 ct
805 3136 1064 3202 sabbatis,
1125 3151 1246 3205 qua:
1305 3134 1531 3204 mystice
1589 3133 1906 3188 indecenter

324 3217 626 3293 custoditis,
667 3237 722 3282 et
759 3226 1172 3282 communicatis
1204 3225 1424 3280 .lutlzeis.
1467 3226 1676 3281 Etenim
1714 3239 1908 3295 azyma

325 3329 382 3374 et
409 3321 632 3376 sabbata
681 3320 781 3390 ipsi
811 3321 1082 3374 custodire
1119 3336 1148 3374 a
1195 3319 1376 3390 Moyse
1411 3318 1549 3386 jussi
1591 3332 1719 3372 sunt
1751 3335 1764 3371 :
1809 3333 1907 3370 no-

327 3419 498 3465 strum
527 3426 654 3466 vero
686 3411 886 3481 pascha
920 3411 1168 3464 Christus
1202 3419 1305 3466 est.
1346 3409 1468 3477 Qui,
1514 3419 1570 3464 ut
1610 3424 1714 3461 non
1748 3406 1906 3477 juxta

329 3499 496 3571 legem
541 3502 874 3556 inveniretur
913 3489 1274 3564 adversarius,
1311 3511 1366 3555 et
1408 3500 1764 3554 circumcisus
1801 3506 1904 3562 est,

329 3600 383 3644 et
408 3589 577 3661 legale
601 3593 796 3662 pascha
833 3591 1126 3646 celebravit
1150 3591 1426 3660 primitus.
1462 3590 1572 3657 Sic,
1614 3590 1704 3644 illo
1728 3590 1906 3644 disce-

329 3679 511 3746 dente,
548 3692 791 3736 nostrum
825 3698 1020 3736 novum
1061 3692 1318 3752 operatus
1348 3692 1451 3736 est.
1484 3682 1551 3735 Et
1593 3683 1693 3736 hoc
1732 3680 1908 3734 mani-

2001 2517 2303 2558 ccssavere.
2352 2503 2591 2570 Asiticite
2633 2504 2904 2572 quomodo
2946 2519 3139 2574 panem
3183 2521 3383 2574 corpus
3432 2523 3588 2562 suum

2001 2595 2100 2649 sub
2128 2593 2277 2648 Novo
2308 2593 2659 2648 Testamento
2693 2595 2925 2648 vocavit.
2967 2593 3073 2649 V'os
3110 2597 3325 2665 quidem
3368 2613 3590 2665 panem,

2001 2701 2099 2740 nos
2129 2683 2283 2760 ἄρτον
2307 2685 2555 2740 dicimus.
2579 2681 2765 2762 ’Δρτος
2792 2700 2973 2739 autem
3006 2688 3398 2756 interpretatur
3423 2689 3591 2743 eleva-

2003 2787 2085 2829 tus
2123 2786 2169 2828 et
2204 2792 2412 2830 sursum
2451 2785 2688 2841 portatus
2736 2794 2768 2829 a
2811 2776 3065 2844 fermento
3103 2788 3149 2829 et
3186 2779 3316 2842 sale,
3362 2783 3589 2832 ca.'orent
3663 2778 3666 2780 ’

2004 2877 2052 2918 et
2083 2865 2419 2919 elevationem
2443 2865 2663 2918 habens.
2702 2865 2920 2935 Azyma:
2949 2876 3129 2920 autem
3161 2867 3292 2920 nihil
3320 2869 3522 2922 distant
3558 2886 3589 2922 a

2006 2959 2181 3027 lapide
2209 2958 2325 3012 sine
2351 2959 2552 3020 anima,
2573 2968 2629 3011 et
2657 2958 2767 3010 luto
2796 2957 2980 3012 lateris
3007 2957 3258 3012 deorsum
3286 2941 3608 3027 conjuncta

2010 3061 2168 3106 terra:
2217 3059 2271 3106 et
2318 3051 2464 3104 sicco
2506 3050 2617 3104 luto
2650 3061 2998 3120 comparatae.
3039 3050 3186 3117 Quas
3225 3051 3434 3122 Moyses
3470 3070 3592 3106 cunt

2009 3141 2458 3208 amaritudinibus
2502 3145 2787 3196 cntttedcre
2826 3142 3042 3197 miseris
3082 3140 3283 3198 ludatis
3320 3145 3486 3199 semel
3537 3148 3592 3199 in

2009 3247 2151 3286 anno
2189 3231 2362 3298 legem
2404 3231 2716 3293 constituit;
2755 3231 3014 3302 quoniam
3057 3233 3212 3286 mala:
3244 3233 3511 3301 passionis
3539 3243 3594 3288 ct

2011 3321 2373 3375 tribulationis
2397 3322 2638 3394 symbolo
2669 3333 2828 3385 sunt;
2863 3334 2918 3376 at
2954 3332 3196 3376 nostrum
3227 3325 3428 3392 pascha
3461 3342 3594 3395 gan-

2009 3412 2155 3466 dium
2195 3425 2247 3466 et
2275 3412 2458 3467 lzctitia
2495 3421 2666 3466 totmn
2702 3422 2804 3475 est,
2845 3421 2902 3466 et
2940 3413 3152 3466 extollit
3190 3429 3288 3468 nos
3324 3418 3392 3470 ab
3432 3416 3598 3470 lmmo

2010 3513 2231 3571 propter
2277 3503 2529 3573 gaudium
2577 3504 2644 3557 ad
2684 3503 2906 3568 malum,
2956 3503 3100 3559 sicut
3142 3514 3198 3560 et
3244 3505 3596 3571 fermentum,

2011 3604 2230 3665 propter
2267 3595 2545 3664 [imprium
2586 3595 2845 3658 calorem,
2887 3611 3101 3665 panem,
3131 3597 3223 3666 qui
3261 3598 3416 3667 panis
3449 3599 3596 3652 omni

2011 3686 2276 3740 suavitate
2308 3686 2540 3755 repletus
2568 3695 2672 3740 est.
2696 3687 2916 3756 Azymze
2946 3703 3073 3742 vero
3097 3705 3273 3757 neque
3294 3688 3393 3748 sal.
3425 3706 3599 3758 neque

329 3771 523 3828 festum
567 3784 643 3829 est
692 3776 744 3828 in
793 3775 1082 3844 Evangelio
1122 3777 1417 3830 secundum
1460 3774 1803 3837 Mattlueum;
1842 3773 1909 3826 de
1941 3776 1983 3835 lt
2013 3772 2337 3828 fermentum
2389 3777 2670 3840 habentes,
2724 3778 2898 3830 lutum
2944 3787 3027 3832 est
3066 3779 3297 3832 aridum.
3346 3780 3451 3832 Aut
3490 3796 3598 3834 non

331 3865 556 3936 mystica
579 3881 733 3920 cmna
757 3865 1339 3936 loquensevangelista,
1367 3866 1669 3936 sicquoque
1695 3865 1906 3934 inquit:

335 3973 354 4006 ε
410 3954 588 4010 Prima
636 3965 814 4008 autem
852 3955 936 4010 die
981 3972 1298 4027 azymorum
1343 3970 1626 4011 accessere
1664 3953 1909 4024 discipuli

330 4043 399 4098 ad
429 4042 613 4099 Jesnm
642 4045 883 4098 dicentes
920 4045 969 4098 ei
1001 4061 1015 4098 :
1065 4043 1162 4098 Ubi
1200 4045 1279 4098 vis
1310 4059 1561 4112 paremus
1600 4043 1693 4097 tibi
1729 4058 1911 4098 come-

333 4134 459 4188 dere
500 4133 733 4204 pascha?
771 4132 873 4200 Qui
908 4133 984 4186 ait
1009 4119 1033 4186 ’ς
1080 4131 1157 4186 lte
1198 4133 1265 4186 ad
1304 4133 1580 4186 civitatem
1611 4131 1675 4184 ad
1718 4146 1912 4202 quem-

333 4225 478 4288 dam,
507 4235 563 4278 et
588 4226 750 4278 dicite
774 4224 823 4278 ei
853 4242 867 4277 :
895 4223 1131 4292 Tempus
1157 4237 1333 4277 meum
1358 4237 1526 4292 prope
1556 4232 1663 4287 est,
1689 4223 1831 4290 apud
1862 4231 1914 4276 te

332 4311 474 4368 facio
501 4315 698 4384 pascha
743 4330 866 4367 cttm
900 4313 1177 4382 discipulis
1215 4313 1370 4366 meis.
1423 4331 1442 4363 ι
1487 4313 1550 4366 Et
1585 4322 1704 4379 post
1743 4311 1912 4380 pusil-

331 4398 441 4454 lum
467 4417 480 4453 :
522 4417 540 4450 ι
577 4399 816 4469 Vespere
841 4408 1018 4452 autem
1047 4398 1191 4452 l'acto
1225 4398 1600 4452 discumbebat
1629 4413 1749 4449 cum
1782 4398 1916 4451 duo-

332 4491 528 4545 decim.
563 4491 645 4553 Et,
673 4489 954 4544 edentibus
984 4489 1114 4554 illis,
1145 4488 1284 4543 dixit
1314 4507 1327 4542 :
1365 4489 1556 4553 Amen,
1595 4503 1752 4542 amen
1794 4488 1916 4542 dico

335 4584 504 4646 vobis,
535 4585 659 4652 quia
701 4599 837 4637 unus
880 4595 1117 4638 vestrum
1162 4599 1246 4638 me
1290 4585 1585 4638 traditurus
1629 4593 1730 4638 est.
1781 4604 1802 4636 ι
1851 4584 1918 4638 Et

334 4683 458 4744 post
497 4676 1024 4745 pnsitlnm,'dicente
1061 4676 1197 4730 Juda
1232 4694 1245 4730 :
1286 4695 1306 4727 ι
1353 4675 1602 4748 Nunquid
1638 4692 1738 4748 ego
1773 4692 1914 4742 sum,

335 4763 550 4818 Rabbi?
587 4783 604 4816 ι
641 4764 778 4817 dixit
800 4765 850 4818 ei
880 4782 894 4818 :
926 4783 944 4816 ι
982 4765 1060 4819 Tu
1093 4765 1296 4820 dixisti.
1339 4785 1357 4818 ι
1392 4765 1506 4821 lluc
1536 4783 1728 4836 usque,
1759 4783 1792 4822 0
1821 4768 1915 4823 Dei

339 4855 613 4920 homines,
649 4859 897 4912 universa
936 4857 1122 4928 legalis
1161 4860 1373 4928 paschae
1415 4868 1560 4914 sunt.
1605 4860 1810 4914 Deinde
1854 4877 1919 4916 ea

339 4963 459 5018 qum
486 4949 692 5020 mystici
722 4957 778 5006 et
803 4952 968 5005 nostri
992 4961 1118 5006 sunt
1140 4950 1377 5016 addidit;
1414 4953 1742 5052 etangelisba
1773 4955 1918 5008 enim

339 5041 473 5094 dixit
501 5058 514 5094 :
548 5061 565 5092 ε
601 5040 642 5094 Ε
665 5040 897 5096 tentibus
918 5051 1098 5098 autem
1123 5043 1247 5108 illis,
1275 5043 1490 5112 accepit
1517 5041 1673 5099 Jcsus
1697 5040 1917 5113 panem,

2014 3864 2242 3918 audistis
2288 3862 2470 3918 Jesutn
2509 3866 2776 3920 dicentem
2815 3866 3096 3934 discipulis
3141 3868 3273 3920 suis.
3326 3869 3462 3932 Quia
3509 3884 3598 3921 vos

2013 3955 2133 4007 estis
2153 3953 2234 4006 sal
2264 3955 2452 4008 terrae?
2492 3955 2557 4008 Et
2579 3956 2834 4024 quoniam
2873 3955 3055 4009 Simile
3081 3967 3154 4009 est
3196 3971 3408 4024 regnum
3437 3959 3595 4011 curio-

2014 4060 2131 4096 rum
2175 4044 2448 4112 fermento,
2493 4046 2632 4114 quod
2680 4046 2939 4114 accipiens
2992 4046 3182 4098 mulier
3220 4045 3490 4099 abscondit
3543 4051 3599 4100 in

2014 4133 2206 4203 farina:
2236 4135 2365 4187 satis
2403 4135 2589 4196 tribus,
2615 4151 2774 4204 usque
2803 4135 2927 4187 dum
2962 4135 3365 4203 fermentaretnr
3395 4139 3601 4192 totum?

2017 4221 2065 4275 Μ
2079 4223 2300 4278 ulierem
2323 4233 2563 4278 sanctam
2583 4223 2880 4279 Ecclesium
2907 4237 3086 4279 vocat.
3113 4225 3261 4280 Satis
3276 4243 3401 4281 vero
3425 4231 3602 4283 tribus

2018 4314 2191 4368 modis
2228 4313 2469 4384 repletis,
2513 4315 2731 4369 Patrem
2768 4327 2826 4369 et
2864 4315 3059 4370 Filium
3091 4327 3148 4370 et
3178 4317 3438 4387 bpiritnm
3473 4333 3603 4373 san-

2018 4417 2164 4461 ctum
2205 4424 2218 4459 :
2255 4422 2486 4477 quorum
2528 4397 2868 4479 naiaaquam
2913 4411 3193 4466 lutulenta:
3233 4427 3439 4482 azymte
3474 4424 3606 4468 sunt

2018 4497 2336 4568 participes.
2368 4498 2512 4552 Dicit
2536 4499 2683 4553 enim
2713 4509 2769 4554 et
2810 4499 2978 4555 David
3014 4503 3081 4556 de
3106 4501 3329 4558 Christo
3372 4521 3386 4556 :
3435 4504 3512 4557 'ln
3547 4521 3608 4559 es

2018 4598 2263 4650 sacerdos
2301 4597 2356 4650 in
2406 4607 2659 4650 aaternum
2699 4596 2984 4650 secundum
3032 4597 3269 4650 ordinem
3321 4597 3602 4651 Melchise-

2018 4687 2165 4739 dech.
2207 4685 2310 4752 Qui
2342 4695 2466 4740 ante
2491 4686 2764 4741 ALraham
2793 4695 2847 4742 et
2867 4685 3110 4758 Moysen,
3136 4687 3256 4740 caeli
3287 4696 3341 4742 et
3367 4697 3524 4741 terrae
3546 4696 3604 4740 et

2019 4788 2335 4832 cmterarum
2382 4790 2753 4836 creaturarum
2813 4796 3116 4850 agnoscens
3168 4779 3356 4844 Deum,
3407 4796 3602 4836 διευτ-

2019 4883 2152 4938 gens
2189 4868 2386 4923 obtulit
2416 4869 2491 4923 illi
2521 4885 2715 4939 panem
2745 4880 2801 4925 et
2836 4871 3042 4925 vinum.
3077 4871 3199 4924 Ideo
3229 4872 3356 4924 dicit
3387 4872 3603 4927 divinus

2020 4961 2338 5030 Apostolus:
2370 4977 2390 5011 ι
2419 4961 2686 5027 Quoniam
2714 4961 2758 5018 si
2785 4962 3184 5026 consummatio
3209 4975 3310 5030 per
3330 4963 3601 5018 leviticum

2021 5050 2384 5105 sacerdotium
2415 5061 2552 5117 erat,
2587 5067 2696 5108 non
2716 5053 3019 5107 secundum
3047 5050 3604 5110 ordinemMelchise-

342 5132 498 5202 fregit
524 5141 578 5186 et
603 5133 750 5188 dedit
781 5133 1060 5205 discipulis
1096 5137 1231 5200 suis,
1264 5143 1321 5188 et
1358 5135 1495 5190 dixit
1533 5153 1546 5190 :
1588 5135 1833 5204 Accipite
1865 5148 1920 5192 et
1947 5119 1991 5180 (ἶ
2025 5140 2160 5197 dech
2185 5140 2446 5196 sacerdos
2473 5140 2724 5197 Christus
2761 5139 3041 5197 diceretur
3062 5139 3252 5210 (Hebr.
3283 5155 3381 5209 vn,
3420 5144 3531 5216 ll).
3584 5163 3604 5198 ι
