4124 5374
552 226 651 283 951
678 232 689 271 ἶ

1587 214 2015 284 "nummus
2046 216 2114 281 is.
2154 225 2221 281 ιι.
2256 225 2327 280 t5:
2359 223 2765 280 essemus
2842 228 2847 253 τ

3718 229 3843 286 θεε-

602 338 686 395 "di.
712 338 861 397 idem
896 339 1010 411 ipse
1033 346 1259 410 magnus
1280 337 1478 395 Paulus
1515 338 1582 394 ad
1621 338 1932 395 Corinthios
1962 338 2132 408 prima
2166 343 2209 400 Α
2311 335 2399 389 IV.
2430 333 2709 400 Quomodo
2746 338 3029 388 autem-et
3059 330 3413 391 mihi
3448 336 3601 395 ‘taies
3632 352 3823 396 mare.

550 427 792 498 Epistola
823 442 892 483 ex
918 428 1004 484 his
1045 426 1270 498 loquens
1299 428 1376 483 ait
1401 445 1414 483 :
1449 446 1466 479 ι
1492 427 1734 493 Fratres,
1765 444 1865 498 ego
1891 427 2074 499 accepi
2106 444 2136 482 a

552 518 785 574 Domino
827 519 970 590 quod
1002 526 1058 573 et
1105 518 1302 573 tradidi
1336 518 1489 575 vobis
1523 538 1534 572 :
1566 519 1819 589 quoniam
1880 519 2137 573 Dominus

554 610 609 664 in
660 617 818 667 nocte
861 625 967 681 qua
1017 609 1352 675 tradebatur,
1381 612 1590 681 accepit
1627 622 1822 682 panem
1849 618 1901 666 et
1931 609 2135 681 gratias

554 708 721 771 agens
772 698 935 771 fregit
984 707 1039 754 et
1091 699 1228 754 dixit
1270 716 1284 753 :
1319 699 1549 771 accipite
1597 707 1654 755 et
1690 698 1980 764 comedite,
2032 699 2137 754 hoc

482 775 491 780 ’
553 801 636 845 est
675 804 875 860 corpus
905 803 1083 846 meum
1110 791 1257 860 quod
1293 803 1392 859 pro
1414 788 1565 845 vobis
1609 790 1853 845 tradetur
1879 803 1896 843 :
1922 789 2029 846 hoc
2059 785 2137 844 fa-

552 880 662 937 cite
708 881 765 936 in
812 895 989 936 meam
1039 881 1639 938 commemorationem.
1673 878 1937 937 Similiter
1985 886 2041 937 ει
2070 881 2137 936 de

549 971 721 1028 calice
753 989 766 1027 :
951 971 1217 1039 est-calix
1247 971 1455 1029 Novum
1495 972 1905 1055 Testamentum
1934 973 1987 1028 in
2016 986 2137 1039 meo

551 1062 813 1135 sanguine
832 1048 853 1118 ἓ
878 1062 986 1120 hoc
1004 1061 1170 1121 facite
1195 1064 1627 1135 quotiescunque
1654 1048 1855 1120 bibetis
1876 1062 1931 1119 in
1959 1078 2139 1120 meam
2182 1082 2187 1089 ·

551 1155 1138 1211 commemorationem.
1156 1153 1597 1226 Quotiescunque
1624 1153 2020 1210 manducabitis
2042 1167 2136 1223 pa-

552 1258 672 1300 nem
704 1245 849 1302 hunc
876 1253 931 1301 et
957 1245 1185 1303 calicem
1212 1247 1410 1303 bibctis
1448 1247 1501 1302 in
1535 1262 1708 1303 meum
1742 1258 2137 1302 commemora-

551 1337 785 1403 tionem,
815 1347 1045 1394 mortem
1093 1338 1306 1394 Domini
1362 1337 1755 1394 annuntiahitis
1793 1336 1852 1409 (ι
1898 1336 2021 1397 Cor.
2054 1352 2132 1402 xt,

549 1429 757 1502 (ιδ-16).
800 1450 819 1483 ι
855 1430 1074 1503 Azyma:
1110 1445 1241 1486 vero
1292 1445 1509 1501 quoque
1562 1429 2133 1485 eommemoratidnem

551 1520 749 1575 habent
774 1519 893 1585 Dei,
924 1536 1103 1591 neque
1150 1528 1379 1575 mortem
1422 1519 1955 1585 illius-annuntiant,
1996 1519 2136 1574 sicut

2240 424 2394 489 dunt,
2451 425 2502 478 in
2548 423 2744 496 quibus
2797 422 3021 493 sanguis
3065 426 3316 479 tenetur?
3357 427 3439 479 An
3491 420 3712 484 nescitis
3765 428 3824 485 ut

2237 513 2417 577 enmis
2449 514 2699 573 animalis
2718 512 2948 584 sanguis
2992 513 3170 570 anima
3212 516 3375 587 ipsius
3401 516 3504 584 sit,
3528 522 3584 578 et
3608 522 3699 590 qui
3732 534 3825 577 co-

2238 604 2467 659 mederit
2496 605 2777 674 sanguinis
2803 604 3043 679 animam
3079 599 3350 662 comedit?
3379 608 3444 663 Et
3492 611 3693 669 idcirco
3738 629 3826 669 se-

2237 693 2471 749 cundum
2499 694 2600 750 hoc
2622 709 2723 750 nec
2747 694 2975 766 gentiles
2996 709 3062 752 ex
3094 705 3206 753 toto
3228 705 3371 755 sunt.
3398 698 3476 755 Illi
3509 702 3652 758 enim
3676 706 3825 760 occi-

2239 784 2393 850 dunt,
2423 790 2519 838 aut
2548 783 2831 861 plagatttes
2855 787 3162 842 comedunt.

2310 871 2372 928 V.
2396 873 2526 928 ltem
2553 872 2766 929 alleluia
2798 875 2851 930 in
2879 874 3301 948 Quadragesima
3325 893 3430 935 non
3454 882 3705 952 psallitis,
3724 889 3820 941 sed

2236 965 2403 1047 semel
2429 966 2484 1021 in
2519 967 2723 1038 pascha
2763 970 3137 1027 tantummodo
3171 988 3184 1024 :
3214 973 3360 1042 quod
3402 973 3818 1047 interpretatur.

2240 1042 2497 1137 Demintts
2529 1059 2685 1125 simil,
2724 1056 2961 1124 laudate,
2986 1051 3241 1131 hymnum
3259 1052 3433 1135 dicite,
3464 1075 3516 1131 et
3541 1042 3822 1131 deiwdicite

2236 1145 2301 1200 ei.
2350 1143 2489 1219 Ergo
2530 1147 2825 1206 seettndum
2882 1147 2985 1207 hoc
3035 1150 3209 1225 usque
3250 1151 3473 1221 Domini,
3515 1157 3818 1223 Dominum,

2237 1251 2410 1308 neque
2446 1237 2760 1319 Benedictus
2780 1276 2783 1281 ι
2803 1242 2892 1312 qui
2943 1244 3099 1309 venit,
3132 1242 3383 1314 psallitis.
3415 1246 3481 1303 Et
3511 1247 3656 1307 istud
3685 1266 3819 1307 vero

2226 1325 2445 1401 alleluia
2473 1327 2736 1385 llebraiee
2769 1330 2970 1387 dictum
3002 1342 3105 1389 est.

2311 1414 2392 1469 Vl.
2427 1416 2534 1471 Cur
2568 1425 2775 1473 tantam
2830 1419 3204 1492 deceptionem
3235 1425 3427 1482 horum
3475 1428 3662 1484 talium
3708 1446 3816 1487 non

2235 1505 2476 1576 aspicitis
2521 1522 2623 1567 nec
2668 1507 3003 1580 intelligitis,
3054 1527 3231 1584 neque
3277 1517 3551 1590 corrigitis
3590 1521 3817 1591 populos

550 1607 800 1664 Μυωὶοω
819 1618 875 1664 et
917 1620 1046 1665 ante
1079 1608 1223 1663 mille
1252 1609 1682 1680 quadringentos
1717 1623 1890 1665 annos
1918 1623 1984 1663 ex
2018 1608 2129 1675 lege

2234 1602 2290 1650 et
2337 1598 2713 1669 vosmetipsos,
2747 1601 2890 1657 sicut
2932 1603 3027 1672 qui
3068 1603 3264 1661 debent
3305 1604 3536 1678 judieari
3569 1625 3631 1666 ex
3675 1612 3815 1668 hisa

548 1699 856 1755 etanstitutae
884 1716 898 1753 :
930 1709 988 1755 et
1033 1714 1129 1770 per
1155 1697 1365 1755 Novum
1405 1698 1813 1754 Testamentum
1841 1738 1857 1766 ,
1892 1699 1995 1755 hoc
2014 1696 2129 1763 est,

2238 1689 2381 1744 Deo?
2421 1690 2534 1746 Non
2557 1690 2934 1764 derelinquitis
2968 1696 3112 1766 quod
3146 1698 3342 1754 dicitur
3386 1702 3532 1770 quod
3566 1704 3670 1760 hoc
3707 1704 3812 1760 Pe-

549 1806 646 1860 per
665 1800 911 1846 sanctum
938 1789 1289 1862 Evangelia.“
1311 1797 1373 1846 et
1402 1803 1499 1862 per
1528 1788 1802 1846 Christum
1832 1788 2132 1844 maledicta;
2235 1792 2349 1838 trus
2381 1793 2436 1839 ct
2470 1783 2794 1842 Benedictus
2819 1795 2876 1843 et
2914 1786 3114 1845 Paulus
3160 1798 3215 1845 et
3253 1793 3436 1847 c:eteri
3465 1794 3810 1852 docuerunt?

547 1890 604 1937 et
645 1880 938 1959 derelictas

617 1970 704 2028 lll.
755 1971 990 2029 Sahbata
1040 1985 1171 2027 vero
1198 1972 1469 2043 quomodo
1510 1973 1564 2027 in
1594 1964 2020 2045 Quadragesi'ma
2043 1971 2131 2043 ju-

545 2063 1086 2131 tiaiee,observatis?
1141 2063 1249 2118 Aut
1296 2078 1402 2117 non
1454 2061 1688 2119 audistis
1740 2061 2128 2133 evangelistam

548 2158 854 2226 loquentem
898 2175 911 2210 :
951 2155 1078 2227 quia
1117 2165 1462 2210 transeuntes
1504 2144 1748 2226 discipuli
1787 2154 1842 2208 in
1888 2153 2130 2209 sabbatis

546 2256 832 2315 coeperunt
861 2248 969 2317 iter.
1003 2260 1165 2319 agere
1194 2245 1492 2301 evellentes
1528 2245 1704 2314 spicas
1741 2250 1798 2298 et
1844 2242 2129 2298 comeden-

548 2340 665 2397 tes?
702 2338 963 2395 Dicebant
1008 2347 1191 2393 autem
1226 2335 1394 2391 Judazi
1436 2336 1503 2390 ad
1554 2334 1826 2390 Christum
1858 2351 1872 2387 :
1911 2351 1930 2384 ι
1969 2331 2128 2389 Vides

545 2431 674 2502 quid
728 2429 817 2487 isti
863 2428 1095 2487 fecerint
1121 2425 1401 2483 sabbatis?
1437 2450 1456 2476 υ
1485 2425 1587 2495 Qui
1636 2424 1815 2481 dixit:
1861 2443 1880 2477 ι
1925 2422 2123 2478 Etiam.

544 2525 651 2578 Aut
676 2521 895 2577 neScitis
920 2521 1048 2591 quid
1090 2518 1204 2591 egit
1231 2518 1403 2574 David
1452 2532 1577 2572 cum
1625 2514 1862 2572 esuriret
1905 2528 2040 2584 Ipse,
2071 2522 2128 2569 et

542 2614 634 2685 qui
668 2629 791 2669 cum
823 2629 888 2670 eo
917 2613 1111 2668 erant?
1141 2610 1412 2684 quomodo
1446 2607 1669 2664 intravit
1690 2608 1742 2663 in
1770 2606 2047 2679 templum,
2072 2614 2151 2663 et'

545 2723 709 2777 panes
750 2706 1136 2778 propositionis
1174 2703 1441 2769 comedit,
1481 2721 1499 2754 ι
1540 2708 1597 2757 et
1647 2708 1864 2757 caetera.
1904 2700 1974 2756 Et
1998 2699 2123 2771 quia

545 2815 566 2850 ι
603 2797 881 2854 sabbatum
920 2801 1139 2869 preptcr
1167 2793 1445 2852 hominem
1468 2792 1669 2848 factttm
1691 2800 1795 2860 est,
1830 2805 1934 2846 non
1963 2791 2125 2846 homo

542 2872 761 2960 preptcr
810 2888 1116 2944 sabbatum.
1156 2904 1175 2938 ι
1211 2884 1314 2954 Qui
1364 2895 1419 2941 et
1466 2883 1760 2947 dicebant,
1798 2899 1817 2933 ι
1871 2875 2123 2953 quoniam

542 2981 703 3036 hunc
729 2981 830 3036 istc
851 2996 956 3036 non
979 2988 1063 3036 est
1091 2991 1156 3035 ex
1178 2978 1311 3044 Deo,
1326 2976 1452 3049 quia
1482 2974 1764 3032 sabbatum
1803 2988 1909 3028 non
1938 2978 2118 3026 custo-

540 3070 619 3126 dit
645 3066 837 3142 (Marc.
870 3086 929 3136 tt,
952 3070 1044 3136 23,
1072 3084 1265 3140 seqq.;
1296 3067 1587 3146 Luc..vr,l
1633 3064 1833 3137 μηδι).
1873 3083 1892 3118 ι
1925 3062 1992 3117 Et
2025 3061 2121 3119 ite-

545 3178 662 3216 rum
693 3160 946 3231 loquente
994 3160 1213 3216 Christo
1267 3159 1319 3216 in
1368 3159 1617 3223 sabbato,
1648 3165 1703 3213 et
1751 3153 1843 3226 qui
1899 3158 2121 3208 manum

542 3252 774 3308 habebat
800 3250 1029 3320 aridam,
1059 3249 1313 3307 similiter
1341 3257 1484 3306 eteo
1521 3247 1612 3318 qui
1662 3243 1923 3302 daemonis
1963 3240 2122 3312 spiri-

541 3352 653 3396 tum
703 3342 976 3408 habebat,
1005 3342 1057 3397 in
1089 3341 1312 3397 sabbato
1340 3339 1620 3404 ntundato,
1658 3331 2122 3391 murmurantibus

538 3432 737 3488 Judazls
765 3442 821 3488 et
855 3427 1050 3488 similia
1100 3429 1429 3495 dicentibus,
1474 3426 1606 3483 dicit
1646 3424 1936 3480 Christus:
1968 3438 1984 3472 ι
2013 3418 2123 3491 Hy-

539 3522 785 3594 pocritaa,
839 3520 1212 3592 unusquisque
1260 3512 1498 3580 vestrum
1544 3530 1650 3571 non
1698 3512 1857 3568 solvit
1907 3502 2137 3564 asinum

538 3632 569 3669 a
603 3626 870 3685 praesepe,
915 3622 1009 3667 aut
1032 3610 1224 3675 bovem
1271 3624 1429 3665 suum
1454 3647 1469 3675 ,
1520 3615 1575 3662 et
1616 3602 1766 3659 ducit
1802 3594 2120 3670 adaquare?

538 3706 687 3774 (Luc.
712 3713 809 3766 xtt,
853 3699 996 3773 15).)
1032 3699 1097 3755 Et
1121 3698 1419 3770 paralytico
1447 3694 1696 3752 similiter
1723 3704 1883 3764 quem
1926 3705 2117 3745 sanum

538 3789 691 3847 fecit.
724 3789 789 3845 Et
810 3788 933 3845 ideo
952 3790 1006 3845 hi
1034 3787 1125 3858 qui
1155 3787 1380 3842 sabbata
1409 3801 1530 3842 cum
1560 3782 1767 3856 azymis
1787 3779 2119 3845 custodiunt,

542 3895 716 3950 neque
739 3878 911 3934 Judmi
943 3891 1116 3948 neque
1138 3875 1431 3932 Christiani
1470 3884 1616 3941 sunt,
1648 3873 1743 3930 sed
1766 3871 1970 3928 similes
1998 3876 2124 3925 sunt

537 3974 814 4047 le0pardo,
840 3980 982 4030 sxcut
1024 3971 1150 4027 dicit
1183 3984 1408 4042 magnus
1438 3968 1692 4037 Basilius,
1735 3965 1888 4037 cujus
1935 3961 2115 4035 capilli

536 4082 637 4122 nec
673 4063 812 4137 nigri
839 4073 987 4133 sunt,
1017 4076 1118 4119 nec
1149 4061 1256 4118 albi
1284 4061 1527 4118 omnino.
2130 4082 2135 4089 ν

2232 1875 2488 1946 Decipitis
2533 1890 2626 1934 vos
2665 1877 2808 1951 ipsos
2835 1886 2890 1934 et
2934 1878 3195 1953 populum
3227 1882 3279 1939 in
3320 1883 3457 1941 istis:
3490 1886 3619 1953 Qua:
3664 1902 3797 1944 vero

2231 1970 2445 2040 scripsi,
2495 1985 2557 2025 ea
2603 1977 2729 2026 sunt
2779 1986 2899 2043 quae
2944 1969 3137 2031 Petrus
3173 1983 3228 2028 et
3271 1963 3469 2031 Paulus
3517 1987 3570 2031 et
3625 1980 3810 2033 ereteri

2229 2059 2467 2130 apostoli
2485 2069 2538 2116 et
2570 2059 2822 2117 Christus
2856 2061 3074 2129 docuit,
3103 2072 3159 2118 et
3208 2071 3395 2120 saneta
3445 2064 3686 2123 Ecclesia
3716 2073 3811 2123 c'a-

2232 2149 2427 2204 tholica
2457 2151 2693 2220 suscepit
2742 2158 2797 2207 et
2844 2153 3079 2208 custodit
3119 2152 3391 2222 religiose.
3445 2157 3669 2225 Qum-et
3712 2174 3811 2214 vos

2230 2243 2462 2299 correcti
2507 2244 2799 2299 custodite.
2838 2245 3074 2317 Azymas
3110 2262 3240 2305 vero
3278 2257 3331 2304 ct
3374 2232 3657 2307 custodias
3685 2254 3806 2307 sai».

2220 2324 2475 2389 'batorum
2521 2334 2769 2405 projicite
2795 2335 3009 2391 miseris
3040 2334 3272 2405 Iudaeis;
3303 2338 3555 2396 similiter
3597 2353 3652 2397 et
3694 2342 3831 2411 suE

2228 2422 2401 2481 iocata
2426 2425 2673 2483 barbaris
2702 2425 2971 2498 gentibus,
3002 2436 3061 2482 ut
3088 2427 3281 2485 ﬁamus
3328 2430 3448 2500 puri
3492 2432 3544 2486 in
3576 2440 3722 2488 recta
3748 2441 3809 2488 et

2228 2515 2574 2572 immaculata
2605 2516 2732 2585 ﬁde,
2767 2526 2822 2573 et
2851 2530 2989 2574 unus
3024 2527 3157 2589 grex
3198 2521 3359 2576 unius
3387 2522 3614 2592 paStoris
3642 2521 3805 2578 Chri-

2227 2606 2317 2663 sli.
2341 2606 2506 2679 Cujus
2536 2606 2589 2664 in
2614 2623 2776 2665 cruce
2805 2609 2988 2666 divino
3031 2611 3295 2681 sanguine
3341 2612 3587 2669 inebriati
3614 2613 3809 2670 lauda—

2226 2713 2346 2755 mus
2378 2699 2498 2770 puri
2539 2713 2672 2769 pure
2700 2698 2917 2755 Patrem
2952 2708 3008 2755 et
3050 2699 3246 2756 Filium
3273 2708 3328 2756 et
3369 2700 3633 2772 Spiritum
3679 2717 3807 2758 san-

2226 2795 2391 2844 ctutn.
2432 2788 2697 2845 Universa
2742 2788 2992 2846 Mosaica:
3037 2790 3170 2861 legis
3214 2800 3270 2848 et
3314 2791 3384 2849 ab
3422 2802 3492 2850 'eo
3537 2794 3803 2850 custodita

2225 2878 2660 2949 derelinquentes
2712 2880 2831 2937 sine
2897 2880 3008 2937 Deo
3063 2879 3302 2951 Iudaeis,
3351 2883 3443 2954 qui
3487 2883 3633 2940 velut
3672 2885 3802 2940 acet

2223 2968 2597 3039 perquirentes
2622 2968 2898 3026 Christum
2928 2969 3109 3027 lomen
3138 2973 3463 3042 amiserunt,
3484 2958 3805 3046 pe‘rnianena

2228 3066 2309 3114 tes
2333 3058 2386 3114 in
2414 3058 2627 3127 umbra,
2648 3059 2793 3117 sicut
2815 3061 3127 3132 insipientes
3146 3073 3425 3135 perpetuo.
3447 3063 3574 3121 Haec
3595 3074 3799 3131 autem,

2227 3149 2390 3206 homo
2430 3150 2549 3218 Dei,
2575 3158 2632 3207 et
2654 3150 2930 3208 multoties
2958 3153 3072 3224 ipse
3117 3168 3240 3210 cum
3269 3153 3479 3226 populo
3502 3168 3803 3226 agnoscens

2227 3242 2457 3300 docuisti
2486 3257 2630 3312 esse,
2661 3252 2719 3301 et
2752 3254 3034 3303 correctus
3055 3245 3319 3316 scripsisti
3352 3245 3536 3302 multis
3564 3246 3803 3302 similem

2225 3335 2671 3391 consuetudinem
2720 3334 3067 3393 trahentibus.
3120 3336 3189 3392 Et
3234 3346 3295 3393 ut
3338 3337 3536 3395 habeas
3570 3338 3801 3395 salutem

2226 3423 2421 3480 anima:
2463 3432 2595 3490 tuae,
2621 3423 2777 3481 mitte
2803 3426 3137 3497 principibus
3156 3426 3495 3483 sacerdotum
3526 3434 3582 3485 et
3619 3438 3803 3484 sacer-

2225 3514 2457 3579 dotibus,
2486 3523 2542 3570 et
2586 3513 2774 3587 adjura
2804 3524 2863 3570 ut
2900 3531 2997 3587 per
3028 3516 3141 3579 haec
3174 3517 3382 3587 seipsos
3410 3515 3703 3589 corrigunt,
3742 3523 3800 3574 et

2222 3606 2318 3662 Dei
2352 3606 2630 3677 populum,
2658 3618 2718 3663 ut
2755 3607 2849 3663 Dei
2880 3609 3184 3666 mercedem
3225 3610 3278 3665 in
3308 3609 3431 3666 istis
3469 3609 3690 3666 habeas.
3730 3608 3797 3666 Et

2222 3697 2267 3752 si
2297 3696 2399 3752 hoc
2420 3697 2636 3765 feceris,
2667 3712 2910 3770 propono
2928 3708 2983 3754 et
3011 3713 3110 3771 per
3136 3699 3426 3755 secundam
3446 3698 3794 3770 scriptionem

2223 3788 2427 3859 majora
2466 3797 2523 3843 et
2562 3788 2887 3860 perfectiora
2933 3790 3018 3846 his
3070 3790 3164 3846 tibi
3209 3789 3466 3857 scribere,
3502 3789 3625 3846 ﬁdei
3668 3804 3794 3845 vera

2223 3882 2537 3939 ostensione
2590 3890 2646 3938 et
2694 3882 3039 3943 ﬁrmamento
3103 3883 3406 3941 animarum
3452 3894 3552 3954 pro
3598 3881 3817 3954 quibus!

2219 3966 2470 4029 Christus
2497 3971 2678 4043 posuit
2705 3971 2943 4028 animam"
2973 3982 3147 4029 suam.
3177 4025 3181 4028 .

1021 4233 1339 4298 TEXTUS
1368 4232 1944 4321 PREFATORUM‘
1978 4224 2688 4295 SYCOPHANTARUM
2740 4225 3275 4294 EXPLICATUR.

535 4379 770 4459 Incipit
813 4376 1151 4459 responsio
1191 4375 1414 4459 fratris
1451 4376 1793 4459 Humberti
1831 4381 2071 4459 sanctis
2099 4372 2406 4459 Ecciesiw
2454 4371 2643 4459 Silvas
2692 4373 2991 4459 Candidas
3025 4372 3187 4459 dicti
3209 4373 3537 4459 episcopi;
3586 4375 3787 4459 instar

552 4516 555 4519 ,
611 4452 850 4537 dialogi
882 4452 1412 4537 siliipsouLatine
1467 4454 1825 4537 conscripta
1859 4453 2357 4537 apocrisariatus
2386 4452 2490 4516 sui
2527 4460 2815 4537 tempore
2862 4452 3447 4537 Constantinopoli:
3488 4453 3780 4537 Etjussu

611 4528 1038 4616 iimpeFatoris'
1064 4534 1346 4616 religiosi
1382 4541 1453 4616 et
1472 4528 1815 4616 orthodoxi
1849 4528 2253 4616 Constantini
2286 4528 2691 4616 Menemachi
2724 4532 2940 4616 Crtece
2987 4531 3181 4616 edita,
3241 4528 3361 4596 sub
3410 4528 3784 4597 nominibus

603 4608 1305 4694 .ConstantinOpoliﬁstii
1341 4620 1404 4678 et
1437 4615 1729 4690 Romani,
1757 4629 1926 4699 anno
1966 4610 2227 4677 Domini
2256 4608 2609 4701 millesimo
2637 4613 3181 4707 quinquagesimo
3218 4620 3473 4693 quarto.

600 4777 638 4841 i.
674 4781 949 4864 Romam.
992 4772 1560 4854 Praefulgente‘gratia
1595 4764 1797 4837 sanctae
1823 4787 1880 4835 et
1908 4779 2105 4836 indivi-
2134 4782 2185 4845 D

529 4875 649 4931 dote
699 4872 985 4931 Trinitatis
1008 4912 1026 4939 ,
1078 4872 1132 4927 in
1178 4870 1333 4942 cujus
1378 4886 1541 4929 manu
1594 4872 1786 4929 noset
1830 4885 2109 4929 sermones

529 4964 729 5029 nostri,
761 4964 887 5020 hinc
917 4963 1032 5033 jam
1059 4963 1406 5036 aggredimur
1451 4975 1775 5034 responsum
1809 4961 1865 5016 in
1912 4960 2108 5016 litteris

528 5058 585 5108 et
624 5046 1061 5111 cavillationibus
1092 5053 1336 5111 vestris:
1387 5060 1447 5109 ut
1475 5052 1651 5123 palam
1702 5052 1775 5108 sit
1812 5065 1920 5135 nos
1965 5050 2125 5135 illius:

530 5146 726 5203 summi
755 5146 911 5204 Petri
932 5146 1217 5221 disciplina
1259 5147 1525 5213 eruditos,
1554 5147 1645 5216 qui
1676 5131 1815 5202 dixit
1843 5161 1857 5197 :
1906 5160 1926 5196 ι
1976 5131 2123 5199 Sitis:

531 5232 704 5309 parati
730 5227 944 5310 semper
987 5241 1056 5296 ad
1087 5241 1514 5296 satisfactionem
1557 5239 1703 5295 omni
1735 5228 2121 5310 poscenti‘vos'

533 5330 799 5374 mlinnem
828 5330 899 5374 da
927 5345 990 5374 on
1011 5345 1132 5374 nnm
1157 5333 1213 5374 in
1235 5333 1391 5374 vnhic
1419 5340 1497 5374 ml
1522 5345 1653 5374 eno.
1688 5344 1812 5374 mm
1839 5329 2104 5374 madentia

2207 4777 2363 4849 Quod
2386 4778 2615 4850 ﬁgurate
2636 4791 2732 4850 per
2758 4774 2977 4849 Moysen
3004 4774 3265 4833 Dominus
3289 4776 3482 4844 innuit,
3497 4779 3587 4836 ubi
3606 4788 3786 4836 vectes

2209 4871 2406 4943 quibus
2428 4884 2557 4926 arca
2587 4875 2919 4941 portaretur,
2934 4867 3154 4925 circulis
3176 4868 3348 4939 ipsius
3369 4883 3584 4940 semper
3610 4871 3789 4929 inesse

2178 5016 2181 5017 ν
2209 4961 2468 5031 praecepit
2495 4977 2510 5014 :
2541 4974 2643 5017 nec
2674 4974 2912 5030 unquam
2935 4958 3147 5015 extrahi
3173 4960 3240 5015 ab
3268 4959 3370 5029 eis,
3400 4975 3471 5016 ne
3496 4975 3605 5031 qua
3633 4975 3786 5017 mora

2210 5051 2371 5107 ﬂeret
2415 5051 2844 5121 quotiescunque
2883 5061 3067 5115 arcam
3110 5047 3329 5105 elevare
3369 5063 3592 5106 necesse
3615 5060 3782 5107 esset.

2209 5141 2349 5198 Area
2378 5140 2644 5212 siquidem
2675 5150 2917 5198 sanctam
2948 5137 3276 5205 Ecclesiam;
3309 5139 3497 5194 circuli
3549 5141 3668 5211 ejus
3705 5141 3788 5196 di-

2213 5222 2393 5286 vinam
2433 5228 2805 5305 Scripturam;
2837 5236 3019 5284 vectes
3042 5226 3160 5298 ejus
3186 5228 3503 5299 praepositos
3532 5231 3787 5287 Ecclesia:

2212 5320 2543 5374 signiﬁcant.
2570 5335 2708 5374 auos
2749 5332 2966 5374 semper
3010 5319 3230 5374 expedit
3274 5316 3445 5374 sactae
3488 5321 3786 5374 Scrinium
