4124 5374
313 300 417 370 93

312 433 477 483 suum
504 417 747 477 seriatim
773 410 1189 479 discessuri,»
1212 410 1383 480 ipsius
1405 410 1562 465 initio
1578 423 1687 465 non
1706 408 1887 478 pigri-
1917 417 1963 474 Α

312 527 495 572 tamur
529 496 737 569 manu
794 527 837 545 ε-
888 522 891 523 ⁷

365 620 602 697 Ἰηεὶιρει-
623 634 682 680 ιιι
707 619 1047 677 manifestius
1061 625 1242 674 vestra
1270 615 1413 671 tllcta
1437 628 1468 669 a
1490 612 1690 669 nostris
1711 624 1889 667 secer-

312 716 533 787 nan‘tnr,
560 727 736 775 vestra
763 715 953 782 obelis,
984 724 1174 770 nostra
1202 720 1385 767 autem
1436 708 1712 766 asteriseis
1748 720 1889 777 prte-

312 819 585 867 notantur.
624 808 732 865 Sed
756 806 983 862 tandem
1007 804 1292 860 videamus
1331 799 1495 872 quale
1534 798 1610 857 sit
1634 796 1765 853 illud
1800 809 1893 852 ve-

309 910 437 956 strre
463 897 747 955 calumnia:
771 895 1122 968 prooemium,
1148 904 1256 966 quo
1278 890 1568 947 laborastis
1582 887 1891 945 auditorem

309 999 549 1044 vestrum
568 984 780 1043 edicere
817 980 1277 1050 benevolum,'ita
1308 980 1579 1037 dicendo:
1640 1052 1651 1057 _

380 1098 441 1153 ll.
480 1090 1173 1171 CoasTtNrtsorounsus.
1197 1094 1294 1151 Dei
1333 1110 1529 1167 magna
1577 1090 1794 1149 dilectio
1839 1100 1895 1148 et

307 1180 544 1262 jucunda
590 1190 979 1261 cdmpassinuis
1022 1172 1238 1244 'visccra
1290 1186 1558 1242 ﬂexerunt
1604 1201 1705 1242 nos
1755 1184 1895 1243 scri-

312 1283 445 1340 bere
471 1282 540 1337 ad
569 1290 719 1338 tuam
762 1280 1143 1347 sanctitatem,
1173 1287 1228 1334 et
1274 1294 1371 1349 per
1418 1287 1471 1333 te
1514 1276 1580 1332 ad
1613 1276 1897 1333 universos

313 1373 588 1446 principes
617 1362 991 1437 sacerdotum,
1032 1377 1088 1427 et
1128 1369 1441 1425 sacerdotes
1478 1366 1814 1425 Francorum
1842 1368 1898 1424 et

316 1465 612 1520 monachos
658 1470 713 1518 et
757 1460 1021 1535 populos,
1070 1468 1124 1515 et
1177 1461 1245 1515 ad
1293 1460 1467 1530 ipsum
1514 1458 1899 1515 rcverendisSi-

316 1542 468 1609 nium
508 1551 701 1626 papam'
729 1564 744 1605 :
785 1559 841 1607 et
869 1538 1157 1606 memorari
1188 1551 1254 1607 de
1282 1549 1485 1622 azymis
1524 1559 1578 1605 et
1606 1549 1856 1606 sabbatis
1882 1589 1897 1617 ,

316 1656 441 1713 qua:
471 1644 694 1714 mystice
730 1640 1045 1696 indecenter
1072 1638 1361 1697 custoditis
1406 1647 1461 1694 et
1486 1638 1901 1696 communicatis

314 1732 538 1789 Judmis.
582 1731 792 1788 Etenim
823 1742 1014 1804 alyma
1063 1739 1119 1786 et
1167 1729 1394 1788 sabbata
1420 1730 1523 1804 ipsi
1566 1728 1841 1788 custodire
1868 1745 1899 1784 a

315 1824 501 1896 Moyse
522 1824 663 1896 jussi
693 1832 839 1905 sunt.

390 1937 472 1994 lll.
528 1939 808 2015 Ronanos.
862 1936 940 1993 Ex
995 1938 1099 1999 hac
1147 1946 1330 1995 vestra
1389 1924 1725 2009 praefatione
1760 1933 1904 2004 sicut

313 2029 668 2102 proﬁtemini,
699 2030 1047 2085 crederemus
1072 2042 1169 2095 vos
1200 2024 1432 2091 salutem
1483 2028 1652 2083 totius
1696 2015 1904 2083 Latina)

317 2137 421 2187 seu
451 2120 805 2181 occidentalis
850 2120 1110 2178 Ecclesia:
1140 2135 1239 2191 pro
1284 2119 1400 2176 sola
1449 2112 1644 2191 magna
1673 2104 1772 2176 Dei
1823 2118 1908 2175 (ii-'-

316 2213 551 2285 lectione
594 2228 838 2284 quzerere
869 2230 883 2266 :
910 2212 963 2269 si
988 2212 1269 2275 sciremus
1296 2214 1392 2282 vos
1422 2220 1655 2268 vestram
1697 2221 1905 2268 vestro-

321 2290 553 2377 rumque
574 2320 681 2360 non
706 2304 999 2377 negligere.
1023 2302 1159 2359 Cum
1186 2318 1317 2359 vero
1353 2319 1450 2360 vos
1486 2303 1636 2375 ipsos
1660 2313 1716 2365 et
1752 2303 1905 2363 vobis

321 2397 647 2455 commissos
675 2395 978 2467 negligatis,
1028 2403 1089 2451 ut
1129 2392 1394 2450 nefandos
1432 2392 1746 2459 Jacobitas,
1796 2393 1906 2449 imo

320 2475 779 2564 Theupascbitas,
811 2500 906 2541 seu
945 2484 1082 2540 alias
1126 2484 1503 2541 haereticorum
1533 2496 1737 2555 pestes,
1766 2484 1909 2541 inter

320 2591 418 2632 vos
446 2585 503 2631 et
524 2590 689 2646 penes
716 2589 812 2631 vos
845 2574 1091 2630 habeatis
1120 2590 1134 2629 :
1169 2588 1345 2644 neque
1374 2588 1565 2630 eorum
1607 2574 1931 2643 censortia,

323 2680 501 2735 neque
549 2664 839 2735 colloquia,
868 2677 1042 2732 neque
1090 2663 1336 2719 convivia
1377 2678 1471 2723 seu
1502 2664 1710 2733 pariter
1748 2678 1911 2719 orare

324 2755 579 2812 devitetis
608 2774 620 2810 :
651 2755 925 2827 quomodo
961 2753 1158 2810 saltem
1185 2754 1584 2825 suspicabimur
1610 2771 1711 2828 vos
1730 2756 1911 2826 aliqua

325 2847 620 2921 dilectione
674 2847 768 2902 Dei
837 2858 929 2917 aut
980 2848 1214 2919 proximi
1269 2849 1624 2919 praemonitos
1681 2850 1913 2919 cotupati

325 2948 531 3019 nostra:
557 2938 880 3011 perditioni,
911 2940 1054 2995 sicut
1093 2939 1337 3012 putatis?
1378 2939 1441 2995 Et
1465 2956 1635 3011 quare
1677 2941 1745 2996 ad
1784 2956 1916 3012 pne.

325 3041 545 3115 ceptum
599 3030 821 3111 gloriosi
870 3031 1080 3104 Pauli,
1144 3032 1227 3090 sic
1280 3048 1444 3103 aures
1494 3036 1914 3104 praecordiorum

1322 294 1697 359 ADVERSUS
1717 289 2143 352 GREGORUM
2174 289 2571 351 GALUINIAB

3471 287 3578 353 θδι

1991 416 2152 463 omne
2171 402 2316 472 quod
2346 402 2543 463 dicitur
2572 400 2745 468 Deus,
2776 407 2871 455 aut
2902 400 3046 472 quod
3074 399 3293 465 colitur.
3327 399 3389 457 lu
3420 399 3579 472 cujus

1991 491 2315 563 arrogantia:
2342 498 2524 549 monte
2554 490 2929 555 consistentes,
2962 499 3019 547 et
3048 505 3115 546 ex
3153 491 3444 562 supercilio
3462 490 3581 562 ejus

1989 581 2169 641 omnia
2200 581 2390 636 subter
2416 596 2511 639 vos
2526 580 2711 651 jacere
2738 581 3268 650 reputantes,dieitis
3287 597 3383 643 vos
3411 581 3581 640 ﬂexos

1990 672 2291 729 visceribus
2323 671 2717 742 compassionis
2747 673 2987 731 scribere
3020 675 3237 735 cunctis
3275 676 3580 734 sacerdoti-

1991 761 2094 821 bus
2122 761 2457 842 Francorum
2497 770 2552 824 et
2592 762 3051 823 revereudissimo
3092 780 3268 835 papae.
3313 765 3421 822 Sed
3473 782 3583 824 non

1993 854 2168 915 solum
2211 853 2442 911 Romani
2493 865 2550 910 et
2594 854 2934 911 Francorum
2983 857 3299 914 sacerdotes
3325 898 3340 924 ,
3388 871 3581 913 verum

1993 946 2159 1003 etiam
2186 944 2365 1001 omnis
2391 944 2584 1003 Latina
2623 944 2867 1003 Ecclesia
2913 946 2980 1003 de
3027 956 3211 1003 monte
3243 948 3436 1004 domus
3480 946 3609 1006 Dor

1994 1035 2127 1093 mini
2155 1034 2372 1101 clamat,
2399 1036 2552 1093 vobis
2579 1034 2960 1109 Contradicens
2986 1053 3003 1091 ι
3049 1054 3068 1089 ι
3108 1034 3166 1092 In
3197 1037 3427 1095 Domino
3454 1054 3587 1097 con-

1996 1127 2105 1185 ﬁdo
2141 1144 2155 1181 :
2192 1125 2472 1195 Quomodo
2513 1127 2693 1183 dicitis
2723 1126 2917 1183 anima:
2962 1142 3122 1203 metet.
3158 1122 3483 1203 transmigra
3527 1130 3584 1185 itt

1996 1224 2239 1273 montem
2262 1216 2403 1273 sicut
2429 1217 2655 1288 passer?
2679 1236 2699 1270 ι
2754 1217 2980 1288 (Psalm.
3014 1234 3071 1281 ι,
3098 1217 3180 1289 2.)
3217 1216 3422 1279 Tamen
3460 1234 3585 1275 eum

1997 1320 2158 1378 quem
2198 1302 2396 1378 papam
2435 1307 2951 1365 reverendissimum
2976 1307 3212 1374 dixistis,
3255 1310 3492 1367 revereri
3532 1320 3591 1365 et

1997 1413 2109 1475 non
2133 1398 2391 1455 detestari
2422 1398 2710 1475 debuistis.

2068 1470 2159 1547 iV.
2212 1489 2367 1558 Quod
2413 1500 2596 1547 autem
2646 1470 2988 1561 impudenter
3024 1472 3439 1549 caiumniamini
3491 1509 3592 1550 nos

1928 1632 1929 1635 η
2000 1568 2404 1641 communicare
2430 1577 2657 1644 Judaeis,
2698 1572 3044 1638 observando
3097 1583 3273 1654 typice
3315 1598 3505 1654 azyma
3535 1594 3616 1637 et.

2002 1671 2313 1737 sabbatum,-
2343 1672 2597 1741 phrenesi
2629 1672 2934 1731 inveterata
2959 1672 3291 1729 arbitramur
3328 1674 3466 1729 adeo
3494 1689 3591 1727 vos

1932 1757 1979 1817 Β
2002 1756 2304 1831 perdidisse
2340 1763 2559 1817 sensum
2605 1768 2663 1816 ut
2712 1774 2811 1819 nec
2854 1758 3339 1819 factumvestrum
3369 1763 3592 1832 respici.

2004 1849 2076 1905 tis
2096 1863 2199 1904 nec
2214 1847 2437 1907 dictum.
2460 1848 2800 1918 Quapropter
2822 1850 3114 1909 suademus
3145 1851 3293 1931 vobis
3316 1860 3376 1909 ut
3401 1852 3469 1907 ad
3491 1868 3589 1907 cor

2005 1938 2262 2019 redeatis,
2293 1950 2350 1995 et
2373 1938 2820 2019 animadvertatis
2869 1939 2999 2013 quid
3043 1940 3096 1995 iu
3143 1939 3329 1995 Exodo
3377 1940 3617 2012 Moyses.

1998 2017 2189 2096 jubcat
2215 2026 2283 2083 de
2326 2028 2532 2100 azymis
2565 2044 2582 2083 ι
2617 2047 2636 2079 ι
2677 2017 2862 2083 Primo
2911 2036 3118 2097 mense,
3149 2038 3343 2100 quarta
3379 2030 3593 2086 decima

1957 2164 1961 2169 .
2005 2117 2093 2174 die
2137 2117 2339 2175 mensis
2381 2118 2451 2173 ad
2503 2111 2793 2190 vesperum
2845 2120 3140 2177 comedetis
3188 2135 3399 2197 azyma,
3426 2136 3597 2191 usque

2006 2210 2089 2281 ad
2117 2210 2425 2266 vicesimam
2476 2212 2709 2282 primam
2766 2211 3005 2281 ejusdem
3049 2213 3251 2266 mensis
3293 2212 3360 2267 ad
3410 2227 3599 2281 vespe-

2008 2316 2146 2359 ram.
2191 2301 2412 2377 Septem
2465 2302 2655 2358 diebus
2694 2301 3080 2371 fermentatum
3129 2317 3236 2357 non
3292 2301 3600 2358 invenietur

2008 2396 2062 2451 in
2101 2394 2351 2467 domibus
2407 2388 2621 2451 vestris.
2669 2389 2787 2463 Qui
2816 2394 3115 2451 comederit
3176 2395 3599 2465 fermentatum,

2009 2485 2209 2556 peribit
2236 2484 2429 2540 anima
2459 2485 2577 2554 ejus
2626 2484 2693 2539 de
2721 2494 2866 2540 coetu
2905 2483 3093 2553 Israel,
3120 2494 3230 2541 tam
3266 2485 3331 2540 de
3376 2485 3599 2541 advenis

2011 2593 2173 2647 quam
2214 2577 2282 2632 de
2326 2560 2594 2647 indigenis
2627 2585 2804 2632 terrae.
2847 2575 3021 2635 Omne
3069 2574 3451 2633 fermentatum
3492 2592 3599 2641 non

2011 2667 2331 2733 comedetis,
2365 2669 2418 2723 in
2464 2667 2677 2723 cunctis
2727 2665 3154 2735 habitationibus
3193 2667 3390 2723 vestris
3422 2682 3602 2737 come-

2012 2758 2153 2829 detis
2199 2775 2390 2831 azyma
2444 2759 2643 2831 (Exod.
2678 2758 2896 2830 xu,18,
2930 2759 3018 2825 i9,
3065 2757 3180 2829 20).
3217 2776 3237 2811 ι
3282 2759 3413 2831 ltettt
3461 2759 3605 2813 unde

2016 2848 2266 2920 superius
2299 2864 2314 2901 :
2346 2866 2365 2899 ι
2402 2848 2622 2919 Septem
2645 2847 2835 2915 diebus
2858 2862 3050 2918 azyma
3082 2846 3401 2903 comedetis.
3432 2845 3486 2901 In
3515 2845 3605 2901 die
3641 2900 3650 2909 ,

2018 2941 2190 3009 prima
2245 2954 2351 2995 non
2396 2940 2502 2995 erit
2549 2938 2928 2994 fermentatum
2991 2937 3047 2993 in
3093 2937 3344 2994 domibus
3385 2940 3601 2997 vestris.

2018 3028 2336 3104 Quicunque
2361 3026 2661 3085 comederit
2710 3025 3134 3099 fermentatum,
3175 3026 3374 3097 peribit
3421 3028 3604 3081 aninta

325 3097 662 3207 obdurastis,
694 3132 755 3189 ut
780 3097 1206 3201 dicentem'non
1246 3097 1547 3193 advertatis
1578 3140 1594 3185 :
1625 3145 1645 3179 ι
1674 3124 1917 3199 νιίωιειί-
1943 3097 1990 3162 c
2022 3118 2110 3173 illa
2136 3118 2203 3174 de
2226 3097 2416 3185 lsrael,
2443 3134 2473 3173 a
2502 3118 2676 3190 prima
2707 3117 2793 3191 die
2820 3097 2988 3191 usoue
3015 3117 3082 3172 ad
3123 3116 3267 3173 diem
3296 3119 3604 3191 septimam.

326 3230 452 3275 cum
485 3215 762 3295 hominem
808 3223 935 3291 post
972 3230 1137 3283 unam
1165 3223 1222 3270 et
1265 3217 1561 3281 secundum
1597 3216 1922 3286 admonitio-

326 3323 455 3365 nem
477 3306 688 3383 devita?
707 3305 837 3381 tTiz.
858 3322 951 3377 ut,
979 3305 1094 3379 10.)
1128 3325 1148 3360 ι
1182 3305 1334 3365 Unde
1363 3306 1482 3379 ipse
1508 3308 1730 3377 Paulus,
1745 3309 1921 3377 sciens

327 3383 477 3473 quod
513 3399 660 3457 nulla
693 3413 823 3471 pars
849 3406 998 3455 esset
1043 3396 1187 3453 ﬁdeli
1226 3413 1355 3467 cum
1407 3397 1628 3463 inﬁdeli,
1662 3399 1927 3479 Irenaeum

326 3502 386 3569 et
438 3490 707 3569 Pbiletum
761 3490 1061 3563 devitavit,
1114 3489 1183 3546 Et
1217 3489 1506 3548 Timotheo
1552 3490 1921 3548 Alexandrum

326 3581 584 3645 aerari.qu
612 3584 854 3641 devitarc
883 3582 1163 3657 praecepit.
1204 3581 1314 3639 Cur
1348 3581 1513 3641 etiam
1542 3597 1648 3643 non
1679 3583 1923 3640 animad-

330 3675 546 3739 vertitis
598 3676 819 3737 beatum
869 3675 1135 3733 Joannem
1181 3683 1582 3739 contestantem
1631 3672 1921 3733 ﬁdelibus:

335 3775 367 3845 «ί
381 3766 451 3842 Si
488 3767 613 3838 quis
641 3767 796 3824 venit
814 3768 883 3824 ad
901 3783 998 3839 vos
1026 3777 1083 3835 et
1107 3768 1248 3825 hanc
1273 3766 1576 3827 doctrinam
1607 3782 1716 3823 non
1744 3764 1923 3835 aﬁ'ert,

332 3857 504 3914 nolite
525 3872 650 3914 eum
681 3858 927 3929 recipere
955 3858 1011 3914 in
1039 3860 1280 3925 domum,
1295 3873 1395 3917 nec
1423 3872 1524 3914 ave
1549 3856 1602 3914 ei
1632 3857 1879 3915 dixeritis
1905 3876 1929 3917 :.

333 3950 442 4021 Qui
465 3950 611 4006 enim
653 3950 787 4009 dicit
808 3966 931 4018 ave,
962 3951 1331 4006 communicat
1354 3950 1611 4020 operibus
1642 3948 1786 4005 illius
1812 3964 1939 4007 ma-r

334 4041 534 4114 lignis?
566 4062 586 4096 ι
621 4041 700 4114 (Η
734 4041 897 4098 Joan.
922 4041 989 4099 l0
1018 4051 1076 4101 et
1105 4042 1219 4113 11.)
1249 4043 1353 4098 Ast
1377 4056 1504 4108 vos,
1537 4041 1695 4112 quasi
1741 4040 1924 4097 omnia

339 4134 543 4190 munda
589 4128 866 4190 immunda
915 4134 1027 4189 sint
1056 4132 1233 4199 vobis,
1283 4132 1456 4189 oculis
1506 4142 1697 4188 contra
1732 4145 1828 4187 vos
1872 4139 1928 4189 et

340 4233 521 4282 vestra
558 4225 758 4281 clausis
794 4233 1051 4283 sanctam
1099 4224 1397 4279 Romanam
1444 4232 1500 4279 et
1540 4238 1755 4280 omnem
1783 4221 1929 4279 occi-

339 4315 610 4372 deutalem
650 4315 951 4372 Ecclesiam
1000 4315 1264 4387 pollutam
1315 4314 1506 4370 haeresi
1549 4322 1605 4373 et
1646 4312 1927 4371 Judaismo

2023 3211 2148 3289 Dies
2191 3210 2366 3283 prima
2424 3210 2528 3267 erit
2570 3220 2757 3266 sancta
2799 3220 2964 3281 atque
3020 3209 3321 3278 solemnis,
3375 3220 3429 3266 et
3485 3211 3603 3269 dies

2022 3302 2249 3373 septima
2288 3301 2475 3358 eadem
2524 3302 2814 3359 festivitate
2854 3303 3205 3368 venerabilis,
3244 3303 3378 3357 nihil
3417 3304 3602 3374 operis

2021 3390 2232 3449 facietis
2261 3393 2315 3448 in
2346 3394 2448 3460 eis,
2472 3395 2715 3465 exceptis
2744 3395 2829 3451 bis
2875 3410 2996 3465 quae
3025 3394 3094 3450 ad
3125 3394 3451 3471 vescendum
3483 3412 3607 3466 per.

2024 3472 2247 3552 tinent,
2304 3494 2363 3542 et
2417 3486 2777 3542 observabitis
2830 3501 3019 3558 azyma
3070 3485 3272 3559 (lbid.,
3336 3487 3553 3554 i547).
3584 3506 3607 3540 ι

2023 3573 2156 3630 Item
2197 3575 2251 3629 in
2292 3576 2666 3646 sequentibus,
2695 3576 2905 3633 scilicet
2944 3577 2999 3635 in
3047 3578 3283 3649 capitulo
3316 3580 3475 3635 tertio
3520 3579 3614 3636 de-

2023 3667 2165 3721 cimo
2209 3665 2452 3736 ejusdem
2492 3667 2677 3725 Exodi.
2705 3668 2948 3733 dicitur:
2982 3689 3001 3722 ι
3040 3667 3260 3741 Septem
3305 3671 3494 3728 diebus
3519 3688 3614 3728 ve-

2024 3756 2194 3813 sceris
2219 3758 2448 3829 azymis,
2479 3768 2534 3815 et
2563 3759 2618 3815 in
2666 3760 2754 3815 die
2783 3760 3015 3830 septima
3050 3760 3370 3817 solemnitas
3400 3762 3613 3817 Domini

2022 3849 2148 3904 erit.
2176 3847 2384 3920 Azyma
2423 3851 2693 3907 comedes.
2721 3852 2938 3924 Septem
2979 3853 3172 3911 diebus
3195 3868 3303 3909 non
3332 3854 3617 3924 apparebit

2024 3943 2166 4016 apud
2191 3954 2244 4001 te
2273 3945 2491 4016 aliquod
2516 3945 2925 4011 fermentatum,
2946 3960 3046 4002 nec
3081 3945 3136 4002 in
3178 3946 3390 4002 cunctis
3415 3945 3616 4003 ﬁnibus

2027 4032 2478 4108 tuis(Ea:od.xtu,
2494 4035 2548 4101 6,
2567 4034 2645 4107 7).
2671 4054 2689 4088 ι
2717 4034 2893 4104 Item:
2918 4055 2937 4087 ι
2957 4034 3371 4105 Solemnitatem
3396 4049 3618 4110 azymo-

2028 4140 2149 4179 rum
2170 4125 2474 4181 custodies:
2495 4124 2715 4197 Septem
2737 4125 2929 4181 diebus
2955 4126 3208 4181 comedes
3230 4134 3421 4198 azyma
3437 4167 3453 4193 ,
3476 4129 3621 4185 sicut

2025 4216 2258 4289 praecepi
2273 4216 2392 4284 tibi,
2406 4217 2457 4272 in
2476 4225 2717 4288 tempore
2734 4216 2925 4272 messis
2938 4233 3200 4275 novorum
3214 4216 3408 4291 (Exod.
3427 4234 3617 4286 xxxnv,

2029 4310 2139 4382 18).
2163 4328 2183 4363 ι
2212 4308 2282 4364 Et
2308 4310 2362 4364 iu
2391 4307 2665 4364 Levitico:
2686 4326 2709 4361 ι
2742 4304 2924 4364 Mense
2952 4309 3150 4380 primo,
3185 4315 3380 4379 quarta
3409 4308 3622 4364 decima.

340 4405 709 4476 proclamatis,
754 4415 807 4463 et
832 4406 979 4463 velut
1008 4406 1302 4477 quamdam
1342 4404 1801 4461 abominatiouem
1827 4403 1923 4459 de-
1956 4437 2009 4499 υ
2030 4399 2118 4457 die
2136 4399 2338 4459 mensis
2352 4399 2421 4456 ad
2438 4413 2717 4471 vesperam
2738 4397 2911 4499 Phase
2924 4398 3259 4455 Dominiest:
3278 4405 3335 4455 et
3358 4397 3412 4454 in
3429 4397 3617 4470 quinta

345 4497 550 4553 vitatis.
589 4496 670 4552 Ex
705 4512 811 4566 qua
839 4507 947 4552 tam
992 4510 1134 4551 caeca
1179 4507 1236 4552 et
1263 4496 1527 4551 hactenus
1560 4493 1802 4550 inaudita
1833 4508 1931 4551 διιε-
1957 4488 2000 4499 “”
2032 4493 2242 4551 decima
2279 4492 2366 4549 die
2396 4491 2598 4549 mensis
2624 4490 2806 4563 hujus,
2829 4488 3145 4548 solemnitas
3172 4505 3486 4563 azymorum
3517 4490 3623 4545 Do-

343 4589 498 4645 dacia
526 4587 594 4642 ad
618 4588 724 4643 hoc
747 4586 1076 4659 prorupiStis
1103 4595 1162 4641 ut
1186 4594 1508 4647 cunctorum
1528 4586 1929 4653 haereticorum,

346 4689 483 4743 quos
526 4673 705 4731 adhuc
751 4673 1159 4748 deprehendere
1210 4674 1478 4731 valuimus
1504 4716 1520 4741 ,
1569 4675 1933 4733 temeritatem

351 4764 768 4820 transcendatis.
823 4765 1086 4834 Quamvis
1133 4764 1361 4821 omnino
1417 4762 1642 4835 singula:
1696 4764 1933 4819 haereses

349 4859 465 4923 suis
490 4860 965 4919 adinventiouibus
991 4858 1171 4933 aliqua
1198 4859 1446 4918 ecclesiae
1471 4858 1712 4917 membra
1742 4855 1930 4930 ῐιιιίειι-

348 4946 569 5021 verint,
619 4952 768 5022 nulla
819 4963 1002 5013 tamen
1051 4954 1230 5011 adhuc
1275 4952 1345 5010 ad
1396 4959 1601 5007 tantam
1658 4948 1932 5004 vesaniam

348 5047 548 5120 erupit,
570 5056 632 5105 ut
665 5048 979 5121 opinionem
1007 5063 1160 5105 suam
1189 5046 1381 5118 primae
1398 5054 1455 5101 et
1476 5042 1790 5115 apostolica
1819 5042 1936 5098 sedi

350 5140 598 5211 ingerere
627 5138 1082 5213 praesumpsisset,
1111 5151 1237 5194 cum
1277 5134 1685 5205 interpositione
1710 5132 1938 5191 anathe-

347 5231 530 5293 matis.
563 5231 861 5289 Recensete
905 5228 951 5287 si
990 5229 1189 5299 placet,
1222 5225 1291 5281 ab
1327 5222 1482 5281 initio
1507 5222 1939 5289 Christianitatis

348 5335 521 5350 Ion-Iun
549 5321 614 5350 una.
657 5330 834 5350 naut-luun-
892 5326 1132 5350 Inmﬁnnn
1184 5323 1504 5350 nssnnlarnm
1538 5313 1812 5350 hmmcnnn
1840 5330 1937 5350 νη..

2033 4586 2165 4642 mini
2189 4595 2295 4642 est.
2331 4583 2552 4655 Septem
2583 4581 2774 4639 diebus
2801 4597 2994 4655 azyma
3022 4581 3338 4648 comedetis,
3368 4581 3487 4639 dies
3511 4581 3622 4650 pri-

2034 4694 2156 4735 mus
2184 4677 2292 4735 erit
2319 4678 2474 4735 vobis
2498 4675 2882 4734 celeberrimus
2907 4684 3261 4743 sanctusque,
3286 4688 3448 4730 omne
3487 4685 3626 4741 opus

2035 4768 2232 4826 servile
2268 4784 2377 4825 non
2415 4769 2630 4826 facietis
2655 4768 2713 4823 in
2739 4782 2841 4829 eo.
2888 4765 2982 4821 sed
3026 4762 3268 4820 oﬁ‘eretis
3295 4762 3622 4818 sacriﬁcium

2036 4860 2092 4917 in
2131 4861 2255 4933 igne
2299 4871 2507 4932 septem
2553 4860 2767 4917 diebus.
2812 4855 2941 4913 Dies
2986 4864 3169 4912 autem
3222 4855 3485 4926 septimus
3522 4856 3630 4912 erit

2038 4949 2310 5011 celebrior
2337 4961 2395 5006 et
2422 4956 2662 5009 sanctior
2684 4989 2701 5015 ,
2728 4947 3046 5019 nariumque
3066 4959 3206 5015 opus
3234 4945 3430 5003 servile
3458 4945 3549 5002 ﬁet
3573 4946 3628 5002 in

2038 5057 2105 5097 eo
2126 5039 2273 5107 (Leo.
2298 5057 2457 5111 mu,
2483 5042 2625 5113 5-8).
2656 5058 2677 5095 ι
2706 5038 2856 5103 Ειλίιι
2886 5037 3166 5094 Numero:
3196 5053 3216 5087 ι
3252 5034 3434 5093 Mense
3453 5037 3633 5108 primo

2040 5141 2230 5203 quarta
2273 5131 2487 5193 decima
2555 5133 2642 5192 die
2676 5130 2879 5187 mensis
2923 5128 3104 5186 Phase
3160 5125 3377 5187 Domini
3419 5138 3543 5199 est,
3581 5135 3636 5184 et

2041 5222 2231 5293 quinta
2255 5221 2468 5282 decima
2497 5226 2586 5284 die
2611 5219 2942 5279 solemnitas.
2975 5220 3209 5290 Septem
3240 5219 3638 5281 diebuscoute‘

2042 5311 2180 5350 rlolic
2241 5326 2432 5350 «νιν-ποι
2514 5316 2755 5350 Πιιιιιιηηι
2811 5310 2929 5350 dine
2983 5313 3159 5350 nrimn
3212 5315 3538 5350 vanos-nhil“:
3588 5312 3637 5350 ὀί
