4124 5374
532 284 637 344 935

1592 276 2020 342 nossemus
2051 284 2112 342 s.
2149 276 2215 338 ιι.
2258 267 2323 341 Ε.
2361 274 2772 339 canamus

3674 282 3793 343 ’ἢ

532 396 717 455 milam
747 406 868 471 quae
906 409 1194 470 conspersa
1243 397 1317 453 sit
1364 392 1506 453 oleo.
1550 394 1689 454 Tres
1734 396 1975 454 decimas
2020 411 2119 468 per
2145 400 2192 460 Α
2221 393 2455 449 terrenis
2483 402 2731 448 avertere
2762 401 2817 447 et
2851 392 2919 449 ad
2955 376 3198 450 coelestia
3227 393 3577 458 convertere:
3607 392 3796 469 sicque
3817 428 3833 437 τ

534 486 780 559 singulos
808 476 1124 554 vitulos,et
1168 487 1302 544 duas
1346 487 1585 544 decimas
1624 503 1723 560 per
1764 480 2014 554 arietem,
2064 497 2157 544 et'

532 580 799 635 decimam
850 580 1074 635 decima:
1105 595 1204 651 per
1248 595 1415 651 agnos
1461 579 1723 652 singulos,
1771 580 1823 635 id
1873 589 1996 646 est,
2023 572 2120 651 per

534 680 741 740 septem
790 686 993 740 agnos,
1042 680 1097 727 et
1142 672 1352 728 hircum
1405 687 1503 744 pro
1552 682 1778 744 peccato
1823 688 2010 738 unum,
2062 683 2122 729 ut

533 758 783 831 expietur
822 761 974 816 vobis
1003 759 1194 831 (Num.
1225 775 1394 815 xxvm
1415 801 1430 827 ,
1459 761 1675 833 16-22).
1727 781 1753 849 ξ.
1781 761 1848 817 Et
1895 763 1948 817 in
1982 762 2119 817 Deu-

537 853 805 909 lernomio
842 870 856 907 :
903 872 922 905 ι
963 850 1201 908 Observa
1231 868 1467 908 mensem
1497 868 1756 909 novarum
1804 853 2016 925 frugum
2063 863 2119 909 et

536 942 688 997 verni
733 943 969 1014 primum
1023 942 1301 1014 temporis,
1354 950 1413 997 ut
1460 941 1624 998 facias
1668 941 1844 998 Pbase
1893 942 2118 999 Domino

535 1034 646 1089 Deo
682 1042 803 1099 tuo,
834 1047 1087 1102 quoniam
1121 1033 1176 1087 in
1210 1032 1314 1089 isto
1341 1047 1526 1089 mense
1554 1032 1740 1088 eduxit
1777 1042 1828 1088 te
1862 1031 2120 1089 Dominus

534 1127 677 1181 Deus
725 1138 847 1181 tuus
886 1127 953 1182 de
999 1126 1232 1198 Egypto
1264 1135 1439 1181 nocte.
1487 1124 1902 1196 immolabisque
1943 1122 2118 1182 Phasc

535 1215 766 1272 Domino
821 1217 933 1273 Deo
978 1225 1071 1272 tuo
1109 1219 1175 1272 de
1210 1216 1403 1272 ovibus
1448 1225 1503 1271 et
1555 1216 1620 1271 de
1651 1215 1822 1271 bobus
1850 1256 1865 1281 ,
1900 1217 1954 1271 in
1999 1217 2116 1272 loco

534 1320 694 1374 quem
724 1304 949 1377 elegerit
976 1305 1237 1361 Dominus
1264 1305 1402 1360 Deus
1430 1313 1574 1372 tuus,
1598 1315 1658 1360 ut
1687 1306 1893 1361 habitet
1921 1322 2114 1362 nomen

530 1395 651 1466 ejus
684 1396 777 1451 ibi.
810 1396 925 1452 Non
970 1396 1224 1453 comedes
1263 1396 1316 1451 in
1347 1410 1414 1452 eo
1447 1410 1638 1465 panem
1689 1396 2065 1453 fermentatum
2098 1415 2111 1451 :

529 1496 739 1557 septem
773 1487 962 1542 diebus
991 1487 1241 1542 comedes
1269 1488 1473 1563 absque
1517 1487 1784 1544 fermento
1810 1486 2115 1544 aﬂlictionis

530 1591 747 1646 panem,
779 1576 1036 1647 quoniam
1084 1576 1135 1630 in
1166 1591 1368 1646 pavore
1395 1592 1645 1648 egressus
1669 1588 1728 1631 es
1765 1577 1830 1632 de
1854 1576 2110 1649 Aigypto,

532 1678 593 1724 ut
618 1662 931 1724 memineris
958 1669 1062 1724 diei
1088 1669 1415 1741 egressionis
1448 1681 1552 1725 tuae
1575 1671 1642 1725 de
1669 1669 1899 1741 Egypto
1941 1673 2115 1726 omni-

2220 484 2479 555 sapiendo
2494 493 2549 539 et
2562 483 2854 554 quaerendo
2869 499 2989 555 quae
2999 499 3214 540 sursum
3239 494 3385 553 sunt,
3407 486 3797 548 reviviscamus

2221 578 2333 636 Deo
2364 589 2423 636 et
2466 580 2764 635 moriamur
2811 579 3035 635 mundo.
3072 577 3164 635 Sic
3198 594 3413 652 quoque
3449 585 3630 639 omnia
3671 599 3792 654 quat

2220 672 2467 742 superius
2483 686 2582 728 nos
2592 670 2881 729 carnaliter
2899 672 3189 730 observare
3212 675 3548 745 negavimus,
3563 673 3793 734 Domino

2220 773 2511 829 annuente,
2542 763 2894 833 spiritualiter
2912 772 2970 819 et
2995 764 3350 825 observamus
3381 776 3439 824 et
3476 769 3793 826 omnimodo

2219 851 2470 918 cupimus
2509 852 2832 918 observare,
2864 852 3056 923 procul
3102 853 3269 911 dubio
3309 858 3595 914 credentes
3624 861 3805 929 quod,

2220 956 2554 1012 qutecunque
2602 943 2805 1012 scripta
2854 952 3001 1010 sunt,
3068 942 3137 1002 ad
3193 953 3439 1001 nostram
3483 947 3791 1003 doctrinam

2219 1028 2419 1100 scripta
2448 1040 2596 1096 sum,
2650 1031 2808 1087 beato
2853 1031 3023 1089 Paulo
3068 1034 3147 1089 sic
3199 1046 3574 1104 protestante:
3610 1059 3628 1088 |
3668 1034 3795 1091 llaec

2217 1121 2482 1176 omniain
2526 1122 2712 1192 figuris
2756 1124 3142 1196 contingebant
3188 1126 3294 1181 illis
3336 1144 3350 1181 :
3400 1127 3612 1199 Scripta
3666 1136 3795 1183 sunt

2219 1221 2397 1265 autem
2421 1210 2486 1265 ad
2513 1215 2903 1269 correctionem
2929 1226 3189 1282 nostram,
3219 1217 3270 1271 in
3300 1232 3436 1287 quos
3458 1217 3595 1273 ﬁnes
3622 1233 3795 1274 smcu-

2217 1299 2388 1356 lorum
2416 1302 2742 1359 devenerunt
2774 1304 2826 1376 (ι
2862 1304 2984 1360 Cor.
3018 1322 3073 1371 ιι,
3102 1307 3207 1378 il).
3243 1326 3263 1361 ι

2295 1393 2380 1448 γι.
2426 1391 2579 1450 Nunc
2608 1396 2676 1450 ad
2712 1396 3114 1452 observantiam
3151 1400 3365 1456 Sabbati
3404 1401 3668 1457 veniatur.
3715 1399 3795 1457 De

2217 1500 2326 1556 quo
2374 1488 2447 1544 ita
2492 1490 2547 1544 in
2592 1490 2779 1548 Exodo
2809 1494 3161 1564 praecipitur:
3201 1512 3221 1547 ι
3249 1493 3518 1552 Memento
3550 1506 3609 1552 ιιι
3646 1496 3792 1551 diem

2216 1578 2424 1634 sabbati
2460 1583 2783 1638 sanetitices.
2821 1583 2928 1640 Sex
2956 1585 3143 1641 diebus
3166 1588 3509 1658 operaberis.
3540 1597 3598 1645 et
3623 1586 3794 1644 facies

2217 1670 2397 1725 oumia
2429 1686 2593 1742 opera
2631 1682 2741 1728 tua.
2771 1672 3011 1746 Septima
3042 1685 3224 1731 autem
3255 1677 3343 1733 die
3368 1677 3649 1734 sabbatum
3681 1678 3792 1733 Do.

531 1760 632 1814 bus
676 1759 866 1813 diebus
904 1759 1026 1814 vita:
1066 1770 1189 1814 tuae.
1241 1760 1355 1814 Non
1403 1761 1686 1830 apparebit
1735 1740 2112 1815 fermentatum
2146 1740 2190 1798 Β
2219 1761 2348 1816 mini
2396 1740 2491 1817 Dei
2543 1764 2638 1818 tui.
2692 1763 2806 1820 Non
2842 1740 3019 1829 facies
3065 1783 3225 1823 omne
3262 1784 3422 1838 opus,
3463 1778 3520 1823 tu
3553 1780 3609 1825 et
3646 1770 3793 1825 ﬁlius

532 1851 595 1905 in
619 1851 872 1906 omnibus
900 1851 1145 1906 terminis
1177 1853 1282 1907 tuis
1311 1862 1517 1921 septem
1555 1850 1765 1906 diebus.
1807 1863 1862 1906 ct
1890 1869 1996 1907 non
2029 1868 2116 1907 rc-

531 1942 775 1997 manebit
804 1942 871 1996 dc
913 1943 1171 1997 carnibus
1214 1941 1328 2010 ejus
1357 1944 1500 2014 quod
1548 1943 1883 1999 immolatum
1910 1953 1993 2000 est
2029 1958 2119 2000 ve-

528 2037 696 2104 speri,
721 2035 806 2090 die
830 2036 1003 2106 primo
1030 2051 1186 2090 mane
1214 2035 1389 2105 (Deut.
1418 2052 1530 2101 xvt,
1559 2038 1693 2104 14).
1732 2054 1752 2088 ι

602 2126 666 2181 ν.
710 2126 833 2181 Ηως
858 2130 1062 2193 omnia,
1093 2128 1137 2183 si
1172 2130 1244 2182 ita
1267 2127 1465 2183 Judaais
1484 2128 1795 2184 carnalibus
1823 2128 2117 2185 carnaliter

529 2219 868 2274 observanda
912 2220 1113 2274 veteris
1150 2217 1284 2290 legis
1311 2219 1450 2273 lator
1478 2218 1691 2274 caelitus
1728 2223 1938 2274 censuit
1986 2235 2118 2273 cono

531 2323 639 2371 stat
666 2316 777 2369 haec
802 2315 1099 2369 secundum
1131 2313 1405 2369 carnalem
1434 2314 1869 2369 observationem
1895 2314 2117 2370 omnin

530 2406 705 2461 aliena
736 2422 766 2460 a
808 2406 983 2461 nobis.
1024 2404 1160 2472 Quia
1211 2404 1265 2459 in
1316 2403 1421 2458 illis
1455 2413 1660 2475 septem
1709 2402 1898 2459 diebus
1941 2405 2119 2474 quoti-

531 2499 619 2552 tLie
649 2499 1032 2553 fermentatum
1064 2498 1117 2552 in
1149 2495 1404 2552 omnibus
1437 2495 1635 2551 finibus
1663 2504 1718 2550 et
1745 2497 1988 2552 terminis
2014 2513 2114 2552 no-

528 2589 659 2645 stris
681 2602 736 2645 et
758 2589 1010 2643 domibus
1028 2588 1320 2653 invenitur,
1355 2594 1580 2658 apparet
1605 2596 1767 2657 atque
1793 2589 2112 2643 comeditur.

527 2682 641 2738 Nec
681 2683 827 2751 ipsos
864 2689 1073 2750 septem
1117 2680 1231 2735 dies
1267 2678 1428 2734 aliter
1459 2665 1629 2749 quam
1667 2679 1903 2749 reliquos
1953 2681 2114 2736 totius

527 2775 653 2829 anni
696 2776 747 2829 in
787 2774 992 2847 azymis
1031 2773 1424 2828 observamus:
1458 2776 1558 2827 nec
1585 2772 1724 2842 apud
1757 2788 1853 2827 nos
1882 2773 2023 2844 perit
2049 2774 2115 2828 de

530 2873 674 2919 emta
704 2873 889 2918 nostro
938 2864 1118 2916 anima
1141 2861 1283 2916 illius
1311 2862 1639 2932 quicunque,
1667 2871 1774 2916 tam
1802 2862 1869 2917 de
1894 2863 2114 2918 advenis

528 2972 691 3028 quam
720 2965 774 3010 et
810 2956 875 3011 de
902 2953 1183 3025 indigenis,
1224 2963 1381 3009 terra:
1409 2954 1705 3011 comederit
1730 2954 2112 3009 fermentatum

2219 1858 2419 1915 tuuset
2460 1851 2566 1906 ﬁlia
2594 1864 2682 1907 tua
2741 1869 2928 1910 servus
2953 1867 3074 1911 tuus
3103 1867 3158 1913 et
3194 1860 3389 1914 ancilla
3428 1870 3540 1914 tua.
3566 1861 3790 1929 jumen-

2218 1948 2330 1994 tum
2362 1952 2508 1996 tuum
2555 1953 2610 1998 et
2627 1945 2831 2000 advena
2862 1947 2952 2016 qui
2985 1959 3066 2001 est
3097 1948 3238 2002 intra
3267 1957 3450 2017 portas
3491 1959 3629 2003 tuas.
3682 1955 3791 2006 Sex

2215 2022 2359 2085 enim
2404 2031 2594 2087 diebus
2646 2033 2773 2089 fecit
2822 2035 3082 2092 Dominus
3133 2039 3329 2094 cmlum
3378 2048 3435 2094 et
3482 2048 3679 2093 terram
3733 2047 3791 2092 et

2217 2138 2388 2188 mare,
2432 2134 2486 2177 et
2535 2127 2714 2179 omnia
2759 2142 2877 2196 qua:
2915 2129 2965 2183 in
2997 2130 3076 2184 eis
3112 2139 3268 2197 sunt,
3308 2139 3362 2186 et
3400 2130 3666 2201 requievit
3701 2130 3793 2185 die

2217 2216 2467 2285 septimo.
2499 2215 2701 2272 Idcirco
2737 2219 3012 2274 benedixit
3045 2221 3304 2278 Dominus
3339 2223 3484 2278 diem
3537 2224 3745 2279 sabbati
3769 2263 3786 2285 ,

2215 2313 2270 2359 et
2316 2308 2676 2363 sanctiﬁcavit
2718 2324 2841 2364 eum
2875 2311 3082 2384 (Exod.
3128 2330 3232 2381 xx,
3268 2314 3457 2387 8-ll).
3497 2336 3516 2369 ι
3557 2314 3686 2371 item
3729 2316 3784 2369 in

2215 2396 2405 2451 eodem
2432 2413 2447 2450 :
2495 2417 2513 2450 ι
2550 2397 2657 2454 Sex
2686 2400 2877 2456 diebus
2904 2403 3219 2472 operabcris
3244 2421 3260 2459 :
3293 2405 3378 2461 die
3406 2407 3634 2476 septimo
3665 2423 3788 2461 ces-

2216 2489 2363 2544 subis
2397 2506 2555 2546 arare
2589 2500 2645 2546 et
2681 2504 2882 2549 metere
2927 2494 3123 2566 (Exod.
3175 2512 3370 2565 xxxrv,
3406 2497 3519 2554 2ft.
3568 2518 3586 2552 ι
3621 2497 3791 2563 Igitur

2216 2583 2269 2638 in
2306 2583 2610 2654 hujusmodi
2652 2586 3032 2643 observatione
3073 2590 3313 2657 sabbati,
3354 2594 3440 2646 ubi
3470 2602 3525 2646 et
3556 2606 3788 2663 quanter

2216 2675 2676 2732 communicamus
2711 2675 2953 2734 Iudaeis?
2984 2677 3060 2735 l!li
3099 2684 3241 2737 enim
3271 2682 3325 2738 in
3373 2683 3597 2739 sabbato
3626 2680 3784 2739 otiosi

2215 2775 2269 2820 et
2303 2765 2477 2822 feriati
2507 2783 2603 2822 nec
2626 2777 2781 2823 arant
2820 2786 2920 2826 ιιιέ
2951 2781 3156 2827 metunt
3175 2814 3189 2837 ,
3223 2773 3537 2845 nullumque
3559 2789 3691 2844 opus
3716 2790 3785 2829 ex

2216 2869 2369 2910 more
2402 2855 2637 2922 faciunt,
2685 2859 2777 2913 sed
2810 2857 3006 2915 festum
3044 2861 3244 2918 habent
3288 2873 3343 2919 et
3377 2864 3700 2932 convivium,
3731 2872 3789 2917 et

2217 2948 2564 3017 requiescunt
2602 2952 2743 3005 servi
2782 2959 2837 3007 et
2884 2954 3095 3025 ancilla:
3133 2970 3354 3022 eorum,
3387 2958 3549 3013 boves
3594 2968 3647 3013 et
3693 2959 3786 3026 ju-

534 3049 587 3104 in
621 3048 812 3103 diebus
834 3063 992 3118 supra
1028 3046 1206 3101 dictis.
1239 3044 1343 3100 Sed
1368 3060 1466 3100 nec
1522 3044 1667 3100 velut
1695 3044 1818 3114 ipsi,
1850 3060 1880 3097 a
1907 3044 2111 3099 decima
2140 3083 2187 3147 Ο
2222 3049 2420 3095 menta.
2470 3039 2579 3097 Nos
2636 3057 2764 3098 vero
2823 3045 2955 3098 nihil
3016 3046 3205 3101 herum
3259 3053 3645 3117 observamus,
3690 3052 3785 3107 sed

529 3132 615 3196 die
638 3139 841 3214 mensis
872 3141 1031 3209 p‘rinu
1077 3147 1350 3207 sumptum
1390 3151 1586 3206 agnum
1620 3134 1918 3189 masculum
1952 3136 2112 3190 anui-

528 3236 710 3291 cnlum
748 3228 841 3288 ex'
871 3231 1158 3304 pecoribus
1205 3246 1374 3301 usque
1425 3230 1489 3284 ad
1539 3240 1792 3299 quartum
1842 3228 2112 3285 decimum

527 3343 836 3393 servamus,
876 3344 975 3381 nec
1021 3327 1088 3380 a.l
1136 3340 1419 3395 vesperam
1468 3326 1835 3385 immolamus.
1882 3335 1941 3381 ut
1989 3342 2113 3380 san-

527 3420 690 3496 guine
720 3416 834 3486 ejus
862 3428 1045 3488 postes
1079 3416 1377 3488 signemus,
1428 3430 1526 3470 uec
1574 3432 1768 3470 carnes
1812 3416 1929 3484 ejus
1962 3432 2115 3472 assas

526 3508 659 3580 igni.
677 3502 901 3563 accincti
924 3516 979 3562 et
1000 3505 1244 3583 calceati,
1260 3505 1730 3561 tenendobaculos
1756 3507 1809 3560 in
1837 3506 2109 3574 manibus,

527 3610 683 3656 nocte
716 3600 1050 3656 enmedimus
1091 3592 1431 3665 festinanter,
1471 3614 1593 3653 cum
1625 3600 1833 3670 azymis
1876 3600 2113 3670 panibus

525 3699 581 3745 et
612 3688 842 3745 iactucis
864 3690 1190 3761 agrestibus.
1223 3688 1445 3759 Insuper
1474 3704 1579 3743 non
1605 3687 1881 3743 oﬂerimus
1913 3690 2105 3745 incen-

527 3797 645 3835 sum
681 3779 1054 3834 holocaustum
1106 3778 1333 3833 Domino
1362 3779 1417 3833 in
1448 3779 1532 3834 his
1561 3779 1751 3834 diebus
1778 3780 2019 3850 quotidie
2053 3780 2107 3835 in

529 3871 651 3942 igne
678 3869 873 3924 vitulos
903 3869 1037 3924 duos
1066 3870 1132 3924 de
1159 3880 1436 3938 armento,
1466 3871 1693 3927 arietem
1722 3888 1915 3947 uinum,
1943 3888 2117 3943 agnos

527 3960 811 4021 mnticulos
844 3964 1222 4021 immaculatos
1261 3974 1473 4045 septem:
1496 3982 1509 4018 :
1535 3973 1589 4020 et
1624 3964 1892 4021 sacriﬁcia
1930 3966 2110 4036 singu-

528 4057 700 4113 lorum
720 4099 735 4123 ,
764 4067 819 4114 et
854 4056 1084 4113 similam
1120 4054 1467 4130 conspersam
1498 4056 1619 4114 oleo
1649 4076 1662 4111 :
1697 4073 1871 4128 neque
1900 4058 2110 4113 hircum

527 4163 626 4219 pro
687 4158 919 4219 peccato.
978 4157 1029 4202 ut
1075 4149 1322 4218 expietur
1371 4163 1467 4218 pro
1517 4132 1694 4205 nobis.
1744 4149 1800 4204 lu
1833 4166 1941 4221 quo
1971 4166 2103 4222 ergo

486 4251 992 4296 .commumcamus
1044 4234 1276 4291 Judmis?
1327 4244 1383 4291 et
1435 4236 1495 4292 in
1544 4254 1652 4309 quo
1709 4238 2107 4294 solenmitatcm

529 4344 842 4400 azymorum
881 4327 1249 4383 custodimus?
1284 4327 1367 4383 An
1422 4327 1606 4383 forsan
1656 4330 1782 4399 quia
1838 4329 2109 4385 solemnes

2217 3150 2376 3190 omne
2433 3152 2567 3207 opus
2629 3137 2886 3202 facimus,
2952 3140 3094 3194 sicut
3147 3150 3203 3197 et
3251 3142 3305 3197 in
3360 3144 3789 3215 praecedentibus

2216 3227 2454 3298 quinque
2481 3229 2690 3293 diebus,
2725 3238 2782 3284 et
2819 3227 3130 3299 jejuuamus
3174 3232 3315 3288 sicut
3355 3245 3412 3289 et
3459 3235 3512 3290 in
3541 3236 3788 3305 proxima

2217 3318 2317 3373 sibi
2354 3317 2488 3374 feria
2513 3329 2665 3374 sexta
2689 3317 3017 3388 jejunamus.
3052 3320 3161 3378 Vos
3191 3339 3319 3378 vero
3343 3341 3387 3380 ει
3416 3340 3523 3379 non
3541 3324 3790 3395 julaiza-
3862 3324 3867 3333 ’

2216 3407 2306 3473 tis,
2337 3407 2500 3463 dicite
2542 3423 2639 3463 cur
2670 3407 2871 3463 Judaeis
2902 3409 2954 3465 in
2991 3411 3155 3468 simili
3185 3413 3530 3469 observantia
3574 3414 3785 3472 sabbati

2215 3499 2661 3571 communicatis?
2685 3490 2977 3557 Sabbatum
2999 3510 3147 3558 certe
3171 3503 3270 3575 ipsi
3312 3505 3606 3571 celebrant,
3623 3519 3676 3562 et
3696 3523 3790 3561 vos

2213 3589 2500 3676 celebratis
2532 3609 2546 3645 :
2577 3592 2863 3662 epulantur
2905 3595 3039 3665 ipsi,
3087 3606 3143 3651 et
3195 3597 3409 3653 solvunt
3464 3613 3679 3668 semper
3733 3599 3785 3652 iu

2214 3683 2441 3738 sabbato
2469 3682 2755 3752 jejunium.
2790 3684 2869 3740 Illi
2897 3685 2948 3740 in
2986 3702 3082 3741 sua
3123 3687 3537 3759 quadragesima
3572 3689 3787 3744 solvunt

2214 3776 2447 3846 ajejuno
2472 3791 2648 3845 omne
2695 3778 2978 3833 sabbatum
3029 3789 3229 3849 pra-ter
3275 3798 3466 3847 unum,
3505 3792 3560 3838 et
3601 3796 3697 3836 vos
3732 3782 3784 3836 in

2212 3876 2392 3921 vestra
2434 3870 2844 3939 quadragesima
2882 3869 3089 3925 solvitis
3118 3887 3148 3926 a
3173 3869 3379 3941 jejunio
3408 3888 3567 3926 omne
3595 3872 3788 3928 sabba-

2214 3965 2324 4011 tum
2355 3965 2552 4026 prrcter
2578 3973 2761 4013 numu;
2791 3958 2900 4013 lllis
2943 3959 3139 4030 duplex
3171 3969 3255 4016 est
3295 3976 3459 4017 causa
3503 3962 3785 4016 sabbatum

2213 4048 2539 4114 celebrandi,
2568 4050 2775 4105 scilicet
2802 4066 2866 4105 ex
2894 4062 3165 4125 praecepto
3192 4053 3379 4125 Moysi,
3406 4048 3465 4109 et
3494 4055 3636 4125 quod
3658 4070 3789 4109 con-

2215 4138 2441 4195 tristatis
2482 4140 2787 4211 discipulis,
2818 4142 2915 4213 ipsi
2947 4141 3165 4198 fuerunt
3213 4143 3279 4199 de
3333 4153 3508 4201 morte
3548 4144 3782 4210 Domini,

2211 4247 2372 4302 quem
2421 4249 2526 4287 non
2577 4234 2873 4289 credebant
2923 4244 3399 4302 resurrecturum,
3439 4235 3493 4292 in
3550 4237 3651 4293 hac
3699 4237 3785 4293 die

2210 4325 2404 4397 gavisi.
2439 4323 2592 4380 Unde
2625 4327 2751 4395 quia
2792 4343 2915 4383 cum
2948 4326 3147 4383 Judrcis
3176 4330 3484 4395 sabbatum,
3517 4339 3571 4385 et
3600 4329 3782 4383 nobis-

528 4419 745 4475 eosdum
774 4419 888 4473 dies
913 4428 962 4471 et
997 4417 1217 4473 feriatos
1246 4418 1526 4485 habemus,
1557 4426 1611 4474 et
1634 4435 1662 4472 ιι
1692 4420 2107 4488 quartadecima
2141 4425 2188 4484 D
2213 4433 2336 4471 cum
2385 4417 2678 4472 celebratis
2708 4418 2848 4473 diem
2892 4419 3254 4485 dominicum,
3285 4420 3540 4474 videmini
3581 4419 3635 4475 in
3690 4418 3782 4474 tali

529 4494 651 4566 imm
683 4527 853 4581 usque
895 4512 961 4566 ad
1001 4510 1312 4567 vicesimam
1354 4511 1586 4581 primam
1631 4510 2017 4565 observamus?
2045 4511 2111 4566 Et

528 4622 628 4661 cur
674 4606 857 4661 eadem
915 4621 1011 4660 vos
1059 4604 1397 4659 observatis?
1432 4603 1533 4658 nisi
1574 4602 1700 4672 quia
1752 4601 1897 4657 aliud
1955 4602 2111 4660 nobis

529 4694 792 4760 innuuut,
836 4694 977 4749 aliud
1029 4694 1171 4749 illis?
1217 4691 1329 4748 lllis
1376 4692 1521 4747 enim
1580 4693 1707 4747 data
1760 4701 1887 4747 sunt
1930 4694 2007 4767 (7)
2055 4694 2109 4751 in

529 4785 849 4841 memoriam
892 4772 1203 4853 'spiritualis
1258 4782 1588 4853 egressionis
1651 4792 1850 4838 nostra:
1893 4799 1957 4839 ex
2011 4785 2113 4840 hoc

530 4878 753 4945 mundo,
787 4884 848 4931 ut
870 4891 1127 4930 vacemus
1159 4883 1215 4929 et
1255 4875 1533 4930 videamus
1569 4875 1825 4945 quoniam
1870 4876 1985 4947 ipse
2027 4887 2112 4933 est

531 4964 674 5021 Deus
702 4966 790 5035 qui
826 4980 923 5019 nos
954 4964 1021 5020 de
1051 4963 1289 5018 tenebris
1325 4963 1540 5019 vocavit
1582 4964 1635 5018 in
1677 4965 1996 5019 admirabile
2036 4965 2114 5019 lu-

530 5072 653 5111 men
679 5070 869 5119 suum,
898 5068 1295 5125 conresurgere
1337 5062 1392 5108 et
1433 5054 1729 5110 consedere
1762 5070 1859 5112 nos
1906 5055 2112 5111 faciens

533 5160 717 5199 secum
748 5146 799 5197 in
827 5143 1163 5206 cmlestibus,
1194 5151 1246 5198 et
1275 5152 1335 5197 ut
1374 5142 1545 5198 instar
1571 5146 1774 5200 hmaris
1797 5146 1939 5216 globi
1973 5146 2110 5201 inci-

532 5234 743 5305 piamns
791 5232 964 5286 lucem
1021 5231 1201 5287 cordis
1252 5232 1549 5298 nostri,‘id
1590 5244 1674 5289 est
1734 5237 2022 5304 rationem,
2080 5254 2110 5292 a

2210 4507 2593 4564 observatione
2636 4508 2833 4564 imitari
2882 4519 3086 4564 sectam
3134 4506 3559 4574 Nazarenorum,
3590 4511 3678 4579 qui
3706 4510 3785 4564 sic

2212 4598 2474 4669 recipiunt
2521 4599 2993 4655 Christianismum
3032 4608 3093 4655 ut
3129 4616 3234 4655 non
3289 4601 3563 4655 dimittant
3603 4600 3784 4655 Judai-

2212 4703 2408 4743 smum.
2445 4688 2637 4742 Latina”
2677 4701 2854 4743 autem
2888 4688 3148 4754 Ecclesia,
3179 4690 3513 4760 compatiens
3542 4703 3699 4760 passo
3731 4697 3787 4744 et

2212 4778 2421 4850 sepulto
2445 4779 2691 4845 Domino,
2721 4781 3025 4852 congaudet
3053 4782 3358 4852 resurgenti
3389 4782 3443 4836 in
3473 4781 3561 4835 die
3599 4780 3783 4835 Domi-

2213 4869 2366 4934 niea;
2398 4869 2614 4939 quando
2646 4867 2860 4926 Judaeos
2888 4870 3053 4925 nimia
3085 4870 3370 4941 occupavit
3415 4870 3697 4936 maestitia,
3730 4878 3784 4923 et

2213 4964 2471 5024 custodes
2511 4963 2744 5031 sepulcri
2786 4964 2963 5018 conati
3002 4972 3125 5017 sunt
3158 4978 3506 5032 corrumpere
3535 4963 3781 5040 pecunia.

2216 5052 2368 5110 Unde
2396 5069 2512 5119 nos,
2548 5055 2889 5110 traditionem
2921 5054 3268 5124 apostolicam
3298 5069 3466 5124 usque
3495 5054 3547 5107 in
3573 5052 3784 5108 hodier-

2212 5164 2337 5201 num
2369 5147 2510 5203 diem
2540 5148 2603 5202 de
2630 5149 2853 5203 sabbato
2900 5149 3224 5212 retinentes,
3263 5155 3318 5201 et
3343 5161 3510 5215 usque
3540 5145 3592 5199 in
3624 5144 3783 5199 ﬁnem

2213 5237 2450 5291 retinere
2476 5238 2788 5308 cupientes,
2815 5237 2904 5291 hic
2941 5235 3289 5291 subscribere
3317 5235 3632 5292 curavimus
3658 5232 3786 5305 quid
