4124 5374
327 176 427 236 957

1327 178 1699 237 novensus
1735 166 2141 237 cumcum
2180 182 2597 245 CALUMMAS.

3490 195 3597 254 038

326 303 491 361 super
514 289 618 346 hoc
646 288 925 345 senserint»
943 296 1001 344 et
1022 286 1467 347 confirmaverint
1490 290 1663 347 nostri
1692 290 1903 361 antiqui
1933 298 1979 354 Α
2009 300 2289 359 nostrum,
2336 294 2446 351 imo
2504 299 2669 353 totius
2716 288 3026 356 'catholicse
3081 301 3341 361 Scaeam
3388 308 3593 376 pascha

319 390 384 438 et
416 378 751 437 venerabiles
784 381 994 435 Patres.
1029 378 1107 435 Ex
1136 393 1369 447 quorum
1407 395 1633 439 numero
1661 380 1912 437 beatissi~

322 487 451 528 ntus
518 486 658 542 papa
714 470 1004 534 Silvester,
1049 471 1247 540 ,magni
1293 470 1637 526 Constantini
1682 471 1909 540 Augusti

326 564 629 637 spiritualis
658 573 837 635 pater,
871 564 1012 619 inter
1039 563 1144 618 alia
1174 561 1311 618 dixit
1336 581 1351 618 :
1379 582 1398 615 ι
1434 562 1493 619 Si
1522 564 1702 623 omnis
1722 564 1917 619 Domi-

320 658 487 714 nicus
517 656 635 710 dies
666 654 1086 717 resurrectionis
1110 655 1286 725 gratia
1313 664 1395 710 est
1416 654 1676 710 colendus
1699 654 1751 709 in
1781 670 1912 725 gau-

325 748 426 805 dio
442 746 923 803 Christianorum:
962 746 1143 801 omnis
1170 759 1302 817 ergo
1326 744 1543 801 sabbati
1575 746 1692 801 dies
1731 744 1909 815 sepul-

326 848 466 896 turae
513 839 855 911 deputandus
904 846 987 893 est
1038 838 1093 894 in
1142 839 1523 894 exsecratione
1571 837 1907 893 Judzeorum.

296 930 527 993 _0mnes
550 930 695 986 enim
719 928 965 999 discipuli
989 927 1199 985 Domini
1230 927 1469 986 Sabbato
1491 927 1674 983 fletum
1706 928 1910 983 habue-

322 1031 479 1088 runt,
525 1022 799 1092 sepultum
832 1021 1120 1076 Dominum
1176 1020 1544 1089 suspirantes,
1596 1027 1650 1075 et
1702 1017 1910 1074 Iudaeis

323 1111 728 1168 exsultantibus
775 1111 961 1167 latitia
1000 1111 1200 1166 iuerat.
1235 1110 1512 1180 Apostolis
1548 1119 1732 1165 autent
1767 1109 1912 1179 jeju-

325 1203 585 1258 nantibus
615 1204 841 1259 tristitia
873 1204 1200 1274 imperabat.
1237 1204 1542 1260 Tristemur
1565 1205 1750 1275 itaque
1785 1220 1909 1260 cum

320 1293 670 1350 tristantibus
706 1295 774 1352 de
815 1295 1096 1366 sepultura
1148 1295 1382 1361 Domini,
1414 1296 1460 1352 si
1502 1296 1750 1354 volumus
1786 1312 1909 1353 cum

323 1383 518 1442 iisdem
576 1387 645 1443 de
691 1386 908 1444 Domini
969 1388 1371 1444 resurrectione
1412 1390 1671 1458 gaudere.
1727 1388 1912 1459 Neque

322 1478 468 1534 enim
501 1478 581 1534 fas
610 1488 694 1535 est
720 1489 778 1534 ut
809 1481 1205 1537 destructiones
1230 1481 1477 1536 ciborum
1495 1488 1551 1535 et
1569 1481 1912 1537 caerimonias

317 1570 638 1629 Judazorum
671 1589 822 1629 more
848 1572 1085 1629 Iudaico
1108 1574 1491 1629 observemus.
1526 1592 1551 1625 δ
1586 1572 1712 1629 Haec
1740 1582 1799 1629 et
1824 1573 1910 1628 bis

2011 398 2155 439 esse.
2195 384 2349 453 Quod
2379 388 2447 450 si.
2474 389 2620 459 quod
2668 391 2834 448 absit!
2867 394 3220 464 pertinaciter
3244 401 3598 459 conti-adire.

2012 475 2161 543 ritis,
2208 479 2635 539 auscultabimus
2671 484 2847 554 ipsum
2886 487 3170 544 Dominum
3215 502 3460 549 uestrum
3506 495 3598 551 Je-

2011 581 2129 618 sum
2168 564 2444 624 Christum
2495 572 2576 627 sic
2616 587 2744 628 suos
2784 587 3207 644 praemonentetn
3249 581 3319 637 de
3367 586 3594 653 pseudo-

2013 656 2235 711 christis
2259 670 2313 715 et
2338 661 2824 735 psegidoprophctis
2852 683 2864 718 :
2901 685 2919 716 ι
2951 666 3006 722 Si
3034 670 3163 737 quis
3184 672 3338 728 vobis
3361 674 3591 732 dixerit:

2013 745 2152 805 Ecce
2201 748 2291 805 hic
2338 761 2424 807 est
2465 751 2733 818 Christus.
2780 765 2873 810 aut
2920 772 3048 813 ecce
3097 760 3444 821 iﬂicznolite
3492 769 3593 834 ire,

2013 851 2195 908 neque
2223 841 2506 896 sectemini
2533 842 2685 910 (an.
2721 860 2853 911 xvu,
2883 845 2999 918 25).
3032 867 3051 900 ι
3083 847 3235 915 Quod
3263 866 3395 908 vero
3413 855 3595 913 dicitis

2013 927 2303 984 Dominum
2340 929 2552 997 Jcsum,
2594 933 2867 989 celebran
2909 947 3089 991 vetere
3131 940 3354 1009 pascha,
3397 960 3594 1002 novum

2012 1020 2290 1089 discipulis
2314 1024 2429 1079 suis
2453 1024 2836 1086 celebrandum
2864 1029 3155 1089 tradidisse
3187 1051 3200 1087 :
3233 1036 3356 1105 quis
3379 1040 3596 1109 sapiens

2015 1111 2066 1164 id
2099 1114 2298 1183 negat?
2328 1114 2435 1170 Sed
2463 1116 2592 1179 illud
2618 1120 2761 1187 quod
2792 1120 2994 1186 dicitis.
3030 1122 3323 1183 Dominum
3349 1140 3595 1189 nostrum

2008 1200 2195 1295 Iesum
2226 1206 2500 1263 Christum
2534 1209 2660 1266 ideo
2680 1210 3064 1270 circumcisqu
3109 1227 3165 1273 et
3202 1230 3356 1277 vetus
3395 1227 3596 1295 pascha

2014 1294 2322 1353 celebrasse
2374 1314 2440 1355 ne
2468 1299 2626 1371 juxta
2670 1304 2839 1376 legem
2871 1308 3211 1369 inveniretur
3236 1317 3345 1372 Deo
3373 1294 3593 1379 contra:

2014 1386 2149 1453 rius,
2198 1388 2321 1458 quis
2370 1407 2605 1463 unquam
2635 1411 2800 1454 ausus
2825 1400 2931 1456 erit
2954 1411 3228 1472 astruere,
3275 1410 3377 1465 nisi
3408 1414 3590 1468 Inani-

2014 1475 2186 1533 festus
2234 1480 2553 1546 haereticus?
2582 1485 2636 1540 In
2685 1488 2787 1545 hoc
2835 1493 2983 1548 enim
3036 1496 3293 1553 videmini
3340 1516 3598 1570 perverso

2013 1583 2136 1624 cum
2184 1571 2519 1631 Marcionitis
2558 1588 2620 1633 et
2654 1578 2963 1639 Manichaais
2990 1588 3196 1642 sentire
3224 1589 3393 1646 alium
3426 1592 3594 1650 Deum

324 1666 525 1722 simam
574 1667 787 1727 dicente
825 1674 1014 1723 sancto
1059 1664 1361 1732 δίινθεηο,
1402 1681 1509 1732 ηομ
1545 1664 1752 1736 plnum,
1779 1667 1909 1736 qui-
1945 1641 1984 1698 Β
2012 1671 2252 1741 veterem
2276 1664 2658 1737 lcgem,alium
2688 1677 3138 1747 novamdedissc;
3164 1690 3242 1749 et,
3272 1693 3330 1739 ut
3355 1641 3600 1756 apertius

320 1757 548 1813 busdam
579 1756 956 1815 Orientalibus
984 1758 1088 1813 ista
1126 1756 1352 1811 traditio
1393 1756 1704 1826 apostolicae
1744 1756 1908 1821 sedis,

312 1854 419 1910 sed
444 1854 617 1926 magis
635 1854 917 1924 elegerunt
939 1852 1217 1909 celebrare
1240 1851 1525 1907 sabbatum
1544 1867 1666 1907 cum
1686 1849 1908 1906 Iudaeis.

320 1943 487 2014 Cujus
518 1947 800 2001 sententiae
835 1946 1176 2001 concordans
1208 1954 1433 2000 sanctus
1474 1956 1610 2016 papa
1647 1945 1911 1999 Innocen-

314 2035 433 2090 tius
479 2036 556 2091 ait
590 2053 604 2089 :
649 2055 666 2087 ς
703 2035 943 2093 Sabbato
970 2035 1327 2107 jejuuandum
1356 2051 1479 2093 esse
1520 2036 1661 2091 ratio
1689 2038 1911 2092 eviden-

315 2124 532 2181 tissima
585 2126 941 2183 demonstrat.
990 2128 1124 2183 Nam
1171 2127 1218 2182 si
1268 2128 1412 2183 diem
1456 2127 1792 2183 Dominicum
1840 2130 1913 2183 ob

321 2216 731 2272 venerationem
794 2217 1212 2273 resurrectionis
1269 2217 1483 2273 Domini
1549 2219 1721 2273 nostri
1781 2217 1909 2274 iesu

313 2309 525 2366 Christi
574 2325 679 2365 non
734 2309 907 2366 solum
950 2311 1003 2366 in
1050 2310 1252 2382 pascha
1303 2310 1677 2373 celebramus,
1718 2326 1911 2365 verum

320 2402 488 2457 etiam
520 2417 619 2472 per
647 2403 891 2471 singulas
917 2402 1378 2458 hebdomadarum
1412 2401 1583 2471 ipsius
1625 2402 1732 2457 diei
1779 2402 1915 2456 ima--

311 2491 505 2562 ginem
530 2491 970 2561 frequentamus.
999 2508 1065 2548 ac
1088 2501 1244 2547 sexta
1291 2491 1426 2547 feria
1456 2499 1682 2562 propter
1708 2493 1914 2561 passio-

325 2596 452 2636 nem
500 2582 716 2637 Domini
764 2582 1103 2654 jejunamus,
1138 2583 1436 2638 Sabbatum
1497 2583 1915 2654 praetermittere

326 2687 434 2727 non
467 2674 746 2738 debemus,
769 2675 915 2745 quod
953 2675 1096 2729 inter
1137 2674 1418 2729 tristitiam
1461 2682 1625 2744 atque
1667 2673 1913 2729 laetitiam

328 2764 596 2835 temporis
624 2765 770 2821 illius
798 2766 1010 2820 videtur
1045 2765 1337 2823 inclusum.
1376 2764 1529 2833 Quod
1563 2766 1750 2836 utique
1785 2780 1916 2820 con-

316 2862 434 2915 stat
489 2855 765 2926 apostolus
813 2857 976 2911 biduo
1019 2857 1122 2912 isto
1164 2867 1221 2913 et
1260 2858 1316 2911 iu
1370 2871 1606 2913 IDGH'OI'B
1642 2857 1829 2920 fuisse.
1859 2865 1918 2915 et

2020 1753 2225 1819 dicam,
2257 1755 2424 1814 Deum
2455 1760 2655 1816 malum
2686 1771 2741 1818 et
2772 1767 2943 1822 Deum
2981 1769 3182 1827 bonum
3223 1753 3403 1831 vultis
3423 1778 3598 1835 intro-

2013 1840 2336 1937 ducererEt
2385 1863 2452 1903 ue
2498 1850 2572 1905 illi
2626 1854 2800 1914 malo.
2836 1857 2937 1913 hoc
2962 1869 3048 1915 est
3081 1862 3191 1918 Deo
3222 1868 3592 1937 tenebrarum,

2013 1930 2189 2026 bonus
2242 1935 2346 2026 iste
2392 1939 2537 1996 Deus
2586 1942 2722 2000 lueis
2767 1947 3101 2007 inveniretur
3146 1955 3515 2026 adversarius,
3542 1930 3595 2016 et

2014 2021 2368 2120 circumcisus
2398 2027 2497 2086 fuit
2528 2040 2583 2087 et
2603 2034 2899 2092 celebravit
2919 2042 3118 2109 pascha
3143 2054 3319 2101 vetus.
3353 2048 3418 2102 Et
3442 2021 3600 2120 quasi

2013 2113 2262 2174 devitans
2286 2120 2429 2177 illius
2453 2127 2691 2194 tyranni;
2710 2129 2855 2185 velut
2881 2129 3123 2190 fortioris
3147 2151 3226 2199 se,
3245 2138 3389 2195 iram
3419 2113 3603 2198 ita-curo

2016 2223 2170 2300 rere,
2197 2211 2265 2266 ad
2297 2221 2509 2285 tempus
2540 2219 2815 2276 simulavit
2842 2238 2903 2278 se
2932 2224 3104 2296 legem
3131 2229 3250 2300 ejus
3278 2234 3599 2292 observare;

2008 2298 2123 2357 Sed
2152 2304 2294 2358 absit
2316 2313 2436 2360 tam
2462 2310 2777 2377 pestiferum
2802 2315 2952 2371 virus
2974 2333 3003 2372 a
3035 2298 3272 2378 fidelium
3302 2327 3522 2382 auribus
3545 2339 3602 2385 et

2014 2393 2289 2485 cordibus,
2324 2406 2379 2451 ut
2415 2402 2497 2452 iet
2525 2402 2835 2470 suspicetur
2858 2406 3060 2476 aliquis
3086 2410 3288 2481 aliquid
3312 2415 3603 2485 aliquando
3655 2438 3664 2446 ·

2014 2482 2729 2560 simulasseomnipotentem
2743 2497 3260 2568 etsimplicissimam
3277 2482 3601 2577 Veritatem,

2014 2591 2135 2647 quae
2153 2579 2508 2673 estChristus
2531 2585 2671 2641 Dens
2694 2597 2901 2655 noster,
2944 2602 3037 2647 aut
3058 2594 3220 2650 alium
3238 2603 3445 2656 veteris
3468 2600 3603 2673 legis

2015 2678 2170 2735 esse,
2201 2668 2366 2725 alium
2405 2687 2558 2729 nova:
2598 2681 2905 2734 auctorem!
2933 2697 3055 2737 cum
3092 2684 3205 2753 ipsa
3239 2685 3452 2745 Veritas
3478 2668 3605 2761 pro-

2018 2764 2274 2828 testetur,
2299 2761 2486 2821 dicens
2513 2784 2527 2821 :
2558 2784 2581 2819 ε
2614 2768 2792 2825 Nolite
2824 2780 3015 2842 putare
3046 2778 3301 2847 quoniam
3328 2784 3451 2838 veni
3475 2785 3598 2839 sol-

2017 2866 2149 2945 vere
2168 2852 2346 2945 legem
2387 2865 2482 2911 aut
2507 2861 2798 2930 prophetas
2816 2879 2841 2917 ς
2876 2881 2981 2920 non
3005 2869 3129 2923 veni
3162 2869 3375 2928 solvere
3400 2875 3604 2945 legem;

316 2956 549 3018 propter
573 2961 772 3010 ltN‘.l_tl.t'.
796 2947 1107 3005 Iudaeorum
1126 2962 1185 3004 se
1204 2948 1524 3004 occuluisse.
1548 2949 1701 3016 Quod
1724 2949 1916 3018 utique
1939 2987 1983 3047 Ο
2016 2944 2110 2999 Sed
2128 2944 2435 3016 εάίηιιιιοτε
2459 2950 2678 3021 (Μαῖα.
2710 2968 2763 3019 ν,
2790 2956 2913 3023 Πὶξ
2954 2978 2972 3010 ι
3004 2968 3060 3014 ει
3088 2961 3371 3020 Ρεθιηιίειτι
3396 2944 3549 3025 dicat
3579 2986 3605 3023 τ’

318 3054 435 3097 tton
475 3040 697 3096 dubium
735 3049 851 3108 est,
876 3050 933 3096 et
970 3041 1034 3096 in
1081 3049 1292 3096 tantum
1317 3056 1414 3096 eos
1435 3040 1712 3112 jejunasse
1748 3042 1910 3096 biduo

325 3141 695 3199 memoratur,
729 3145 791 3189 ut
820 3134 1045 3189 traditio
1088 3133 1345 3190 Ecclesiae
1387 3134 1584 3189 habeat
1615 3134 1719 3188 isto
1745 3133 1911 3187 hiduo

317 3205 667 3282 sacrambnta
702 3225 918 3296 penitus
944 3242 1049 3280 non
1068 3224 1353 3280 celebrari.
1372 3224 1502 3292 Qua:
1525 3222 1694 3278 forma
1722 3224 1922 3294 utique)

324 3331 425 3387 per
444 3316 684 3388 singulas
710 3316 1081 3372 hebdomadas
1116 3324 1202 3372 est
1228 3316 1483 3379 tenenda,
1512 3324 1734 3385 propter
1762 3313 1910 3384 quod

325 3408 770 3463 commemoratio
792 3408 898 3463 diei
936 3407 1078 3462 illius
1114 3422 1330 3477 semper
1370 3416 1456 3463 est
1487 3406 1836 3462 celebranda.
1874 3424 1923 3456 I-

314 3496 537 3565 Quodsi
555 3498 758 3569 putatis
777 3488 945 3553 Semel
965 3507 1129 3568 atque
1152 3513 1260 3552 uno
1278 3495 1515 3551 Sabbato
1530 3494 1923 3566 jejtmaudutn,~
1944 3548 1954 3554 ,

332 3605 465 3663 ergo
485 3598 541 3644 ct
577 3589 697 3644 dies
716 3589 999 3644 Dominica
1023 3597 1078 3643 et
1108 3598 1262 3644 sexta
1289 3588 1421 3642 feria
1445 3587 1611 3642 semel
1642 3588 1693 3655 in
1707 3588 1923 3657 pascha

325 3682 433 3737 erit
470 3684 654 3751 utique
693 3680 1034 3736 celebranda.
1071 3680 1128 3734 Si
1158 3689 1340 3734 autem
1385 3679 1677 3735 Dominicze
1709 3679 1814 3733 diei
1845 3695 1925 3734 ac.

325 3782 492 3827 sexta:
510 3772 658 3828 feriae
675 3788 770 3842 per
780 3772 1018 3841 singulas
1034 3771 1398 3839 hebdomadas
1413 3771 1717 3840 reparanda
1733 3771 1910 3839 imago

323 3872 432 3927 est,
464 3864 731 3918 dementis
751 3873 856 3928 est,
879 3863 1026 3917 bidui
1058 3877 1218 3932 agere
1238 3863 1649 3927 consuetudine,
1675 3862 1921 3918 Sabbato.

325 3952 724 4029 prtetermisso,
757 3968 880 4008 cum
923 3967 1028 4006 non
1069 3952 1340 4021 disparem
1380 3967 1604 4007 causam
1643 3950 1843 4007 habeat
1880 3968 1909 4005 a

324 4052 478 4099 sexta
520 4044 775 4100 videlicet
819 4044 953 4100 feria
1004 4044 1057 4099 iu
1100 4060 1207 4114 qua
1261 4044 1523 4099 Dominus
1560 4059 1754 4113 passus
1803 4053 1911 4110 cst,

325 4138 548 4207 quando
576 4146 634 4192 et
670 4138 813 4207 apud
842 4136 1054 4193 iufei'os
1082 4137 1207 4205 fuit,
1234 4146 1295 4192 ut
1316 4139 1412 4205 die
1440 4138 1597 4193 tertia
1627 4152 1914 4209 resurgens

328 4229 585 4284 redderet
619 4230 882 4295 lmtitiam,
915 4231 1351 4301 post-biduanam
1371 4232 1774 4300 praecedentem
1814 4231 1914 4285 tri~

2019 3054 2036 3129 ξ
2052 3034 2268 3129 Etenim
2285 3038 2711 3099 benedictionem
2728 3046 2876 3103 dabit
2888 3048 3353 3125 legislator(Pral.
3366 3060 3602 3129 uniti,
3671 3108 3678 3115 .

2010 3126 2091 3196 ὃ).
2129 3145 2148 3179 ι
2179 3127 2383 3185 Deinde
2404 3131 2770 3203 {subjunxistis
2799 3156 2812 3192 :

2074 3217 2173 3273 lX.
2226 3219 2931 3288 Consus-nuncnum“.
2980 3234 3054 3291 Et
3097 3237 3201 3293 hoc
3248 3240 3601 3300 manifestum

2009 3316 2127 3371 est,
2158 3308 2337 3402 sicut,
2385 3313 2438 3367 in
2490 3314 2785 3389 Evangelia
2834 3326 3129 3380 secundum
3156 3327 3490 3402 Matthteum,
3527 3335 3599 3391 de

2012 3400 2240 3467 mystica
2264 3492 2277 3493 ί
2303 3416 2461 3459 coena
2501 3404 2751 3477 loquens,
2781 3414 3114 3485 evangelista
3142 3418 3221 3474 sic
3258 3400 3480 3493 quoque?
3519 3426 3603 3479 in-

2011 3505 2083 3560 qu
2111 3501 2130 3544 t
2155 3505 2181 3547 :
2213 3512 2231 3544 ε
2257 3492 2441 3550 Prima
2466 3508 2647 3555 autem
2687 3502 2774 3559 die
2801 3519 3116 3578 azymorum
3143 3492 3607 3573 accesseruntdi-

2010 3581 2204 3651 sc'puli
2241 3584 2309 3639 ad
2342 3584 2529 3643 Iesum
2571 3590 2860 3649 dicentes:
2907 3595 3005 3651 Uhi
3057 3600 3138 3653 vis
3188 3616 3449 3671 parezeius
3502 3608 3606 3662 tibi

2010 3676 2295 3733 cotttedere
2316 3682 2553 3749 pascha?
2574 3684 2674 3750 Qui
2700 3686 2776 3741 ait
2800 3705 2814 3741 :
2836 3688 2919 3743 ite
2938 3690 2995 3745 in
3013 3692 3288 3749 civitatein
3313 3698 3382 3751 ad
3406 3713 3600 3767 quem-é

2012 3767 2158 3860 dam,
2194 3779 2251 3824 et
2287 3770 2452 3828 dicite
2490 3774 2541 3829 ei
2564 3792 2584 3830 7:
2620 3776 2858 3848 Tempus
2906 3781 3092 3837 meum
3118 3798 3285 3855 prope
3311 3797 3416 3854 est,
3449 3793 3592 3860 apud

2014 3865 2066 3950 te
2092 3858 2235 3915 facio
2276 3865 2475 3931 pascha
2522 3882 2645 3922 cum
2693 3870 2976 3942 discipulis
3007 3876 3144 3931 meis
3191 3876 3409 3949 (Matth.
3442 3858 3596 3950 xrvt,

2013 3947 2239 4022 17,18).
2276 3971 2296 4004 ι
2333 3953 2399 4009 Et
2428 3969 2553 4024 post
2575 3958 2870 4027 pusillum:
2909 3982 2928 4013 ι
2968 3947 3209 4034 Vespere
3247 3979 3430 4027 autem
3456 3947 3602 4030 facto

2013 4041 2388 4100 discumbebat
2404 4060 2539 4100 eum
2570 4048 2858 4106 duodecim
2886 4052 3164 4126 discipulis
3193 4058 3326 4124 suis,
3359 4071 3415 4117 et
3436 4065 3607 4121 ede:r~

2017 4132 2160 4190 tibus
2183 4134 2288 4191 illis
2309 4136 2447 4192 dixit
2472 4154 2484 4190 :
2508 4138 2679 4195 Amen
2703 4141 2826 4197 dico
2847 4143 3020 4212 vobis,
3046 4147 3170 4216 quia
3197 4167 3336 4208 unus
3362 4164 3598 4213 vestrum

2014 4241 2102 4282 me
2128 4227 2426 4287 traditurus
2455 4240 2537 4286 est
2554 4230 2750 4303 (Ibid.,
2773 4233 2866 4300 20,
2897 4236 3010 4309 2|).
3040 4257 3059 4292 ι
3092 4240 3161 4295 Et
3187 4252 3309 4312 post
3322 4246 3598 4315 pusillum,

327 4317 560 4385 stitiam.
590 4317 710 4374 Non
738 4335 871 4389 ergo
909 4335 1006 4376 nos
1038 4335 1296 4391 negamus
1316 4330 1470 4375 sexta
1490 4319 1629 4376 feria
1657 4318 1913 4389 ieiunan-
1943 4330 1991 4388 ι)
2015 4315 2228 4374 dicente
2259 4317 2398 4375 Juda
2429 4337 2444 4375 :
2484 4338 2507 4372 ι
2551 4320 2803 4393 Nunquid
2841 4340 2944 4398 ego
2964 4343 3118 4398 sum,
3149 4330 3367 4389 Rabbi?
3406 4335 3611 4406 (ιιᾱὲόηι

328 4408 487 4476 dum,
520 4411 615 4467 sed
663 4412 897 4467 dicimus
937 4413 990 4468 in
1021 4412 1263 4468 Sabbato
1302 4412 1404 4466 hoc
1446 4411 1747 4481 agendum,
1781 4413 1909 4483 quia

329 4499 491 4554 ambo
520 4501 637 4557 dies
676 4503 950 4558 tristitiam
997 4502 1255 4572 apostolis
1302 4511 1357 4557 et
1389 4503 1473 4558 his
1511 4504 1604 4573 qui
1635 4504 1908 4560 Christum

330 4592 505 4647 secuti
533 4602 660 4647 sunt
683 4594 1012 4659 indixerunt,
1037 4594 1151 4663 qui,
1181 4594 1269 4648 die
1300 4594 1581 4649 Dominico
1598 4595 1909 4661 exhilarati,

331 4697 439 4737 non
476 4682 649 4736 solum
699 4684 871 4754 ipsum
917 4681 1326 4739 festivissimum
1375 4698 1495 4739 esse
1535 4686 1788 4750 voluere.
1815 4704 1921 4743 ve.“

310 4787 453 4827 arum
483 4773 647 4827 ctiam
689 4789 787 4844 per
813 4789 1004 4829 omnes
1043 4773 1412 4843 hebdomadas
1460 4773 1910 4846 frequentandum

328 4880 453 4920 esse
480 4866 769 4923 duxerunt.
804 4867 943 4923 Hinc
966 4867 1077 4938 jam
1104 4868 1312 4938 reliqua
1335 4876 1512 4923 vestra
1546 4870 1693 4925 dicta
1732 4868 1915 4927 discu-

320 4957 549 5013 .tiamus.

400 5046 512 5101 VII.
535 5046 1241 5108 Consnurtnoeounuus.
1266 5044 1521 5105 Nostrum
1552 5064 1683 5105 vero
1713 5052 1916 5119 pascha

311 5136 583 5195 Christus
630 5151 733 5197 est.
770 5140 894 5209 Qui,
934 5145 1122 5197 utnon
1164 5137 1324 5206 juxta
1372 5136 1549 5212 legem
1582 5140 1921 5203 inveniretur

323 5230 670 5290 adversarius
687 5273 703 5297 ,
734 5241 790 5287 et
818 5232 1171 5287 circumcisus
1193 5235 1297 5291 est,
1329 5236 1385 5283 et
1406 5229 1575 5302 legale
1600 5232 1803 5304 pascha
1828 5252 1922 5294 ce-

322 5320 557 5374 lebravit
582 5326 857 5374 nrimittts.
888 5322 1000 5374 sic.
1033 5324 1122 5374 illo
1163 5320 1506 5374 discedente.
1548 5339 1793 5374 nostrum
1825 5344 1920 5374 nn.

2011 4406 2125 4476 25).
2164 4425 2183 4459 ι
2224 4407 2355 4464 dicit
2382 4409 2432 4464 ei
2456 4425 2470 4462 :
2498 4429 2517 4462 ι
2551 4410 2633 4466 Tu
2660 4410 3058 4484 dixisti'llbid..
3092 4419 3208 4491 ib.).
3230 4441 3258 4475 ν»
3295 4422 3411 4480 Huc
3433 4441 3609 4494 usque

2015 4500 2108 4572 Dei
2145 4499 2402 4567 hominis,
2435 4504 2686 4561 universa
2717 4505 2904 4578 legalis
2932 4511 3150 4579 pascha:
3196 4523 3343 4568 sunt.
3401 4516 3607 4572 Deinde

2013 4608 2076 4648 ea
2112 4607 2234 4662 quae
2278 4595 2489 4665 mystici
2515 4604 2571 4651 et
2599 4599 2769 4654 nostri
2800 4608 2957 4666 sunt,
2985 4600 3195 4656 addidit
3236 4602 3600 4674 Evrngelista,

2016 4684 2272 4740 etdisit:
2303 4706 2321 4738 ί
2356 4686 2653 4745 bidentibus
2688 4700 2867 4745 autem
2908 4692 3053 4756 illis,
3079 4694 3289 4762 accepit
3312 4693 3472 4751 Jesus
3509 4713 3609 4767 pa-

2016 4790 2162 4836 nem,
2194 4773 2355 4845 fregit
2371 4785 2428 4830 et
2451 4777 2600 4834 dedit
2621 4778 2897 4848 discipulis
2920 4783 3055 4847 suis,
3078 4790 3130 4835 et
3161 4780 3294 4839 dixit
3320 4800 3334 4837 :
3361 4786 3610 4857 Accipite

2015 4876 2070 4923 et
2095 4867 2384 4931 comedite,
2408 4868 2513 4926 hoc
2545 4881 2629 4928 est
2657 4886 2855 4941 corpus
2898 4889 3101 4939 meum,
3129 4876 3273 4943 quod
3321 4892 3422 4947 pro
3456 4880 3617 4935 vobis

2020 4958 2287 5016 tradetur.
2317 4958 2381 5012 Et
2420 4965 2696 5037 accipiens
2740 4963 2966 5020 calicem
2997 4965 3204 5039 gratias
3233 4969 3347 5039 egit
3389 4984 3445 5029 et
3466 4973 3618 5030 dedit

2017 5054 2102 5111 eis
2139 5049 2323 5104 dicens
2355 5066 2369 5104 :
2404 5052 2577 5112 Bibite
2614 5075 2679 5115 ex
2727 5071 2805 5112 eo
2850 5072 3043 5115 ontues
3067 5073 3091 5110 -:
3123 5056 3213 5112 hic
3259 5072 3347 5117 est
3396 5066 3615 5135 sanguis

2016 5156 2181 5203 meus
2213 5140 2346 5197 Novi
2384 5142 2717 5205 Testamenti
2756 5144 2973 5215 (Hall/1.
3003 5164 3153 5204 xim-
3184 5147 3287 5217 26;
3324 5153 3456 5213 Luc.
3482 5173 3621 5222 κω.

2021 5232 2239 5299 17—20),
2276 5252 2295 5286 ι
2333 5234 2570 5295 Dicendo
2597 5243 2763 5302 enim,
2794 5235 2955 5304 Novi,
2987 5239 3227 5297 ostendit
3270 5248 3532 5314 quoniam
3558 5260 3626 5304 ea

2020 5342 2150 5374 num
2182 5325 2394 5374 Veteris
2423 5330 2641 5374 Tum-unt
2674 5332 3012 5374 'l‘pelnmnnti
3045 5348 3399 5374 ρρςςεινιιι-...ιι
