4124 5374
561 357 698 419 ’ᾪὸθ

1621 339 2048 402 HUMBERTUS
2098 336 2159 393 S.
2197 333 2263 388 Β.
2302 333 2362 388 Ε.
2398 331 2808 392 (ΣΛῐὶΒΙΝᾹΙᾸΒ
2851 369 2856 374 ·

3736 326 3851 388 940

595 475 770 546 ipsum
817 467 1105 525 Dominum
1159 475 1403 522 nostrum
1451 461 1635 530 ,Icsum
1674 461 1951 516 Christum
1981 465 2174 526 quarta

2284 463 2465 517 panes,
2493 447 2684 524 ἄρτους
2705 441 3023 520 ὑπὸτᾶφρους
3053 444 3304 502 dicantur
3323 442 3644 509 comedisse,
3681 458 3849 516 auge.

597 541 804 621 decima
821 561 947 616 luna
977 559 1044 614 ad
1078 569 1350 626 vesperam
1379 547 1579 624 pasCha
1598 563 1756 606 vetus
1783 541 2096 620 perfecisse,
2123 549 2178 597 et

598 669 722 708 mox
750 665 947 707 novum
974 647 1262 702 inchoasse
1303 643 1678 715 praedicamus.
1721 639 2062 710 Quapropter
2097 648 2180 689 se-

597 741 818 814 quentia
843 739 1140 794 videamus.
1641 751 1644 756 ·

668 833 762 890 XI.
831 833 1528 888 Coasuurtnorounxus.
1601 823 1842 894 Aspigite
1909 816 2179 890 quomodo

595 941 794 998 panem
824 939 1021 995 corpus
1049 939 1205 980 suum
1245 922 1345 976 sub
1373 920 1524 975 Novo
1556 916 1908 972 Testamento
1932 909 2176 974 vocavit,

599 1021 740 1076 sicut
785 1016 1062 1072 viviﬁcum
1106 1021 1161 1070 et
1200 1012 1418 1082 plcmun
1467 1009 1685 1079 spiritu,
1727 1015 1782 1062 et
1813 1005 1951 1060 sicut
1983 1001 2180 1056 caloris

599 1105 1105 1166 demonstrativum.
1150 1101 1258 1158 Vos
1310 1101 1528 1170 quidem
1588 1111 1816 1168 panem,
1878 1107 1976 1148 nos
2023 1089 2178 1168 ἄρτον

599 1201 852 1261 dicimus.
903 1196 1090 1274 ’Δρτος
1141 1204 1323 1251 autem
1389 1194 1780 1263 interpretatur
1832 1186 2079 1241 elevatus
2123 1191 2180 1236 ct

599 1307 814 1347 sursum
865 1299 1110 1361 portatus
1159 1303 1188 1341 a
1235 1286 1504 1340 fermento
1551 1289 1608 1338 et
1655 1279 1786 1343 sale,
1837 1276 2070 1332 calurcm
2125 1281 2182 1327 ct

599 1383 962 1438 elevationem
1004 1380 1232 1436 habens.
1276 1380 1494 1449 Azymzc
1525 1382 1706 1429 autem
1735 1369 1868 1427 nihil
1913 1371 2118 1424 distant
2151 1381 2180 1420 a

600 1472 778 1543 lapide
805 1473 920 1528 sine
943 1472 1120 1526 anima
1163 1479 1218 1526 et
1245 1470 1357 1523 luto
1386 1467 1572 1523 lateris
1599 1466 1847 1520 deorsum
1881 1459 2180 1530 conjuncta:

601 1573 760 1620 terra:
781 1572 835 1619 et
859 1564 1006 1620 sicco
1050 1562 1162 1618 luto
1184 1568 1528 1630 comparatae,
1565 1572 1684 1627 qua:
1711 1571 1834 1612 cum
1867 1569 1984 1608 ama
1997 1550 2182 1605 ritudi-

598 1655 759 1710 nibus
785 1655 994 1727 Moyses
1019 1653 1305 1710 comedere
1335 1649 1550 1704 miseris
1573 1646 1738 1704 semel
1767 1645 1820 1700 in
1855 1643 2036 1700 divina
2063 1641 2180 1710 lege

598 1747 916 1802 constituit:
945 1745 1202 1819 quoniam
1245 1739 1699 1812 malm’passionis
1729 1731 2179 1816 ettribulationis

599 1837 843 1910 symbola
875 1847 1000 1898 sunt
1026 1833 1406 1906 signiﬁcativa.
1896 1861 1906 1871 -
2109 1830 2112 1834 '

668 1931 785 1986 XII.
837 1929 1115 1982 ROMANIS.
1158 1925 1215 1978 In
1253 1923 1356 1978 hac
1408 1928 1587 1976 vestra
1631 1914 2020 1987 disputatione,
2053 1909 2183 1966 illud

603 2031 816 2078 tantum
854 2017 1248 2088 approbutnus,
1285 2011 1428 2082 quod
1479 2008 1739 2064 Dominus
1789 2003 1948 2058 Jcsus
1991 2013 2182 2086 panem

597 2113 943 2170 benedictum
973 2115 1028 2163 et
1057 2105 1288 2184 fractum
1318 2102 1370 2156 in
1412 2099 1728 2155 memoriam
1769 2094 1853 2150 sui
1899 2094 1999 2148 sub
2027 2083 2184 2144 'noro

603 2213 930 2263 testamento
965 2212 1164 2268 corpus
1211 2179 1369 2250 suum
1419 2191 1656 2247 vocavit.
1708 2189 1775 2242 Et
1816 2184 1958 2258 quod
2006 2179 2184 2237 omnis

598 2297 757 2370 panis
813 2289 1119 2363 huiusmodi
1173 2286 1410 2342 viviticel
1472 2292 1529 2338 ct
1585 2282 1676 2336 dct
1722 2280 1891 2334 vitam
1943 2273 2182 2336 mundo,

597 2365 789 2460 utpote
819 2384 1010 2456 plenus
1038 2379 1231 2450 spiritu
1261 2385 1317 2432 et
1340 2374 1522 2431 calore
1552 2373 1648 2428 Dei
1680 2369 1806 2434 vivi,
1834 2377 1888 2424 et
1913 2365 2055 2438 quod
2086 2378 2184 2418 nos

603 2492 827 2550 panem,
859 2489 958 2532 vos
994 2471 1150 2548 ἄρτον
1186 2467 1394 2531 dicitis;
1427 2465 1636 2534 reliqua
1660 2478 1789 2518 vero
1835 2460 2185 2514 vehementer

600 2546 958 2630 detestamur,
989 2546 1046 2618 et
1069 2559 1218 2616 velut
1258 2557 1568 2613 hmreticum
1592 2551 1890 2610 vanitatem
1922 2557 1977 2604 et
2011 2546 2182 2602 auda-

599 2662 743 2718 ciam
789 2655 994 2714 olentia
1036 2660 1200 2723 atque
1238 2646 1590 2712 resonantia,
1638 2639 2182 2698 anathematizamus.

553 2785 558 2788 -
599 2756 734 2824 Quis
757 2754 901 2809 enim
938 2747 1157 2805 audebit
1181 2759 1376 2817 panem
1404 2740 1718 2812 quemlibet,
1751 2737 1956 2807 absque
1983 2744 2187 2805 mystc-

605 2849 688 2902 rio
720 2845 863 2918 quod
899 2855 1064 2912 supra
1089 2837 1372 2910 diximus,
1395 2845 1638 2888 asserere
1663 2829 1878 2900 plenum
1909 2825 2101 2896 spiritu
2130 2831 2185 2876 et

604 2915 932 3001 animatum,
992 2931 1096 2987 nisi
1159 2925 1458 2997 discipulus
1519 2919 1838 2978 .‘llanicbmi?
1882 2917 1987 2986 Ipsi
2039 2915 2184 2971 enim

563 3048 566 3055 ε
597 3027 911 3091 delirando,
941 3024 1084 3080 sicut
1112 3035 1239 3076 vere
1269 3017 1412 3090 pleni
1449 3013 1660 3070 insania
1679 3051 1694 3079 ,
1725 3009 2068 3081 impudenter
2098 3021 2186 3061 as-

555 3142 568 3162 -
586 3127 790 3176 serunt
815 3131 1008 3187 panem
1043 3123 1098 3169 et
1120 3113 1327 3176 viuum,
1353 3109 1585 3179 lignum,
1609 3103 1846 3174 lapidem
1873 3109 1929 3156 ct
1951 3107 2180 3163 vestem,

519 3209 535 3222 ’
599 3220 906 3278 caeteraque
934 3205 1058 3280 talia
1087 3202 1326 3257 animam
1350 3199 1576 3254 habere.
1607 3193 1742 3249 Illud
1778 3203 1996 3262 quoque
2017 3187 2180 3258 quod,

600 3317 855 3375 azymum
881 3279 1142 3369 negantes
1166 3308 1358 3364 panem
1383 3307 1524 3356 esse,
1546 3303 1642 3359 per
1659 3283 2040 3358 etymologiam
2069 3279 2186 3350 ejus

565 3417 570 3428 -
605 3371 865 3453 nominis,
887 3387 1032 3458 quod
1052 3377 1608 3462 estéprormonamini
1634 3391 1735 3432 nos
1760 3375 1977 3429 vincere
2003 3389 2016 3426 :
2047 3371 2185 3426 scia-

604 3485 678 3538 tis
721 3479 946 3538 omnino
993 3490 1189 3531 vauum
1227 3483 1282 3528 ct
1314 3470 1540 3542 puerile.
1573 3467 1711 3536 Quia
1741 3475 1797 3521 et
1819 3481 1850 3520 a
1881 3464 2185 3534 linguarum

599 3571 792 3645 peritis
839 3569 1066 3623 diversae
1094 3562 1436 3632 etvmologiae
1476 3562 1673 3614 dantur
1697 3571 1760 3612 ex
1790 3571 1898 3610 uno
1931 3553 2184 3619 nomine,

603 3661 902 3723 secundum
930 3658 1242 3713 humanum
1291 3651 1545 3722 placitum
1593 3647 1769 3716 magis
1795 3657 1956 3714 quam
1995 3657 2189 3697 secun-

573 3791 578 3796 ν
602 3759 734 3814 dum
761 3761 1008 3810 naturam
1037 3763 1241 3804 rerum.
1263 3745 1330 3800 Et
1359 3745 1412 3798 in
1434 3739 1689 3798 omnibus
1710 3737 2010 3808 Scripturis
2038 3735 2188 3790 inve-

599 3849 794 3904 nimus
829 3856 1024 3914 panem
1051 3835 1422 3894 indiﬂ‘erenter
1445 3831 1583 3896 dici,
1607 3831 1722 3888 sive
1751 3827 1914 3884 fuerit
1938 3839 2182 3899 azymus,

607 3941 722 3996 sive
743 3937 906 3994 fuerit
928 3933 1302 3990 fermentatus.
1326 3927 1481 3996 Quod
1501 3925 1630 3981 hinc
1651 3923 2026 3980 demonstrare
2051 3917 2182 3974 inci~

603 4031 800 4104 pimus.

675 4122 813 4178 XIII.
846 4116 1346 4178 Primovomnium,
1395 4127 1523 4168 ecce
1576 4124 1796 4174 manna,
1825 4115 1932 4162 tam
1970 4106 2024 4159 in
2069 4103 2187 4175 lege

604 4223 662 4270 et
709 4211 990 4284 prophetis
1041 4218 1096 4265 et
1142 4206 1388 4278 psalmis,
1434 4220 1594 4275 quam
1654 4203 1708 4256 in
1765 4197 2091 4270 evangelicis
2133 4205 2190 4251 et

607 4301 1151 4373 apostolicislitteris,
1173 4297 1350 4367 panis,
1376 4295 1426 4350 id
1451 4304 1554 4355 est,
1585 4291 1741 4367 ἅρτσς
1764 4300 2004 4346 vocatur.
2037 4287 2189 4343 Sicut

607 4393 663 4446 in
704 4389 940 4460 psalmo:
964 4386 1120 4461 ἄρτον
1143 4389 1356 4463 οὐρανοῦ
1381 4383 1558 4440 ἔδακεν
1581 4385 1774 4443 αὐτ-εἴς,
1799 4380 1951 4457 apter
1967 4380 2188 4453 ἀγγέλων

2279 539 2470 610 Iusque
2514 539 2680 593 Heliae
2729 539 2938 609 legatur
2985 537 3038 592 in
3101 536 3374 592 desertum
3423 535 3688 591 attulisse.
3743 535 3852 592 Sed

2278 633 2405 705 quid
2438 632 2636 687 multa?
2663 631 2718 686 In
2751 631 2867 701 lege
2893 637 2944 685 et
2980 631 3033 684 in
3079 628 3371 700 Evangelio
3405 625 3707 684 invenimus
3733 629 3856 693 τούς

2280 723 2470 802 ἄρτους
2497 724 2808 800 προθέσεως,
2843 721 2893 774 id
2926 728 3040 786 est,
3071 737 3230 790 panes
3277 717 3668 790 propositionis,
3717 733 3856 789 quos

2280 830 2502 888 azymos
2539 814 2709 869 fuisse
2759 828 2918 868 nemo
2947 812 3176 878 dubitat,
3205 811 3296 882 qui
3325 811 3458 886 legis
3481 809 3734 865 Mosaica:
3759 808 3858 864 ali-

2281 923 2444 978 quam
2474 905 2722 960 notitiam
2755 911 3008 958 retentat.
3033 903 3132 958 Ubi
3163 901 3400 956 dicitur:
3435 918 3456 954 t
3489 899 3681 956 Omnis
3704 898 3858 954 obla-

2283 998 2356 1054 tio
2387 1015 2506 1070 quae
2535 997 2761 1054 oll‘ertur
2797 995 3044 1060 Domino,
3075 993 3279 1064 absque
3318 991 3584 1048 fermento
3608 991 3732 1046 ﬁet:
3763 1005 3859 1046 nec

2284 1093 2577 1163 quidquam
2625 1088 2874 1145 fermenti
2904 1103 2966 1143 ac
2992 1085 3165 1142 mellis
3195 1085 3495 1140 adolebilur
3516 1085 3568 1140 in
3592 1083 3860 1139 sacriﬁcio

2279 1183 2493 1240 Domini
2540 1181 2687 1254 (Lev.
2717 1196 2774 1245 tt,
2824 1179 2936 1249 II).
2970 1199 2988 1231 ι
3038 1178 3102 1231 Et
3126 1177 3179 1230 in
3209 1175 3627 1232 Deutcronomio
3649 1173 3862 1246 Moyses

2280 1290 2524 1346 azymum
2555 1271 2800 1336 vocavit,
2827 1268 2983 1346 ἄρτον
3024 1271 3398 1334 ταπεινώσεως,
3441 1267 3505 1322 id.
3538 1274 3623 1321 est
3675 1277 3862 1336 panem

2284 1366 2598 1439 aﬂlictionis.
2652 1363 2846 1419 Sermo
2893 1377 3107 1434 quoque
3153 1361 3363 1416 Domini
3409 1361 3474 1415 ad
3520 1358 3862 1414 Ezechielem

2281 1457 2458 1512 factus
2479 1455 2652 1510 dixit:
2689 1474 2707 1506 ί
2743 1453 2808 1508 Ει
2837 1463 2912 1519 tu,
2938 1453 3010 1507 lili
3039 1451 3294 1516 hominis,
3319 1465 3470 1505 sume
3500 1449 3598 1505 tibi
3623 1447 3865 1504 frumen-

2283 1558 2416 1615 tum,
2463 1550 2746 1614 nordeum,
2773 1545 2976 1612 fabam,
3031 1544 3249 1610 lentem,
3287 1541 3492 1598 milium
3545 1551 3600 1597 et
3645 1541 3862 1604 viciam,

2282 1650 2338 1696 ct
2367 1642 2550 1695 mittes
2578 1639 2628 1694 in
2661 1653 2756 1693 vas
2787 1652 2982 1699 unum,
3023 1646 3078 1691 et
3104 1633 3272 1689 facies
3305 1633 3398 1688 tibi
3429 1647 3596 1702 panes
3640 1629 3859 1703 (Ezcrlt.

2282 1749 2358 1800 tv,
2384 1733 2461 1803 9).
2496 1751 2514 1784 ι
2549 1733 2688 1786 Ecce
2713 1739 2822 1784 tam
2856 1729 2942 1784 hic
2971 1743 3131 1798 quam
3177 1727 3230 1782 in
3274 1724 3732 1795 subsequentibus
3779 1737 3868 1792 pa.

2287 1839 2384 1879 nes
2444 1823 2714 1886 dicuntttr,
2747 1820 2834 1875 ubi
2880 1818 3022 1874 nulla
3060 1815 3310 1873 fermenti
3340 1817 3542 1872 mentio
3584 1815 3863 1889 habetur:

2285 1915 2340 1970 in
2375 1925 2582 1970 tantum
2607 1923 2664 1968 ut
2687 1910 3098 1972 subcinericius,
3123 1909 3458 1964 hordeaceus
3478 1907 3676 1962 ibidem
3709 1921 3868 1961 voce-

2288 2015 2393 2060 tur.
2437 2003 2843 2064 Verumtamcn,
2887 2010 2946 2056 ut
2987 2001 3053 2056 de
3095 2000 3294 2054 vestris
3339 1999 3545 2069 aliquid
3595 1997 3864 2059 dicamus,

2285 2096 2470 2150 audite
2502 2094 2628 2164 quid
2667 2093 2902 2148 Joannes
2940 2091 3239 2146 monachus
3268 2091 3634 2144 l).unasccnns
3667 2089 3724 2142 in
3758 2087 3868 2141 lam

2287 2187 2352 2244 de
2384 2186 2475 2240 Dei
2508 2185 2800 2242 Genitricis
2821 2185 2951 2240 dicit
2982 2203 2995 2238 :
3031 2183 3112 2253 (8)
3153 2185 3290 2238 Ἐπεὶ
3353 2177 3478 2239 αὖτε
3518 2191 3618 2238 τῶν
3674 2181 3870 2255 βρδτῶν

2286 2283 2440 2337 οὐσία
2465 2279 2549 2336 διὰ
2587 2286 2681 2336 σοῦ
2734 2279 3008 2352 ὁμιλὶσασα
3054 2279 3168 2350 θείῳ
3221 2280 3350 2353 πυρί
3410 2279 3478 2337 ὡς
3525 2274 3732 2347 ἔγκυμα
3769 2273 3866 2342 t9),

2285 2373 2515 2444 πάναγνε
2544 2371 2786 2446 παρθένε,
2817 2371 2866 2434 ἐξ
2893 2364 2950 2423 ὦ
2985 2368 3158 2430 illum;
3195 2369 3424 2424 θεοτόκον
3443 2369 3666 2426 ἀληθινόν
3699 2370 3870 2440 drape-

2285 2463 2520 2528 λάξαντα.
2553 2461 2690 2528 Quin
2715 2460 2880 2514 etiam
2913 2458 3156 2514 volumus
3190 2469 3248 2513 ut
3269 2457 3458 2512 dicatis
3489 2457 3872 2512 fermentatus-

2287 2568 2356 2606 ne
2396 2567 2618 2622 azymus
2663 2551 2734 2606 sit
2785 2550 2852 2608 de
2895 2563 3003 2623 quo
3056 2547 3310 2610 Salomon
3359 2548 3433 2608 ait
3462 2567 3476 2608 ι
3505 2545 3741 2609 ιεῖἲιινίἓ
3795 2553 3873 2608 esi

2287 2643 2492 2698 homini
2529 2641 2686 2714 panis
2724 2645 2990 2699 mendacii
3015 2643 3195 2715 (Prov.
3230 2661 3320 2710 xx,
3351 2645 3458 2717 I7).
3495 2665 3514 2698 ι
3543 2646 3647 2701 Et:
3675 2667 3694 2700 α
3717 2646 3874 2702 Panis

2287 2734 2636 2790 absconditus
2686 2735 2908 2792 suavior
2959 2744 3044 2790 est
3087 2733 3267 2807 (Prov.
3305 2752 3380 2804 rx,
3427 2737 3549 2808 17-);
3605 2757 3624 2788 ι
3670 2737 3875 2793 scilicet

2287 2841 2446 2896 quem
2479 2825 2672 2881 mulier
2695 2825 2858 2880 stulta
2891 2827 3238 2896 repromittit.
3271 2828 3335 2882 Et
3365 2828 3450 2883 hic
3472 2829 3618 2882 cnim
3662 2835 3720 2883 et
3768 2825 3875 2881 illic

2287 2935 2394 2975 non
2420 2935 2663 2992 azymus,
2695 2918 2791 2974 sed
2820 2916 2978 2996 ἄρτος
3015 2912 3232 2974 dicitur.
3259 2920 3323 2974 Et
3367 2920 3492 2990 quia
3526 2935 3624 2976 nos
3660 2919 3729 2973 ad
3775 2919 3874 2973 hoc

2288 3013 2506 3068 trahere
2535 3012 2728 3066 nititur
2752 3020 2861 3066 tota
2890 3019 3068 3067 vestra
3091 3011 3404 3082 disputatio,
3435 3019 3490 3066 ut
3531 3027 3631 3082 pro
3659 3000 3726 3067 eo
3749 3019 3874 3066 tano

2210 3141 2254 3203 C
2289 3110 2400 3156 tum
2428 3101 2572 3173 quod
2604 3101 2888 3158 Matthteus
2933 3103 3066 3158 dicit
3093 3121 3106 3157 :
3135 3103 3300 3160 λαϐὼν
3330 3103 3356 3160 ὃ
3382 3111 3558 3164 ῐησοῦς
3587 3105 3676 3160 τὸν
3703 3101 3874 3180 ἄρτον,

2285 3192 2338 3248 id
2363 3202 2446 3248 est
2471 3193 2666 3264 accepit
2696 3193 2851 3248 Iesus
2871 3210 3056 3264 panem
3085 3191 3300 3265 (Matth.
3335 3194 3626 3266 χχνι,,26),
3653 3193 3878 3264 incipia-

2284 3301 2404 3340 mus
2430 3287 2656 3342 credere
2689 3284 3078 3342 l‘ermentatum
3104 3295 3160 3342 et
3184 3302 3294 3342 non
3323 3302 3574 3358 azymum
3599 3285 3878 3371 discipulis

2285 3378 2398 3433 suis
2438 3379 2489 3433 in
2521 3379 2838 3434 memoriam
2865 3395 2979 3436 suae
3013 3380 3282 3451 passionis
3304 3381 3588 3436 Dominum
3631 3381 3875 3442 dedisse;

2285 3469 2469 3526 sciatis
2520 3470 2680 3525 istam
2733 3471 3054 3526 sententiam
3106 3481 3340 3527 vestram
3400 3473 3536 3527 satis
3603 3471 3875 3526 inﬁrmam

2285 3579 2426 3629 esse,
2453 3565 2500 3619 si
2524 3563 2667 3618 aliud
2697 3580 2802 3618 non
2835 3565 3046 3620 habetis
3093 3564 3234 3634 quod
3282 3565 3451 3636 possit
3499 3572 3696 3618 vestrae
3738 3562 3878 3634 parti

2286 3655 2488 3712 favere.
2515 3655 2702 3712 Omnis
2723 3658 2867 3712 enim
2901 3658 3167 3712 sententia
3195 3673 3259 3712 ex
3279 3657 3530 3728 Opinione
3549 3655 3878 3726 procedens,

2286 3757 2371 3804 est
2395 3749 2580 3806 dubia.
2627 3747 2758 3815 Quae
2811 3757 2989 3803 autem
3028 3765 3093 3803 ex
3144 3748 3368 3803 scientia
3419 3747 3690 3818 procedit,
3733 3754 3879 3801 certa

2287 3839 2597 3896 omnimode
2617 3848 2671 3895 et
2693 3848 2830 3894 rata.
2859 3838 3032 3904 Unde,
3091 3838 3136 3894 si
3187 3839 3348 3892 aliam
3400 3837 3730 3892 sententiam
3785 3836 3879 3890 ﬁr-

2288 3932 2512 3987 miorem
2539 3947 2642 3986 non
2673 3931 2907 3996 habetis,
2936 3930 3036 3986 hac
3062 3929 3174 3984 sola
3202 3939 3306 3984 tam
3349 3929 3598 3995 ambigua
3635 3935 3880 3981 nostrum

2286 4039 2611 4080 consensum
2635 4024 2786 4078 vobis
2815 4039 2924 4079 non
2949 4023 3295 4078 vindicabitis
3320 4040 3333 4075 :
3358 4020 3504 4090 quia,
3539 4029 3599 4073 ut
3632 4017 3882 4089 superius

2286 4115 2504 4186 capiose
2528 4113 2966 4178 monstravimus,
3015 4127 3256 4182 azymus,
3314 4111 3452 4165 sicut
3496 4107 3879 4169 fermentatus,

2288 4209 2490 4266 dicitur
2511 4207 2686 4285 ἄρτος.
2713 4206 2854 4273 Quin
2895 4206 3058 4260 etiam
3109 4203 3412 4268 Matthrcus,
3473 4202 3564 4271 qui
3616 4199 3880 4254 Hebraire

2289 4299 2508 4369 scripsit
2533 4297 2906 4368 Evangelium,
2952 4309 3058 4350 non
3107 4294 3246 4348 dixit
3279 4310 3292 4346 :
3323 4293 3486 4348 λαϐὼν
3526 4291 3552 4348 ὁ
3586 4298 3772 4354 ῐησοῡς
3799 4291 3876 4345 τὸν

2289 4388 2466 4466 ἄρτον,
2497 4388 2637 4442 sicut
2665 4385 2906 4450 Graecus,
2943 4385 3037 4440 sed
3072 4393 3128 4439 ut
3157 4383 3416 4438 Hebr-auls
3460 4383 3704 4438 Hebraeis
3731 4399 3746 4436 :
3778 4379 3878 4434 La-

607 4481 787 4554 ἔφαγεν
809 4477 1072 4556 ἅνθρωπθς
1104 4491 1118 4531 :
1147 4476 1291 4546 quod
1338 4474 1505 4529 latine
1558 4474 1758 4528 dicitur
1790 4489 1802 4524 :
1837 4487 2024 4541 panem
2075 4469 2184 4522 caeli

2294 4477 2842 4535 chathsuslechem.
2891 4475 3123 4530 Lechem
3177 4486 3358 4530 autem
3397 4472 3664 4528 Hebraice
3717 4471 3874 4527 etiam

608 4575 753 4630 dedit
774 4573 870 4639 eis,
899 4587 1087 4642 panem
1115 4557 1422 4640 arigelorﬁm
1451 4565 1781 4620 blanditi-avi!
1810 4564 1984 4618 homo.
2022 4561 2086 4616 Et
2136 4563 2188 4615 in

609 4662 904 4734 Evangelia
933 4679 946 4714 :
977 4662 1159 4729 Κύριε,
1193 4661 1274 4714 ἀεὶ
1295 4657 1380 4720 δὸς
1405 4659 1528 4728 ὑμῖν
1555 4659 1645 4713 τὸν
1691 4653 1849 4725 ἄρτον
1883 4661 2086 4710 τοῦτον.
2122 4651 2192 4706 Ει

606 4757 666 4810 in
688 4754 874 4810 Exodo
901 4769 914 4806 :
939 4747 1102 4814 Οὗτός
1129 4749 1306 4806 ἐστινὸ
1327 4745 1505 4826 ἄρτος,
1541 4744 1596 4802 ὃν
1627 4745 1814 4802 ἔδωκεν
1833 4749 1955 4816 ὑμῖν
1980 4745 2184 4816 Κύριος.

603 4847 666 4904 Si
697 4862 828 4920 ergo
855 4859 1077 4910 manna,
1114 4844 1258 4914 quod
1288 4853 1408 4898 erat
1447 4841 1629 4896 album
1667 4849 1722 4895 et
1749 4839 2013 4894 minutum
2051 4837 2191 4892 sicut

607 4953 791 4995 semen
833 4935 1127 5000 coriandri,
1162 4943 1218 4989 ct
1267 4931 1422 5002 quasi
1453 4931 1560 5003 pilo
1601 4939 1776 4984 tusum
1809 4929 1861 4983 in
1887 4925 2192 4983 similitudi-

606 5046 732 5086 nem
751 5030 985 5101 pruinae,
1012 5035 1310 5097 gustusque
1329 5022 1444 5093 ejus
1465 5022 1619 5093 quasi
1652 5019 1844 5075 similae
1864 5034 1986 5072 cum
2009 5015 2190 5080 melle,

611 5119 934 5175 auctoritate
974 5117 1156 5172 divina
1207 5115 1406 5170 dicitur
1439 5113 1617 5182 panis,
1669 5110 1786 5164 sive
1825 5105 2000 5184 ἄρτος,
2047 5105 2192 5175 quod

611 5211 797 5279 utique
847 5209 1050 5264 nullam
1104 5207 1513 5262 similitudinem
1562 5211 1657 5257 aut
1705 5216 1892 5256 verum
1942 5211 2191 5269 saporem

613 5301 768 5346 nanis
810 5299 1072 5346 habebat:
1107 5295 1379 5346 otiomodo
1413 5309 1620 5346 azvmm
1641 5291 1814 5346 possit
1847 5289 1960 5346 tolli
1993 5303 2190 5344 nomen

2289 4588 2538 4647 azymum
2565 4571 2746 4626 vocari
2782 4569 2831 4624 in
2855 4569 3274 4624 Deutcronomlo
3299 4567 3638 4638 cognoscite,
3686 4565 3776 4620 ubi
3803 4563 3877 4617 sic

2291 4665 2524 4720 habetur
2555 4681 2568 4716 :
2595 4661 2790 4716 lechem
2812 4663 2922 4726 oni,
2949 4661 2998 4714 id
3031 4670 3112 4715 est
3142 4675 3334 4729 panem
3357 4657 3692 4720 alIlictionis,
3717 4664 3873 4724 atque

2291 4767 2456 4824 panes
2483 4749 2860 4822 propositionis
2883 4747 3077 4804 lechem
3106 4749 3282 4816 pot-ini
3302 4746 3412 4818 (10)
3439 4746 3714 4800 dicuntur.
3736 4743 3878 4800 Unde

2293 4845 2346 4898 in
2387 4841 2620 4906 Psalmo,
2649 4854 2847 4895 manna
2871 4853 3087 4908 quoque
3135 4838 3384 4892 similiter
3427 4845 3662 4892 vocatur
3704 4845 3764 4890 ut
3807 4831 3876 4887 Ie-

2292 4933 2436 4986 citem
2465 4929 2678 4984 albicini
2710 4928 2821 4999 (ﬂ)
2852 4926 3005 4981 acim!
3044 4928 3111 4992 is,
3167 4927 3311 4998 quod
3341 4926 3757 4996 interpretatur,
3782 4941 3877 4995 pa-

2293 5037 2409 5076 nem
2440 5018 2744 5090 angelorum
2774 5017 3107 5071 manducavit
3131 5018 3306 5072 homo.

2365 5107 2503 5164 XIV.
2537 5106 2669 5160 Tam
2700 5107 2934 5176 copiosis
2966 5121 3096 5176 ergo
3141 5107 3301 5160 trium
3352 5106 3737 5177 principalium
3789 5106 3879 5158 liu-

2294 5211 2520 5270 guarum
2572 5197 2832 5266 exemplis
2857 5203 3168 5250 enervatam
3209 5197 3594 5270 etymologiam
3647 5209 3876 5254 vestram

2293 5303 2360 5344 ex
2386 5286 2626 5346 nomine,
2649 5287 2792 5346 quod
2839 5294 2923 5341 est
2965 5283 3142 5346 ἄρτος.
3192 5290 3463 5346 sapienter
3515 5292 3876 5346 considerate.
