4124 5374
287 410 383 471 9η

1275 360 1646 468 ADVERSUS
1684 406 2094 466 GRECORUII
2137 360 2559 470 CALUMNINS.

3459 416 3565 478 9H

286 516 472 602 aperte
519 542 624 584 non
654 524 1000 598 impugnatis,
1050 522 1337 581 nobiscum
1370 526 1571 581 sentire
1624 535 1679 579 et
1715 524 1873 596 proli—
1905 532 1948 589 Α
1978 522 2194 578 homine
2225 522 2328 576 isto
2360 537 2426 578 ex
2460 524 2546 580 his
2590 522 2644 577 in
2698 523 2896 595 quiLus
2946 538 3069 580 eum
3126 539 3302 584 aecus:
3326 526 3411 592 tis,
3464 533 3567 588 sed

287 621 384 678 teri
409 618 637 683 habetis,
667 633 916 689 azymum
946 630 1141 687 panem
1166 615 1357 681 fuisse,
1400 632 1560 686 quem
1602 616 1717 687 ipse
1760 617 1864 671 Do-

284 712 463 767 minus
488 709 645 765 Jesus
675 709 727 763 in
752 724 907 764 coena
932 707 1123 777 primis
1153 707 1411 762 Ecclesia:
1457 723 1570 762 suze
1616 706 1869 761 [inlidatu-

285 802 436 856 ribus
466 800 743 855 distribuit
769 800 819 853 in
847 798 1167 853 memoriam
1213 813 1323 852 sua:
1372 797 1660 868 passionis.
1707 796 1866 862 Nam,

283 891 423 945 sicut
452 888 780 945 sullicieuter
798 904 960 958 supra
992 897 1272 944 ostensmn
1297 897 1402 952 est,
1433 888 1484 940 in
1516 896 1723 958 septem
1771 904 1867 958 pa-

282 982 428 1038 scha:
481 982 672 1036 diebus
744 979 1129 1035 fermentatum
1194 994 1293 1034 nec
1344 979 1718 1034 inveniebatur
1772 996 1872 1035 nec

282 1074 579 1145 apparebat
617 1074 669 1128 in
697 1072 909 1129 cunctis
934 1071 1184 1127 domibus
1207 1088 1300 1127 seu
1336 1072 1538 1126 ﬁnibus
1561 1071 1745 1125 Israel.
1808 1072 1875 1126 lit

281 1166 423 1236 apud
475 1179 849 1236 quemcunque
891 1163 1080 1217 fuisset
1104 1163 1395 1226 inventum,
1436 1162 1580 1229 justa
1627 1162 1872 1217 animad-

280 1257 552 1319 versione,
578 1257 722 1311 velut
743 1256 940 1310 divina:
971 1254 1101 1325 legis
1126 1263 1511 1324 transgressor,
1561 1253 1766 1322 absque
1795 1268 1879 1307 re-

279 1348 670 1403 crastinatioue
717 1347 927 1418 peribat
961 1347 1026 1402 de
1054 1355 1195 1401 cmtu
1225 1344 1607 1399 Israelitarnm.
1654 1344 1806 1411 Quod
1832 1345 1876 1399 si

280 1428 559 1496 credimus
579 1440 759 1497 verbis
793 1440 1055 1497 Veritatis
1086 1429 1317 1495 dicentis
1348 1457 1361 1491 :
1397 1457 1414 1489 ι
1441 1437 1556 1491 Non
1606 1437 1727 1491 vcni
1772 1438 1879 1492 sol-

278 1548 410 1588 vere
436 1535 631 1601 legem,
660 1532 752 1587 sed
776 1532 1073 1601 adimplere
1105 1530 1320 1601 (Matth.
1349 1545 1403 1595 v,
1433 1530 1541 1598 l7),
1582 1549 1600 1582 ι
1655 1530 1880 1584 creden-

278 1626 409 1679 dum
439 1625 600 1679 etiam
631 1634 687 1679 et
714 1624 1118 1695 praedicandum
1149 1631 1231 1677 est
1260 1622 1545 1677 Dominqu
1573 1622 1756 1677 Jesum
1785 1639 1883 1678 nec

277 1732 447 1770 nmnn
489 1717 595 1771 iota
625 1725 715 1769 aut
748 1732 911 1770 unum
939 1716 1144 1785 apicem
1176 1714 1309 1786 legis
1336 1714 1681 1782 prmteriisse,
1727 1722 1782 1769 et
1827 1722 1883 1768 ut

277 1805 449 1859 totius
477 1805 930 1876 transgressionis
978 1813 1256 1872 expertem
1309 1802 1717 1857 insidiatoribus
1772 1803 1886 1858 suis

1968 632 2145 687 neque
2178 613 2436 671 IIerodes.
2466 614 2766 686 Corripiam
2795 632 2923 688 ergo
2963 617 3131 683 illum,
3190 630 3246 674 et
3288 619 3557 678 dimittam

1970 707 2132 780 (Ibid.
2196 706 2410 778 ιιι-ιδ).
2456 726 2474 760 ι
2553 708 2618 762 At
2689 708 2763 763 ilii
2812 709 3155 778 postulabant
3215 719 3275 766 ut
3328 714 3552 769 crucili-

1971 808 2210 871 geretur.
2234 797 2469 855 Joannes
2517 811 2694 854 autem
2739 798 2906 856 rel‘crt
2958 800 3188 856 Pilatum
3235 800 3317 858 sic
3353 802 3556 859 dixisse

1971 889 2171 946 Judzeis
2204 908 2217 946 :
2250 911 2267 941 ι
2287 890 2458 959 Quam
2496 893 2893 948 accusationem
2921 891 3129 948 all'ertis
3169 896 3431 954 adversus
3453 896 3555 952 bo-

1974 984 2173 1038 minem
2220 984 2405 1038 hunc?
2454 983 2634 1053 (Joan.
2684 984 2985 1054 xvnt,20.)
3031 984 3132 1052 Qui
3179 986 3431 1042 dixerunt
3465 988 3514 1042 ei
3552 1006 3567 1042 :

1982 1089 2000 1122 ι
2032 1071 2220 1126 Sinon
2251 1085 2397 1127 esset
2437 1072 2527 1127 hic
2554 1071 2893 1140 malefactor,
2937 1089 3043 1128 non
3103 1074 3199 1128 tibi
3255 1075 3575 1130 tradidisse-

1981 1178 2101 1217 mns
2148 1179 2272 1216 eum
2314 1162 2501 1233 (Ibid,
2528 1164 2641 1231 30).
2673 1184 2692 1216 ι
2743 1164 2806 1219 Et
2854 1174 2974 1235 post
3020 1165 3200 1234 aliqua
3241 1167 3452 1222 ditente
3494 1168 3571 1221 eis

1978 1256 2186 1311 Pilato:
2218 1274 2237 1308 ι
2269 1257 2511 1327 Accipite
2537 1273 2661 1312 eum
2690 1272 2785 1313 vos
2809 1268 2865 1312 et
2885 1258 3189 1329 crucifigite
3236 1259 3419 1329 (Joau.
3452 1276 3569 1324 xxx,

1980 1344 2056 1419 6).
2097 1368 2117 1401 ι
2152 1348 2612 1417 Responderunt:
2645 1367 2664 1400 ‹
2692 1348 2802 1404 Nos
2829 1348 3001 1418 legem
3054 1350 3340 1415 habemus,
3394 1359 3447 1406 et
3482 1365 3568 1405 se.

1981 1438 2215 1493 cundum
2252 1439 2421 1510 legem
2446 1437 2607 1494 debet
2632 1440 2791 1505 mori,
2822 1439 2945 1510 quia
2975 1440 3170 1496 Filium
3222 1441 3313 1496 Dei
3347 1457 3407 1496 se
3440 1442 3568 1496 fecit

1982 1529 2172 1599 (Ibid,
2194 1531 2270 1600 7).
2310 1550 2327 1580 ι
2357 1530 2544 1585 Nonne
2575 1538 2653 1585 tot
2684 1531 2909 1586 testibus
2950 1531 3148 1602 iniquis
3193 1532 3247 1586 in
3282 1533 3567 1588 Dominmn

1984 1621 2418 1692 insurgentibus,
2456 1632 2509 1678 ct
2535 1622 2802 1693 iniquitati
2841 1623 3120 1678 mentienti
3152 1624 3279 1689 sibi,
3328 1624 3570 1679 suffecis-

1986 1722 2069 1769 set
2091 1715 2194 1769 hoc
2222 1730 2386 1767 tnnnn
2420 1724 2658 1770 vestrum
2683 1715 3044 1781 mendacium,
3073 1716 3120 1771 si
3157 1725 3437 1772 constaret
3487 1719 3568 1773 cis

1987 1802 2176 1857 saltem
2202 1803 2304 1858 hoc
2330 1803 2542 1859 solum?
2568 1804 2756 1860 Nonne
2785 1806 3052 1861 instarent
3081 1806 3276 1872 Pilato,
3329 1817 3385 1861 et
3423 1809 3571 1865 dicc-

275 1898 483 1951 dixisse
517 1917 529 1952 :
569 1918 586 1950 ι
609 1898 741 1965 Quis
769 1914 832 1952 ex
858 1896 1013 1953 vobis
1034 1904 1225 1967 arguet
1254 1910 1340 1949 me
1363 1895 1429 1949 de
1449 1906 1670 1965 peccato
1694 1894 1875 1966 (Joan.
1916 1884 1954 1942 Β
1987 1902 2106 1948 rent
2130 1910 2143 1947 :
2176 1892 2286 1949 Nos
2311 1894 2482 1964 legem
2514 1894 2795 1962 habemus,
2824 1904 2881 1950 ct
2901 1896 3192 1951 secundum
3223 1898 3393 1968 legem
3413 1899 3573 1954 debet

274 2002 401 2051 vni,
424 1987 536 2050 Ili).
574 2006 592 2038 ι
636 1985 887 2056 Alioquin
918 2002 1016 2041 nec
1041 1986 1153 2055 ipse
1178 1994 1400 2056 peccata
1418 1985 1705 2040 multorum
1736 1985 1876 2050 tulit,

275 2096 380 2135 nec
406 2096 502 2149 pro
536 2079 1030 2150 lrausgressoribus
1050 2078 1225 2133 oravit
1257 2087 1317 2131 ut
1347 2091 1454 2131 non
1479 2077 1750 2146 perirent;
1782 2092 1879 2131 nec

273 2184 378 2237 pro
406 2168 560 2224 nobis
588 2185 801 2239 passus,
843 2170 937 2222 sed
968 2184 1067 2237 pro
1113 2184 1209 2224 sua
1251 2166 1695 2237 prievaricationc
1734 2167 1880 2237 jusle

272 2260 537 2324 punitus:
568 2259 869 2329 prmsertim
898 2259 989 2329 qui
1045 2275 1146 2314 nec
1197 2258 1345 2314 solus
1389 2256 1523 2329 legis
1581 2267 1880 2327 transgres-

272 2364 369 2403 sor
401 2347 652 2403 inventus
675 2358 779 2414 est,
809 2349 1140 2403 fermentato
1166 2349 1307 2418 apud
1354 2363 1412 2402 se
1464 2358 1590 2403 tunc
1640 2357 1875 2418 reperto,

275 2441 373 2496 sed
416 2442 639 2513 insuper
684 2442 883 2497 multos
924 2442 1215 2512 discipulos
1278 2458 1398 2496 reos
1444 2443 1635 2497 mortis
1677 2441 1875 2508 cll'ccit,

277 2533 468 2589 cibans
498 2534 618 2590 illos
645 2533 988 2589 l‘ermentato.
1021 2535 1212 2591 Videte
1238 2550 1497 2604 quorsum
1536 2536 1731 2590 evadat
1762 2537 1878 2591 haec

276 2635 459 2678 vestra
488 2625 798 2693 disputatio.
828 2624 1029 2695 Nempe
1054 2626 1097 2681 si
1125 2626 1177 2679 in
1202 2626 1543 2681 solemnitate
1564 2642 1878 2697 azymorum

277 2717 481 2771 dieitur
503 2718 742 2786 quolibet
783 2734 911 2773 usus
944 2717 1289 2783 fermentata,
1319 2733 1446 2773 vere
1500 2729 1744 2774 mortuus
1794 2734 1879 2774 as-

278 2808 488 2863 seritur
524 2808 577 2862 in
608 2819 832 2879 peccato
859 2825 983 2875 suo,
1016 2810 1106 2879 qui
1135 2818 1421 2879 peccatum
1448 2826 1552 2865 non
1578 2811 1726 2876 fecit,
1781 2827 1882 2867 nec

279 2900 536 2954 inventus
566 2910 649 2955 est
677 2900 832 2957 dolus
859 2901 912 2955 in
941 2917 1034 2955 ore
1060 2901 1249 2972 ipsius.
1279 2902 1503 2973 Insuper
1535 2902 1881 2958 administra-

279 2993 351 3048 tis
371 2990 576 3047 ludatis
607 2993 890 3047 materiam
920 3009 1169 3064 magnam
1198 2993 1300 3049 sibi
1331 2993 1577 3063 placendi
1610 3009 1772 3065 super
1805 2996 1881 3051 itt-

279 3082 610 3137 tcrfectione
638 3083 872 3148 Dmnini,
902 3092 955 3138 et
995 3084 1346 3153 permanendi
1388 3084 1439 3137 in
1469 3100 1657 3139 errore
1680 3100 1799 3149 suo,
1827 3096 1881 3141 et

279 3174 443 3227 Iidem
475 3184 715 3229 nostram
738 3174 1034 3229 evacuandi
1062 3192 1075 3227 :
1101 3174 1146 3229 si
1170 3174 1468 3245 gloriantes
1492 3177 1713 3231 nomine
1729 3174 1880 3232 Chri-

1985 1984 2148 2049 mori,
2182 1984 2309 2054 quia
2361 1985 2743 2040 fermentatum
2800 1986 2851 2038 in
2903 1986 3102 2055 pascha
3156 1987 3428 2043 comedit?
3476 1998 3575 2044 aut

1984 2086 2131 2134 certe
2160 2078 2297 2148 apud
2320 2092 2444 2133 eum
2480 2079 2764 2148 apparuit?
2794 2080 2860 2134 Et
2880 2077 3022 2136 forte
3046 2080 3253 2136 dicetis.
3274 2097 3397 2135 eum
3425 2082 3567 2138 clam

1983 2169 2157 2240 egisse
2192 2170 2314 2224 hoc.
2360 2168 2550 2223 Absit!
2594 2168 2727 2235 Quia
2758 2185 2863 2224 non
2895 2169 3067 2224 solum
3123 2170 3189 2226 de
3238 2169 3395 2227 factis
3433 2172 3569 2237 suis,

1983 2278 2171 2319 verum
2201 2272 2257 2318 et
2284 2264 2351 2319 de
2379 2263 2538 2319 dictis
2586 2263 2663 2318 ait
2718 2263 2817 2334 ipsi
2865 2261 3107 2334 pontilici
3152 2264 3566 2335 percunctanti:

1988 2373 2008 2407 σ
2038 2355 2149 2426 Ego
2178 2355 2351 2426 palam
2381 2355 2591 2411 locutus
2617 2372 2736 2411 sum
2767 2357 2986 2412 mundo.
3028 2358 3139 2429 Ego
3173 2372 3376 2429 semper
3414 2357 3573 2413 docui

1982 2446 2037 2501 in
2066 2463 2336 2518 synagoga
2374 2458 2428 2502 et
2459 2448 2512 2503 in
2537 2447 2758 2517 templo,
2790 2463 2897 2518 quo
2942 2463 3132 2504 omnes
3160 2448 3329 2504 Imhei
3378 2464 3583 2504 ρωπος

1984 2538 2158 2603 ninnt,
2190 2547 2244 2593 et
2271 2539 2323 2591 in
2356 2538 2570 2593 occulto
2595 2539 2808 2594 locutus
2830 2556 2947 2594 sum
2973 2540 3129 2595 nihil.
3157 2540 3297 2607 Quid
3351 2556 3438 2596 me
3489 2541 3572 2597 in-

1984 2629 2267 2696 terrogas?
2297 2627 2573 2698 Interroga
2629 2644 2724 2682 eos
2779 2629 2870 2697 qui
2924 2644 3011 2685 me
3062 2629 3406 2696 audiverunt,
3449 2644 3572 2699 qua:

1984 2718 2213 2772 dixerim
2234 2732 2334 2788 ego
2356 2716 2540 2787 (Joan.
2578 2732 2733 2783 xvm,
2774 2716 2868 2781 20,
2897 2716 3009 2789 2|).
3043 2736 3063 2768 ι
3120 2716 3373 2789 Nunquid
3404 2720 3571 2774 etiam

1982 2807 2260 2863 dominum
2287 2807 2478 2862 domus
2505 2807 2689 2876 inqua
2741 2807 2941 2875 pascha
2990 2806 3320 2874 celebrabat,
3365 2817 3571 2864 sancta:

1985 2898 2117 2966 legis
2140 2898 2511 2967 praevaricatio
2536 2908 2722 2968 posset
2762 2901 2969 2952 latere?
2998 2913 3159 2968 quem
3202 2908 3418 2954 constat
3474 2914 3587 2970 pa-.

1985 2996 2260 3044 ternarum
2296 2990 2643 3045 traditionum
2665 2988 3035 3045 :eniulatorem
3084 2991 3329 3060 apprime
3374 2990 3568 3049 fuisse.

1983 3082 2201 3150 Quodsi
2225 3082 2365 3138 forte
2388 3082 2611 3138 ethunc
2661 3083 2831 3139 latere
2882 3083 3079 3153 potuit,
3119 3093 3214 3137 aut
3254 3092 3404 3139 certe
3454 3083 3571 3154 ipso

1980 3174 2290 3240 consensit;
2345 3175 2586 3245 nunquid
2620 3174 2891 3230 ctJudam
2934 3174 3251 3246 complicem
3309 3174 3572 3246 maligno-

249 3263 465 3318 ‘stiano
518 3264 820 3334 objecerint
880 3265 1101 3321 Christo
1155 3267 1299 3337 quod
1351 3265 1659 3323 Judazorum
1721 3248 1951 3323 nemoC
1985 3265 2432 3322 rumJodzeorum
2454 3266 2625 3329 latere
2656 3267 2855 3336 potuit,
2878 3267 3163 3337 qui,juxta
3201 3265 3593 3335 Psalmistam,

276 3352 518 3421 obiicere
547 3357 912 3427 praesumpsit,
939 3372 1039 3412 nec
1070 3366 1196 3412 tunc
1228 3374 1325 3413 nec
1363 3359 1544 3425 modo,
1585 3360 1690 3414 nisi
1738 3359 1879 3416 forte

276 3456 471 3501 vestro
500 3449 724 3504 edoctus
759 3449 1093 3520 magisterio.
1121 3447 1379 3516 Quamvis
1418 3451 1561 3505 enim
1605 3451 1879 3521 principes

278 3542 626 3596 sacerdotum
651 3550 708 3597 et
765 3557 927 3597 omne
979 3542 1271 3597 concilium
1321 3544 1643 3611 quaesissent
1686 3542 1877 3598 falsum

279 3632 652 3688 testimonium
680 3642 871 3688 contra
896 3632 1102 3700 Jesum,
1143 3616 1201 3687 ut
1221 3648 1345 3687 eum
1375 3633 1537 3688 morti
1582 3632 1878 3699 traderent,

277 3733 467 3779 etnec
497 3725 550 3778 in
591 3725 772 3779 verbis
800 3724 915 3793 ejus
965 3724 1303 3779 invenissent
1348 3742 1363 3777 :
1411 3733 1587 3778 tamen
1639 3722 1741 3777 tale
1782 3724 1883 3779 ali-

279 3817 432 3886 quid,
469 3815 627 3886 quale
650 3831 745 3871 vos
765 3814 1025 3884 objicitis,
1058 3815 1237 3871 nullus
1258 3830 1445 3870 eorum
1469 3815 1690 3885 objecit.
1723 3815 1877 3882 Quod

280 3908 326 3962 si
354 3906 554 3961 fuisset
581 3897 876 3977 obiectum,
919 3906 1090 3961 solum
1121 3923 1288 3961 unum
1321 3905 1589 3962 sullicerct
1634 3910 1703 3963 ad
1760 3924 1880 3979 per-

281 3999 517 4053 dendum
563 3997 734 4053 illum.
782 3998 891 4054 Nec
923 3998 1040 4067 jam
1091 3997 1264 4053 Pilato
1317 3998 1562 4053 dicenti:
1594 4000 1881 4071 (Accipite

281 4080 405 4144 eum
432 4106 555 4154 vos,
585 4098 638 4145 et
666 4091 963 4146 secundum
996 4090 1168 4160 legem
1206 4098 1442 4144 vestram
1478 4087 1723 4158 jndicate
1755 4106 1879 4146 cum

284 4179 471 4251 (Joan.
519 4197 673 4248 xvm,
712 4181 826 4250 3|),
860 4200 877 4233 ι
915 4180 1160 4235 dicerent
1189 4197 1202 4232 :
1236 4177 1441 4233 «Nobis
1490 4196 1595 4234 non
1643 4180 1769 4235 licet
1802 4182 1883 4235 in-

287 4272 537 4327 terficere
599 4288 926 4341 quemquam
970 4269 1188 4342 (Ibid);
1222 4289 1241 4321 ι
1302 4269 1429 4339 quia
1461 4269 1559 4338 ipsi
1608 4279 1881 4341 prrecepta

286 4360 420 4433 legis
451 4363 1180 4419 interfecissentIertttentati
1237 4362 1577 4432 participem.
1638 4361 1880 4433 Denique

288 4460 401 4506 tota
424 4454 474 4507 in
500 4453 685 4509 Jesnm
714 4453 982 4508 calumnia
1029 4468 1094 4506 ex
1142 4451 1565 4521 interrogatione
1611 4451 1769 4507 Pilati
1824 4460 1881 4506 et

291 4545 639 4614 responsione
661 4545 968 4600 Judmornm
1004 4544 1260 4601 facillime
1289 4553 1467 4613 potest
1523 4544 1877 4599 animadverti

1986 3379 2004 3411 ι
2037 3357 2320 3415 Unanimis
2346 3358 2464 3429 ejus
2507 3359 2615 3414 dux
2636 3370 2691 3414 et
2716 3368 2878 3414 notus
2916 3356 3090 3430 (Ρεαι.
3141 3357 3386 3423 tam“).
3437 3376 3457 3412 ι
3513 3377 3571 3414 et

1978 3454 2280 3523 praesertim
2330 3453 2680 3522 dispensator
2739 3453 2875 3509 fuit?
2921 3452 3091 3521 Quem
3143 3455 3258 3524 ipse
3307 3454 3570 3511 Dominus

1978 3542 2177 3598 dilecto
2212 3541 2408 3598 Joanni
2442 3543 2819 3598 demonstrans
2845 3544 2923 3598 ait
2952 3559 2966 3598 :
2995 3562 3015 3598 ι
3050 3544 3167 3615 Ipse
3186 3552 3270 3601 est
3292 3546 3377 3599 cui
3407 3544 3571 3599 intin-

1978 3646 2122 3690 ctum
2157 3650 2356 3705 panem
2409 3650 2703 3703 porrexero
2739 3636 2924 3707 (Jaan.
2972 3651 3096 3704 xm,
3130 3638 3244 3708 26).
3280 3657 3298 3691 ι
3340 3637 3409 3693 Et
3445 3652 3571 3693 cum

1978 3725 2287 3780 intinxisset
2313 3741 2533 3796 panem,
2562 3726 2711 3780 dedit
2739 3726 2949 3783 Simoni
2994 3727 3288 3784 lscariotis.
3310 3728 3452 3784 Ecce
3479 3728 3570 3783 hic

1978 3816 2062 3870 bis
2091 3815 2225 3870 dixit
2250 3813 2422 3893 ἄρτον.
2456 3832 2616 3886 quem
2641 3832 2735 3872 vos
2766 3834 2872 3872 non
2906 3818 3006 3873 nisi
3040 3818 3430 3874 fermentatum
3479 3834 3570 3875 ac-

1980 3905 2180 3974 cipitis.
2205 3904 2358 3972 Quod
2380 3906 2424 3960 si
2451 3906 2525 3960 ita
2546 3915 2648 3970 est,
2684 3922 2806 3977 quae
2830 3924 2918 3962 res
2963 3908 3241 3977 prohibuit
3289 3907 3564 3964 infelicem

1978 3996 2193 4061 Iudam,
2220 3998 2593 4053 demonstrato
2625 3998 2740 4067 ipso
2768 3997 3114 4064 fermentato,
3168 4000 3398 4069 prodere
3441 4014 3569 4056 san-

1979 4087 2196 4158 guinem
2228 4088 2468 4157 magistri
2500 4088 2699 4158 palam,
2728 4090 3179 4159 quemadmodum
3206 4089 3419 4145 volebat
3446 4106 3571 4160 pro-

1980 4178 2108 4233 dere
2137 4177 2321 4233 clam?
2353 4177 2460 4232 Aut
2488 4180 2617 4248 quid
2646 4194 2869 4236 necesse
2912 4178 3101 4235 habuit
3128 4178 3467 4251 desperando
3491 4180 3572 4236 di-

1980 4282 2105 4323 cere
2157 4285 2172 4323 :
2220 4286 2240 4320 τι
2282 4267 2540 4335 Peccavi,
2592 4272 2810 4325 tradens
2874 4270 3193 4341 sanguinem
3258 4269 3501 4341 justum?
3543 4288 3564 4324 ι

1982 4359 2197 4431 (Matth.
2222 4375 2391 4425 xxvn,
2417 4360 2498 4432 4),
2520 4363 2918 4418 cmntradendo
2950 4372 3407 4435 transgressorem
3435 4363 3572 4436 legis

1980 4452 2289 4506 averterita
2315 4467 2373 4506 se
2395 4463 2449 4506 et
2477 4468 2507 4507 a
2535 4453 2730 4524 popqu
2758 4454 2997 4510 furorem
3051 4454 3285 4524 Domini,
3340 4467 3397 4513 et
3446 4472 3571 4528 gra-

1985 4540 2115 4596 tiam
2149 4544 2553 4611 promeruerit?
2580 4543 2652 4600 Ut
2677 4545 2820 4599 enim
2852 4554 3179 4615 przeceptum
3218 4545 3353 4618 legis
3376 4549 3571 4603 divina:

283 4631 437 4701 juxta
468 4635 816 4706 Evangelium
851 4634 1085 4689 Mattlnei
1129 4642 1185 4688 et
1240 4632 1433 4697 Marci,
1485 4634 1600 4698 ubi,
1648 4633 1882 4689 interro-
1913 4615 2149 4704 Dsuper
2186 4634 2290 4689 hoc
2321 4635 2559 4690 breviter
2608 4644 2911 4705 tangamus,
2969 4615 3295 4706 perpendite
3335 4639 3463 4707 quid
3517 4641 3570 4692 in

287 4735 451 4793 gante
479 4727 652 4783 Pilato
678 4746 691 4781 :
735 4745 753 4779 ι
778 4727 917 4795 Quid
944 4728 1089 4782 enim
1123 4718 1435 4794 tnal|_l’ecit?
1456 4725 1671 4797 (Matth.
1708 4741 1881 4789 xxvii,

284 4820 403 4890 25),
437 4843 461 4875 ι
519 4825 929 4879 clamaverunt:
961 4842 978 4874 ι
1000 4820 1363 4891 Cruciligatur
1387 4818 1594 4891 (Ibid).
1626 4837 1644 4868 ι
1691 4817 1881 4887 Porro,

282 4910 426 4967 Luca
463 4921 774 4978 attestanle,
805 4915 983 4969 omnis
1037 4912 1328 4969 multitudo
1377 4909 1654 4963 tradentes
1699 4906 1882 4967 Jcsum

280 5005 466 5063 Pilato
522 5008 815 5064 dixerunt:
865 5007 1059 5064 «Hunc
1117 5004 1426 5060 invenimus
1478 5002 1883 5057 subvertentem

276 5107 505 5169 gentem
533 5110 797 5164 nostram,
828 5109 882 5154 et
912 5100 1289 5167 prohibentem
1323 5094 1525 5149 tributa
1589 5091 1707 5147 dari
1763 5090 1884 5147 Ca:-

280 5190 407 5256 Sari,
433 5201 501 5245 et
527 5192 797 5248 dicentem
835 5206 893 5246 sc
915 5190 1192 5247 Christum
1225 5200 1404 5255 regem
1422 5183 1882 5254 essc(Luc.xxm,

285 5281 364 5348 9.).
405 5302 422 5335 ι
458 5283 658 5350 Quibus
682 5283 845 5357 paulo
886 5294 1005 5352 post
1032 5285 1109 5339 ait
1152 5276 1399 5333 Pilatus:
1436 5276 1618 5332 «Nihil
1672 5277 1885 5332 invenio

1986 4723 2409 4781 Deuteronomio
2434 4726 2593 4781 latins
2621 4727 2834 4781 dicatur
2859 4744 2873 4780 :
2906 4745 2924 4777 ι
2955 4726 3012 4782 Si
3036 4726 3302 4797 propheta
3323 4725 3575 4797 quilibet.

1985 4817 2100 4871 sive
2135 4814 2305 4870 frater
2331 4825 2474 4882 tuus,
2531 4816 2674 4871 ﬁlius
2721 4824 2815 4869 aut
2867 4816 3000 4885 ﬁlia,
3043 4831 3184 4869 uxor
3233 4816 3320 4870 vel
3367 4818 3577 4872 amicus

1988 4919 2150 4975 quem
2180 4905 2361 4971 diligis
2390 4906 2708 4960 utanimam
2743 4915 2913 4971 tuam,
2972 4902 3212 4959 voluerit
3264 4905 3404 4960 clam
3460 4923 3581 4976 per-

1987 4996 2218 5055 suadere
2248 4996 2341 5049 tibi
2366 5005 2424 5051 ut
2451 5000 2715 5052 avertaris
2749 5014 2779 5050 a
2804 4993 3144 5054 czerimoniis
3171 4993 3332 5063 legis,
3364 5012 3469 5051 non
3497 5012 3587 5052 ae-

1987 5088 2241 5162 quicscas
2262 5088 2333 5152 ei,
2370 5104 2470 5144 nec
2491 5091 2701 5155 audias,
2734 5104 2910 5155 neque
2947 5090 3147 5164 parcat
3180 5084 3234 5137 ei
3259 5093 3385 5144 tuus
3408 5088 3591 5143 oculus

1989 5192 2051 5237 ut
2072 5177 2381 5234 miserearis
2406 5181 2719 5236 ctoccultes
2743 5195 2897 5247 eum;
2929 5180 3026 5239 sed
3081 5174 3274 5230 statim
3325 5178 3592 5248 proditum

1988 5270 2189 5346 populo
2216 5269 2914 5336 interlicies,tttavcrlatur
2959 5265 3234 5330 Dominus
3278 5270 3349 5327 ab
3386 5272 3468 5326 ira
3515 5269 3598 5324 Iu-
