4124 5374
482 341 615 409 ’ὯΒ

1546 349 1998 421 ⁵ῙΙῙΞΜΒΕΙΥΙἹῙΞ
2037 353 2097 411 S.
2141 356 2205 411 R.
2237 353 2299 409 E.
2335 350 2750 409 CARDlNALIS

3676 348 3795 409 9“

511 462 825 522 stabilitatis
846 451 1019 531 littus,
1065 463 1377 521 ﬂuctuando
1428 465 1822 534 pertrahuntur
1857 466 1911 519 in
1969 464 2098 520 illud
2127 472 2172 531 Λ
2205 473 2312 521 tam
2343 464 2608 520 decimam
2638 463 2818 518 lunam
2861 461 3187 528 omnimodis
3238 463 3637 521 observandam
3691 466 3795 522 de-

512 560 708 615 divina:
736 556 1138 627 omnipotentiae
1162 556 1405 627 pelagus.
1430 553 1677 626 Namque
1701 556 2103 611 sciscitantibus

511 654 669 707 nobis
720 651 864 706 unde
910 650 1170 705 Dominus
1208 647 1369 704 Iesus
1424 646 1803 702 fermentatum
1856 648 1911 702 in
1946 663 2101 704 caena

494 741 788 806 imbuerit,
829 757 952 796 cum
980 741 1034 795 in
1064 741 1317 795 omnibus
1367 740 1565 794 finibus
1592 739 1755 794 lsrael
1794 754 1898 793 non
1947 740 2099 795 inve.

510 831 744 894 niretur,
772 830 1096 900 respondent
1130 847 1143 882 :
1171 828 1228 883 Si
1260 828 1501 883 creditur
1520 830 1881 899 omnipotens,
1928 828 2101 900 potuit

508 923 690 977 subito
757 923 1116 990 undi-cunque
1174 919 1557 975 fermentatum
1616 920 1875 975 exhibere
1924 962 1942 985 ,
2006 929 2100 976 aut

496 1026 656 1071 certe
679 1016 855 1083 ipsum
881 1030 1129 1085 azymum
1167 1014 1538 1070 benedicendo
1560 1015 1906 1069 fermentare.
1946 1014 2098 1082 Quod

502 1121 681 1176 quam
711 1106 781 1159 sit
802 1103 1053 1159 frivolum
1085 1118 1245 1159 nemo
1274 1119 1380 1158 non
1429 1104 1712 1174 intelligit;
1762 1104 1910 1171 quia,
1957 1120 2095 1173 quo-

496 1214 722 1268 cunque.
769 1199 929 1251 modo
975 1198 1116 1266 apud
1152 1211 1274 1251 eum
1327 1196 1381 1250 in
1434 1196 1546 1265 ipsa
1598 1194 1943 1251 solemnitate
1991 1196 2098 1250 fer-

505 1296 810 1344 mentatum
854 1287 1233 1358 apparuisset,
1293 1286 1425 1358 legis
1480 1296 1851 1357 transgressor
1898 1287 2094 1353 fieret,

503 1381 669 1451 plane
694 1381 889 1451 dignus
916 1378 1122 1449 puniri,
1149 1378 1242 1449 qui
1277 1378 1329 1431 in
1372 1376 1575 1431 sancta:
1630 1377 1768 1448 legis
1814 1388 2093 1431 contume-

502 1471 630 1526 liam
659 1470 1042 1525 fermentatum
1067 1478 1371 1524 tractasset.
1404 1466 1648 1531 Sed,etsi
1673 1466 1912 1537 quolibet
1933 1467 2092 1522 modo

501 1561 555 1616 id
581 1561 773 1617 fuisset
819 1560 1063 1624 factum,
1119 1559 1318 1630 aliquis
1369 1558 1836 1630 Evangelistarum
1878 1567 2090 1613 tantum

494 1661 755 1707 narraret
775 1651 1119 1717 miraculum,
1146 1666 1254 1705 non
1289 1649 1513 1705 inferius
1533 1649 1627 1704 illo
1648 1665 1758 1721 quo
1794 1665 1933 1720 aqua
1961 1666 2091 1705 con-

499 1757 659 1799 versa
692 1754 952 1799 narratur
1002 1744 1058 1799 in
1104 1744 1311 1798 vinum.
1365 1742 1433 1797 Et
1486 1758 1610 1798 cum
1658 1752 1766 1797 tam
1816 1738 2093 1799 subtiliter

2204 558 2442 613 nuntiat.
2464 556 2526 610 Et
2540 555 2754 611 mundis
2768 554 2986 625 quidem
3021 566 3269 626 quartam
3298 557 3565 614 decimam
3595 559 3787 616 lunam

2202 644 2362 716 primi
2413 647 2633 711 mensis,
2661 646 2950 702 immundis
2973 657 3153 701 autem
3200 659 3448 718 quartam
3503 651 3787 706 decimam

2202 737 2422 793 secundi
2448 737 2667 792 mensis.
2698 737 2765 791 Et
2793 738 3100 808 quicunque
3138 738 3296 792 aliter
3317 740 3784 810 prmsumpsisset,

2201 832 2267 885 de
2291 831 2466 885 medio
2494 830 2674 901 populi
2705 831 2788 885 sui
2819 832 3041 901 periret.
3075 831 3226 898 Quod
3253 832 3297 887 si
3326 834 3592 903 quaeritur
3611 850 3789 905 quare

2198 916 2433 977 Joannes
2455 924 2718 977 decimam
2745 923 3207 994 quintamlunam,
3263 925 3314 980 id
3362 934 3470 991 est,
3510 941 3547 980 a
3574 927 3784 998 pascha

2199 1014 2514 1079 secundam,
2544 1011 2739 1066 dixerit
2766 1014 3005 1081 pascha?
3031 1030 3152 1067 cum
3180 1014 3429 1069 videatur
3452 1016 3639 1072 dicere
3685 1018 3787 1073 de-

2195 1098 2378 1155 buisse
2412 1100 2515 1154 :Et
2543 1100 2642 1171 ipsi
2672 1117 2777 1155 non
2810 1103 3132 1156 introierunt
3164 1106 3214 1157 in
3247 1106 3559 1175 praetorium
3591 1116 3652 1162 ut
3672 1124 3783 1163 non

2195 1192 2726 1256 contaminarentur,
2750 1192 2843 1247 sed
2881 1202 2940 1246 ut
2969 1194 3348 1249 mauducarent
3390 1214 3614 1268 azyma,
3644 1214 3788 1270 quo-

2194 1296 2314 1335 rum
2335 1283 2506 1352 prima
2534 1292 2652 1336 erat
2693 1284 2809 1339 dies
2846 1284 2957 1354 ipsa
3004 1303 3021 1339 :
3058 1288 3246 1342 sciatis
3294 1287 3665 1344 indilierenter
3711 1291 3784 1342 ah

2192 1370 2549 1445 Evangelistis
2594 1375 2698 1429 dici
2726 1377 2921 1443 pascha
2945 1387 2997 1429 et
3020 1394 3226 1446 nzynm.
3272 1377 3405 1431 Nam
3436 1379 3563 1434 licet
3599 1379 3786 1434 Domi-

2193 1479 2294 1519 nus
2332 1465 2611 1535 discipulis
2643 1466 2886 1520 dixerit:
2943 1486 2961 1518 ι
3017 1468 3182 1522 Scitis
3233 1468 3357 1538 quia
3382 1479 3505 1539 post
3555 1470 3785 1525 biduzm

2190 1555 2388 1623 pascha
2412 1554 2502 1609 fiet
2529 1553 2742 1625 (Matth.
2767 1571 2913 1620 xsvr,
2936 1556 3016 1627 2).
3052 1576 3075 1609 ι
3100 1555 3380 1612 Μιιιιιιεειιε
3404 1570 3584 1613 tamen
3610 1559 3787 1629 ipsius

2190 1646 2294 1701 diei
2327 1647 2378 1701 in
2405 1645 2558 1714 cujus
2590 1662 2814 1717 vespere
2867 1646 3029 1704 ﬁebat
3076 1652 3276 1719 pascha
3328 1653 3658 1707 mentionem
3703 1653 3786 1707 faa

2190 1740 2362 1804 ciens,
2424 1740 2599 1810 inquit
2634 1760 2649 1795 :
2682 1761 2701 1792 ι
2737 1740 2915 1797 Prima
2945 1753 3126 1798 autem
3165 1760 3478 1818 azymorum
3525 1762 3779 1803 accesSc-

496 1846 647 1907 gcsta
682 1835 799 1891 sive
826 1836 968 1889 dicta
998 1835 1052 1889 in
1094 1834 1207 1905 ipsa
1258 1847 1412 1888 cmna
1468 1833 1784 1889 describunt
1831 1843 1890 1889 ut
1922 1836 2085 1889 etiam
2117 1822 2165 1884 Β
2192 1840 2320 1885 runt
2346 1831 2594 1901 discipuli
2627 1834 2692 1887 ad
2714 1832 2918 1899 Jesum,
2949 1835 3226 1890 dicentes:
3252 1838 3339 1892 ubi
3397 1840 3479 1893 vis
3522 1856 3785 1910 paremus

474 1929 679 1998 raliqna
717 1926 864 1981 velut
903 1926 1083 1980 minus
1125 1925 1437 1981 necessaria
1498 1925 1786 1980 videantur
1832 1926 2083 1991 recitare,

492 2020 638 2074 sicut
671 2018 797 2072 illud
843 2026 926 2071 est
952 2017 1017 2071 de
1058 2018 1406 2072 contentione
1434 2016 1707 2087 prioratus
1742 2016 1886 2072 inter
1918 2017 2085 2071 disci-

480 2112 651 2181 pulos
694 2109 875 2175 facta,
924 2112 1038 2166 sive
1084 2110 1225 2180 quod
1293 2109 1551 2163 Dominus
1613 2110 1726 2179 ipse
1772 2108 2088 2179 praeceperit

491 2205 651 2259 vendi
678 2204 915 2259 tunicam
941 2214 997 2257 et
1021 2203 1125 2255 emi
1157 2202 1426 2272 gladium;
1460 2203 1732 2272 quomodo
1759 2212 1866 2256 tam
1917 2202 2087 2256 obsti-

491 2306 625 2350 nato
670 2294 888 2349 silentio
933 2294 1201 2348 reticuere
1247 2302 1358 2347 tam
1419 2294 1711 2347 necessarii
1761 2293 2084 2349 saeramenti

474 2385 729 2452 initium,
755 2393 809 2440 et
835 2394 892 2438 ut
922 2385 995 2439 ita
1050 2384 1330 2449 dicamus,
1381 2385 1747 2439 omnnrodam
1793 2397 2082 2442 metamor-

486 2475 725 2547 phosint,
748 2483 797 2530 et
826 2474 1041 2545 qualem
1065 2488 1162 2528 vos
1182 2474 1503 2527 somniaris?
1534 2474 1715 2543 Neque
1736 2476 1880 2529 enim
1911 2475 2086 2529 fuerat

489 2568 828 2640 negligenter
851 2567 1407 2628 commemorandum,
1445 2571 1587 2636 quod
1616 2568 1781 2623 totius
1831 2568 2084 2623 Ecclesia:

488 2668 670 2715 exstat
700 2659 1133 2722 fundamentum,
1162 2669 1217 2712 et
1242 2675 1413 2729 usque
1446 2661 1741 2714 secundum
1766 2660 1965 2716 Christi
1991 2662 2087 2715 ad-

488 2750 714 2806 v‘entum
748 2750 1004 2804 retinebit
1037 2748 1469 2806 Christianitatis
1514 2760 1739 2814 statum,
1794 2768 1891 2822 per
1939 2753 2081 2822 quod

488 2842 547 2899 in
576 2841 795 2897 Christo
820 2854 1124 2905 manemus,
1157 2851 1214 2894 et
1239 2840 1353 2911 ipse
1405 2841 1457 2896 in
1510 2843 1685 2897 nobis.
1743 2842 1897 2900 Unde
1941 2860 2037 2901 vos
2063 2886 2078 2911 ,

490 2930 815 2987 assertiouis
835 2937 1032 2986 vestra:
1061 2929 1433 2986 difficultatem
1463 2932 1631 3002 passi,
1677 2933 1935 2989 laboratis
1986 2950 2081 2989 no-

477 3022 575 3078 bis
606 3021 979 3092 praeiudicium
1010 3019 1191 3075 facere
1217 3037 1282 3078 ex
1304 3023 1695 3092 omnipotentia
1718 3022 1942 3080 Christi.
1974 3024 2080 3079 Sed

480 3115 643 3169 vobis
669 3112 902 3169 fideliter
930 3123 986 3168 et
1011 3122 1326 3169 constanter
1367 3115 1756 3184 respondemus
1782 3132 1795 3167 :
1820 3116 2078 3183 Quamvis

2188 1922 2281 1979 tibi
2305 1924 2505 1993 pascha
2532 1925 2818 1980 comedere
2866 1925 3058 1997 (lbid.,
3094 1928 3199 2000 l").
3228 1948 3247 1982 ι
3306 1930 3403 1985 Cui
3434 1930 3788 1986 concordacs

2184 2014 2400 2070 Marcus
2442 2017 2556 2070 ait:
2587 2034 2606 2068 ι
2639 2016 2768 2070 Erat
2816 2018 3017 2089 pascha
3061 2027 3116 2074 et
3158 2036 3345 2091 azymi
3395 2032 3517 2091 post
3554 2023 3779 2075 biduum

2186 2102 2380 2176 (Marc.
2427 2121 2542 2172 xrv,
2598 2107 2667 2177 l).
2701 2125 2721 2158 ι
2774 2107 2840 2163 Et
2884 2118 3005 2179 post
3042 2124 3255 2179 pauca:
3291 2130 3311 2163 ι
3347 2110 3412 2164 Ει
3459 2112 3632 2181 prima
3690 2113 3782 2165 die

2184 2212 2523 2268 azymorum,
2549 2201 2764 2269 quando
2785 2203 2981 2270 pascha
3004 2202 3353 2258 immolabant
3384 2203 3571 2275 (lbid.,
3603 2204 3719 2271 12).
3753 2223 3776 2255 ν

2186 2287 2286 2344 Ubi
2352 2289 2398 2343 si
2459 2288 2830 2346 indifferenter
2892 2311 2998 2347 non
3057 2296 3397 2365 accipiuntur
3458 2296 3658 2367 pascha
3723 2304 3783 2350 ct

2183 2393 2393 2449 azyma,
2423 2388 2482 2432 ut
2509 2382 2667 2434 modo
2695 2382 2892 2450 pascha
2920 2399 3017 2452 pro
3042 2383 3181 2440 festo
3203 2401 3542 2457 azymorum,
3603 2387 3778 2441 modo

2184 2470 2381 2525 festum
2404 2486 2717 2543 azymorum
2749 2472 3080 2545 intelligatur
3101 2494 3198 2547 pro
3221 2480 3443 2547 pascha,
3496 2480 3785 2549 quomodo

2183 2562 2373 2616 stabit:
2397 2582 2415 2613 ι
2434 2562 2561 2617 Erat
2584 2567 2782 2632 pascha
2811 2574 2868 2619 et
2886 2580 3073 2638 azyma
3099 2577 3221 2637 post
3242 2568 3504 2623 biduum"
3528 2588 3547 2620 ι
3579 2568 3775 2638 (Ibid.,

2186 2654 2261 2726 l.)
2291 2651 2421 2707 Nam
2454 2652 2609 2722 juxta
2652 2655 2961 2726 opinionem
2993 2669 3228 2714 vestram
3271 2661 3553 2716 del-uitsic
3575 2661 3779 2716 scribi:

2184 2746 2311 2800 Erat
2327 2747 2528 2815 pascha
2556 2757 2678 2817 post
2701 2748 2941 2814 biduum,
2971 2760 3024 2804 et
3054 2768 3239 2823 azyma
3265 2764 3380 2824 post
3404 2755 3647 2809 biduum.
3666 2754 3777 2809 Sed

2182 2836 2373 2892 beatus
2401 2837 2577 2892 Lucas
2601 2853 2817 2893 omnem
2847 2841 3152 2910 hujusmodi
3203 2843 3507 2897 dissolvens
3551 2852 3780 2898 contro‘

2182 2930 2415 2983 versiam
2447 2929 2621 3000 inquit
2652 2947 2666 2983 :
2698 2950 2717 2982 ε
2751 2931 3232 3002 Appropinqualiat
3280 2935 3396 2988 dies
3427 2949 3774 3005 azymorum,

2180 3022 2274 3092 qui
2301 3023 2505 3078 dicitur
2539 3006 2737 3092 pascha
2769 3022 2923 3089 (Luc.
2955 3040 3090 3092 χχιι,
3122 3026 3195 3095 l).
3227 3045 3244 3077 ι
3278 3026 3343 3081 Et
3389 3026 3516 3097 quia
3557 3044 3681 3080 cum
3708 3041 3781 3080 eo

2181 3112 2271 3180 qui
2301 3111 2517 3181 proprie
2547 3111 2828 3167 dicebatur
2850 3113 3073 3182 pascha,
3106 3116 3496 3185 subsequentes
3550 3130 3780 3184 quoque

488 3204 672 3259 omnia
695 3217 1030 3273 quaecunque
1074 3201 1244 3256 voluit
1275 3201 1464 3257 fecerit
1510 3211 1565 3257 et
1608 3201 1773 3258 faciat
1822 3204 2080 3260 Dominus
2106 3186 2150 3247 (ἶ
2182 3217 2388 3274 septem
2420 3206 2537 3261 dies
2564 3222 2875 3277 azymorum
2915 3207 3135 3262 abusive
3181 3208 3634 3278 nuncupabantur
3681 3225 3786 3278 pa-

487 3293 670 3358 Jesus,
698 3294 803 3348 hoc
833 3293 1011 3348 facere
1033 3306 1139 3346 non
1173 3292 1365 3362 potuit,
1394 3292 1535 3346 sicut
1557 3294 1827 3363 quondam
1855 3293 1922 3347 de
1947 3294 2080 3364 Ιιιρί-

491 3384 653 3440 dibus
687 3399 879 3454 panem
928 3382 1107 3437 facere
1137 3398 1244 3437 non
1276 3383 1471 3453 potuit.
1525 3382 1581 3437 Si
1613 3384 1895 3453 quaeritur,
1945 3386 2081 3439 cur?

489 3473 738 3529 Breviter
769 3472 1153 3542 respondetur,
1172 3471 1297 3540 quia
1323 3471 1518 3525 noluit.
1569 3470 1675 3525 Sed
1726 3473 1868 3526 unde
1913 3473 2082 3526 scitur

490 3566 619 3637 quia
650 3564 857 3619 noluit?
881 3563 1136 3633 quianon
1185 3562 1484 3632 transgredi
1534 3562 1708 3632 potuit
1754 3577 1857 3616 nec
1901 3571 2079 3617 trans-

492 3671 713 3731 gressus
735 3666 816 3713 est
838 3656 1036 3727 legem,
1062 3669 1348 3724 quamnon
1367 3653 1513 3708 venit
1537 3653 1767 3720 solvere,
1794 3655 1886 3708 sed
1916 3655 2083 3708 adim-

489 3752 658 3823 plere.
714 3750 901 3820 ltaque
933 3762 1156 3803 unmne
1184 3747 1393 3801 duobus
1449 3746 1664 3815 eligatis
1708 3760 1929 3801 necesse
1977 3755 2080 3801 est.

490 3846 603 3900 Aut
632 3844 775 3898 enim
804 3842 1130 3897 fermentato
1151 3839 1361 3909 abiecto
1390 3839 1443 3893 in
1468 3837 1814 3894 solemnitate
1859 3854 2080 3910 azymo-

497 3954 615 3992 rum
642 3937 816 4008 lcgem
852 3932 1113 4004 implevit,
1138 3942 1231 3986 aut
1254 3941 1509 4001 suscepto
1536 3930 1864 3985 fermentato
1912 3930 2082 3999 legem

484 4029 676 4091 solvit,
706 4036 928 4097 propter
958 4040 1118 4095 quam
1149 4024 1544 4093 adimplendam
1570 4038 1629 4077 se
1655 4023 1871 4077 venisse
1926 4039 2081 4076 tuen-

491 4125 623 4175 titus
656 4119 982 4181 invenietur,
1014 4116 1156 4184 quod
1186 4114 1355 4168 absit!
1389 4113 1557 4168 Porro
1603 4114 1669 4168 dc
1700 4113 2086 4182 omnipotentis

493 4210 588 4265 Dei
613 4210 1047 4278 coomnipntente
1063 4206 1218 4267 Filio,
1249 4207 1322 4259 ita
1355 4205 1649 4260 habeturin
1675 4204 1898 4260 Joannis
1913 4203 2085 4258 Evan-

495 4300 679 4369 geho:
727 4315 747 4349 σ
780 4296 896 4351 Non
941 4305 1118 4365 potest
1152 4294 1320 4348 Filius
1373 4294 1554 4349 facere
1600 4295 1893 4363 quidquam
1943 4310 1974 4347 a
2027 4308 2085 4348 se

498 4390 719 4459 (Matth.
752 4405 802 4451 ν,
834 4387 952 4457 19).’
977 4405 995 4437 ι
1024 4385 1125 4451 Qui
1153 4386 1339 4447 etiam,
1392 4384 1683 4439 secundum
1730 4383 1988 4449 Marcum,
2031 4385 2084 4439 in

496 4483 671 4554 patria
704 4497 796 4536 sua
826 4495 930 4534 non
955 4488 1163 4548 poterat
1194 4478 1421 4532 virtutes
1442 4478 1639 4532 multas
1670 4476 1866 4532 facere.

570 4574 709 4630 XVI.
747 4573 883 4628 Hinc
905 4573 979 4628 nil
1005 4571 1508 4641 tergiversationum
1538 4580 1833 4623 vestrarum
1860 4577 2083 4639 przetcr-

502 4670 804 4730 mittentes,
848 4667 972 4736 quia
1028 4663 1385 4720 consideratis
1415 4672 1601 4717 vestro
1638 4661 1962 4719 fet-memnto
2001 4679 2085 4718 se-

501 4758 734 4815 cundum
749 4757 919 4825 legem
932 4765 986 4810 et
1003 4751 1508 4823 Evangeliumjuste
1520 4753 1818 4808 contradici
1841 4765 2085 4808 astruere

500 4848 768 4903 conamini
824 4847 1109 4902 Dominum
1178 4861 1282 4899 non
1344 4842 1647 4898 celebrasse
1698 4844 1894 4913 pascha
1958 4858 2082 4897 cum

497 4940 698 4995 Iudaeis
735 4948 927 5009 quarta
958 4938 1165 4993 decima
1199 4936 1322 4990 luna
1348 4934 1548 4989 mensis
1578 4936 1757 5004 primi,
1789 4935 1883 4989 sed
1912 4933 2088 5001 prius-

501 5042 662 5062 ιηισηη
698 5027 846 5062 “non.
877 5026 1064 5062 Ian-alia
1093 5024 1322 5062 «hiat-lin
1353 5024 1660 5062 fonnantnli
1716 5023 1777 5062 Ri
1830 5023 1929 5062 Imn
1961 5036 2086 5062 nm-

2114 4539 2161 4596 D

2182 3299 2337 3364 Scha,
2368 3313 2528 3368 quem
2564 3298 2705 3352 diem
2738 3298 2897 3353 vellet
2938 3299 3244 3369 specialiter
3281 3294 3526 3369 intelligi,
3578 3299 3633 3354 in
3690 3314 3787 3353 sco

2180 3390 2469 3461 quentibus
2515 3389 2635 3444 luce
2685 3389 2888 3445 clarius
2934 3391 3195 3455 ostendit,
3229 3390 3412 3444 dicens
3454 3404 3469 3443 :
3531 3408 3552 3440 ι
3613 3387 3782 3443 Venit

2180 3488 2360 3535 autem
2411 3468 2887 3550 dies‘azymorum,
2913 3482 2964 3534 in
2990 3495 3095 3550 qua
3144 3496 3364 3535 necesse
3426 3490 3548 3535 erat
3596 3480 3776 3534 occidi

2181 3574 2385 3642 pascha
2417 3573 2611 3641 (lbid.,
2640 3573 2716 3644 7).
2753 3592 2772 3625 ι
2828 3573 2979 3639 Quod
3032 3573 3188 3642 plane
3229 3575 3281 3627 in
3322 3584 3517 3644 quarta
3560 3572 3776 3626 decima

2183 3663 2306 3717 luua
2335 3663 2496 3717 ﬁebat
2522 3664 2587 3716 ad
2618 3679 2922 3731 vesperum,
2950 3662 3164 3733 quando
3194 3679 3364 3735 agnus
3385 3663 3775 3725 occidebatur;

2182 3767 2343 3822 quem
2367 3752 2530 3805 etiam
2570 3752 2768 3822 pztSt'ha
2811 3753 2915 3807 diei
2954 3753 3031 3807 sic
3078 3752 3416 3824 Evangelista
3474 3751 3781 3823 perhibuit,

2184 3852 2243 3896 ut
2267 3842 2439 3912 ipsum
2464 3844 2663 3911 pascha
2687 3842 3039 3897 occidendum
3070 3842 3295 3898 diceret.
3350 3842 3497 3897 ldem
3551 3859 3776 3912 quoque

2188 3933 2245 3987 in
2274 3933 2499 3987 Actibus
2522 3932 2886 4002 apostolorum
2918 3942 3103 3987 narrat
3129 3936 3267 4002 quod
3292 3933 3532 3988 Herodes
3554 3946 3785 4003 captum

2184 4024 2404 4079 Petrum
2435 4024 2581 4077 misit
2609 4024 2660 4076 in
2686 4038 2982 4086 carcerem,
3033 4023 3217 4078 volens
3244 4033 3363 4093 post
3391 4024 3598 4093 pascha
3652 4039 3783 4095 pro-

2184 4118 2385 4171 ducere
2425 4132 2547 4170 eum
2595 4115 2816 4186 pepulo.
2864 4117 2963 4182 Qui
3012 4118 3152 4188 quod
3197 4119 3397 4187 pascha
3447 4118 3598 4173 dicat
3651 4135 3778 4173 mox

2187 4208 2520 4278 subjungens
2544 4207 2783 4262 declarat
2808 4225 2821 4260 :
2857 4227 2875 4258 ι
2898 4208 3065 4262 Erant
3089 4218 3269 4262 autent
3311 4210 3427 4264 dies
3454 4226 3779 4281 azymorum

2188 4300 2327 4369 (Art.
2360 4316 2455 4361 xu,
2479 4298 2556 4369 5).
2598 4317 2615 4349 ι
2673 4297 2780 4352 Nec
2813 4299 3028 4352 mirum.
3055 4299 3187 4354 Cum
3210 4302 3371 4353 etiam
3394 4300 3568 4355 Exodi
3615 4303 3779 4355 tertio

2188 4389 2470 4450 Dominus,
2509 4387 2611 4441 tria
2636 4385 2772 4441 festa
2800 4388 3137 4458 praecipiens,
3188 4391 3390 4460 pascha
3447 4392 3645 4457 tacuit,
3683 4408 3783 4443 se-

2187 4478 2522 4534 lemuitatem
2548 4493 2861 4547 azymorum
2894 4487 3103 4533 tantum
3125 4481 3388 4537 custodiri
3414 4479 3607 4549 jussit,
3657 4497 3780 4552 qua:

2187 4570 2551 4640 prattermisso
2575 4569 2773 4639 pascha
2797 4570 3073 4623 observari
3098 4571 3302 4640 nequit.
3331 4570 3504 4626 Porro
3537 4570 3787 4626 Joannes
3816 4590 3821 4595 ·

2187 4659 2421 4730 qualiter
2446 4657 2669 4728 intelligi
2696 4658 2854 4712 vellet
2878 4658 3019 4727 quod
3067 4661 3144 4714 ait
3175 4679 3187 4714 :
3218 4678 3237 4711 ι
3298 4660 3369 4716 Ut
3418 4678 3528 4716 non
3586 4674 3781 4717 conta-

2187 4750 2549 4812 minarentur,
2577 4749 2671 4803 sed
2695 4758 2755 4802 ut
2781 4747 3169 4802 manducarent
3188 4750 3384 4819 pascha
3399 4750 3591 4820 (Joan.
3618 4767 3786 4816 xvtn,

2185 4840 2300 4911 28);
2333 4859 2350 4892 ι
2376 4839 2536 4911 paulo
2565 4849 2683 4909 post
2711 4840 2817 4893 ait:
2838 4857 2856 4889 ι
2878 4837 3197 4894 Eratautem
3224 4855 3518 4910 parasceve
3534 4844 3785 4912 paschae,

2189 4929 2325 4984 hora
2342 4928 2494 4999 quasi
2514 4935 2662 4983 sexta
2692 4927 2874 4999 (Joan.
2902 4944 3016 4992 xm,
3052 4929 3158 4999 l4).
3183 4948 3201 4981 ι
3223 4928 3521 4984 Parasceve
3537 4932 3781 5002 pascha},

2190 5019 2505 5062 nronnrnlin
2529 5018 2736 5062 nnsrbm
2780 5017 3191 5062 inlm'nr-Plnlnr-
3224 5023 3440 5062 nilnndn
3483 5021 3598 5062 isnn
3646 5040 3785 5062 nrt"-
