4124 5374
338 355 456 415 θυι

1366 352 1732 412 aovsusus
1761 314 2171 411 uexationem
2204 302 2616 408 cantantis.

3512 338 3618 394 ςιιθ

347 483 451 530 Nec
475 484 571 544 per
599 475 768 526 totum
800 468 943 525 diem
969 466 1142 533 illum,
1166 467 1311 523 sicut
1340 468 1604 537 scriptum
1628 476 1734 534 est,
1763 480 1928 538 appa-
1957 477 2005 535 Α
2033 462 2316 518 disceretis
2344 457 2866 531 plurimum-distare
2894 437 3272 528 lapidemusrve
3300 444 3524 507 laterem
3552 452 3621 505 ab

348 571 503 624 lebat
533 564 915 622 fermentatum
940 561 998 617 in
1032 561 1228 616 finibus
1264 560 1371 616 illis
1415 576 1587 630 usque
1634 561 1701 615 ad
1749 573 1936 631 vespe—

351 678 472 717 rum
509 668 713 715 octava:
739 657 866 722 diei,
896 671 1057 726 quam
1088 652 1362 710 habebant
1398 653 1828 709 celeberrimam.

419 752 581 810 XVII.
618 750 845 821 Insuper
866 748 1056 803 harum
1096 746 1257 801 trimo
1314 743 1715 799 solemuitatum
1767 736 1939 795 conti-

348 847 499 902 uuati
519 854 645 901 octo
670 843 789 897 dies
813 855 910 912 pro
957 855 1067 894 uno
1109 838 1196 893 die
1249 845 1376 893 sunt
1429 835 1623 901 habiti,
1681 833 1823 888 sicut
1872 830 1940 885 de

350 937 687 1010 areuopegiae
721 934 910 991 diebus
949 931 1210 986 Dominus
1252 929 1427 983 dicit:
1463 946 1482 979 ι
1519 926 1629 982 Vos
1665 922 1941 981 ascendite

348 1033 419 1088 ad
447 1032 588 1087 diem
620 1029 814 1084 festum
848 1029 1011 1094 hunc,
1043 1041 1144 1096 ego
1170 1031 1353 1078 autem
1389 1037 1496 1076 non
1541 1020 1832 1075 ascendam
1871 1016 1940 1071 ad

349 1127 495 1185 diem
525 1125 721 1181 festum
746 1123 891 1178 hunc
917 1118 1098 1189 (Joan.
1139 1134 1234 1183 vn,
1263 1118 1338 1186 8).
1371 1134 1388 1167 ι
1424 1113 1526 1182 Qui
1550 1123 1730 1168 tamen
1756 1120 1942 1183 postea

340 1214 461 1287 jam
505 1216 594 1270 die
647 1214 782 1269 festo
842 1212 1115 1266 mediante
1176 1208 1377 1264 dicitur
1424 1205 1754 1270 ascendisse,
1790 1212 1846 1259 et
1889 1203 1942 1257 in

347 1308 653 1366 novissimo
690 1320 898 1374 magna:
928 1296 1942 1358 festivitatisdiestetisseetclamasse:

354 1421 379 1454 ί
417 1399 472 1455 Si
503 1388 626 1469 quis
653 1397 787 1463 sitit,
811 1396 988 1449 veniat
1020 1392 1088 1448 ad
1114 1407 1199 1447 me
1229 1399 1283 1445 et
1306 1390 1456 1444 bibat
1481 1388 1675 1460 (Ibid.,
1703 1387 1817 1453 57).
1849 1407 1868 1440 ι

424 1489 610 1545 XV'Ill.
650 1488 790 1543 Ecce
832 1486 1029 1542 vestris
1058 1481 1405 1555 opinionibus
1432 1480 1682 1535 reluctati
1714 1478 1943 1534 forsitan

351 1581 476 1654 plus
515 1579 827 1636 necessario
881 1577 1081 1632 fuimus
1116 1574 1363 1639 verbosi;
1411 1574 1505 1628 sed
1551 1574 1678 1628 hinc
1725 1573 1947 1628 minime

354 1676 618 1731 debemus
648 1670 991 1743 reprehendi,
1042 1670 1169 1739 quia
1214 1683 1431 1722 causam
1477 1667 1715 1722 humano
1763 1666 1946 1737 generi

347 1782 524 1837 super
578 1766 762 1823 omnia
814 1761 1179 1820 necessariam
1224 1760 1494 1816 voluimus
1559 1757 1833 1813 evacuari.
1888 1755 1946 1812 Si

352 1827 623 1914 Dominus
669 1853 827 1910 Jesus
874 1852 1049 1923 legem
1097 1851 1362 1923 potuisset
1415 1848 1738 1919 transgredi,
1773 1847 1951 1927 inanis
1983 1838 2024 1895 Β
2052 1838 2147 1884 Cm
2190 1827 2396 1893 dicitis.

351 1950 505 2006 enim
534 1957 680 2005 esset
707 1946 841 2002 Iides
867 1955 1079 2010 nostra,
1109 1943 1286 1999 inanis
1314 1952 1367 1999 et
1386 1941 1705 2013 praedicatio
1733 1949 1947 2005 nostra;

349 2042 486 2113 quia
517 2047 703 2111 posset
734 2038 911 2093 doceri
943 2044 1226 2107 peccatmu
1271 2034 1403 2089 Ads!
1430 2032 1672 2088 obfuisse
1715 2032 1954 2086 Immano

347 2132 569 2205 generi,
607 2139 837 2187 mortem
867 2137 1049 2183 autem
1079 2126 1283 2183 Christi
1314 2124 1446 2180 nihil
1476 2122 1765 2190 profuisse.
1796 2121 1952 2177 Nunc

350 2222 646 2293 sequentia
672 2221 955 2276 videamus
1002 2236 1016 2275 :
1049 2220 1139 2275 ubi
1181 2228 1468 2290 postquam
1498 2217 1653 2271 vanis
1680 2216 1953 2272 declama-

357 2314 642 2378 tionibus,
689 2322 749 2368 ut
799 2328 961 2383 supra
1009 2320 1363 2375 monstratur,
1407 2307 1566 2386 ἄρτον
1616 2308 1951 2379 interpretati

353 2408 542 2464 fuistis
576 2407 846 2463 elevatum
878 2415 933 2462 et
973 2422 1187 2460 sursum
1222 2413 1494 2476 portatura
1541 2418 1571 2458 a
1613 2400 1878 2459 fermento
1901 2409 1958 2456 et

358 2502 475 2558 sale
501 2543 517 2566 ,
548 2501 783 2557 calorem
833 2509 889 2553 et
935 2497 1293 2554 elevationem
1341 2497 1654 2563 habentem,
1684 2495 1956 2551 horrenda

351 2594 627 2659 creitate,
653 2591 949 2646 abominati
980 2606 1191 2661 azyma,
1216 2589 1457 2645 dixistis:

434 2682 576 2739 XIX.
618 2682 1318 2737 Coxsnu'ruvoeounuus.
1357 2685 1559 2752 Azyma
1592 2686 1772 2734 autem
1821 2678 1958 2734 nihil

361 2775 572 2830 distant
601 2790 633 2829 a
661 2774 841 2842 lapide
873 2774 990 2828 sine
1020 2773 1200 2829 anima
1243 2782 1296 2827 et
1328 2773 1442 2827 luto
1473 2772 1660 2829 lateris
1704 2772 1958 2828 deorsum

356 2866 651 2933 conjuncta
691 2874 871 2930 teme,
902 2874 955 2919 et
980 2864 1059 2919 sic
1088 2862 1201 2918 luto
1239 2873 1573 2933 comparata.

438 2956 557 3013 XX.
598 2958 876 3012 Ronanos.
928 2955 1076 3011 Heu!
1130 2954 1268 3009 heu!
1323 2955 1463 3009 heu!
1513 2952 1740 3009 Domine
1781 2952 1952 3008 Deus!

355 3067 492 3107 ecce
522 3048 783 3119 compleri
819 3047 1063 3103 videmus
1096 3046 1358 3117 principis
1404 3044 1771 3115 apostolorum
1814 3060 1956 3114 prte-

355 3143 574 3213 sagium
612 3142 816 3198 nostris
871 3140 1221 3212 temporibus.
1248 3128 1279 3193 ’(
1331 3137 1409 3193 Ex
1442 3138 1593 3193 vobis
1617 3179 1632 3204 ,
1685 3157 1704 3191 ι
1744 3136 1958 3208 inquit,

366 3252 389 3288 ς
425 3241 587 3289 erunt
637 3226 885 3303 magistri
938 3229 1268 3294 mendaces,
1318 3228 1410 3300 qui
1478 3228 1739 3283 inducent
1785 3235 1962 3284 sectas

359 3325 711 3395 perditionis,
756 3333 812 3379 et
840 3340 963 3378 eum
994 3322 1084 3394 qui
1118 3324 1262 3378 eruit
1291 3337 1386 3377 eos
1422 3321 1706 3376 Dominum
1737 3328 1961 3392 negant.

358 3417 808 3489 Superducentes
856 3416 956 3471 sibi
1002 3416 1234 3470 celerem
1278 3414 1679 3484 perditionem,
1721 3424 1776 3468 et
1809 3413 1963 3468 multi

361 3520 670 3580 sequentur
715 3522 904 3563 eorum
954 3507 1224 3571 luxurias,
1270 3521 1370 3577 per
1413 3522 1550 3577 quos
1586 3506 1673 3561 via
1718 3506 1966 3562 veritatis

360 3601 798 3669 blasphematur,
846 3608 901 3655 et
948 3599 1259 3654 inaavaritia
1307 3599 1448 3655 lictis
1492 3598 1672 3653 verbis
1715 3598 1783 3654 de
1808 3599 1965 3655 vobis

361 3691 813 3764 negotiabantur.
856 3689 1062 3758 Quibus
1087 3689 1351 3761 judicium
1378 3689 1490 3760 jam
1528 3688 1656 3743 olim
1688 3705 1797 3743 nun
1844 3703 1964 3744 ces-

362 3792 475 3848 sat,
504 3791 559 3838 et
593 3782 825 3854 perditio
865 3797 1055 3837 eorum
1107 3796 1214 3835 non
1265 3780 1522 3835 dormitat
1571 3778 1654 3850 (II
1709 3779 1854 3834 Pelr.
1901 3795 1965 3845 ιι,

363 3879 516 3945 1ο5).
566 3896 585 3928 ι
627 3873 795 3943 Cujus
822 3875 1107 3930 sententiae
1134 3873 1474 3929 concordans
1502 3873 1695 3927 doctor
1724 3871 1966 3941 gentium

364 3973 447 4027 ait
484 3968 820 4025 Timotheo:
869 3989 885 4013 ο
928 3966 1080 4022 Scito
1130 3967 1273 4036 quod
1310 3966 1362 4019 in
1416 3964 1726 4019 novissimis
1776 3963 1968 4017 diebus

364 4060 658 4139 instabunt
712 4069 957 4128 tempora
1009 4056 1310 4127 periculosa
1341 4094 1357 4122 ,
1404 4064 1460 4110 et
1506 4063 1669 4109 erunt
1721 4053 1969 4109 homines

362 4155 586 4224 seipsos
633 4162 900 4214 amantes,
931 4148 1134 4221 cupidi,
1180 4148 1332 4213 elati,
1378 4145 1617 4213 superbi,
1669 4143 1971 4213 blasphemi

369 4243 461 4313 (11
521 4238 668 4300 Tim.
707 4258 792 4306 ιιι,
826 4239 955 4306 1-2)
984 4282 998 4304 ,
1050 4260 1068 4293 ι
1109 4251 1164 4294 et
1211 4248 1428 4295 ezetera.
1478 4235 1546 4290 Et
1587 4244 1709 4305 post
1753 4247 1968 4304 pauca:

373 4352 397 4385 ι
448 4332 920 4401 Quemadmodum
971 4328 1195 4386 Jamnes
1246 4338 1302 4385 et
1337 4327 1609 4383 Mambres
1651 4326 1974 4399 restiterunt

373 4426 572 4496 Moysi,
606 4425 681 4480 ita
728 4434 785 4479 et
813 4424 903 4478 isti
934 4424 1193 4478 resistunt
1222 4420 1465 4486 veritati,
1502 4418 1752 4475 homines
1783 4432 1974 4472 corru-

371 4516 453 4587 pti
484 4523 686 4575 mente,
721 4514 936 4583 reprobi
966 4513 1108 4567 circa
1143 4510 1323 4565 ﬁdem.
1364 4509 1472 4565 Sed
1504 4509 1642 4563 ultra
1674 4523 1779 4561 non
1808 4505 1972 4577 proﬂ-

369 4607 546 4659 cient.
576 4603 893 4674 lnsipientia
923 4604 1067 4659 enim
1113 4617 1301 4658 eorum
1334 4600 1619 4656 manifesta
1647 4598 1752 4654 erit
1798 4594 1973 4673 enmi-

373 4695 503 4753 bus.
536 4672 755 4749 sicut—et
784 4693 998 4748 illorum
1049 4692 1147 4746 fuit
1193 4690 1358 4762 (Ibid.
1387 4730 1403 4755 ,
1435 4690 1503 4755 8,
1548 4688 1625 4758 9).
1675 4708 1693 4741 ι
1740 4687 1893 4744 Unde
1921 4672 1976 4744 et

375 4799 482 4837 vos
511 4782 850 4853 impudenter
892 4783 1244 4838 detrahentes
1279 4780 1484 4851 azymis
1535 4779 1701 4835 etiam
1736 4777 1809 4831 illi
1840 4776 1976 4831 vivi-

378 4878 491 4931 firo
540 4877 799 4947 mysterio
839 4873 1232 4945 redemptionis
1276 4880 1478 4926 nostrae
1522 4869 1794 4924 inauditas
1831 4855 1973 4937 inju-

350 4966 495 5023 'rias
528 4967 766 5038 irrogare
812 4985 914 5021 nou
947 4968 1165 5022 timetis.
1207 4961 1318 5017 Nec
1348 4963 1542 5017 mirum
1571 4963 1616 5016 si
1650 4960 1704 5014 in
1750 4956 1974 5016 secretis

373 5057 697 5113 cmlestibus
729 5057 878 5112 acies
913 5049 1110 5112 mentis
1138 5062 1341 5109 vestra:
1370 5052 1603 5121 caligat,
1633 5044 1975 5120 quandoqui-

377 5150 503 5178 Λιιιῆ
540 5150 591 5178 :n
629 5150 858 5178 Innnn-n:o
906 5158 1011 5178 lum
1056 5157 1313 5178 ηηιτινυνεη
1360 5153 1502 5178 nrrnl

1594 5152 1647 5178 III
1704 5158 1950 5178 nar-nonan

2037 550 2264 624 azymis,
2292 560 2348 606 et
2371 552 2514 621 quod
2545 547 2815 619 lapidibus
2849 563 2942 602 seu
2974 544 3234 600 lateribus
3265 543 3464 613 paries,
3491 553 3621 611 azy-

2038 644 2142 699 mis
2189 655 2369 699 autem
2419 640 2899 697 conﬁrmeturecor
2915 637 3177 694 hominis.
3214 634 3344 704 Quae
3372 632 3621 704 quamvis

2039 735 2334 790 humanam
2383 733 2555 789 vitam
2627 730 2998 802 temporaliter
3047 735 3391 792 sustentem,
3440 734 3622 779 tamen

2040 827 2158 882 siue
2180 828 2357 881 anima
2381 840 2525 890 esse,
2552 825 2694 880 sicut
2710 833 2765 877 et
2789 822 3191 884 fermentatum,
3218 817 3396 874 nullus
3421 831 3625 887 negare

2042 918 2204 973 audet
2229 958 2244 983 ,
2295 917 2398 972 nisi
2435 916 2766 971 Manichacus
2809 913 3063 969 detinens.
3091 910 3225 965 Nam
3274 910 3326 964 in
3383 906 3627 978 corporis

2040 1009 2241 1064 Christi
2288 1009 2553 1081 mysterio
2579 997 2952 1062 indubitanter
2982 1002 3161 1057 vitalis
3190 1016 3317 1057 esca
3349 1002 3408 1054 lit
3435 1014 3627 1071 perpe-

2045 1110 2156 1153 tuo.
2212 1097 2320 1154 Sed
2380 1098 2508 1154 dum
2556 1096 2793 1152 uitimini
2846 1094 3157 1166 apostolica:
3204 1092 3316 1148 sedi
3366 1093 3630 1161 derogare

2042 1203 2207 1259 super
2254 1188 2462 1260 azymis
2488 1228 2502 1249 .
2555 1180 2846 1258 putredine
2908 1186 3223 1240 inveteratis
3262 1182 3491 1238 haeresis
3532 1180 3632 1233 vos

2043 1290 2253 1337 scatere
2298 1280 2647 1344 monstratis,
2684 1277 2977 1334 asserendo
3021 1272 3250 1348 panibus
3298 1275 3478 1329 inesse
3508 1272 3629 1325 ani-

2047 1387 2188 1425 mam
2221 1370 2585 1435 fermenta-tis,
2616 1369 2778 1425 etiam
2806 1367 3009 1439 absque
3038 1370 3296 1440 mysterio
3323 1364 3503 1436 aliquo
3532 1364 3623 1419 do-

2046 1462 2257 1516 minica:
2284 1478 2349 1533 pa
2360 1461 2572 1517 ssiouis.

2118 1552 2258 1613 XXI.
2299 1553 2453 1621 Quod
2486 1563 2666 1608 autem
2712 1551 3117 1609 calumniamiui
3158 1565 3349 1623 azyma
3382 1550 3634 1605 deorsum

2047 1654 2207 1701 terra:
2249 1643 2575 1712 conjuncta,
2626 1659 2733 1700 non
2781 1658 3040 1714 negamus
3067 1640 3227 1713 vulgo
3277 1641 3393 1696 haec
3442 1639 3638 1695 eadem

2048 1737 2128 1793 sic
2153 1737 2332 1807 parari
2363 1735 2630 1807 lapidibus
2655 1742 2748 1789 aut
2790 1733 2977 1805 argilla
3013 1731 3376 1803 superposita,
3405 1746 3533 1797 non,
3565 1727 3640 1784 si-

2446 1835 2605 1881 tcum
2650 1823 2959 1894 conjuncta.
3007 1822 3210 1879 Verum
3239 1820 3354 1877 haec
3396 1821 3462 1876 ad
3495 1835 3640 1875 com-

2054 1933 2244 1973 manes
2271 1933 2402 1972 usus
2419 1916 2696 1971 hominum
2720 1923 2773 1969 et
2791 1923 3109 1969 ceterorum
3130 1911 3444 1966 animalium
3463 1919 3641 1965 trans-

2050 2017 2216 2064 eunt:
2252 2021 2373 2061 nam
2413 2006 2481 2060 ad
2516 2019 2763 2075 magnam
2821 2002 3024 2059 Christi
3059 2015 3300 2057 mensnm
3338 2017 3445 2055 non
3477 2014 3638 2055 acce-

2052 2101 2219 2165 dunt;
2251 2096 2345 2152 sed
2372 2096 2502 2152 illud
2530 2095 2705 2152 solum
2731 2095 2873 2165 quod
2902 2093 3113 2149 diaconi
3144 2108 3267 2149 cum
3295 2090 3644 2149 subdiaconis

2053 2205 2146 2245 seu
2198 2188 2297 2260 ipsi
2347 2185 2658 2244 sacerdotes
2686 2227 2702 2252 ,
2748 2179 2927 2241 "sacris
2974 2183 3157 2239 amicti
3212 2184 3474 2248 vestibus,
3519 2195 3643 2236 cum

2053 2280 2284 2336 melodia
2317 2279 2646 2350 psalmorum
2678 2292 3032 2348 conspersum
3059 2284 3116 2331 et
3141 2275 3194 2330 in
3220 2273 3368 2330 ferro
3397 2281 3644 2344 parat.:nt

2053 2389 2116 2430 ex
2145 2372 2442 2429 secretario
2468 2370 2773 2442 proferunt.
2800 2368 3027 2439 Nempe,
3057 2367 3200 2423 sicut
3228 2365 3507 2437 apostolici
3534 2365 3613 2418 Ac
3633 2392 3648 2408 -

2056 2473 2141 2519 tus
2193 2464 2451 2530 iudicant,
2476 2522 2481 2525 _
2508 2461 2721 2517 diaconi
2763 2460 3073 2530 specialiter
3101 2457 3380 2513 constituti
3407 2466 3534 2512 sunt
3557 2471 3651 2511 su-

2054 2569 2153 2625 per
2198 2554 2303 2609 hoc
2352 2569 2511 2623 opus,
2560 2552 2720 2606 Petro
2770 2551 3027 2605 dicente:
3069 2568 3087 2601 ι
3140 2548 3256 2603 Non
3288 2556 3391 2602 est
3434 2563 3644 2617 aequum

2058 2645 2370 2715 relinquere
2416 2659 2515 2698 nos
2543 2644 2768 2698 verbum
2818 2641 2936 2708 Dei,
2982 2650 3038 2696 et
3087 2641 3397 2695 ministrare
3446 2641 3650 2695 mensis

2058 2737 2198 2807 (Act.
2230 2751 2304 2799 vi,
2333 2735 2412 2806 2).
2461 2753 2479 2786 ι
2530 2731 2635 2789 Vos
2679 2741 2859 2788 autem
2887 2772 2903 2798 ,
2934 2732 3075 2787 sicut
3123 2729 3303 2786 facere
3332 2745 3432 2785 nos
3463 2744 3651 2800 reprc-

2058 2828 2320 2893 henditis,
2347 2840 2448 2882 nec
2474 2824 2526 2879 in
2560 2824 2737 2895 lapide
2765 2833 2858 2878 aut
2884 2821 3070 2895 argilla
3098 2838 3193 2878 seu
3224 2821 3406 2894 aliquo
3436 2823 3669 2879 metallo-

2058 2927 2302 2973 vestrum
2349 2917 2735 2972 fermentatum
2792 2914 3019 2986 paratis.
3072 2913 3213 2981 Ergo
3263 2921 3358 2966 aut
3407 2912 3460 2967 iu
3510 2926 3652 2982 aqua

2059 3009 2281 3081 paratis,
2327 3017 2422 3063 aut
2454 3007 2522 3063 de
2572 3007 2711 3063 coelo
2756 3021 2953 3061 manna
3000 3006 3152 3061 venit
3192 3005 3369 3072 vobis,
3412 3007 3554 3076 quod
3584 3005 3652 3060 ad

2062 3102 2331 3158 humanos
2356 3110 2412 3157 et
2442 3100 2653 3156 divinos
2684 3114 2816 3154 usus
2841 3098 3077 3154 habetis.

1989 3197 2036 3261 ο
2137 3192 2304 3248 XXII.
2345 3191 2453 3248 Sed
2498 3193 2567 3247 ad
2618 3190 2828 3261 reliqua
2883 3188 3076 3244 frivola
3119 3195 3298 3243 vestra
3349 3187 3652 3243 veniamus.

2064 3287 2181 3345 Non
2213 3285 2489 3341 invenitur
2516 3284 2729 3356 Moyses
2760 3283 2964 3339 dixisse
2984 3290 3181 3354 azyma
3207 3281 3360 3336 malae
3388 3280 3656 3351 passionis

2040 3389 2120 3434 'et
2162 3377 2527 3433 tribulationis
2570 3374 2814 3449 symbols
2845 3374 3033 3440 fuisse,
3081 3373 3175 3430 sed
3219 3373 3413 3429 (echea:
3443 3374 3554 3439 o‘ui,
3603 3373 3656 3428 id

2036 3487 2364 3546 ’est'panem
2396 3473 2691 3546 afflictionis
2727 3487 2750 3528 :
2788 3489 2894 3528 non
2927 3472 3070 3543 quod
3102 3470 3425 3526 naturaliter
3451 3469 3655 3538 aliquid

2066 3564 2375 3622 alllictionis
2404 3564 2458 3620 in
2490 3579 2550 3620 se
2579 3563 2774 3619 habeat
2803 3603 2818 3628 ,
2861 3563 2955 3617 sed
3001 3562 3145 3631 quod
3177 3559 3421 3616 Ilebraris
3448 3560 3517 3615 ad
3545 3572 3658 3614 me-

2067 3658 2298 3714 moriam
2330 3664 2547 3711 revocet
2593 3653 2847 3725 quia,ab
2891 3652 3164 3725 Egyptiis
3188 3653 3340 3708 exire
3370 3651 3653 3722 compulsi,

2066 3764 2417 3821 cuuspersam
2474 3747 2758 3815 farinam,
2820 3756 3112 3817 antequam
3188 3745 3679 3810 fermentareturh

2067 3844 2399 3912 asportarint
2428 3840 2481 3893 in
2512 3839 2789 3903 humeris;
2817 3845 3039 3907 quae,.ut
3064 3836 3311 3907 superius
3332 3831 3669 3888 suilicientre

2067 3932 2424 3987 disseruimus
2458 3970 2474 3996 ,
2527 3928 2664 3983 nihil
2734 3942 2833 3981 nos
2908 3933 3136 3995 tangunt
3198 3924 3354 3994 juxta
3422 3920 3660 3976 carnalis

2060 4021 2473 4077 observantiam
2542 4019 2700 4072 ritus.
2736 4015 2916 4071 ~ldeo.
2955 4013 3315 4071 discutiamus
3379 4014 3523 4083 quod
3573 4012 3660 4067 se-

2046 4130 2055 4134 θ
2070 4114 2273 4184 quitur.
2718 4118 2723 4123 ‘

2142 4202 2333 4259 XXIII.
2372 4202 3069 4258 Cous'rsx'rmoeou'raxus.
3115 4194 3371 4252 Nostrum
3403 4208 3533 4250 vero
3562 4198 3662 4265 paid

2070 4296 2200 4353 seha
2227 4294 2483 4366 gaudium
2510 4303 2564 4347 et
2591 4291 2778 4346 laetitia
2809 4299 2980 4344 totum
3010 4297 3113 4354 est,
3144 4295 3201 4342 et
3226 4286 3442 4341 extollit
3470 4286 3685 4340 nosalr

2051 4388 2239 4444 ‘humo
2276 4393 2498 4457 prepter
2531 4384 2785 4454 gaudium
2819 4381 2885 4436 ad
2915 4381 3139 4445 emtum,
3170 4382 3312 4435 sicut
3341 4387 3395 4434 et
3422 4376 3663 4432 fermen-

2075 4492 2209 4548 tum,
2239 4492 2460 4553 propter
2484 4477 2760 4549 proprium
2801 4474 3058 4537 calorem,
3092 4487 3286 4542 panem
3313 4487 3349 4537 ;;
3376 4472 3465 4541 qui
3510 4464 3665 4540 panis

2005 4568 2227 4653 Domni
2254 4575 2521 4631 suavitate
2554 4570 2792 4640 repletus
2832 4577 2936 4623 est.
2980 4562 3246 4636 Azym'um
3292 4577 3444 4629 vero,
3489 4574 3665 4628 neque

2079 4668 2158 4724 sal
2185 4650 2361 4737 neque
2390 4663 2716 4719 fermentum
2745 4659 2971 4723 habens,
2997 4656 3277 4711 lutum‘est
3299 4652 3531 4706 aridum.
3559 4649 3668 4701 Aut

2046 4764 2051 4771 '
2079 4776 2186 4814 nou
2218 4736 2443 4812 audistis
2483 4755 2667 4810 Jesum
2701 4754 2967 4807 dicentem
2998 4736 3423 4815 discipuli'ssuis
3452 4756 3467 4796 :
3494 4745 3519 4792 ἢ
3559 4739 3671 4794 Vos

2050 4851 2209 4905 'cstis
2237 4847 2317 4902 sal
2362 4847 2567 4901 terrae?-
2590 4864 2610 4897 ι
2676 4841 2866 4898 Matth.
2896 4858 2926 4895 v
2956 4837 3115 4908 μδ.)
3154 4836 3219 4890 Et
3250 4848 3269 4888 :
3307 4852 3329 4886 ι
3358 4831 3547 4888 Simile
3587 4837 3671 4884 est

2081 4955 2301 5011 regnum
2331 4938 2593 4995 cmlorum
2645 4936 2934 4995 fermento,
2978 4928 3124 5002 quod
3179 4926 3450 4997 accipiens
3480 4923 3675 4978 mulier

2081 5029 2361 5085 abscondit
2389 5028 2444 5082 in
2477 5027 2682 5081 farinm-
2706 5022 3086 5094 satistrihus,
3115 5016 3291 5071 donec
3321 5014 3693 5070 fermentare»

2085 5133 2174 5177 tur
2216 5118 2665 5178 totumHMatth.
2710 5128 2832 5177 χιιι,
2874 5116 2993 5178 '55.)
3030 5132 3051 5165 ι
3106 5106 3389 5164 Mulierem
3439 5116 3708 5163 sanctam.
