4124 5374
511 221 617 280 947

1559 231 1990 291 llUliRERTUS
2025 238 2078 289 S.
2128 238 2192 292 li.
2236 240 2297 294 Ε.
2339 240 2746 304 CARDINALIS

3697 244 3826 304 9:3

512 358 632 399 sum
661 352 744 398 est
773 341 827 397 in
861 350 1004 397 terra
1038 344 1411 414 morientium,
1456 347 1546 403 ubi
1595 360 1652 405 et
1695 352 1763 406 de
1812 353 2103 422 praeteritis
2131 356 2179 415 Α
2207 355 2403 422 farina,
2437 359 2490 414 id
2525 368 2633 427 est,
2657 361 2820 416 totius
2850 364 3069 418 humani
3095 366 3309 436 generis
3336 383 3512 424 n~assa
3550 386 3565 422 :
3601 368 3660 423 in
3696 384 3827 439 qua

513 441 791 496 scandalis
843 441 1031 497 subest
1078 445 1355 513 gemitus.
1403 453 1458 500 et
1524 446 1591 501 de
1643 446 1839 505 futuris
1907 460 2103 504 metus.

518 532 692 601 Unde,
745 535 791 588 si
850 534 1048 603 cupitis
1099 536 1165 590 de
1213 536 1471 591 continuo
1516 540 1714 607 paScha
1767 541 2105 611 postmodum

512 626 773 696 gaudere,
822 627 876 681 in
926 628 1032 682 isto
1080 628 1263 684 animo
1310 646 1417 683 non
1465 631 1586 685 sitis
1629 631 1846 687 interim
1896 635 2012 689 sine
2040 637 2107 689 ti-

513 734 683 773 more.
735 718 842 774 Sed
870 759 886 783 ,
933 719 1076 774 sicut
1118 718 1406 775 Psalmista
1438 730 1662 777 monet:
1695 742 1713 775 ι
1752 723 1964 779 Servite
2003 725 2107 780 Do-

509 814 657 863 m‘no
682 810 734 863 in
770 810 805 864 ti
833 826 986 876 rere,
1012 820 1065 864 et
1088 811 1357 866 cxsultate
1384 812 1432 867 ei
1461 828 1582 868 cum
1608 825 1844 869 tremore
1876 814 2104 885 (Psalm.

511 922 578 970 ιι,
612 905 722 978 Η).
770 926 790 958 ι
833 907 904 961 Ει
932 906 1201 962 instanter
1240 924 1364 962 eum
1407 908 1669 977 apostolis
1698 910 1865 979 petite
1891 917 1949 963 ut
1974 926 2104 980 gau-

508 994 658 1050 dium
706 1005 947 1050 vestrum
977 997 1047 1051 sit
1079 995 1318 1067 plenum.
1367 997 1519 1051 lllmn
1552 999 1717 1052 etiam
1766 999 1911 1068 quod
1954 1016 2107 1055 asse-

506 1088 654 1155 ritis,
679 1088 731 1142 id
755 1100 863 1156 est,
888 1090 1088 1159 pascha
1114 1105 1208 1145 vos
1228 1092 1297 1144 ab
1320 1090 1485 1145 humo
1505 1091 1791 1147 sustollere
1812 1094 1878 1147 ad
1905 1093 2100 1148 ctelum

505 1192 622 1248 pra:
649 1180 867 1250 gaudio,
912 1181 986 1235 ita
1020 1196 1182 1252 agere
1210 1180 1370 1236 debet
1399 1184 1643 1238 omnino.
1694 1183 1830 1252 Quia
1875 1186 1921 1240 si
1968 1203 2101 1241 con-

505 1272 823 1326 surrexistis
848 1288 974 1327 cum
1004 1273 1222 1328 Christo
1244 1314 1260 1337 ,
1284 1290 1408 1344 quae
1435 1290 1653 1330 sursum
1696 1285 1823 1331 sunt
1848 1279 2099 1348 qua-rite,

505 1362 597 1415 ubi
629 1363 881 1419 Christus
907 1374 991 1419 est
1020 1364 1075 1418 in
1101 1366 1293 1420 dextra
1325 1367 1419 1421 Dei
1451 1368 1647 1423 sedens
1678 1387 1693 1423 :
1724 1384 1845 1438 qua:
1873 1385 2095 1425 sursum

503 1463 631 1521 sunt
670 1456 865 1524 sapite,
913 1472 1021 1510 non
1054 1473 1176 1527 qua:
1201 1474 1367 1527 super
1403 1469 1606 1515 terram
1638 1478 1652 1514 :
1684 1462 1766 1515 sin
1797 1462 1957 1527 alias,
1981 1463 2096 1533 jam

502 1562 612 1600 non
665 1546 881 1602 levatur
925 1548 1108 1603 anima
1162 1559 1343 1605 vestra
1387 1550 1456 1606 ad
1509 1552 1718 1619 Deum,
1762 1537 1872 1608 sed.
1904 1563 2094 1609 contra

503 1637 697 1692 Demu.

2209 448 2396 517 utique
2429 450 2643 514 mulier,
2679 452 2730 506 id
2758 463 2844 508 est
2872 465 3141 509 comterna
3173 460 3281 512 Deo
3311 458 3459 513 Patri
3485 460 3817 531 Sapientia,

2209 538 2349 595 facta
2397 557 2461 595 ex
2519 543 2776 610 muliere,
2846 546 3146 602 doctrinam
3212 551 3595 621 apostolieam-
3638 552 3818 625 quasi

2209 631 2529 689 fermentum
2559 636 2901 702 recondidit,
2942 647 2997 693 et
3026 656 3247 711 regnum
3275 642 3566 708 cmlorum,
3617 645 3671 698 id
3720 652 3817 699 est

2206 732 2527 791 pra‘seutem
2556 725 2874 793 Ecclesiam,
2899 744 2966 784 ex
2995 730 3224 786 diversis
3245 734 3561 791 nationibus
3590 735 3817 790 coactu-

2207 814 2375 867 navit.

2276 902 2511 958 XXVIII.
2552 903 2670 960 Jam
2720 907 2843 976 quia
2872 949 2888 973 ,
2939 920 3061 979 post
3100 911 3424 984 multiplices
3465 930 3809 987 azymorum

2202 993 2652 1060 obtrectationes,
2681 996 2749 1049 ad
2786 997 2890 1052 hoc
2920 1002 3360 1073 prorupitvestra
3390 1004 3712 1069 insolentia,
3744 1014 3811 1058 ut

2204 1083 2256 1136 iu
2288 1083 2401 1152 ipsa
2431 1085 2691 1139 terribilia
2716 1096 2770 1141 et
2794 1088 3002 1144 vivifica
3032 1103 3367 1147 sacramenta
3397 1096 3811 1165 redemptionis

2202 1190 2402 1235 nostra:
2447 1184 2653 1251 apertis
2696 1186 3038 1242 contumeliis
3093 1189 3453 1246 irreverenter
3499 1193 3806 1262 insurgat,

2200 1280 2257 1323 et
2318 1285 2566 1340 azymum
2620 1273 2886 1327 exclamet
2930 1275 3271 1342 lutulentum,
3313 1290 3366 1335 et
3438 1297 3803 1351 nequaquam

2200 1371 2403 1416 sanctae
2433 1362 2717 1419 Trinitatis
2762 1368 3030 1439 particeps
3072 1385 3194 1425 esse
3217 1413 3231 1434 ,
3282 1374 3616 1443 respondere
3643 1375 3805 1445 cogi-

2199 1468 2322 1507 mur
2350 1454 2602 1525 deinceps
2628 1457 2781 1511 vobis
2806 1459 2986 1514 stultis
3008 1459 3163 1528 juxta
3193 1464 3477 1519 stultitiam
3506 1477 3759 1520 vestram
3781 1508 3801 1531 ,

2199 1558 2266 1597 ne
2293 1544 2446 1599 vobis
2472 1548 2744 1615 sapientes
2770 1563 2889 1602 esse
2916 1549 3226 1605 videamini.
3255 1553 3577 1609 Certissime
3599 1555 3805 1610 sciatis

2197 1637 2342 1704 quod
2374 1634 2625 1705 gloriatio
2656 1648 2837 1693 vestra
2874 1649 3085 1697 stercus
3129 1654 3215 1698 est
3250 1655 3303 1699 et
3326 1647 3531 1701 vermis
3556 1689 3574 1713 ,
3626 1649 3807 1704 hodie

569 1730 739 1786 XXV.
780 1731 925 1787 Sane
951 1734 1207 1802 quoniam
1238 1742 1478 1789 vestrum
1517 1734 1770 1803 gaudium
1811 1751 2098 1806 compara-
2124 1724 2168 1783 B
2196 1727 2341 1780 enim
2390 1727 2734 1794 extollimini,
2778 1739 2830 1785 et
2872 1745 2992 1787 cras
3019 1749 3124 1787 non
3171 1735 3554 1803 inveniemini;
3585 1746 3664 1802 et,
3708 1753 3806 1792 se-

500 1823 569 1879 tis
596 1822 889 1891 fermcnto,
922 1825 1064 1895 quod
1096 1841 1195 1881 suo
1239 1825 1423 1881 calore
1451 1842 1647 1896 panem
1691 1827 1932 1891 extollit,
1973 1842 2093 1881 am-

495 1917 735 1987 bigimus
754 1916 867 1983 jam
897 1918 1059 1987 quale
1104 1918 1234 1973 illud
1269 1919 1525 1988 gaudium
1557 1920 1650 1984 sit,
1691 1920 1819 1988 quia
1852 1919 2091 1974 fermen-

497 2015 614 2068 tum
648 2008 699 2060 in
726 2006 872 2062 bono
898 2008 1071 2077 accipi
1101 2009 1193 2061 vix
1225 2008 1529 2062 invenimus
1550 2050 1565 2073 ,
1611 2024 1710 2064 nec
1735 2007 2092 2063 fermentatus

496 2098 655 2165 panis
705 2097 912 2168 absque
965 2100 1380 2153 consecratione
1448 2108 1533 2152 est
1575 2099 1845 2152 suavitate
1910 2098 2090 2167 aliqua

494 2186 710 2256 plenior
738 2189 949 2260 azymis
978 2189 1233 2257 panibus,
1255 2204 1392 2259 quos
1418 2188 1666 2258 plerique
1694 2190 1796 2243 sibi
1825 2189 2092 2245 salubrio-

496 2294 587 2333 res
623 2288 678 2333 et
705 2280 1010 2349 sapidiores
1043 2281 1410 2345 arbitrantur;
1454 2281 1549 2334 sed
1576 2281 1751 2350 qualis
1779 2280 1943 2334 fuerit
1969 2296 2091 2351 pro-

470 2370 717 2440 .positio,
743 2373 921 2443 aperit
941 2372 1058 2428 haee
1082 2383 1261 2427 vestra
1288 2373 1585 2428 conclusio.

572 2462 766 2520 XXVI.
807 2464 1577 2523 Coxsnsnsoeoeounscs.
1618 2465 1881 2535 Azymum
1932 2481 2088 2529 vero,

493 2571 674 2626 neque
698 2556 778 2615 sal
807 2572 983 2628 neque
1015 2556 1341 2611 fermentum
1375 2556 1600 2621 habens,
1633 2555 1804 2610 lutum
1853 2565 1936 2611 est
1979 2556 2089 2610 ari-

492 2650 643 2705 dum.
1900 2701 1913 2711 .

562 2741 775 2805 XXVII.
816 2744 1095 2801 nosnos.
1137 2742 1352 2799 lteratis
1382 2744 1726 2800 contumeliis
1774 2742 1826 2797 in
1878 2753 2087 2799 tantum

490 2849 683 2906 azyma
724 2834 994 2890 lacessitis
1032 2875 1049 2900 ,
1099 2842 1160 2889 ut
1208 2848 1347 2904 pene
1392 2834 1645 2890 omnibus
1683 2833 1986 2889 visibilibus
2034 2842 2089 2888 et

490 2926 855 2989 invisibilihus
914 2926 1128 2981 naturis
1187 2925 1439 2995 injuriam
1485 2925 1759 2994 irrogetis.
1818 2924 1874 2979 Si
1912 2925 2085 2987 enim,

491 3027 551 3073 ut
576 3018 875 3083 delinistis,
916 3017 1087 3071 lutum
1119 3016 1331 3072 aridum
1374 3024 1459 3071 est
1499 3016 1761 3086 quidquid
1802 3031 1977 3084 neque
2007 3014 2086 3069 sal

489 3124 667 3178 neque
728 3081 1056 3164 fermentum
1124 3106 1322 3173 habet;
1383 3081 1531 3178 ergo
1563 3081 1707 3160 beati
1758 3081 1985 3176 spiritus
2031 3117 2085 3160 et
2114 3081 2157 3141 C

488 3201 685 3264 animae
721 3201 1020 3271 justorum,
1071 3202 1189 3256 sive
1235 3201 1349 3270 ipsa
1401 3210 1639 3271 quatuor
1679 3202 1970 3266 elementa,
2020 3217 2087 3256 ex

487 3292 684 3359 quibus
731 3292 912 3346 omnia
944 3291 1178 3347 visibilia
1228 3292 1508 3356 existunt,
1553 3292 1724 3345 lutum
1753 3304 1878 3349 Sttttl
1911 3310 1924 3344 :
1953 3310 2089 3362 quo-

486 3382 634 3445 niam
665 3399 839 3452 neque
866 3384 944 3437 sal
976 3400 1151 3453 neque
1179 3383 1508 3437 fermentum
1541 3384 1759 3438 habent.
1789 3384 1898 3438 Nec
1926 3384 2086 3441 suﬁc-

462 3474 561 3529 .cit
592 3475 746 3529 vobis
772 3484 980 3535 tantum
1012 3476 1168 3531 nefas
1194 3476 1526 3539 evomuisse,
1557 3476 1659 3529 nisi
1704 3477 1926 3547 insuper
1979 3478 2084 3532 Do-

487 3569 695 3627 minum
727 3578 917 3625 testem
965 3578 1156 3628 vestra:
1190 3570 1465 3639 Opinionis
1495 3570 1894 3639 produceretis.
1926 3572 2079 3638 quasi

483 3676 584 3729 pro
614 3660 728 3715 sola
781 3661 1261 3716 commendatione
1300 3670 1355 3714 et
1389 3660 1727 3715 confectione
1758 3663 1925 3715 vestri
1966 3663 2079 3717 fer-

488 3752 714 3806 mentati
744 3752 943 3807 dixerit
966 3752 1247 3821 discipulis
1278 3751 1392 3805 suis
1428 3769 1442 3803 :
1481 3770 1499 3802 ι
1551 3753 1657 3806 Vos
1685 3753 1818 3806 estis
1864 3753 1941 3807 sal
1973 3763 2080 3807 ter-

456 3842 800 3913 .rze(.llauli.
846 3844 1062 3914 v.15),
1108 3853 1165 3898 et
1212 3844 1391 3899 simile
1437 3854 1523 3898 est
1556 3860 1778 3914 regnum
1813 3843 2077 3899 ctelorum

458 3933 751 3995 -fermeuto
784 3934 999 3993 (Matth.
1038 3950 1156 3998 xm,
1200 3934 1312 4003 55).
1366 3954 1383 3985 ι
1428 3935 1572 4004 Ergo
1606 3935 1730 4005 quia
1761 3934 1926 3989 verba
1956 3950 2078 4004 qua:

482 4034 611 4080 sunt
634 4026 861 4096 spiritus
885 4036 941 4081 ct
972 4035 1079 4079 vita
1099 4066 1116 4090 ,
1157 4028 1224 4080 ad
1255 4028 1490 4081 litteram
1521 4027 1696 4097 placet
1729 4028 1883 4082 vobis
1913 4028 2075 4082 intel—

482 4116 654 4186 ligere
680 4133 697 4169 :
722 4116 936 4186 placeat
970 4116 1134 4171 etiam
1170 4127 1352 4172 vestro
1377 4116 1702 4172 fermentato
1729 4117 1931 4186 aliquid
1962 4115 2077 4186 pal-

482 4208 674 4261 mitum
705 4216 761 4261 et
788 4206 963 4277 sinapi
996 4207 1313 4280 adjuugere.
1348 4208 1481 4262 Nam
1516 4210 1657 4262 idem
1702 4209 1962 4263 Dominus
2001 4207 2079 4260 di-

481 4297 558 4349 cit
587 4296 869 4365 discipulis
901 4316 916 4353 :
954 4317 973 4348 ι
1012 4297 1118 4354 \‘o‘s
1143 4300 1276 4352 estis
1323 4299 1578 4367 ralmitcs
1611 4299 1792 4367 (Joan.
1822 4314 1910 4362 xv,
1939 4298 2016 4366 5).
2049 4317 2069 4348 ι

456 4387 551 4443 .l‘It
580 4405 595 4440 :
625 4406 644 4437 ι
686 4386 877 4443 Simile
919 4398 1001 4442 est
1048 4405 1271 4459 regnum
1327 4390 1591 4443 cu‘lorum
1655 4405 1824 4457 grano
1871 4388 2076 4456 sinapis

479 4476 699 4545 (Manli.
732 4495 872 4544 xm,
913 4479 1026 4549 5}).
1075 4500 1093 4532 ι
1137 4482 1290 4545 Quod
1327 4480 1535 4535 scilicet
1568 4478 1805 4532 calorem
1844 4476 2077 4530 admini-

478 4578 642 4633 strat,
672 4586 835 4639 quem
867 4580 1151 4640 tantopere
1180 4581 1294 4625 tota
1335 4581 1515 4624 vestra
1565 4568 1834 4623 calumnia
1884 4569 1935 4621 in
1970 4567 2079 4621 fer-

452 4670 666 4719 _mento
693 4663 981 4717 collaudat.
1013 4664 1284 4717 Noveritis
1314 4671 1496 4714 tamen
1523 4661 1693 4729 ipsam
1717 4658 1784 4713 de
1808 4658 2075 4713 fermento

480 4751 754 4807 absconso
784 4754 1185 4822 expositionem
1234 4760 1468 4808 vestram
1515 4749 1805 4827 catholico
1832 4748 2072 4817 dogmati

478 4843 836 4897 contrariam.
866 4843 929 4903 Si
965 4844 1111 4898 enim
1162 4841 1356 4895 mulier
1395 4840 1484 4894 illa
1522 4839 1824 4894 Ecclesium
1868 4839 2071 4908 signat,

454 4940 536 4987 -et
565 4934 667 4988 tria
689 4942 808 4988 sata
835 4944 1081 4992 sanetam
1107 4934 1454 4999 Trinitatem,
1480 4932 1570 4988 ubi
1598 4942 1655 4987 et
1681 4933 1899 5002 quando
1928 4942 1981 4985 et
2001 4933 2070 4984 ad

454 5026 609 5092 .quid
670 5025 913 5080 Ecclesia
966 5026 1021 5078 in
1068 5026 1179 5093 ipsa
1230 5027 1386 5081 beata
1432 5025 1700 5080 Trinitate
1742 5022 2067 5077 fermentum

477 5118 807 5175 abscondit?
853 5119 934 5173 An
974 5117 1113 5171 forte
1161 5118 1449 5188 quisquam
1496 5131 1714 5172 summo
1756 5124 1811 5168 et
1861 5116 2070 5169 incom-

476 5208 722 5267 mutabili
771 5206 914 5262 bono
962 5208 1069 5263 Dee
1124 5207 1417 5278 qnidquam
1453 5207 1731 5278 augmenti
1776 5202 2068 5273 aliquando

448 5300 729 5359 conferre
750 5302 921 5368 potuit
945 5310 1040 5356 aut
1086 5301 1323 5369 poterit?
1356 5303 1702 5371 Quapropter
1733 5298 2066 5354 convenies-

2193 1819 2428 1873 cundum
2476 1819 2860 1889 Psalmistam,
2895 1834 2954 1879 ut
2990 1820 3175 1894 pulvis
3224 1839 3348 1883 ante
3392 1829 3591 1885 faelem
3638 1830 3804 1885 venti

2191 1912 2674 1981 comminuemini,
2724 1927 2779 1972 et
2829 1928 2887 1972 ut
2938 1919 3108 1974 lutum
3159 1921 3391 1977 laterum
3444 1922 3802 1991 delebimini,

2184 2001 2340 2072 juxta
2377 2006 2723 2075 proverbium
2755 2007 3053 2079 Sapientis,
3087 2012 3153 2067 de
3185 2022 3425 2069 stercore
3454 2014 3619 2068 boum
3654 2015 3807 2085 lapi-

2191 2095 2388 2159 dandi,
2425 2106 2480 2151 et
2514 2098 2658 2151 velut
2689 2108 2901 2154 stercus
2942 2100 2995 2154 in
3029 2103 3110 2155 via
3140 2102 3492 2158 conculcandi
3517 2145 3533 2167 ,
3565 2104 3712 2158 sicut
3739 2115 3803 2158 et

2190 2195 2563 2242 antecessores
2613 2190 2773 2243 vestri
2822 2190 3059 2247 lizeretici
3110 2209 3172 2246 ac
3228 2209 3599 2264 przecursores
3645 2195 3804 2248 anti-

2190 2277 2408 2332 christi.
2461 2277 2531 2334 Ut
2568 2281 2712 2334 enim
2745 2282 2797 2335 in
2847 2282 2985 2337 libro
3013 2284 3175 2356 beati
3220 2283 3320 2340 Job
3368 2285 3572 2340 dicitur
3603 2305 3618 2340 :
3655 2305 3675 2337 ι
3711 2286 3801 2340 Ex

2189 2382 2299 2437 quo
2334 2369 2516 2438 posuit
2541 2370 2685 2426 Deus
2730 2372 3001 2427 hominem
3030 2389 3192 2443 super
3222 2384 3444 2442 terram,
3494 2378 3800 2447 cognosci-

2190 2467 2280 2512 tur
2322 2459 2440 2515 laus
2490 2461 2775 2532 impiorum
2825 2463 3004 2519 brevis
3049 2481 3198 2533 esse,
3230 2477 3285 2521 et
3326 2467 3585 2539 gaudium
3615 2469 3801 2539 hypo-

2190 2552 2344 2606 crita:
2388 2553 2453 2606 ad
2492 2552 2663 2607 instar
2707 2555 2886 2622 puncti
2935 2555 3075 2625 (Job.
3104 2573 3191 2621 xx,
3223 2558 3298 2627 5).
3347 2578 3365 2609 ι
3409 2557 3610 2623 Umlc,
3657 2561 3797 2628 quia

2190 2642 2335 2697 ineo
2366 2645 2570 2713 putatis
2606 2659 2701 2699 vos
2746 2646 3015 2715 sapientes
3060 2648 3103 2701 si
3148 2634 3374 2701 aliorum
3421 2649 3801 2704 institutioni-

2189 2736 2289 2791 bus
2318 2737 2642 2799 detrahitis,
2673 2737 2797 2792 hinc
2838 2754 2940 2808 par
2966 2739 3084 2807 pari
3131 2739 3425 2794 referemus
3448 2781 3465 2806 ,
3513 2742 3659 2809 quod
3697 2757 3799 2795 ve-

2188 2837 2358 2882 stram
2405 2828 2791 2898 impudeutiam
2836 2830 3138 2894 mordebit;
3170 2839 3224 2883 ut
3258 2833 3497 2886 retrahat
3531 2830 3683 2903 [eam
3712 2832 3798 2887 re!

2189 2916 2309 2989 vos]
2332 2932 2361 2969 a
2387 2918 2804 2971 reverendorum
2828 2930 3290 2973 sacramentorum
3324 2921 3563 2989 injuriis.

2258 3005 2451 3060 XXIX.
2497 3006 2658 3061 Salva
2707 3023 2874 3077 ergo,
2926 3018 2985 3063 ut
3024 3009 3244 3079 dignum
3294 3021 3418 3075 est,
3467 3011 3797 3066 reverentia

2190 3102 2435 3170 corporis
2465 3101 2676 3155 Domini
2709 3103 2876 3157 nostri
2908 3101 3035 3157 Jcsu
3079 3103 3312 3168 Christi,
3343 3111 3420 3169 et,
3451 3103 3503 3156 in
3535 3103 3797 3158 femen-

2190 3201 2304 3247 tato
2352 3203 2407 3247 et
2454 3194 2507 3246 in
2538 3209 2749 3264 azymo,
2796 3196 3174 3265 perquiramus
3219 3211 3286 3249 an
3326 3195 3656 3250 fermentum
3715 3197 3795 3252 ad

2188 3285 2453 3339 humanas
2481 3302 2697 3341 mensas
2727 3294 3083 3355 pra-paratum
3114 3288 3381 3343 sincerius
3422 3304 3485 3342 ac
3516 3288 3796 3344 mundius

2188 3376 2260 3430 sit
2309 3377 2518 3445 plebeio
2562 3392 2771 3448 azymo.
2808 3377 2874 3430 Et
2906 3378 3078 3447 primo
3108 3380 3347 3432 omnium
3383 3378 3795 3433 fermentatum

2185 3478 2520 3538 repetamus,
2568 3478 2626 3522 ut
2671 3477 2950 3539 perspecta
2981 3469 3264 3540 diligenter
3302 3469 3418 3539 ejus
3444 3470 3796 3540 scaturigine

2185 3574 2347 3614 verax
2394 3560 2660 3629 judicium
2709 3561 2774 3614 de
2823 3561 3051 3629 puritate
3099 3560 3404 3614 fermentati
3451 3560 3791 3616 habeamus.

2182 3650 2413 3704 NecCSse
2443 3659 2525 3704 est
2573 3652 2715 3703 enim
2749 3660 2805 3702 ut
2836 3651 2981 3703 rivus
3026 3649 3192 3704 fontis
3233 3651 3551 3720 qualitatem
3585 3660 3643 3705 et
3682 3667 3794 3703 ως

2183 3752 2360 3797 turam
2408 3753 2686 3811 sequatur.
2736 3742 2808 3795 Ita
2845 3743 2985 3795 enim
3033 3742 3294 3812 originem
3332 3742 3585 3795 fermenti
3618 3743 3787 3797 inve—

2182 3838 2300 3890 nire
2344 3836 2593 3905 cupimus
2625 3875 2640 3897 ,
2698 3833 2839 3887 sicut
2888 3833 3122 3886 hominis
3164 3832 3452 3901 cujuslibet
3505 3832 3787 3901 originem

2181 3930 2352 3998 ipsam
2401 3937 2631 3982 matrem
2663 3926 2905 3981 omnium
2943 3934 3137 3979 terram
3189 3924 3509 3977 invenimus-
3554 3923 3693 3975 Nam
3735 3925 3787 3976 si

2180 4022 2418 4076 hominis
2444 4021 2709 4088 originem
2735 4018 2898 4071 alimu
2948 4016 3217 4070 hominem
3270 4015 3572 4068 dixerimus
3601 4055 3618 4079 ,
3656 4012 3785 4082 jam

2181 4129 2443 4184 propago,
2479 4128 2584 4165 non
2620 4112 2795 4178 origo,
2828 4109 2959 4174 erit;
2988 4106 3256 4176 quomodo
3293 4121 3391 4159 nee
3442 4105 3783 4159 fermentum

2180 4203 2432 4258 fermenti
2480 4203 2636 4270 origo
2683 4215 2803 4255 esse
2848 4200 3070 4268 poterit.
3114 4196 3267 4252 Sicut
3309 4196 3453 4249 enim
3497 4196 3779 4249 sententia

2180 4294 2323 4363 vulgi
2367 4302 2567 4356 exstat,
2615 4290 2864 4344 fcrtuenti
2913 4289 3066 4356 origo
3116 4287 3215 4352 fit,
3262 4303 3387 4341 eum
3433 4295 3529 4339 aut
3576 4302 3780 4354 spuma

2180 4384 2340 4445 utitsti
2376 4399 2469 4437 seu
2504 4382 2601 4436 faex
2634 4381 2912 4449 cujusdam
2943 4379 3159 4433 rustica:
3196 4376 3429 4446 potionis
3458 4391 3583 4444 qua:
3629 4377 3781 4444 apud
3808 4440 3833 4453 ἰ

2176 4477 2359 4533 Gallos
2388 4476 2605 4529 cerrisia
2651 4475 2846 4528 dicitur
2868 4513 2883 4536 ,
2913 4472 2994 4524 vel
3022 4482 3171 4525 certe
3210 4469 3299 4536 jus
3342 4469 3527 4521 elixati
3579 4468 3777 4522 hordei

2177 4578 2268 4621 aut
2297 4568 2510 4630 ciceris,
2536 4567 2649 4619 sive
2675 4565 2757 4618 lae
2784 4563 3025 4617 ficulnea:
3048 4562 3129 4614 vel
3162 4577 3414 4629 pecorum
3444 4570 3777 4627 corruptum

2176 4656 2417 4724 injicitur
2444 4671 2748 4723 conspersa:
2774 4653 2985 4706 farinzr.
3030 4651 3162 4706 Cum
3209 4665 3340 4719 ergo
3388 4664 3582 4716 spuma
3601 4690 3615 4712 ,
3645 4648 3773 4711 Lex,

2174 4752 2433 4804 elixatum
2459 4748 2809 4819 leguminum.
2845 4755 2900 4799 et
2932 4745 3013 4798 lae
3062 4743 3195 4796 ficus
3222 4741 3303 4794 vel
3333 4755 3597 4808 pecorum
3643 4756 3780 4793 cor-

2176 4849 2391 4906 ruptum
2440 4839 2583 4906 apud
2627 4836 2873 4889 homines
2917 4841 3300 4901 eotuputentur
3348 4828 3494 4881 inter
3522 4830 3775 4894 sordida,

2176 4940 2393 4986 constat
2416 4936 2737 4983 Iermentum
2768 4926 3018 4981 sordibus
3052 4940 3155 4977 non
3197 4937 3383 4975 carere
3412 4936 3511 4989 per
3554 4922 3774 4978 omnia;

2176 5020 2367 5079 Massa:
2419 5031 2599 5074 autem
2633 5017 2935 5085 cuicunque
2982 5014 3303 5066 fermentum
3353 5009 3641 5076 injicitur,
3676 5027 3779 5065 uo-

2175 5127 2326 5166 cesse
2385 5120 2469 5165 est
2521 5117 2945 5175 corrumpatur,
2995 5104 3133 5157 sicut
3202 5103 3276 5156 ait
3324 5102 3778 5167 sapientissimus

2174 5201 2372 5257 Papius
2403 5219 2418 5256 :
2455 5220 2474 5251 ι
2517 5200 2782 5255 Modicum
2812 5198 3136 5251 fermentum
3171 5205 3333 5247 totam
3366 5209 3607 5245 massam
3637 5207 3775 5245 cor-

2174 5296 2377 5364 rumpit
2408 5292 2551 5364 (Cal.
2602 5309 2658 5357 γ,
2687 5291 2764 5360 9).
2806 5309 2824 5340 ι
2858 5288 3196 5353 Ubicumque
3249 5294 3432 5337 autem
3479 5285 3774 5354 corrupto
