4124 5374
342 322 446 379 959

1364 302 1405 378 ,ι
1417 320 1732 382 ovensus
1759 314 2167 382 GRxECORUM
2198 316 2623 384 CALUMNIAS.

3497 331 3635 390 9505

342 443 566 501 dubium
609 450 692 498 est
741 441 869 514 quin
908 439 1224 499 fermentan
1252 459 1499 517 azynnun
1548 444 1799 500 mundius
1827 444 1919 509 sit.
1948 444 1996 502 Α
2024 446 2319 500 secretario
2345 446 2650 502 confectum
2678 446 2832 502 offert
2865 463 3139 520 azymum,
3179 448 3323 520 quod
3348 464 3411 504 ex
3432 466 3602 522 grano

339 538 506 610 quod,
539 538 739 594 nuham
771 537 1168 608 corruptionem
1197 535 1443 593 fermenti
1471 538 1764 593 admittens
1790 579 1805 604 ,
1849 554 1917 594 ex

343 633 542 686 munda
579 631 752 687 farina
783 639 989 687 tantum
1020 641 1072 687 et
1106 647 1236 701 pura
1268 648 1406 703 aqua
1437 632 1740 687 coniicitur.
1782 630 1917 686 Fer-

343 733 584 780 meutum
628 740 840 796 quoque
877 724 922 780 si
957 724 1267 794 aliquandiu
1307 725 1358 779 in
1404 739 1581 779 massa
1611 722 1918 796 negligitur,

345 826 499 873 tanto
537 833 727 873 acrore
754 833 874 873 eam
911 819 1209 888 corrumpit
1250 826 1308 873 ut
1360 817 1499 873 ultra
1528 818 1782 872 humanis
1810 817 1921 871 usi-

345 905 446 962 bus
493 922 598 961 non
645 908 835 979 prosit.
883 908 1081 964 Deinde
1141 910 1299 979 panis
1348 909 1700 965 fermentatus
1740 913 1922 979 'parvo

340 1000 452 1055 situ
479 999 706 1057 eliicitur
732 1002 996 1070 mucidus,
1026 1004 1166 1073 quod
1209 1003 1487 1058 rarissime
1527 1003 1755 1058 incurrit
1797 1018 1926 1073 azy-

342 1106 491 1157 mus,
520 1101 704 1162 utpote
732 1093 922 1163 plenus
959 1104 1013 1150 et
1040 1096 1241 1149 solidus
1265 1136 1278 1155 .
1322 1111 1425 1150 non
1460 1096 1696 1151 tumidus
1739 1103 1790 1151 et
1835 1111 1926 1150 ca-

344 1197 631 1249 vernosus,
660 1184 734 1238 uti
763 1183 1135 1240 fermentatus.
1166 1184 1266 1252 Qui
1300 1185 1425 1239 licet
1457 1202 1650 1255 magna
1677 1200 1742 1239 ex
1771 1197 1926 1255 parte

344 1274 521 1344 impar
548 1276 620 1330 sit
648 1276 848 1331 nostris
877 1276 1169 1341 laudibus,
1223 1286 1399 1331 tamen
1451 1292 1548 1347 per
1596 1277 1779 1331 omnia
1830 1293 1926 1346 par

342 1375 428 1423 cst
451 1367 645 1423 vestris
675 1368 930 1424 moribus.
969 1369 1084 1439 Ipse
1114 1368 1279 1433 enim,
1322 1368 1588 1424 fermento
1610 1369 1779 1422 veteri
1808 1384 1927 1423 cor-

345 1467 555 1529 ruptus,
587 1459 1007 1528 deprehenditur
1038 1460 1227 1515 acidus
1252 1500 1266 1525 ,
1314 1475 1647 1516 cavernosos
1673 1467 1727 1515 et
1760 1460 1923 1513 tumi-

346 1550 448 1604 dus
474 1568 487 1604 :
516 1560 571 1604 et
600 1567 692 1605 vos
715 1551 856 1605 haud
890 1568 1067 1619 secus,
1099 1553 1333 1607 lmmana
1363 1552 1617 1621 opinione
1644 1552 1882 1622 corrupti
1910 1593 1925 1618 ,

345 1642 673 1713 loquacitate
723 1644 996 1713 apparctis
1045 1643 1232 1709 acidi,
1281 1643 1579 1699 calliditate
1626 1642 1926 1697 cavernosi.

342 1737 433 1801 Et,
468 1746 525 1791 ut
567 1737 761 1792 divina:
797 1738 1037 1793 scicntia:
1066 1737 1262 1805 vacui,
1309 1736 1540 1791 lmmana
1586 1734 1811 1790 scientia
1843 1733 1928 1788 in-

2023 535 2277 592 frumenti
2328 546 2382 593 et
2417 537 2633 608 limpida
2669 538 2883 610 lympha
2922 555 3017 610 per
3052 540 3227 612 ignem
3255 539 3418 596 fuerit
3461 557 3601 611 prte-

2023 637 2293 698 paratum,
2326 630 2639 700 significans
2690 646 2748 685 se
2800 631 2852 685 in
2905 647 3009 685 una
3068 632 3379 688 mediatoris
3425 633 3518 688 Dei
3547 642 3605 688 et

2024 720 2318 784 hominum,
2345 712 2579 776 hominis
2619 721 2712 775 Dei
2748 719 2874 775 Iesu
2914 720 3138 789 Christi,
3195 737 3448 793 persona,
3489 730 3603 776 tres

2025 812 2294 884 perfectas
2340 813 2566 868 credere
2612 822 2668 866 ct
2703 813 2948 868 venerari
2999 814 3372 869 substantias:
3404 815 3600 868 huma-

2027 918 2151 957 nam
2180 903 2387 958 scilicet
2434 917 2678 966 carnem,
2714 903 2947 957 animam
2981 901 3297 957 rationalem
3322 944 3336 968 ,
3378 913 3430 958 et
3465 901 3605 957 Ver-

2025 993 2150 1047 bum
2183 992 2272 1047 Dei
2302 993 2489 1046 Deum.
2525 992 2590 1045 Et
2611 1009 2838 1063 granum
2866 992 3082 1062 quidem
3111 992 3399 1047 assimilari
3430 993 3603 1056 carni,

2029 1094 2190 1151 quam
2216 1084 2283 1138 de
2309 1082 2421 1139 sola
2453 1082 2696 1154 Virginis
2732 1098 2915 1150 carne,
2946 1082 3100 1153 quasi
3132 1096 3199 1137 ex
3222 1097 3390 1153 grano
3414 1081 3608 1137 matris

2030 1183 2207 1235 terrm,
2239 1173 2352 1228 sola
2380 1175 2577 1228 virtute
2615 1173 2849 1239 caelesti,
2894 1190 2997 1227 non
3026 1181 3205 1228 autem
3249 1171 3427 1242 aliqua
3459 1186 3610 1226 com-

2028 1262 2279 1317 mistiune
2329 1263 2469 1317 virili
2516 1262 2715 1317 factam
2770 1264 3112 1324 omnipotens
3163 1261 3428 1317 Diviuitas
3492 1260 3609 1315 ani-

2029 1340 2213 1419 mavit',
2245 1356 2515 1424 puriorem
2544 1354 2937 1418 substantiam,
2970 1354 3019 1407 id
3044 1362 3126 1408 est
3149 1354 3419 1418 animam,
3451 1351 3609 1423 quasi

2031 1461 2225 1515 aquam
2254 1433 2567 1517 praeclaram
2624 1456 2677 1501 et
2723 1447 2958 1501 nobilem
2999 1448 3047 1501 ei
3104 1446 3414 1502 infundens.
3461 1446 3610 1515 Quas

2031 1525 2272 1605 geminas
2334 1524 2666 1593 substantias
2722 1538 2789 1592 ab
2847 1538 3017 1606 ipsius
3078 1537 3361 1606 virginalis
3420 1552 3612 1593 conce-

2031 1629 2230 1698 ptiouis
2258 1629 2481 1683 exordio
2505 1628 2738 1682 Verbum
2770 1626 2861 1681 Dei
2905 1628 3009 1682 rite
3052 1629 3309 1698 suscepit,
3356 1637 3435 1693 et,
3489 1642 3607 1682 me-

2033 1720 2216 1774 diante
2261 1736 2371 1774 suae
2421 1720 2722 1774 divinitatis
2763 1719 2975 1785 calore,
3029 1730 3282 1789 tauquam
3331 1721 3471 1793 igne,
3507 1721 3611 1777 sibi

345 1826 541 1882 ceditis
573 1826 762 1895 inﬂati,
786 1827 939 1899 juxta
983 1829 1109 1883 illud
1139 1828 1343 1884 dictum
1370 1828 1611 1898 Apostoli
1645 1846 1657 1883 :
1689 1846 1707 1880 ι
1746 1827 1931 1882 Scien-

2037 1813 2337 1867 construxit
2384 1811 2836 1865 etconsolidavit.
2882 1810 3086 1865 Taliter
3110 1820 3443 1881 praeparatus
3482 1826 3612 1881 azy-

344 1925 418 1981 tia
449 1924 595 1979 inﬂat
627 1923 681 1991 (1
717 1922 842 1983 Cor.
888 1941 1008 1989 vm,
1056 1926 1131 1995 1).
1182 1945 1201 1978 ι
1255 1925 1351 1980 Cui
1406 1925 1570 1980 etiam
1619 1924 1928 1992 supradicta

342 2015 475 2070 vitia
514 2015 691 2071 inesse
721 2016 918 2071 ibidem
949 2017 1243 2087 Apostolus
1292 2024 1597 2082 attestatur,
1646 2015 1933 2070 Timotheo

345 2108 532 2165 dicens
567 2127 578 2162 :
615 2128 633 2160 ι
667 2107 725 2164 Si
760 2108 883 2178 quis
911 2108 1073 2163 aliter
1116 2110 1336 2174 docens,
1369 2118 1554 2164 etnon
1581 2108 1935 2178 acquiesccns

341 2203 495 2258 sanis
523 2202 865 2257 sermonibus
897 2202 1107 2257 Domini
1141 2203 1311 2258 nostri
1355 2201 1484 2257 Jesu
1528 2200 1732 2256 Christi
1755 2241 1770 2264 ,
1801 2208 1856 2254 et
1884 2199 1933 2255 ei

344 2309 466 2361 quae
514 2294 807 2349 secundum
848 2294 1104 2364 pietatem
1153 2302 1239 2350 est
1280 2293 1538 2349 doctrina:
1566 2334 1581 2358 ,
1624 2294 1889 2364 superbus
1917 2333 1932 2357 ,

345 2384 478 2439 nihil
506 2385 705 2447 sciens,
730 2385 822 2439 sed
850 2386 1109 2456 languens
1136 2386 1279 2439 circa
1307 2384 1633 2454 quaestiones
1653 2392 1706 2436 et
1728 2397 1938 2453 pugnas

344 2476 660 2541 verborum,
689 2492 753 2531 ex
781 2476 977 2546 quibus
997 2476 1247 2530 oriuntur
1269 2475 1503 2539 invidiae,
1533 2474 1936 2537 contentiones,

345 2567 703 2637 blasphemiae
726 2607 742 2633 ,
775 2568 1113 2637 suspiciones
1157 2568 1312 2622 malae
1337 2608 1352 2633 ,
1380 2567 1808 2623 conﬂictatioues
1836 2567 1936 2621 ho-

348 2657 558 2713 minum
588 2666 771 2713 mente
801 2668 1177 2728 corruptorum
1203 2699 1218 2725 ,
1265 2667 1318 2713 et
1348 2660 1439 2728 qui
1483 2658 1710 2713 veritate
1738 2656 1935 2728 privati

346 2755 478 2802 sunt
529 2747 580 2817 (I
615 2746 748 2800 Tim.
778 2763 852 2813 vl,
880 2748 949 2812 3,
980 2748 1037 2810 4,
1064 2748 1140 2815 5).
1179 2766 1197 2800 ι
1234 2747 1387 2815 Quod
1431 2762 1560 2802 vero
1613 2747 1935 2801 fermentum

347 2844 492 2898 sicut
524 2842 732 2912 praefati
771 2858 974 2903 smnus,
1010 2842 1063 2896 in
1096 2842 1294 2897 divinis
1335 2850 1390 2896 et
1424 2840 1677 2897 humanis
1724 2839 1934 2902 litteris,

346 2932 403 2987 in
435 2933 634 2986 malum
665 2941 918 3002 ponatur,
972 2931 1231 2987 Dominus
1262 2933 1314 2986 in
1345 2930 1636 2999 Evangelio
1670 2938 1937 2996 testatur:

353 3044 372 3076 ι
413 3023 611 3079 Cavete
638 3064 654 3089 ,
688 3043 706 3076 ι
755 3025 1027 3093 inquiens,
1064 3044 1082 3075 ι
1123 3041 1152 3077 a
1184 3023 1447 3078 fermento
1500 3022 1890 3077 Pharisarorum
1920 3057 1936 3084 ,

348 3115 494 3184 quod
524 3124 608 3170 est
641 3115 943 3188 hypocrisis
968 3114 1097 3186 (Luc
1127 3131 1222 3176 xu,
1250 3114 1325 3184 l).
1360 3134 1378 3166 ι
1415 3114 1481 3168 Et
1506 3112 1744 3167 Paulus:
1781 3130 1800 3163 ι
1834 3112 1940 3165 Ex-

2033 1920 2154 1958 mus
2193 1903 2339 1957 ﬁdeli
2396 1902 2736 1957 invocatione
2773 1901 2936 1955 totius
2980 1901 3285 1965 Trinitatis,
3322 1900 3379 1954 fit
3418 1916 3608 1956 verum

2032 2005 2084 2051 et
2102 1995 2375 2065 singulare
2398 1987 2592 2065 corpus
2616 1996 2815 2052 Christi
2836 2013 2850 2061 ;
2869 2012 2995 2061 non,
3028 1997 3169 2052 sicut
3197 1995 3613 2067 Theupaschitae

2032 2087 2241 2153 volunt,
2272 2101 2471 2157 corpus
2524 2086 2704 2141 Patris
2755 2096 2811 2140 et
2864 2086 2983 2141 Filii
3016 2095 3069 2142 et
3122 2086 3360 2158 Spiritus
3414 2086 3611 2142 sancti.

2033 2182 2186 2249 Quod
2230 2191 2282 2237 et
2312 2197 2407 2237 vos
2462 2181 2719 2236 videmini
2773 2181 3002 2247 sentire,
3046 2180 3289 2236 dicentes
3325 2179 3505 2235 Patris
3556 2185 3618 2235 et

2034 2271 2153 2326 Filii
2182 2279 2235 2327 et
2263 2272 2497 2341 Spiritus
2546 2272 2718 2326 sancti
2747 2271 3013 2343 particeps
3044 2288 3149 2327 non
3178 2285 3300 2326 esse
3332 2284 3623 2342 azymum,.

2035 2365 2130 2419 sed
2198 2365 2571 2431 subaudiatur,
2628 2364 2772 2420 sicut
2832 2363 3154 2420 fermentum
3213 2373 3298 2421 est
3338 2364 3618 2435 particeps

2036 2471 2246 2512 eorum.
2288 2452 2367 2511 Ex
2394 2473 2500 2527 qua
2530 2471 2695 2528 prava
2719 2456 2989 2512 sententia
3040 2458 3083 2512 si
3138 2473 3244 2512 non
3297 2456 3461 2511 vultis
3494 2470 3623 2511 cum

2039 2552 2457 2622 Theupaschitis
2490 2552 2762 2617 damnari,
2815 2552 2981 2607 nolite
3006 2552 3059 2606 in
3083 2552 3197 2623 ipsa
3227 2563 3621 2605 commemora-

2040 2644 2185 2698 tione
2213 2642 2513 2697 Dominica:
2536 2643 2807 2713 passionis
2863 2642 3080 2712 aliquod
3130 2641 3473 2711 participium
3522 2654 3620 2693 seu

2042 2734 2513 2799 communionem,
2566 2742 2761 2805 praeter
2792 2732 2960 2787 solam
3018 2731 3483 2786 consecrationem
3537 2727 3621 2781 vel

2042 2826 2500 2896 cooperationem,
2560 2825 2863 2880 concedere
2929 2835 3130 2879 sancta:
3196 2831 3251 2877 et
3301 2819 3620 2891 impassibili

2044 2915 2331 2982 Trinitati;
2358 2916 2484 2985 quia
2517 2929 2662 2969 mors
2703 2913 2871 2969 solius
2908 2912 3263 2968 lnunauitalis
3291 2910 3412 2966 Filii
3438 2908 3532 2964 Dei
3564 2908 3619 2961 in

2042 3010 2134 3065 illo
2164 3018 2508 3066 sacramento
2527 3007 2723 3064 visibili
2749 3005 3051 3080 [recolitur]
3069 3046 3084 3072 ,
3113 3014 3171 3059 ut
3192 2998 3478 3074 ApoStolus
3505 2999 3620 3055 ait:

2048 3120 2066 3152 ι
2100 3099 2536 3167 Quotiescunque
2588 3095 2985 3150 mandueabitis
3027 3109 3219 3165 panem
3265 3093 3409 3147 hunc
3435 3099 3492 3145 et
3529 3102 3626 3143 ca-

348 3181 573 3279 purgate
605 3248 618 3275 ,
656 3181 826 3279 ἱξιξμιῑι
855 3250 869 3274 ,
900 3181 1056 3263 γείιιε
1098 3181 1423 3262 fermentum
1473 3206 1523 3275 (ι
1561 3205 1681 3260 εον,
1714 3219 1766 3269 ν,
1796 3203 1873 3272 7),
1912 3221 1930 3255 ι
1964 3191 2010 3253 C
2042 3190 2200 3244 licem
2248 3187 2467 3279 bibetis,
2498 3195 2727 3279 mortem
2779 3185 2990 3279 Domini
3024 3183 3416 3279 annuntiabitis
3449 3181 3622 3279 donec

348 3301 418 3357 Et
451 3301 607 3371 paulo
634 3311 757 3372 post
786 3319 800 3355 :
838 3320 855 3353 ι
894 3300 1187 3369 Epulcmur
1214 3316 1319 3355 non
1350 3301 1401 3353 in
1447 3297 1714 3353 fermento
1742 3295 1933 3361 veteri,

351 3408 529 3463 neque
574 3392 626 3446 in
668 3392 932 3447 fermento
965 3392 1182 3446 malitire
1210 3399 1264 3445 et
1297 3390 1551 3459 nequitiae
1582 3388 1766 3459 (Ibid.,
1790 3387 1866 3453 8).
1912 3405 1932 3441 ι

352 3488 410 3542 lu
463 3486 813 3542 saecularibus
860 3502 1075 3555 quoque
1125 3484 1323 3540 litteris
1373 3482 1679 3555 satyrieus,
1728 3478 1933 3535 clienti-

352 3578 629 3634 nationem
677 3585 732 3633 et
778 3587 1065 3647 corruptos
1111 3590 1290 3631 mores
1339 3573 1704 3629 Romanorum
1747 3570 1935 3626 redar-

353 3685 550 3743 guens,
580 3670 658 3723 ait
689 3683 704 3720 :

419 3760 541 3819 Quid
563 3759 822 3812 didicisse?
846 3761 935 3810 nisi
961 3760 1051 3809 hoc
1072 3758 1388 3823 fermentum,
1415 3765 1467 3807 et
1493 3770 1589 3819 quo
1626 3754 1781 3805 semel
1808 3754 1939 3804 intus

418 3843 587 3895 lanata
612 3850 710 3907 est,
736 3850 881 3906 rupto
898 3844 1093 3906 iecore,
1118 3844 1301 3893 exierit
1323 3840 1609 3903 caprificus?

1314 3925 1479 3985 (Pstis.
1520 3940 1555 3986 ι,
1591 3923 1693 3984 ει.)

425 4033 593 4091 XXX.
635 4035 723 4099 Et,
750 4050 778 4090 s
818 4049 1006 4090 omnes
1030 4039 1342 4102 Scripturas
1363 4030 1682 4102 perscrutati
1709 4028 1940 4095 fueritis,

355 4140 629 4195 nunquam
684 4133 738 4179 et
764 4140 1030 4188 nusquam
1060 4122 1384 4179 fermentum
1418 4122 1468 4175 in
1504 4122 1699 4173 bonam
1736 4119 1943 4188 signiﬁ-

355 4220 623 4274 cationem
650 4218 775 4288 poni
807 4215 1115 4281 invenietis,
1140 4213 1242 4269 nisi
1274 4214 1325 4267 in
1359 4228 1465 4266 uno
1494 4211 1610 4267 loco
1646 4208 1941 4281 Evangelii,

361 4310 453 4364 ubi
488 4325 711 4379 regnum
740 4308 1001 4374 coriorum
1034 4305 1299 4361 fermento
1333 4301 1509 4357 simile
1550 4302 1809 4357 Dominus
1858 4299 1944 4353 di-

357 4402 453 4465 cit,
488 4402 789 4456 doctrinam
818 4396 1454 4472 vidclieetapostolieam
1508 4394 1838 4465 significans.
1887 4389 1942 4445 Si

358 4508 490 4548 vero
538 4507 728 4546 omnes
779 4490 1070 4544 revolvatis
1137 4487 1493 4556 Scripturas,
1552 4500 1825 4554 nunquam
1891 4490 1946 4536 et

2037 3280 2223 3335 veniat
2260 3278 2313 3350 (I
2342 3278 2466 3333 Cor.
2491 3293 2567 3342 ιιι,
2594 3276 2709 3348 9.6).
2742 3296 2759 3330 ι
2790 3276 2909 3349 Ipse
2932 3292 3147 3347 quoque
3172 3275 3430 3331 Dominus
3458 3270 3620 3329 Jesus

2036 3371 2090 3425 in
2105 3369 2326 3442 speciali
2346 3368 2882 3426 commemorationis
2902 3383 3012 3421 sum
3036 3366 3318 3438 privilegio
3343 3361 3635 3435 discipulis.

2036 3464 2369 3519 distribuens
2416 3475 2640 3532 panem,
2689 3458 2808 3515 ait:
2840 3477 2857 3509 ι
2905 3458 3019 3513 Hoc
3053 3467 3138 3513 est
3180 3471 3378 3528 corpus
3404 3468 3634 3518 meum,

2036 3556 2180 3625 quod
2235 3571 2333 3624 pro
2377 3554 2530 3609 vobis
2582 3553 2833 3608 tradetur
2863 3550 3073 3622 ’(lbid.,
3121 3549 3237 3620 24).
3265 3567 3282 3601 ι
3313 3547 3517 3612 Meum,
3542 3545 3624 3599 in.

2036 3665 2222 3720 quam,
2246 3648 2408 3720 quod,
2451 3647 2687 3717 Spiritus
2721 3645 2894 3701 sancti
2926 3642 3258 3714 Septentpliei
3296 3640 3476 3713 gratia.
3492 3638 3622 3693 sulm

2039 3743 2246 3809 nixum,
2270 3743 2384 3813 ipsa
2428 3739 2693 3811 sapientia
2737 3738 2832 3795 Dei
2873 3738 3052 3792 Patris
3104 3744 3310 3791 (πίει-ιιι)
3359 3730 3622 3786 mdiﬁcavi

2040 3834 2172 3888 mihi
2199 3833 2456 3902 templum
2486 3830 2847 3901 quadraginta
2872 3837 2925 3882 et
2962 3842 3056 3881 sex
3083 3824 3284 3880 diebus.
3310 3823 3362 3876 in
3391 3828 3549 3874 utero
3571 3831 3626 3871 ct

2042 3944 2108 3984 ex
2132 3935 2285 3982 utero
2310 3926 2530 3980 intactae
2560 3921 2801 3994 Virginis
2832 3940 2844 3974 :
2874 3921 3146 3990 quodque,
3176 3929 3306 3970 mox
3347 3927 3443 3983 pro
3472 3908 3627 3965 vobis

2042 4030 2093 4076 et
2117 4037 2214 4091 pro
2241 4018 2427 4075 multis
2470 4032 2570 4088 per
2596 4016 2905 4086 passionem
2947 4014 3128 4069 crucis
3161 4012 3216 4066 in
3257 4016 3490 4065 mortem
3539 4020 3626 4060 rev

2044 4112 2376 4171 solvendum,
2399 4108 2741 4179 omnipotens
2784 4106 3026 4161 Trinitas
3075 4112 3197 4175 post
3228 4101 3470 4157 triduum
3505 4111 3626 4153 sus—

2043 4206 2254 4272 citabit,
2288 4220 2394 4260 non
2425 4202 2742 4274 permittens
2772 4208 3019 4256 sanctum
3070 4212 3226 4252 suum
3265 4194 3450 4248 videre
3500 4204 3626 4244 cor-

2046 4299 2371 4368 ruptionem.
2400 4294 2598 4359 Meton,
2626 4293 2870 4362 inquam,
2898 4291 3121 4353 hocesl,
3146 4287 3264 4342 Filii
3298 4284 3391 4338 Dei
3425 4290 3481 4336 et
3505 4278 3659 4334 Filii~

2045 4392 2301 4457 hominis,
2343 4389 2435 4459 qui
2467 4386 2613 4442 vadit
2661 4386 2801 4441 sicut
2845 4383 3107 4453 scriptum
3133 4390 3211 4436 est
3241 4380 3306 4433 de
3334 4377 3447 4431 illo.
3484 4372 3629 4441 Quae

2048 4496 2292 4557 propter,
2338 4482 2475 4537 sicut
2520 4477 2893 4549 praediximus,
2933 4483 3045 4530 tota
3103 4473 3258 4528 beata
3309 4468 3551 4557 Trinitas
3573 4464 3645 4519 in.

361 4599 626 4655 nusquam
664 4583 948 4637 invenietis
988 4595 1177 4651 azyma
1223 4578 1349 4649 poni
1395 4579 1448 4632 in
1496 4575 1943 4646 signiﬁcationem
1977 4546 2021 4602 θ
2048 4571 2462 4631 consecratione
2482 4567 3198 4635 EneharistitecoOperatur,
3228 4559 3323 4655 sed
3350 4556 3462 4611 sola
3482 4565 3655 4609 mors.

266 4672 281 4684 “
344 4675 689 4745 contrariam
716 4715 730 4738 ,
768 4674 861 4727 sed
910 4682 1005 4727 aut
1037 4670 1404 4727 sinceritatem
1437 4677 1529 4722 aut
1556 4667 1836 4721 veritatem
1868 4665 1942 4718 si-

364 4762 610 4831 guiiiare.
650 4762 788 4817 sicut
816 4761 1105 4831 Apostolus
1132 4761 1206 4814 ait
1240 4773 1254 4812 :
1294 4777 1312 4809 ι
1343 4756 1634 4826 Epulemur
1659 4755 1709 4809 in
1739 4753 1940 4825 azymis

364 4852 695 4907 sinceritatis
719 4860 774 4906 et
818 4853 1063 4907 veritatis
1094 4850 1147 4923 (I
1169 4849 1293 4903 Cor.
1327 4864 1379 4910 v,
1407 4845 1482 4917 8).
1520 4864 1537 4896 ι
1567 4845 1721 4901 Unde
1764 4854 1944 4898 vestra

365 4942 668 5011 «inplicitas,
702 4958 802 4998 suo
833 4941 1152 4997 fermentato
1183 4947 1455 5003 contenta,
1482 4935 1736 4991 Romanae
1764 4943 1819 4988 et
1845 4935 1946 4990 La-

366 5034 492 5090 tina:
520 5033 849 5107 simplicitati
881 5050 1126 5104 azymum
1154 5040 1479 5098 extorquere
1508 5027 1738 5083 desinat.
1767 5025 1866 5092 Ne,
1898 5027 1943 5082 si

338 5105 526 5179 "fuerit
554 5105 805 5195 pertinax
830 5165 843 5187 ,
878 5125 1165 5179 anathema
1213 5120 1530 5175 maranatha
1562 5133 1682 5173 cum
1711 5132 1807 5172 suo
1839 5117 1947 5174 fer-

366 5224 605 5273 tnentato
636 5217 727 5271 fiat
753 5257 767 5280 ,
803 5222 855 5269 et
892 5218 1210 5286 prophetam
1259 5209 1358 5264 sibi
1406 5210 1821 5280 exprobrantem
1854 5225 1950 5264 au-

366 5310 472 5366 diat
503 5327 517 5364 :
553 5328 571 5360 ι
614 5309 688 5365 lte-
719 5308 788 5363 ad
822 5306 1023 5374 Bethel,
1054 5318 1110 5362 et
1143 5301 1308 5372 impie
1335 5301 1476 5370 agite
1501 5343 1516 5368 ,
1562 5310 1613 5356 et
1641 5301 1946 5359 sacrificate

2051 4667 2248 4724 Christi
2286 4665 2338 4718 in
2364 4662 2629 4718 fractione
2652 4659 2769 4728 ejus
2793 4657 2915 4712 etin
2941 4671 3040 4710 usu
3083 4651 3455 4707 annuntiatur.

2031 4778 2038 4788 ε
2122 4755 2338 4813 XXXII.
2363 4755 2500 4809 llinc
2522 4752 2634 4821 jam
2676 4764 2797 4820 quae
2837 4747 2978 4817 apud
3021 4759 3118 4798 vos
3153 4740 3421 4795 habeatur
3468 4733 3632 4790 disci-

2050 4851 2192 4922 ptina
2225 4857 2279 4904 et
2304 4846 2509 4902 cautela
2535 4856 2699 4912 supra
2757 4845 2909 4893 tanto
2952 4832 3214 4908 mysterio
3262 4830 3633 4885 advertamus.

2052 4944 2161 4998 Vos
2203 4937 2495 5008 aliquando
2548 4931 2725 5004 pretio
2776 4928 3162 4985 fermentatum
3226 4938 3279 4975 a.
3312 4931 3639 4991 quocunque

2054 5034 2171 5087 viro
2204 5046 2295 5085 seu
2328 5028 2526 5083 femina
2554 5028 2921 5095 praeparatum
2959 5014 3199 5078 habetis,
3236 5014 3291 5067 in
3324 5022 3546 5069 tantum‘
3577 5013 3642 5062 ut

2053 5133 2442 5189 nonnunquam
2480 5117 2547 5173 ab
2600 5111 2733 5182 ipsis
2760 5109 2997 5179 publicis
3027 5103 3428 5173 negotiatorum
3459 5102 3644 5189 taber-

2055 5213 2141 5269 nis
2166 5218 2405 5281 emptum
2437 5219 2631 5277 panem
2655 5201 2719 5253 ad
2753 5199 3365 5255 Dominieam'mensam
3402 5188 3644 5252 transfe—

2044 5302 2228 5367 ratis;
2279 5314 2440 5368 qucm
2480 5301 2773 5351 tractatum
2820 5289 2989 5346 illotis
3016 5300 3072 5344 et
3097 5286 3334 5343 sordidis
3374 5295 3647 5358 quorum»
