4124 5374
552 230 655 287 ’51

1566 226 2014 295 ,ΗΟΜΒΕΙΪΪΠΞ
2062 224 2121 282 S.
2156 225 2221 279 ιι.
2263 224 2327 280 E.
2376 222 2791 282 CARDINALIS

3714 221 3835 281 953.

551 345 678 400 date
701 342 881 399 nobis.
906 342 1012 397 Par
1058 350 1138 397 est
1183 341 1330 396 enim
1362 349 1423 395 ut
1470 342 1538 396 de
1566 339 1833 397 fermento
1859 340 2018 398 nobis
2037 354 2131 395 ra-
2160 342 2206 401 Α
2235 336 2410 393 Cmci
2437 347 2641 403 autem,
2672 336 3048 394 cohabitantes
3070 335 3172 401 eis,
3206 335 3294 391 alii
3342 334 3556 400 sic,‘alii
3584 338 3833 408 qualiter

552 439 753 493 tionem
781 436 1044 501 reddatis,
1075 435 1535 506 quemadmodum
1562 450 1661 490 nos
1695 434 1764 490 de
1800 435 2010 505 azymis
2036 449 2133 488 vo—

549 526 675 583 bis:
707 541 776 581 ne
795 525 1116 596 forte.un
1131 524 1303 579 absit!
1336 524 1668 595 perversitas
1691 524 2130 589 Manichmomm,

547 620 621 674 ad
647 617 979 673 iniciendum
1002 632 1246 672 errorem
1276 632 1456 682 suum,
1515 627 1728 672 asserat
1766 617 1864 671 has
1896 616 2137 686 quinque

547 710 882 767 substantias
944 709 999 763 in
1055 708 1386 765 sacrificium
1440 709 1878 765 Christianorum
1929 707 2133 763 assumi

545 808 768 871 propter
812 803 1056 872 quinque
1103 810 1263 857 antra
1320 802 1712 867 tenebrarum,
1756 818 1878 872 quae
1926 801 2132 872 fingunt

549 894 866 950 mentiendo
920 894 1045 950 sibi.
1089 894 1226 950 Date
1270 910 1486 963 quoque
1547 894 1858 948 evidentem
1906 908 2132 947 causam

550 986 696 1043 iilius
721 986 1174 1049 circumcisiouis,
1208 1001 1314 1054 qua
1341 985 1657 1040 coronulam
1700 984 1859 1054 panis
1898 983 1966 1038 ad
2005 998 2131 1037 san-

547 1096 565 1131 ι
582 1087 696 1131 tum
717 1092 829 1132 ωτι
843 1077 1046 1132 ificimn
1060 1075 1206 1131 ferro
1220 1076 1379 1132 levati
1396 1094 1431 1138 ί,
1450 1090 1571 1131 cum
1588 1074 1933 1130 immaculata
1956 1073 2132 1139 hostia

544 1167 953 1223 immaculatum
980 1182 1180 1235 corpus
1213 1165 1422 1221 Domini
1454 1165 1635 1235 aptius
1670 1164 1921 1221 videatur
1962 1163 2131 1234 signi-

547 1258 731 1320 ﬁcare.
785 1267 844 1311 et
882 1258 1167 1327 integritas
1217 1256 1375 1325 panis
1422 1255 1793 1325 integritatem
1845 1253 2127 1321 Ecclesiae,

543 1363 666 1417 quae
690 1362 888 1417 corpus
913 1346 1114 1404 Christi
1141 1347 1627 1418 ﬁtparticipatione
1651 1345 1769 1414 ejus
1786 1344 2127 1417 integerrimi

541 1440 806 1507 corporis.
824 1437 977 1505 Quod
992 1439 1225 1509 qualiter
1239 1438 1355 1493 fieri
1382 1438 1598 1502 debeat,
1612 1436 1813 1493 Paulus
1825 1436 2127 1493 Corinthiis

541 1530 619 1582 ita
647 1531 940 1599 prmdicat:
977 1549 997 1582 ς
1034 1529 1196 1586 Panis
1245 1544 1408 1600 quem
1436 1529 1760 1600 frangimus,
1803 1543 1982 1585 nonne
2002 1544 2127 1599 par-

540 1621 783 1692 ticipatio
840 1622 1056 1679 Domini
1103 1621 1529 1689 est?Quoniam
1561 1637 1702 1677 unus
1740 1622 1921 1692 panis,
1957 1637 2122 1675 unum

2238 442 2267 481 a
2291 427 2405 482 suis
2431 435 2776 497 acceperunt.
2808 426 2891 480 Ad
2923 426 3061 489 haec,
3089 426 3134 480 si
3158 426 3285 496 quid
3326 442 3393 481 ex
3421 436 3609 480 sancta
3643 436 3701 481 et
3735 443 3831 482 ve-

2235 521 2463 576 nerabili
2505 520 2844 576 Eucharistia
2894 520 2948 575 in
3011 518 3517 590 Hierosolymitanis
3561 519 3825 576 ecclesiis

2233 610 2583 681 superfuerit,
2608 626 2707 665 nec
2735 610 3028 666 incendunt
3076 625 3174 664 nec
3205 609 3259 663 in
3288 607 3499 664 foveam
3562 609 3821 669 mittunt,

2233 700 2328 755 sed
2356 717 2405 754 tu
2435 701 2684 771 pyxidem
2721 701 2974 753 mundam
3017 701 3335 763 recondunt,
3362 710 3418 754 et
3436 700 3685 769 sequenti
3731 700 3828 753 die

2232 792 2635 846 communicant
2664 806 2731 846 ex
2760 806 2828 846 eo
2856 790 3133 861 populum,
3156 792 3281 862 quia
3304 791 3547 860 quotidie
3570 806 3824 845 comnm-

2234 884 2420 938 nicant
2465 884 2561 948 ibi,
2620 899 2687 939 eo
2713 885 2859 955 quod
2912 885 3250 940 conveniunt
3300 885 3426 940 illnc
3456 899 3524 940 ex
3583 884 3825 939 diversis

2230 973 2526 1043 provinciis
2549 971 2860 1037 Christiani,
2883 975 2998 1044 qui,
3021 984 3236 1045 propter
3265 974 3424 1030 fidem
3442 984 3497 1029 et
3514 973 3824 1028 maximum

2230 1081 2471 1120 amorem
2499 1066 2619 1121 Filii
2650 1066 2767 1133 Dei,
2792 1068 3198 1123 communicare
3221 1068 3293 1123 ibi
3318 1068 3650 1130 desiderant,
3684 1065 3821 1137 quia

2228 1165 2283 1211 et
2320 1155 2470 1211 locus
2525 1156 2639 1227 ipse
2684 1159 3049 1214 venerabilior
3087 1168 3143 1213 et
3191 1160 3535 1214 sanctiorest
3559 1158 3824 1213 omnibus

2228 1247 2363 1303 locis
2410 1248 2462 1302 in
2498 1248 2643 1303 omni
2674 1257 2836 1306 terra.
2876 1250 2941 1305 Et
2987 1250 3061 1306 ibi
3086 1259 3173 1305 est
3203 1251 3509 1322 sepulcrum
3560 1260 3820 1304 sanctum

2227 1347 2285 1393 et
2312 1338 2628 1394 honorabile
2654 1339 2868 1396 Domini
2900 1342 3070 1396 nostri
3093 1339 3219 1396 Jesu
3244 1340 3469 1408 Christi,
3501 1348 3558 1395 et
3586 1349 3821 1395 sanctus

2226 1428 2490 1484 Calvariie
2558 1428 2731 1485 locus.
2805 1430 3131 1486 Subterrare
3186 1439 3366 1486 autem
3421 1429 3508 1484 vel
3568 1428 3822 1485 infodere

2227 1529 2475 1576 sanctam
2530 1520 2930 1577 Eucharistiam
2974 1523 3028 1578 in
3062 1532 3227 1587 terra,
3276 1522 3419 1577 sicut
3467 1521 3690 1591 quidam
3728 1518 3823 1572 di-

2226 1606 2426 1667 cuntur
2445 1625 2630 1682 agere,
2675 1611 2845 1667 autin
2871 1610 3115 1680 lagenam
3143 1612 3386 1675 mittere,
3411 1620 3504 1664 aut
3533 1608 3825 1664 effundere

538 1728 736 1784 corpus
764 1716 917 1770 multi
942 1731 1132 1770 sumus
1168 1730 1382 1779 names,
1418 1716 1507 1786 qui
1530 1716 1597 1769 de
1636 1729 1745 1769 ιιηο
1772 1730 1913 1783 pane
1939 1723 1994 1768 οι
2016 1727 2130 1768 uno
2160 1697 2202 1756 Β
2231 1704 2397 1771 illam,
2433 1705 2756 1775 negligentia
2810 1723 3003 1778 magna
3051 1716 3136 1763 est
3177 1715 3231 1763 et
3271 1705 3449 1761 nullus
3498 1706 3661 1761 timor
3692 1704 3819 1759 Dei.

536 1805 710 1863 calice
756 1808 1147 1879 participamus
1186 1806 1237 1879 (1
1267 1806 1389 1862 Cor.
1431 1822 1498 1870 ιι,
1541 1806 1692 1862 17)..
1748 1804 1902 1861 Unde
1930 1813 1986 1860 et
2018 1804 2122 1859 Do-

539 1898 721 1955 minus
773 1914 964 1970 panem
1017 1904 1319 1971 accepisse,
1370 1900 1715 1955 henedixisse
1772 1907 1828 1953 et
1868 1897 2124 1969 fregisse,

540 2004 648 2046 non
669 2000 849 2045 autem
875 1991 1070 2062 legitur
1095 2001 1222 2048 ante
1266 1992 1348 2047 vel
1375 2002 1561 2062 postea
1599 1992 1879 2047 incidisse.
1921 1990 2124 2051 Deinde

536 2080 681 2149 quod
707 2088 956 2136 Sanctum
1002 2097 1195 2150 p-mem
1224 2082 1348 2135 vita:
1376 2091 1595 2136 aeterna:
1625 2082 1679 2137 in
1713 2082 1932 2136 caliceu
1968 2081 2126 2135 intri-

537 2180 652 2224 tum
692 2186 815 2226 cum
863 2172 1134 2227 cochleari
1187 2188 1408 2228 sumere
1456 2174 1779 2237 consuestis,
1807 2174 1936 2243 quid
1960 2189 2123 2242 oppo-

534 2262 707 2317 uitis?-
757 2262 947 2333 Nequc
993 2267 1140 2321 enim
1188 2264 1304 2334 ipse
1348 2264 1611 2319 Dominus
1655 2280 1847 2335 panem
1874 2265 1927 2319 in
1954 2264 2123 2320 calice

532 2352 646 2408 vini
703 2354 937 2419 intrivit,
961 2362 1018 2410 et
1044 2356 1124 2410 sic
1155 2355 1418 2424 apostolis
1466 2353 1613 2410 dedit
1646 2354 1830 2410 dicens
1853 2371 1867 2407 :
1894 2355 2123 2425 accipite

536 2454 592 2499 et
634 2461 758 2499 cum
806 2445 1079 2501 cmbleaﬁ
1133 2447 1403 2500 comedite
1431 2460 1445 2497 :
1478 2446 1579 2501 hoc
1630 2455 1715 2501 est
1742 2446 1886 2500 enim
1926 2461 2122 2517 corpus

537 2550 740 2590 meum.
774 2534 902 2601 Sed,
943 2536 1085 2593 sicut
1141 2546 1327 2591 santta
1382 2536 1623 2591 Romana
1674 2535 1916 2591 Ecclesia
1952 2550 2122 2606 usque

530 2641 677 2681 nunc
697 2627 975 2691 observat,
1028 2643 1219 2697 panem
1269 2629 1532 2698 integrum
1583 2629 1859 2684 benedixit
1899 2638 1954 2685 et
2004 2629 2117 2683 fra-

529 2726 677 2773 ttum
698 2719 921 2790 singulis
942 2719 1303 2790 particulatim
1334 2720 1610 2776 distribuit
1637 2722 1824 2777 dicens
1851 2739 1865 2775 :
1905 2740 1924 2774 ι
1957 2720 2118 2777 Acci-

526 2817 640 2886 p'te
658 2825 712 2869 et
740 2816 1033 2881 comedite,
1057 2817 1159 2871 hoc
1177 2826 1261 2872 est
1288 2832 1487 2887 corpus
1506 2832 1685 2872 meum
1722 2816 1944 2888 (Matth.
1964 2833 2121 2883 xxvi,

524 2906 646 2977 9.6).
680 2925 699 2958 ι
735 2905 965 2974 Quies,
992 2915 1278 2977 postquam
1324 2917 1717 2973 cmnatumest,
1748 2908 1971 2964 calix-em
1995 2926 2119 2979 pur-

525 3000 669 3057 rexit
693 3000 917 3055 dicens:
948 3018 967 3052 ι
1008 2999 1189 3056 Bibite
1203 3015 1270 3055 ex
1300 3015 1366 3056 eo
1386 3016 1577 3057 omnes
1603 3000 1794 3071 (Ibid.,
1817 3000 1933 3071 9.7).
1965 3020 1983 3053 ι

602 3089 838 3146 XXXI”.
876 3091 1047 3158 Quam
1094 3094 1447 3149 reverendam
1490 3094 1700 3164 angelis
1725 3103 1781 3149 et
1807 3094 2115 3151 hominibus

528 3185 930 3239 institutionem
983 3185 1147 3239 etiam
1209 3196 1404 3242 sancta
1472 3184 1629 3251 Sion,
1680 3187 1855 3257 prima
1909 3188 2117 3243 scilicet

528 3272 796 3336 Ecclesia,
824 3289 993 3343 usque
1036 3275 1104 3330 ad
1143 3276 1258 3331 hzee
1300 3278 1557 3332 moderna
1582 3287 1850 3347 tempora,
1879 3279 2117 3335 sicutab

525 3364 788 3432 apostolis
815 3365 1044 3434 accepit,
1072 3365 1301 3421 fideliter
1352 3368 1609 3421 retinnit:
1634 3369 1770 3424 adeo
1812 3376 1870 3422 nt
1894 3371 2113 3439 qttidam

525 3453 1135 3519 Ilierosolvmitanoruni
1164 3456 1478 3527 pontificum
1510 3458 1653 3511 datis
1674 3458 1921 3529 cpi-telis
1951 3458 2117 3530 signi-

527 3548 812 3604 ficaverint
863 3558 1123 3619 quantum
1179 3549 1392 3604 illorum
1441 3551 1712 3606 institutio
1765 3552 2036 3623 discrepet
2082 3567 2113 3606 a

524 3638 750 3696 Graecis.
784 3640 878 3696 Sic
914 3642 1059 3697 enim
1093 3642 1355 3711 scriptum
1403 3643 1741 3711 reliquerunt
1770 3658 1785 3698 :
1824 3662 1843 3695 ι
1882 3644 1961 3699 Ex
1994 3645 2108 3714 ipsa

524 3736 714 3784 sancta
743 3729 964 3785 civitate
996 3728 1360 3797 Hierusalem,
1390 3746 1513 3800 quin
1553 3742 1609 3786 et
1633 3742 1822 3787 sancta
1854 3731 2115 3788 Hieroso-

523 3825 694 3897 lyma,
726 3827 864 3882 exiit
901 3827 1036 3882 lides
1064 3824 1375 3881 Christiana
1406 3844 1420 3879 :
1447 3826 1501 3880 in
1539 3827 1653 3898 ipsa
1678 3841 1898 3897 quoque
1923 3836 2112 3884 sancta

523 3918 659 3974 Sion
679 3927 733 3973 et
755 3927 946 3974 sancta
978 3919 1313 3974 resurrectio
1336 3919 1529 3988 prima:
1561 3918 1820 3975 Ecclesia:
1860 3919 2115 3974 dicuntur

522 4017 578 4063 et
614 4010 883 4063 veraciter
911 4009 1198 4063 habentur.
1246 4008 1304 4062 lu
1350 4009 1467 4077 ipso
1516 4018 1707 4063 sancto
1728 4016 1785 4063 et
1822 4008 2111 4063 venerabili

526 4101 646 4155 loco
666 4100 989 4169 adimpletur
1020 4100 1198 4154 divina
1227 4110 1283 4155 ct
1309 4101 1654 4155 immaculata
1679 4099 1880 4153 ohlazio
1904 4099 2111 4155 Domini

524 4190 697 4247 nostri
726 4188 853 4245 .lesa
905 4190 1130 4255 Christi,
1182 4192 1324 4245 sicut
1356 4190 1512 4245 decet
1551 4206 1650 4260 per
1688 4191 1958 4246 ordinem.
1993 4212 2009 4242 ι
2046 4192 2112 4244 Et

525 4292 656 4352 puto
680 4283 804 4352 quia
830 4281 1178 4338 benefaciuut
1206 4282 1301 4348 ibi,
1324 4283 1469 4351 quod
1503 4297 1607 4337 nou
1657 4282 1759 4336 nisi
1792 4282 2027 4354 integras
2056 4292 2112 4336 et

522 4384 745 4430 sanctas
774 4384 977 4446 ponttut
1011 4374 1155 4445 ipsas
1200 4374 1505 4429 oblationes
1540 4374 1593 4428 itt
1620 4383 1838 4430 sanctas
1873 4376 2105 4443 patinas,
2141 4414 2184 4470 D

525 4481 647 4532 nec,
676 4468 949 4538 quomodo
977 4467 1178 4530 Crteci,
1222 4465 1422 4525 habent
1464 4466 1704 4520 lanceam
1736 4463 1968 4520 ferream
2003 4482 2107 4535 qua

522 4561 775 4616 scindant
804 4562 860 4615 in
890 4562 1108 4615 molunt
1134 4560 1313 4614 crucis
1348 4561 1520 4628 ipsam
1563 4557 1914 4623 oblationem,
1945 4556 1993 4608 id
2026 4565 2112 4609 est

520 4652 922 4722 proscomidcn.
962 4652 1130 4706 l‘orto
1186 4651 1239 4704 in
1285 4648 1526 4719 praefatis
1564 4649 1768 4704 sanctis
1817 4646 2110 4712 Ecclesiis,

518 4764 643 4802 cum
677 4747 994 4816 ipsasaneta
1026 4743 1208 4812 patina
1250 4751 1493 4798 sanctam
1520 4741 1878 4809 auapltoram,
1926 4739 1978 4792 id
2028 4748 2111 4793 est

517 4837 875 4901 oblationem,
896 4833 1156 4889 exaltant.
1192 4832 1401 4887 Etenim
1428 4847 1569 4885 vet-1e
1593 4839 1645 4883 et
1668 4840 1806 4900 apta‘
1834 4837 1957 4884 sunt
1982 4828 2111 4897 ipsze

515 4927 862 4989 oblationes,
908 4936 1225 4993 tenuesque,
1270 4939 1337 4979 ex
1384 4922 1583 4976 simila.
1640 4921 1912 4977 Lauceam
1976 4934 2106 4973 vero

517 5017 753 5071 ferream
782 5017 1057 5079 nesciunt,
1082 5014 1328 5083 itisifqum
1372 5012 1515 5067 latus
1537 5011 1747 5067 Domini
1781 5010 1949 5067 nostri
1979 5006 2104 5062 Jesu

526 5104 735 5160 Christi
758 5105 993 5174 aperuit.
1022 5104 1288 5160 Coehlcar
1313 5118 1444 5158 vero
1490 5118 1613 5157 cum
1660 5118 1768 5171 quo
1807 5099 2106 5156 communi-

519 5204 678 5258 cent,
718 5196 861 5251 sicut
896 5197 949 5249 in
981 5197 1223 5252 Ecclesia
1252 5196 1596 5259 Graecorum,
1622 5194 1846 5251 minime
1866 5195 2097 5253 habent.

519 5284 648 5352 quia
685 5298 790 5337 non
825 5284 895 5338 ita
942 5288 1300 5341 commiscent
1345 5286 1515 5356 ipsam
1574 5296 1814 5339 sanctam
1845 5299 2093 5341 commu-

2226 1796 2439 1850 Eteuim
2476 1795 2609 1851 fides
2639 1795 3092 1860 Christianorum,
3142 1797 3260 1868 ipsa
3295 1796 3574 1867 impolluta
3625 1804 3683 1851 et
3717 1795 3812 1850 di-

2223 1885 2351 1939 vina
2381 1887 2641 1957 mysteria
2672 1897 2821 1951 sunt,
2858 1887 3152 1942 secundum
3177 1890 3321 1959 quod
3349 1888 3604 1944 Christus
3631 1887 3813 1941 dixit:

2230 1989 2251 2025 ι
2278 1971 2380 2041 Qui
2428 1975 2719 2031 manducat
2762 1992 2987 2031 carnem
3030 1993 3205 2032 meam
3235 1986 3289 2032 et
3310 1977 3451 2032 bibit
3490 1978 3818 2047 sanguinem

2224 2078 2424 2127 meum,
2460 2065 2570 2119 vita
2610 2067 2756 2121 vivet
2780 2067 2835 2121 in
2871 2076 3134 2123 aeternum
3183 2067 3368 2139 (Joan.
3400 2084 3475 2131 vt,
3506 2068 3597 2131 55,
3623 2066 3743 2137 59).
3784 2086 3810 2121 ι

2225 2152 2330 2208 Sed
2357 2154 2424 2209 de
2447 2154 2531 2210 his
2552 2156 2813 2212 hactenus
2842 2175 2855 2211 :
2891 2158 3163 2228 prtecipue
3185 2174 3306 2214 cum
3338 2174 3436 2214 vos
3458 2159 3560 2227 ipsi
3588 2158 3817 2227 possitis

2225 2242 2339 2300 haec
2356 2244 2610 2317 colligere
2636 2245 2885 2301 subtilius
2899 2264 2964 2302 cx
2988 2258 3177 2303 tenore
3203 2246 3443 2317 epistolae
3464 2247 3611 2301 illius
3640 2261 3813 2315 quam

2224 2334 2345 2389 istis
2367 2350 2435 2389 ex
2462 2352 2634 2407 grazca
2683 2336 2906 2390 latinam
2952 2335 3299 2407 perfecimus.
3334 2336 3434 2391 Uni
3460 2334 3580 2389 luce
3605 2335 3817 2389 clarius

2223 2423 2447 2494 intelligi
2488 2427 2666 2491 datur,
2706 2427 2953 2482 eumdem
2986 2426 3146 2480 ritum
3177 2425 3342 2479 divini
3370 2424 3629 2479 sacrificii
3680 2438 3814 2478 san-

2226 2523 2373 2569 ctam
2403 2506 2951 2588 Hierosolymitanam
2969 2515 3265 2570 Ecclesiam
3292 2513 3617 2569 observasse
3664 2512 3814 2566 antio

2222 2609 2430 2681 quitus,
2485 2626 2646 2681 quem
2677 2618 3024 2665 sacrosancta
3066 2608 3309 2664 Romana
3338 2606 3587 2663 Ecclesia
3617 2607 3817 2660 obser-

2219 2713 2347 2753 vare
2371 2716 2473 2755 non
2498 2711 2680 2756 cessat
2713 2703 2996 2757 hactenus.
3036 2701 3314 2772 Siquidem
3360 2709 3556 2755 tenues
3584 2698 3806 2753 oblatas

2220 2808 2287 2847 ex
2318 2793 2492 2847 simila
2521 2805 2858 2865 pra-paratas
2903 2796 3139 2865 integras
3162 2803 3217 2848 et
3250 2809 3416 2848 sanas
3474 2794 3652 2848 sacris
3677 2792 3815 2845 alla:

2216 2884 2376 2942 ribus
2426 2904 2525 2942 nos
2546 2903 2764 2957 quoque
2808 2889 3242 2959 Sttpet'pottimtts,
3288 2898 3343 2942 et
3372 2903 3438 2939 ex
3492 2886 3627 2955 ipsis
3685 2893 3815 2955 post

2222 2982 2684 3037 consecrationem
2710 2980 2898 3035 fractis
2929 2997 3051 3036 cum
3080 2978 3277 3049 populo
3295 2977 3810 3038 munurnnicanmr.

2143 3061 2187 3122 C
2222 3075 2285 3129 Et
2314 3084 2441 3129 tunc
2469 3074 2685 3128 demum
2731 3072 2902 3127 calice
2952 3071 3087 3126 meri
3111 3081 3161 3125 et
3194 3068 3381 3139 liquidi
3409 3067 3630 3121 cruoris
3659 3073 3815 3133 pota-

2220 3186 2379 3224 tuur:
2413 3166 2847 3237 quandoquidem
2875 3164 3078 3219 nemini
3100 3159 3486 3231 discipulorum
3524 3157 3631 3213 nisi
3653 3156 3814 3213 Judte

2219 3260 2483 3333 proditori
2515 3259 2801 3314 intinctum
2831 3268 3022 3326 panem
3049 3271 3078 3310 a
3110 3254 3337 3310 Domino
3359 3260 3680 3322 porrectum
3731 3249 3815 3301 in-

2217 3350 2489 3413 venimus,
2543 3347 2885 3420 signil‘tcante
2934 3344 3078 3415 quod
3122 3358 3243 3397 eum
3291 3349 3437 3395 esset
3463 3340 3809 3401 traditurus;

2216 3441 2333 3511 p;'.ri
2361 3441 2521 3495 modo
2540 3440 2701 3495 etiam
2736 3438 3009 3494 residuum
3053 3435 3342 3492 dominica:
3379 3431 3689 3488 oblationis
3719 3448 3806 3485 rc-

2216 3534 2492 3604 ponimus.

2286 3623 2524 3678 XXXiV.
2555 3621 2696 3691 Iam,
2727 3623 2855 3694 quia
2906 3620 3245 3676 sufficienter
3289 3615 3626 3671 auctoritate
3675 3612 3814 3668 Neri

2215 3726 2269 3771 et
2326 3717 2535 3772 Veteris
2584 3714 2917 3771 Testamenti
2972 3721 3188 3768 constat
3234 3709 3524 3765 Dominum
3556 3717 3814 3762 nostrum

2212 3804 2398 3862 Jesum
2450 3806 2727 3861 Christum
2780 3800 3347 3858 commemorationem
3394 3811 3508 3850 sine
3535 3796 3818 3865 passionis

2214 3896 2557 3951 rec-.lendatn
2616 3896 2669 3949 in
2722 3893 2933 3965 azymis
2982 3890 3260 3959 discipulis
3309 3887 3410 3941 sub
3475 3886 3596 3954 ipsa
3654 3898 3816 3939 caena

2214 3987 2644 4049 commcmlasse,
2699 3985 2842 4039 sicut
2896 3980 3163 4049 hodieque
3215 3987 3399 4031 sancta
3450 3974 3706 4029 Romana
3759 3984 3817 4029 et

2213 4077 2404 4133 Latina
2464 4077 2702 4132 Ecclesia
2761 4075 3004 4130 noscitur
3054 4072 3311 4136 recolere,
3362 4068 3551 4124 dicere
3594 4069 3819 4123 debetis

2212 4167 2369 4236 cujus
2425 4169 2819 4223 institutionem
2874 4167 2931 4220 in
2982 4163 3306 4219 fermentata
3365 4170 3475 4212 tam
3528 4161 3821 4214 obstinate

2211 4260 2519 4315 defenditis.
2556 4260 2757 4330 Nempe
2781 4259 3087 4329 quicunque
3124 4270 3217 4311 seu
3263 4251 3669 4322 qualiscunque
3724 4252 3819 4307 ille

2214 4353 2375 4407 fuerit
2400 4393 2414 4415 ,
2436 4351 2589 4421 juxta
2613 4352 2833 4406 beatum
2877 4348 2997 4414 Job,
3045 4345 3374 4416 compositus
3405 4342 3542 4404 Deo,
3594 4343 3691 4410 qui
3731 4350 3820 4397 est

2212 4444 2325 4515 ipsa
2341 4444 2554 4515 justitia
2572 4453 2626 4497 et
2648 4442 2912 4512 sapientia
2930 4482 2944 4504 ,
2969 4455 3068 4495 nec
3092 4437 3305 4507 sapiens
3327 4434 3454 4488 erit.
3483 4432 3601 4487 Nec
3629 4443 3823 4503 potest

2212 4538 2326 4593 lieri
2354 4547 2410 4590 ιιι
2438 4535 2665 4606 quilibet
2704 4531 3119 4588 convenientius
3167 4535 3260 4582 aut
3290 4524 3472 4579 verius
3524 4539 3823 4579 commen-

2211 4634 2343 4689 dare
2397 4628 2774 4698 prmvaluisset
2818 4631 3225 4679 sacrosanctum
3274 4615 3602 4689 mysterium
3661 4616 3824 4682 fidei,

2210 4736 2373 4790 quam
2398 4720 2511 4788 ipse
2542 4717 2632 4784 qui
2671 4714 2895 4768 tradidit
2927 4711 3276 4780 semetipsum
3310 4721 3407 4776 pro
3457 4706 3626 4761 nobis
3656 4707 3823 4762 obla-

2212 4815 2418 4867 tionem
2443 4818 2498 4863 et
2527 4808 2760 4863 hostiam
2806 4806 2915 4859 Deo
2940 4805 2991 4856 iit
3022 4802 3241 4856 odorem
3271 4795 3589 4860 suavitatis,
3622 4798 3826 4866 Agnus

2215 4902 2588 4964 iiumaculatus
2611 4900 2700 4971 qui
2719 4900 2853 4954 tollit
2870 4905 3083 4968 peccata
3115 4891 3314 4948 mundi.
3340 4888 3436 4944 Cui
3460 4902 3826 4958 comparata,

2213 4994 2553 5067 imperfecta,
2592 4993 2745 5062 cujus
2772 4990 3058 5045 inscientia
3102 4998 3308 5041 summa
3339 4988 3420 5035 est
3460 4981 3826 5050 ignorantia.

2212 5091 2550 5158 Quapropter
2570 5083 2923 5138 cventilemus
2949 5080 3153 5149 reliqua
3191 5078 3329 5131 dicta
3374 5084 3589 5129 vestra.

2283 5180 2499 5238 XXXV.
2526 5178 3222 5233 Cossrnsrtxorounsus.
3249 5168 3605 5223 Dixitantetn
3642 5166 3830 5221 David

2210 5282 2278 5332 de
2307 5277 2459 5344 ipso:
2490 5291 2508 5322 ι
2540 5271 2617 5324 'l‘u
2643 5286 2700 5325 es
2723 5267 2977 5324 sacerdos
3007 5266 3058 5317 in
3086 5273 3345 5316 aeternum
3384 5258 3705 5311 secundum
3733 5273 3837 5310 0n-

2223 5369 2251 5374 -.
2442 5361 2488 5374 ι.
2529 5362 2539 5374 ι
2580 5360 2628 5374 ιι
2717 5360 2728 5374 ι
2800 5358 2811 5374 I
2891 5353 2956 5374 In
3000 5353 3040 5374 ,Ι
3124 5367 3200 5374 --η
3298 5346 3345 5374 Ιὶ
3402 5362 3418 5374 1.
3490 5344 3600 5374 nun:
3690 5356 3833 5374 πη...
