4124 5374
499 247 605 305 955

510 363 793 434 elligereut
822 364 1161 436 Scripturas,
1194 364 1512 438 mysterium
1540 367 1753 421 cunctis
1781 376 1929 423 retro
1975 383 2073 423 sa»
2107 377 2148 430 Λ
2181 368 2408 441 (Psalm.
2443 384 2520 433 xi,
2558 368 2632 437 9).

496 456 632 513 culis
666 457 1042 513 absconditum
1090 459 1146 513 in
1178 474 1396 514 onmem
1453 468 1653 514 terram
1701 469 1755 515 et
1803 476 1975 531 usque
2028 462 2081 515 in

496 542 630 600 ﬁnes
652 546 799 601 orbis
830 547 1154 602 transmisit.
1205 546 1607 604 Maledieendus
1630 565 1760 619 ergo
1784 560 1867 605 est
1894 559 2084 606 uterus

495 633 605 703 ille,
633 636 744 706 qui,
779 638 983 708 Spiritu
1012 639 1105 695 Dei
1130 641 1460 709 gravidatus,
1491 642 1559 697 ab
1592 642 1745 697 initio
1797 644 2085 712 partui-ivit

490 729 1053 787 omniasacramenta
1078 732 1279 788 Christi
1328 743 1381 788 et
1430 734 1708 800 Ecclesiae,
1759 736 2083 806 tandemque

493 819 546 875 in
577 820 684 875 ﬁne
706 822 1030 878 saeculorum
1059 825 1269 895 peperit
1292 825 1465 894 ipsum
1509 825 1857 895 Evangelium
1883 829 2079 896 pranli-

478 914 722 981 .candum
791 913 1034 985 ubique?
1088 914 1365 986 Siquidem
1432 918 1597 973 Vetus
1665 916 2076 981 Testamentum

492 1004 653 1061 eﬁicit
684 1016 741 1061 ut
763 1022 861 1077 per
890 1006 1100 1062 Novum
1132 1004 1300 1062 libera
1334 1008 1509 1064 fronte
1538 1011 1865 1077 przedicetur
1892 1020 2080 1081 partus

489 1097 750 1169 Virginis,
780 1110 837 1154 et
866 1100 1123 1154 credatur
1148 1102 1480 1156 resurrectio
1509 1116 1576 1155 ex
1620 1104 1869 1167 mortuis,
1916 1112 2078 1172 atque

490 1203 589 1257 per
618 1188 821 1261 lignum
853 1198 910 1245 et
936 1205 1132 1261 aquam
1169 1200 1223 1246 et
1254 1191 1516 1259 Spiritum
1549 1193 1824 1261 reparatio
1855 1193 2075 1247 lnnnani

490 1284 727 1353 generis.
750 1282 1002 1355 Alioquin
1029 1284 1206 1340 deleto
1251 1286 1434 1342 Veteri
1489 1286 1841 1341 Testamento
1867 1288 2074 1343 Novum

485 1387 794 1443 evanescet,
840 1371 1127 1450 fabulaque
1167 1382 1465 1452 potabitur,
1499 1398 1596 1437 nec
1636 1383 1851 1438 retineri
1877 1383 2074 1453 poterit

484 1472 687 1543 absque
731 1474 1049 1529 charactere
1096 1489 1217 1540 suo,
1265 1474 1518 1543 quoniam
1549 1490 1651 1530 nec
1687 1476 1865 1545 paries
1909 1476 2075 1532 stabit

484 1566 602 1621 sine
631 1564 1005 1621 fundamento.
1042 1566 1197 1635 Quod
1229 1566 1345 1637 ipse
1393 1567 1652 1623 Dominus
1690 1569 1803 1621 suis
1836 1567 1995 1621 factis
2020 1574 2077 1623 et

482 1657 644 1712 dictis
695 1657 1000 1728 supposuit,
1057 1666 1114 1713 et
1166 1658 1427 1728 apostolis
1483 1674 1576 1712 seu
1629 1659 2073 1728 praedicatoribus

1532 251 1960 313 HUMBERTUS
1999 255 2056 312 S.
2097 254 2162 310 R.
2217 256 2279 310 E.
2345 254 2758 311 CARDINALIS

3668 258 3770 321 956

2695 388 2714 420 ›
2773 368 2941 422 Porro
2990 368 3033 422 si
3081 366 3239 423 alicui
3282 369 3513 440 insipida
3560 372 3772 436 videtur

2190 461 2311 515 talis
2337 460 2573 531 lympha,
2607 460 2819 515 noverit
2849 460 2996 514 nullo
3046 460 3174 515 vitio
3206 461 3439 533 lympha:
3472 464 3612 519 istud
3668 468 3769 521 sibi

2186 552 2522 623 contingere,
2562 552 2655 607 sed
2696 551 2865 606 nimio
2901 550 3063 621 palati
3102 552 3198 606 sui.
3232 563 3473 623 stupore.
3506 556 3769 613 Animalis

2182 644 2327 713 eiiim
2356 645 2516 699 homo
2544 659 2649 697 non
2680 644 2912 714 percipit
2954 658 3014 697 ea
3057 659 3179 712 quae
3212 653 3337 698 sunt
3385 646 3607 715 spiritus
3650 648 3765 702 Dei.

2183 737 2424 793 Stultitia
2456 737 2719 808 siquidem
2772 746 2855 791 est
2901 735 2976 790 illi
3015 735 3100 790 lex
3131 736 3245 802 Dei,
3295 751 3394 792 nec
3425 738 3571 792 novit
3611 720 3767 794 ex‘ca

2180 829 2379 884 mentis
2410 839 2654 885 ventrem
2706 828 3000 883 salubriter
3044 827 3274 897 replere,
3322 829 3415 883 sed
3462 831 3767 899 perniciose

2179 920 2505 976 distendere.
2537 919 2847 989 Spiritualis
2868 912 3068 984 autem,
3100 921 3191 990 qui
3215 918 3768 988 judicatetdiscernit

2178 1012 2379 1077 omnia,
2413 1028 2535 1067 cum
2560 1021 2745 1068 nostro
2777 1011 3151 1066 architriclino
3194 1011 3361 1066 Paulo
3394 1012 3621 1067 ﬁdeliter
3669 1015 3766 1068 de-

2177 1112 2400 1157 cantat:
2440 1122 2457 1154 ι
2495 1104 2708 1158 Scimus
2737 1103 2862 1174 quia
2893 1104 3030 1157 bona
3059 1110 3143 1156 est
3169 1102 3275 1167 lex,
3307 1102 3351 1158 si
3374 1103 3497 1172 quis
3537 1119 3599 1158 ea
3636 1103 3768 1175 legi—

2180 1193 2305 1246 time
2334 1200 2516 1247 utatur
2545 1193 2596 1264 (Ι
2615 1193 2748 1247 Tim.
2789 1210 2831 1259 ι,
2856 1193 2931 1264 8).
2972 1212 2990 1245 ι
3028 1193 3094 1247 Et
3123 1192 3248 1247 illud
3283 1211 3296 1247 :
3334 1213 3351 1245 ι
3391 1194 3602 1249 Scimus
3627 1211 3766 1264 quo-

2177 1284 2318 1337 niam
2356 1284 2439 1338 lex
2466 1285 2764 1355 spiritualis
2792 1294 2875 1339 est
2904 1283 3083 1356 (Rom.
3122 1300 3214 1348 vn,
3272 1284 3380 1355 Η).
3446 1305 3463 1337 ι
3511 1285 3663 1354 Quod
3716 1287 3763 1341 si

2174 1372 2260 1429 lex
2285 1375 2582 1444 spiritualis
2604 1385 2708 1441 cst,
2736 1375 3064 1429 ministratio
3103 1375 3340 1445 Spiritus
3380 1376 3439 1432 ﬁt
3468 1378 3733 1447 spirituali
3752 1412 3763 1419 -

2175 1475 2259 1523 ter
2282 1469 2612 1532 examinata,
2649 1476 2703 1522 ct
2731 1466 3058 1522 ministratio
3089 1468 3279 1523 mortis
3323 1468 3613 1523 carnaliter
3654 1470 3762 1524 dis-

2173 1575 2351 1616 cussa.
2378 1560 2633 1628 Quamvis
2660 1560 2802 1615 enim
2829 1560 2915 1614 lex
2943 1570 3131 1629 suapte
3160 1571 3345 1615 natura
3371 1561 3442 1614 sit
3467 1561 3595 1626 vita,
3626 1561 3762 1622 vitio

2173 1660 2353 1705 tamen
2378 1651 2653 1705 hominum
2673 1665 2818 1706 mers
2848 1649 2927 1714 ﬁt,
2956 1649 3095 1704 sicut
3124 1649 3262 1704 idem
3285 1650 3570 1719 Apostolus
3588 1651 3716 1705 ιιίιτίι
3744 1669 3758 1704 :

482 1749 595 1805 suis
626 1749 911 1818 inspiravit
936 1750 1270 1806 narrationis
1318 1768 1429 1807 suae
1456 1767 1676 1806 cursum
1723 1753 1941 1808 ﬁrmare
1970 1768 2067 1809 an-

2180 1762 2199 1795 ι
2238 1743 2376 1810 Quid
2404 1757 2533 1812 ergo
2561 1742 2835 1797 dicemus?
2866 1742 2975 1799 Lex
3009 1752 3282 1812 peccatum
3306 1744 3425 1798 est?
3452 1745 3620 1799 absit!
3652 1744 3759 1798 Sed

481 1840 650 1895 chora
672 1838 1006 1896 Testamenti
1034 1840 1281 1908 Veteris;
1332 1842 1488 1912 cujus
1531 1843 1911 1898 auctoritatem
1955 1843 2069 1914 pri-

481 1948 603 1988 mus
631 1934 893 2005 magister
922 1933 1177 1990 Ecclesia:
1203 1934 1488 2005 proﬁtetur
1512 1934 1804 1990 certiorem
1832 1948 1952 1990 esse
1980 1934 2069 1991 illa

479 2038 613 2079 voce
639 2040 799 2094 quam
843 2039 1007 2094 super
1061 2024 1350 2080 Dominum
1382 2025 1823 2096 transﬁguratum
1866 2025 2069 2082 factum

481 2115 706 2171 audivit.
737 2115 891 2173 Unde
918 2117 1288 2175 ﬁrmissimum
1340 2118 1673 2173 credendum
1717 2126 1878 2173 estet
1908 2118 2071 2172 liber-

482 2206 617 2260 rime
631 2206 992 2277 proﬁtendum
1014 2208 1155 2278 quod
1171 2208 1482 2278 quicunque
1517 2207 1698 2263 Veteri
1719 2205 2070 2262 Testamento

478 2299 831 2365 contradicit,
868 2299 1032 2354 etiam
1084 2297 1218 2354 Novi
1272 2300 1620 2355 adversarius
1672 2298 1874 2365 existit,
1925 2298 2071 2369 quod

478 2389 628 2445 velut
648 2399 765 2445 rota
794 2391 845 2445 in
877 2391 1055 2446 medio
1080 2401 1212 2446 rotae
1244 2392 1421 2447 inesse
1467 2389 1648 2447 Veteri
1678 2399 1900 2447 sanctus
1929 2390 2070 2445 Eze-

479 2483 622 2539 chiel
651 2484 781 2538 vidit
814 2483 1029 2557 (Exerit.
1069 2501 1109 2551 l,
1139 2485 1242 2553 16;
1273 2502 1327 2551 x,
1356 2484 1463 2557 10).

489 2625 493 2628 .
552 2562 797 2631 XXXIX.
832 2577 1036 2632 Deinde
1078 2581 1234 2647 quasi
1276 2577 1581 2649 subjectum
1615 2578 1699 2634 vel
1748 2578 2069 2634 fundamen-

480 2677 595 2722 tum
634 2677 719 2724 est
749 2666 918 2724 Vetus
965 2667 1397 2735 Testamentum,
1442 2668 1598 2736 cujus
1647 2670 1936 2727 aediﬁcium
1981 2670 2069 2726 vel

476 2758 727 2828 superior
747 2774 874 2829 pars
898 2768 1108 2814 constat
1132 2759 1340 2815 Novum
1375 2779 1390 2818 :
1425 2762 1566 2831 quod
1603 2777 1827 2818 necesse
1851 2771 1936 2818 est
1973 2762 2069 2817 de-

477 2848 626 2903 ﬁciet
650 2848 733 2903 vel
771 2857 1006 2911 corruet,
1036 2849 1326 2905 deﬁciente
1370 2851 1453 2905 vel
1485 2861 1775 2906 corruente
1822 2849 2085 2920 subjecto.

477 2940 566 2995 cui
598 2940 889 3009 insidebat,
918 2950 975 2996 et
1002 2941 1246 3012 subjecto
1293 2943 1512 3012 quidem
1567 2959 1661 2999 seu
1713 2941 2066 2999 fittidameuto

476 3044 852 3106 permanente,
884 3044 1268 3106 permutantur
1288 3036 1681 3107 supersideutia
1707 3052 1847 3106 saepe
1864 3053 1879 3102 ;
1897 3038 2065 3092 inter-

2175 1843 2455 1905 peccatum
2488 1850 2592 1890 non
2614 1834 2823 1905 agnovi,
2854 1833 2956 1889 nisi
2980 1849 3076 1903 per
3106 1834 3276 1905 legem
3307 1834 3503 1904 (lbid.,
3524 1835 3600 1906 7).
3639 1854 3655 1886 ι
3690 1835 3759 1889 Et

2173 1935 2294 1995 post
2316 1942 2485 1997 pauca
2517 1943 2531 1980 :
2565 1946 2584 1978 ι
2612 1908 2801 1998 Itaque
2842 1925 2926 1981 lex
2953 1926 3168 1996 quidem
3196 1926 3417 1993 sancta,
3451 1937 3505 1983 et
3535 1927 3753 1981 manda—

2176 2025 2287 2071 tum
2326 2027 2571 2072 sanetum
2602 2027 2657 2072 ct
2696 2015 2902 2086 justum
2946 2026 3001 2071 et
3030 2017 3230 2072 bonum
3264 2018 3457 2085 :Quod
3501 2022 3629 2090 ergo
3659 2021 3759 2075 bo-

2174 2126 2298 2165 mnn
2322 2119 2424 2174 est,
2452 2111 2578 2164 mihi
2605 2109 2803 2164 factum
2826 2121 2909 2165 est
2937 2111 3113 2166 mors?
3135 2111 3300 2166 absit!
3331 2110 3435 2166 Sed
3450 2123 3754 2182 peccaturo.

2173 2211 2229 2256 ut
2261 2209 2518 2271 appareat
2549 2211 2849 2271 peccatum,
2874 2215 2970 2271 per
2991 2202 3189 2256 bonum
3211 2212 3491 2272 operatum
3519 2212 3602 2258 est
3627 2205 3755 2257 mihi

2171 2280 2400 2348 mortem
2419 2292 2607 2364 (Ibid.,
2637 2293 2725 2360 l2,
2751 2293 2860 2365 15).
2886 2313 2904 2346 ι
2938 2294 3005 2349 Ει
3033 2310 3222 2349 rursus
3253 2312 3266 2348 :
3294 2313 3313 2346 ι
3350 2294 3567 2350 Invenio
3596 2295 3759 2365 igitur

2169 2382 2341 2455 legem
2372 2384 2640 2443 volentem
2691 2385 2822 2440 mihi
2853 2386 3053 2441 bonum
3100 2385 3297 2452 facere,
3333 2388 3590 2456 quoniam
3625 2387 3755 2441 mihi

2168 2475 2370 2531 malum
2407 2474 2831 2547 adjaeet(1bid.,
2861 2475 2973 2547 2|).
3021 2494 3040 2529 ›
3085 2476 3351 2546 Tandem,
3386 2477 3431 2531 si
3485 2478 3757 2547 sapienter

2171 2568 2400 2624 audistis
2423 2583 2546 2638 qua:
2575 2568 2954 2638 praemisimus,
2989 2568 3291 2638 resipiscite
3338 2568 3409 2623 ab
3438 2568 3647 2638 injuriis
3671 2569 3748 2622 le.

2168 2660 2270 2731 gis,
2302 2676 2463 2730 quam
2487 2668 2751 2724 sanctam,
2779 2669 2833 2715 et
2855 2660 3166 2715 mandatum
3190 2672 3436 2716 sanctum
3468 2675 3522 2716 et
3547 2661 3750 2732 justum

2167 2759 2221 2806 et
2248 2750 2450 2805 bonum
2480 2748 3049 2820 aﬁirmatApostolus;
3106 2765 3173 2805 ne
3222 2751 3487 2805 medicum
3528 2752 3750 2805 deumn-

2165 2851 2427 2898 slrantem
2442 2841 2659 2897 morbos
2672 2852 2725 2897 et
2736 2857 2928 2898 curare
2942 2843 3209 2898 volentem
3224 2842 3512 2898 videamini
3523 2844 3751 2898 obruere

2165 2932 2435 3004 lapidibus
2475 2942 2728 3002 tanquam
2767 2933 3134 3003 phreneticus.

2239 3025 2348 3081 XL.
2381 3024 2551 3080 Porro
2579 3041 2864 3079 ntunerosa
2897 3034 3109 3095 patrum
3139 3024 3411 3097 coniugia,
3443 3037 3497 3083 et
3535 3042 3601 3081 cx
3654 3027 3751 3079 tri-

476 3133 641 3181 euute
679 3137 869 3180 'autem
894 3125 979 3180 vel
1011 3136 1217 3191 ruente,
1243 3137 1516 3197 nequeunt
1543 3126 2065 3196 pzlriternoninlcr-
2090 3112 2134 3175 C
2168 3116 2236 3170 bu
2261 3132 2380 3181 sua,
2409 3128 2573 3188 atque
2615 3117 2852 3171 carnalia
2905 3118 3191 3184 sacriﬁcia,
3229 3126 3284 3172 et
3323 3118 3751 3173 circumcisiouis

476 3218 558 3274 ire
587 3217 669 3271 vel
694 3235 871 3274 ruere.
920 3217 1032 3275 lloc.
1055 3220 1239 3291 utique
1278 3220 1537 3275 Dominus
1563 3220 1850 3290 utriusque
1876 3221 2067 3276 Testa-

478 3310 646 3364 menti
679 3309 819 3365 lator
842 3310 1061 3381 intelligi
1090 3312 1299 3378 volens,
1327 3328 1451 3367 cum
1484 3321 1670 3382 posset
1697 3304 2062 3385 omnipotenti

476 3402 753 3458 voluntate
783 3419 981 3458 vacuas
1006 3419 1099 3459 sex
1129 3403 1350 3476 hydrias
1396 3403 1449 3458 iu
1498 3404 1701 3473 nuptiis
1730 3403 1856 3459 vino
1889 3404 1954 3459 de
1984 3404 2070 3459 ni-

477 3493 595 3549 hilo
638 3504 859 3565 repeute
906 3482 1091 3550 creato
1133 3494 1372 3567 implere,
1428 3495 1619 3550 maluit
1676 3505 1879 3561 tamen,
1926 3496 2062 3550 certi

475 3587 719 3657 mysterii
765 3588 958 3657 gratia,
988 3587 1139 3656 prius
1179 3603 1318 3657 aqua
1367 3587 1584 3642 easdem
1633 3587 1849 3657 hydrias
1879 3602 1908 3639 a
1939 3583 2064 3642 festi

474 3677 740 3733 ministris
771 3693 938 3747 usque
967 3679 1034 3732 ad
1085 3693 1358 3732 summum
1416 3676 1653 3747 impleri,
1696 3686 1748 3731 et
1777 3686 1896 3748 post
1945 3676 2063 3732 solo

473 3778 605 3822 nutu
631 3783 727 3822 suo
777 3768 1023 3824 mirabile
1067 3769 1250 3823 viuum
1290 3767 1425 3822 ﬁeri.
1461 3768 1517 3822 lu
1558 3784 1662 3837 quo
1689 3769 1915 3838 provido
1960 3767 2067 3822 Re-

471 3859 766 3929 demptoris
799 3859 969 3915 nostri
997 3859 1140 3914 l'aeto
1192 3860 1421 3914 dicimus
1451 3874 1645 3927 aquam
1680 3874 1783 3913 non
1812 3861 2064 3914 substan-

472 3954 602 4007 tiam
625 3968 803 4020 suam,
836 3953 932 4009 sed
963 3954 1275 4023 qualitates,
1313 3952 1365 4007 id
1397 3961 1482 4006 cst
1529 3967 1779 4024 saporem
1814 3960 1869 4006 et
1915 3951 2062 4006 colo-

472 4059 584 4099 rem
614 4054 669 4099 et
697 4044 872 4113 siqua
919 4052 1046 4098 sunt
1091 4043 1421 4113 huiusmodi,
1452 4055 1812 4116 permutasse,
1846 4053 1905 4098 ut
1936 4045 2056 4099 ani-

473 4135 879 4191 madvertamus
905 4134 1081 4205 ipsum
1110 4137 1397 4190 Dominum
1432 4136 1596 4192 Vetus
1624 4136 2055 4201 Testamentum,

471 4239 580 4294 quo
608 4239 704 4279 sex
728 4223 912 4279 mundi
939 4234 1129 4279 mtates
1156 4240 1253 4295 per
1296 4227 1657 4281 ministerium
1688 4227 1926 4296 priorum
1958 4244 2057 4296 pa—

472 4322 616 4367 trum
649 4311 972 4382 repleverat,
1007 4329 1111 4367 non
1141 4328 1458 4377 cvacuasse,
1490 4316 1581 4369 sed
1609 4316 1925 4381 innovasse;
1956 4331 2058 4371 nec

473 4402 598 4455 inde
627 4391 921 4472 quidquam
972 4403 1313 4473 reprobando
1346 4404 1631 4468 minuisse,
1683 4406 1777 4461 sed
1820 4405 1963 4477 quod
2006 4404 2055 4459 ei

2169 3224 2263 3264 seu
2297 3209 2571 3263 variarum
2602 3208 3036 3279 puriﬁcationum
3066 3211 3427 3277 acrimonias,
3475 3211 3750 3265 ciborum-

2167 3317 2273 3373 que
2342 3301 2677 3357 dil'fereutias
2718 3302 2978 3358 noveritis
3028 3303 3398 3374 temporaliter
3446 3302 3751 3357 carnalibus

2167 3402 2258 3449 aut
2295 3394 2558 3465 permissa
2588 3401 2681 3448 aut
2706 3394 2856 3464 jussa
2884 3412 2895 3447 :
2926 3403 2983 3448 ut
3003 3408 3096 3449 eos
3115 3394 3299 3448 talium
3324 3395 3452 3466 jugo
3474 3394 3557 3448 vel
3582 3392 3751 3447 licen-

2169 3487 2241 3541 tia
2273 3487 2649 3540 mandatorum
2677 3485 2958 3550 retineret,
2983 3501 3048 3540 ne
3071 3487 3137 3540 ad
3169 3486 3523 3541 idololatriant
3553 3502 3644 3541 seu
3673 3485 3744 3539 ad

2171 3589 2368 3635 caetera
2398 3579 2596 3651 ﬁagitia
2629 3589 2979 3645 corruerent;
3013 3580 3321 3650 spirituales
3347 3590 3528 3636 autem
3578 3580 3749 3651 signi-

2165 3672 2416 3727 ﬁcatione
2444 3674 2705 3726 bonorum
2738 3671 3042 3726 futurorum
3071 3688 3191 3742 qua:
3234 3674 3286 3726 in
3331 3673 3414 3728 his
3468 3673 3748 3743 promitte-

2163 3763 2382 3825 bantur,
2429 3763 2633 3833 jugiter
2660 3762 2986 3828 sublevaret,
3039 3773 3097 3817 ut
3146 3764 3485 3819 advenientia
3522 3781 3550 3818 a
3592 3764 3746 3835 longe

2161 3854 2538 3924 conspicerent
2563 3863 2617 3909 et
2637 3854 2830 3909 devote
2856 3854 3178 3910 salutarent.
3209 3856 3384 3921 Quod,
3408 3856 3533 3910 licet
3557 3855 3748 3923 hujus-

2152 3950 2309 4019 ,modi
2344 3947 2816 4003 observationibus
2846 3963 2944 4017 pro
2971 3947 3087 4003 loco
3112 3956 3164 4003 et
3197 3958 3437 4017 tempore
3486 3949 3738 4003 videren-

2161 4050 2250 4097 tur
2279 4042 2504 4097 nimium
2529 4041 2716 4107 dediti,
2748 4049 2808 4095 ut
2856 4056 2952 4095 sua
2999 4041 3456 4096 condescensione
3484 4041 3743 4112 paulatim

2160 4136 2349 4191 brutas
2374 4135 2560 4205 plebes
2593 4150 2691 4205 per
2738 4135 2896 4204 signa
2956 4133 3236 4188 traherent
3287 4134 3354 4187 ad
3405 4150 3512 4197 res,
3567 4142 3743 4186 tamen

2159 4227 2287 4296 quid
2316 4227 2367 4281 in
2401 4227 2484 4281 his
2505 4226 2790 4289 senserint,
2813 4241 2875 4280 ex
2901 4225 2986 4279 his
3006 4225 3147 4279 beati
3173 4223 3337 4279 David
3360 4225 3518 4280 dictis
3540 4224 3740 4294 liquet:

2165 4339 2183 4371 ι
2220 4319 2275 4372 Si
2326 4317 2591 4373 voluisses
2642 4316 2989 4381 sacriﬁcium,
3030 4315 3296 4371 dedissem
3333 4317 3515 4385 utique
3547 4334 3559 4368 :
3598 4315 3747 4369 holo-

2159 4407 2362 4462 caustis
2409 4422 2515 4461 non
2547 4404 2927 4461 delectaberis.
2981 4405 3318 4461 Sacriﬁcium
3372 4406 3479 4459 Deo
3523 4405 3744 4475 spiritus

473 4496 651 4550 inerat
673 4504 725 4550 et
748 4494 952 4549 latebat
983 4495 1337 4565 approbando
1357 4495 1690 4551 exhibuisse.
1724 4496 1777 4550 lu
1830 4495 2054 4565 quibus-
2080 4476 2131 4536 Ῑ)
2158 4498 2553 4555 contribulatus
2582 4495 2808 4568 (Psalm.
2840 4513 2889 4560 ι,
2921 4496 3030 4566 18).
3080 4517 3099 4550 ο
3161 4496 3311 4552 Unde
3365 4511 3581 4551 rursum
3612 4496 3684 4550 ait
3722 4513 3737 4548 :

470 4587 593 4641 dam
626 4586 793 4648 enim,
826 4585 937 4641 sola
971 4586 1370 4655 permutatione
1407 4594 1708 4656 temporum
1736 4602 1832 4641 seu
1879 4587 2057 4643 varie-

471 4685 582 4731 tate
610 4684 853 4746 excrpta,
886 4675 966 4729 lex
983 4684 1033 4730 et
1060 4668 1407 4745 Evangelium
1424 4673 1565 4732 idern
1582 4676 1921 4732 concorditer
1940 4676 2055 4732 cla-

456 4778 640 4845 mant.
671 4768 828 4824 Verbi
855 4768 1046 4839 gratia,
1081 4768 1165 4824 lex
1190 4769 1432 4838 pnedicit
1460 4784 1474 4821 τ
1507 4789 1522 4820 ‹
1554 4768 1884 4837 Prophetam
1937 4784 2056 4824 sus-

471 4861 656 4916 citabit
693 4861 848 4916 vobis
884 4862 1145 4916 Dominus
1192 4862 1256 4915 dc
1307 4859 1567 4916 fratribus
1624 4860 1823 4915 vestris
1869 4860 2053 4932 (Deut.

473 4966 621 5014 xvm,
659 4950 754 5017 15;
786 4953 902 5005 Act.
935 4967 1030 5016 vn,
1058 4950 1168 5021 (Ξῖ).
1201 4971 1218 5002 ι
1256 4950 1359 5004 Et:
1391 4968 1411 5003 ο
1450 4950 1586 5004 Ecce
1613 4950 1763 5021 virgo
1789 4951 2056 5021 concipiet

471 5049 526 5096 et
555 5040 729 5109 pariet
753 5040 917 5094 ﬁlium
950 5039 1084 5111 (Isa.
1131 5056 1226 5104 vn,
1254 5040 1365 5113 ιιι).
1404 5060 1422 5093 ι
1457 5041 1805 5111 Evangelium
1859 5041 2055 5110 praedi-

452 5139 560 5207 ~eat
590 5149 601 5183 :
634 5148 652 5181 ι
694 5130 964 5202 Propheta
991 5145 1220 5203 maguus
1243 5132 1483 5188 surrexit
1513 5133 1565 5187 iu
1596 5133 1752 5188 nobis
1776 5131 1927 5203 (Luc.
1951 5147 2049 5196 vn,

474 5223 585 5293 16).
623 5242 641 5274 ι
669 5222 771 5276 Et:
808 5243 825 5275 ι
867 5221 1029 5295 Virgo
1058 5227 1306 5296 concepit
1335 5234 1392 5281 et
1420 5227 1631 5297 peperit
1675 5225 1843 5279 ﬁlium
1896 5223 2051 5295 (Luc.

474 5331 538 5374 ιι,
562 5315 638 5374 7).
678 5333 694 5364 ι
726 5315 785 5369 In
825 5316 1144 5374 quibusdam
1186 5319 1375 5374 etiam.
1426 5327 1667 5374 tempore
1712 5325 1766 5374 et
1816 5316 2054 5371 themate

2166 4608 2184 4641 ι
2224 4588 2278 4643 lu
2309 4605 2395 4643 me
2424 4599 2571 4655 sunt,
2609 4590 2772 4653 Deus,
2806 4599 2929 4642 vota
2988 4597 3073 4642 tua
3133 4588 3361 4659 (Psalm.
3420 4603 3507 4652 Lv,
3560 4587 3671 4656 l2).
3708 4605 3726 4637 ι

2159 4680 2324 4751 Cujus
2358 4693 2646 4749 personam
2701 4678 3030 4747 suscipiens,
3060 4679 3265 4733 carnali
3307 4678 3504 4749 populo
3551 4686 3735 4732 conte-

2155 4776 2349 4836 statur,
2381 4770 2604 4825 dicens:
2637 4788 2653 4821 ι
2687 4768 2935 4840 Nunquid
2973 4771 3309 4825 mandueabo
3346 4785 3540 4825 carnes
3558 4778 3742 4824 tauro-

2157 4878 2298 4926 rum,
2331 4871 2423 4915 aut
2449 4862 2767 4932 sanguinem
2801 4861 3077 4916 hircorum
3112 4862 3348 4931 potabo?
3376 4860 3596 4915 lmmola
3626 4861 3739 4915 Deo

2157 4954 2480 5011 sacriﬁcium
2497 4954 2688 5017 laudis,
2712 4964 2767 5008 et
2792 4954 2956 5008 redde
2968 4953 3382 5009 Altissimbvota
3403 4963 3490 5007 tua
3508 4951 3736 5023 (Psalm.

2157 5060 2303 5108 xux,
2356 5044 2442 5108 l5,
2505 5043 2617 5114 14).
2678 5062 2698 5096 ι
2737 5041 2926 5098 Nonne
2962 5041 3091 5097 huic
3122 5052 3178 5095 et
3227 5042 3449 5111 reliquis
3494 5041 3741 5110 patribus

2157 5152 2296 5207 aqua
2339 5134 2493 5204 legis,
2539 5133 2775 5190 colorem
2832 5143 2888 5189 et
2941 5148 3189 5203 saporem
3243 5142 3565 5195 mutaverat,
3615 5147 3737 5199 qua:

2155 5225 2351 5296 pallida
2371 5234 2424 5279 et
2454 5224 2681 5294 insipida
2712 5223 3021 5278 carnalibus
3045 5224 3338 5292 apparebat
3365 5224 3387 5276 ?
3414 5222 3623 5291 Quippe
3652 5223 3739 5275 his

2156 5315 2410 5374 frigebat,
2437 5330 2557 5374 (nne
2585 5315 2692 5369 illis
2713 5314 2793 5368 sic
2822 5313 3031 5368 calebat
3058 5322 3117 5367 ut
3147 5312 3261 5374 jam
3313 5323 3439 5367 tunc
3484 5312 3737 5374 discipuli
