4124 5374
302 453 478 527 gra‘tia
503 464 560 512 et
585 457 816 513 veritate
844 472 942 529 per
968 457 1152 517 Jesum
1201 461 1475 523 Christum
1510 469 1673 537 facta,
1711 474 1875 544 spiri-

304 558 475 603 tuates
504 546 810 603 vivificabat
838 565 854 603 :
884 556 942 603 ut
964 550 1063 616 illi,
1100 551 1291 610 timor‘e
1324 561 1641 627 temporalis
1662 563 1876 632 mortis,

302 640 433 696 acsi
462 638 665 712 frigore
695 642 984 709 contracti,
1036 644 1163 699 inde
1216 648 1500 717 pallerent,
1558 655 1702 709 unde
1762 656 1874 724 isti,

304 744 488 785 amore
516 740 731 787 internae
758 734 902 799 vitae,
931 735 1083 804 quasi
1107 738 1285 794 calore
1310 744 1565 812 vegetati,
1589 746 1879 811 rubebant,

302 831 505 876 etcum
534 821 700 876 Paulo
739 823 907 879 libere
932 828 1309 895 proclamant:
1363 850 1380 882 ι
1419 831 1703 889 Plenitudo
1753 835 1884 905 legis

303 920 387 967 cst
419 912 636 968 dilectio
659 912 832 985 (Rom.
860 931 980 981 xm,
1018 917 1123 988 l0).
1158 938 1177 971 ι
1223 919 1280 974 1η
1309 920 1464 990 cujus
1493 924 1702 979 duobus
1749 942 1887 996 pra:-

303 1002 477 1070 ceptis
515 1004 800 1058 charitatis
838 1013 1006 1060 totam
1056 1007 1290 1075 pendere
1327 1008 1539 1065 Veritas
1588 1001 1885 1082 perhibuit.

304 1091 457 1157 Quod
494 1092 537 1147 si
571 1092 713 1149 Deus
734 1094 968 1151 Charitas
995 1105 1099 1163 est,
1131 1098 1237 1153 Deo
1268 1101 1454 1168 procul
1495 1103 1656 1158 dubio
1688 1106 1887 1161 adver-a

303 1192 458 1238 satur
487 1184 731 1258 quisquis
760 1186 961 1256 aliquid
1014 1188 1118 1260 legi
1164 1190 1329 1263 Moysi
1365 1193 1687 1251 subtrahere
1723 1213 1888 1253 cona-

305 1287 415 1341 tur,
446 1294 606 1347 quam
632 1279 747 1350 ipse
772 1289 939 1334 totam
969 1280 1022 1337 in
1052 1283 1319 1339 charitate
1348 1286 1584 1356 pendere
1630 1297 1885 1347 testatur.

305 1370 435 1436 Qum
463 1369 702 1424 Charitas
732 1370 968 1442 gemina,
1000 1374 1311 1429 carnalibus
1355 1384 1410 1430 et
1439 1378 1672 1433 terrenis
1713 1395 1885 1435 caere-

305 1459 503 1515 moniis
533 1469 804 1529 contecta,
835 1461 975 1515 velut
1000 1463 1219 1531 quidam
1255 1463 1497 1520 bisulcus
1544 1466 1737 1522 hamus
1763 1483 1888 1523 ver—

304 1549 519 1605 miculis
549 1566 642 1605 seu
675 1550 918 1607 volatieis
940 1553 1135 1623 plumis
1166 1554 1424 1621 insertus,
1480 1566 1538 1612 et
1579 1558 1630 1612 in
1665 1558 1886 1631 pelagus

304 1641 555 1696 humana:
587 1643 970 1711 captivationis
999 1645 1216 1701 caelitus
1274 1646 1565 1714 demissus,
1619 1664 1785 1721 vagos
1832 1658 1889 1704 et

302 1745 506 1786 vacuos
552 1731 854 1787 caelestium
905 1732 1177 1799 homines,
1239 1735 1511 1791 inescatos
1560 1738 1891 1804 visibilibus,

309 1821 573 1877 invisibili
611 1838 867 1878 mucrone
912 1824 1145 1893 trajecit,
1183 1835 1237 1882 ct
1278 1827 1532 1898 trajectus
1581 1830 1649 1884 ad
1705 1832 1884 1884 simnn
1920 1826 1962 1885 Β

301 1913 558 1984 angelica:
587 1914 852 1970 libertatis
880 1918 1106 1981 retraxit
1135 1936 1148 1972 :
1184 1919 1426 1974 dicentes
1467 1922 1574 1976 Deo
1610 1922 1663 1975 in
1691 1922 1889 1977 Canti-

302 2017 493 2057 corum
538 2004 805 2060 canticis:
839 2025 857 2057 ι
892 2006 1069 2060 'l‘rahe
1109 2023 1194 2062 me
1222 2019 1345 2079 post
1374 2019 1425 2065 te
1453 2011 1631 2081 (Cant.
1663 2027 1703 2076 ι,
1743 2012 1819 2083 5).
1867 2033 1886 2065 ι

301 2090 371 2146 Ει
428 2111 441 2148 :
489 2093 777 2150 Vulnerata
829 2098 1096 2151 cliaritate
1140 2114 1239 2167 ego
1279 2114 1399 2154 sum
1454 2099 1630 2169 (Cant.
1684 2118 1760 2169 tv,
1812 2102 1889 2173 9).

301 2182 419 2251 Sic,
447 2184 570 2239 dum
600 2186 762 2241 homo
805 2188 1045 2244 adhaeret
1072 2189 1201 2253 Deo,
1233 2199 1287 2245 et
1337 2191 1539 2246 homini
1584 2194 1883 2262 proximus,

300 2275 681 2333 decentissima
713 2277 883 2343 linea,
934 2290 989 2335 et
1022 2289 1276 2351 tanquam
1300 2296 1464 2337 aurea
1503 2284 1881 2339 mandatorum

277 2356 606 2421 'divinorum
620 2377 832 2435 catena,
854 2369 1063 2439 pariter
1082 2371 1148 2424 ad
1173 2372 1479 2442 paradisum
1508 2375 1891 2429 retrahuntur.

374 2457 511 2514 XLI.
539 2460 741 2516 Deinde
766 2471 967 2531 quanta
1001 2463 1258 2518 instantia
1293 2464 1626 2537 Euphratiou
1652 2465 1888 2520 Rhodio-

310 2565 434 2605 rum
486 2552 773 2623 episeOpus
822 2554 996 2630 legem
1052 2565 1285 2610 veterem
1338 2568 1530 2611 contra
1573 2556 1896 2612 Severianos

209 2720 220 2727 ἒ
301 2644 596 2700 hmreticos
622 2644 949 2711 defenderit,
991 2662 1060 2700 ex
1087 2646 1346 2716 subjectis
1378 2649 1560 2704 verbis
1611 2648 1778 2718 ipsius
1832 2648 1897 2703 li-

302 2742 457 2803 quet,
486 2732 577 2787 ubi
610 2734 756 2788 inter
782 2735 1037 2788 nonnulla
1066 2735 1170 2789 alia
1199 2738 1372 2791 dixit:
1440 2756 1457 2789 ι
1520 2737 1897 2792 Fundamenta

303 2823 503 2876 domus
527 2823 800 2892 praeclarae
825 2823 971 2879 circa
1003 2825 1249 2894 squalida
1280 2824 1394 2880 loca
1428 2834 1552 2881 sunt
1592 2826 1794 2895 posita,
1838 2836 1895 2881 ut

301 2928 367 2967 ea
401 2928 522 2982 quae
551 2924 678 2968 sunt
714 2914 964 2984 superius
993 2916 1173 2969 nullas
1204 2915 1563 2971 contumelias
1591 2924 1895 2971 stercornm

302 3003 604 3075 patiantur.
632 3004 924 3074 Superiora
953 3019 1081 3077 ergo
1112 3006 1305 3061 demus
1354 3006 1703 3078 laquearibus
1731 3022 1893 3061 aura-

307 3098 401 3162 tis,
431 3097 834 3171 parietibusque
862 3100 1041 3169 pictis,
1067 3108 1123 3154 et
1148 3102 1297 3153 vario
1325 3117 1659 3156 marmorum
1684 3100 1898 3155 metallo

1303 350 1673 417 ADVERSUS
1723 359 2137 424 (ἱΒίΕΟΟΒῐῙΜ
2173 369 2589 436 CALUMNIAS.

3457 384 3565 446 938

1907 484 1953 540 Λ
1982 489 2239 555 quoniam
2271 492 2429 549 aliter
2448 495 2648 551 dicitur
2669 499 2815 567 ﬁniri
2846 518 3057 571 panem,
3095 522 3112 557 ι
3159 505 3320 562 aliter
3354 508 3563 567 (“finiri

1985 580 2163 649 telam,
2222 602 2244 638 ι
2292 586 2624 655 accipiamus
2689 606 2911 649 necesse
2945 603 3029 651 est
3073 596 3350 653 Christum
3398 598 3563 655 finem

1985 669 2140 740 legis,
2173 687 2659 745 consummantem,
2687 696 2792 735 non
2813 694 3249 741 consumentem:
3278 688 3564 759 perficien-

1988 771 2116 828 tem,
2152 781 2256 820 non
2285 767 2678 824 aunihilantem
2705 789 2718 824 :
2747 773 3127 842 complentem,
3166 792 3273 831 non
3301 792 3566 833 evacuan-

1989 862 2115 907 tein.
2138 854 2292 922 Quod
2322 856 2445 911 linis
2471 859 2538 913 ab
2559 859 2716 915 initio
2736 862 2917 916 saeculi
2945 864 3262 931 promissus,
3286 874 3342 920 et
3371 866 3424 920 in
3457 866 3566 922 fine

1986 951 2283 1016 exhibitas,
2313 954 2440 1008 dum
2470 956 2730 1023 penderet
2760 957 2812 1011 in
2840 973 3002 1013 cruce
3030 975 3127 1029 pro
3157 960 3313 1017 nobis
3354 962 3566 1018 sacrifi—

1987 1042 2132 1097 cium
2155 1046 2522 1113 vespertinum
2545 1055 2597 1101 et
2623 1046 2870 1103 ultimum
2897 1048 3092 1114 factus,
3111 1051 3426 1122 sciensquia
3448 1053 3564 1123 jam

1987 1135 2166 1190 omnia
2194 1148 2569 1194 consummata
2584 1149 2728 1205 sunt,
2753 1149 2811 1195 ιιι
2828 1154 3297 1199 consununaretur
3322 1144 3566 1216 Scriptu-

1992 1242 2072 1289 ra,
2094 1226 2228 1282 dicit
2258 1245 2271 1281 :
2309 1248 2327 1280 ι
2358 1229 2496 1283 Sitio
2514 1228 2695 1300 (Joan.
2718 1247 2831 1298 xu,
2860 1231 2971 1303 28).
3002 1251 3022 1284 ι
3056 1233 3155 1299 Qui
3180 1249 3302 1288 eum
3333 1235 3567 1305 accepis-

1990 1330 2070 1371 set
2099 1327 2336 1383 acetum,
2362 1320 2497 1373 dixit
2522 1337 2535 1373 :
2570 1339 2587 1372 ι
2610 1320 3050 1376 Consummatuiu
3081 1333 3165 1379 est
3194 1324 3359 1395 (Ibid.
3389 1325 3499 1397 '50).
3539 1345 3582 1379 ι.

1990 1415 2054 1468 Et
2078 1415 2337 1470 inclinato
2370 1415 2546 1485 capite
2585 1417 2810 1472 tradidit
2837 1418 3106 1487 spiritum.
3140 1419 3242 1475 Ubi
3283 1429 3431 1475 certe
3466 1406 3567 1475 nec

1990 1509 2334 1579 Evangelista
2366 1510 2534 1564 dicit:
2568 1520 2624 1563 ut
2654 1522 3063 1576 consumeretur,
3094 1512 3189 1567 sed
3223 1522 3280 1566 ut
3316 1529 3565 1568 consum-

1991 1614 2225 1657 maretur
2249 1602 2553 1673 Scriptura.
2580 1604 2690 1661 Nec
2718 1607 2830 1676 ipse
2867 1607 3126 1664 Dominus
3156 1628 3169 1663 :
3203 1620 3566 1680 consumptum

1991 1708 2087 1760 est,
2116 1696 2208 1751 sed
2238 1706 2655 1750 consummatum
2679 1708 2775 1752 est.
2824 1699 2906 1753 Ad
2959 1714 3119 1768 quam
3167 1700 3451 1756 morientis
3476 1715 3572 1755 vo-

1994 1803 2111 1843 cem
2168 1788 2342 1845 velum
2383 1788 2563 1858 templi
2596 1790 2821 1844 scissum
2852 1800 2933 1846 est
2964 1807 3132 1861 usque
3177 1793 3454 1857 deorsum,
3488 1803 3572 1860 ut,

1991 1879 2147 1949 juxta
2171 1881 2508 1951 Apostolum,
2538 1882 2920 1937 accedentibus
2942 1884 3006 1936 ad
3026 1883 3300 1939 Christum
3323 1884 3571 1940 velamen

1998 1989 2166 2044 usque
2199 1984 2327 2029 tunc
2352 1974 2582 2044 positum
2614 1975 2668 2029 in
2699 1976 2929 2030 lectione
2972 1975 3186 2031 Veteris
3237 1977 3574 2033 Testamenti

1994 2064 2394 2135 significaretur
2425 2065 2684 2119 ablatum.
2711 2067 2840 2133 Qua:
2877 2067 3275 2122 consummatio
3321 2083 3428 2123 non
3479 2083 3577 2139 per

1995 2155 2271 2212 levitieum
2324 2158 2687 2213 sacerdotium
2733 2158 2856 2223 fuit,
2897 2160 3046 2229 quia,
3094 2168 3393 2215 attestante
3429 2159 3574 2232 Apo-

1995 2249 2136 2305 stole
2163 2269 2176 2304 :
2205 2249 2348 2305 Nihil
2377 2251 2442 2304 ad
2467 2249 2768 2320 perfectum
2794 2250 2967 2305 durit.
3001 2250 3077 2305 Ex
3105 2253 3303 2321 quibus
3332 2253 3573 2320 Apostoli

1996 2342 2178 2396 verbis
2207 2355 2274 2395 ne
2305 2341 2443 2396 forte
2466 2343 2754 2405 resumatis
2777 2357 2964 2397 ansam
2987 2342 3373 2408 calumniandi,
3402 2353 3579 2399 atten-

1996 2433 2105 2487 dite
2128 2434 2382 2503 quianon
2407 2434 2561 2495 dixit,
2596 2436 2670 2487 nil
2689 2436 2807 2488 boni
2825 2436 2944 2504 fecit
2969 2434 3075 2503 (ex,
3105 2437 3313 2501 sciui!
3338 2436 3575 2507 perfecit.

1997 2526 2196 2580 Habuit
2226 2525 2393 2589 enim,
2428 2534 2487 2579 ut
2523 2526 2662 2580 idem
2692 2527 2981 2596 Apostolus
3013 2527 3113 2592 ait,
3160 2526 3579 2594 iustificationes

1997 2618 2243 2685 culturae,
2275 2629 2329 2674 ct
2354 2628 2601 2674 sanctum
2633 2619 2909 2685 saecularia,
2940 2629 2994 2675 et
3032 2622 3437 2677 tabernaculum
3464 2639 3580 2678 ma-

2000 2709 2300 2775 nufactum,
2339 2719 2392 2764 et
2439 2710 2723 2780 pontifices
2768 2713 3112 2779 prmscntium
3170 2712 3453 2777 bonorum,
3485 2714 3579 2784 qui

1997 2814 2095 2869 per
2132 2799 2365 2854 alienum
2395 2802 2713 2872 sanguinem
2745 2802 2912 2856 semel
2964 2804 3017 2856 in
3058 2819 3201 2857 anno
3242 2804 3582 2858 introeuntes

2000 2899 2187 2945 sancta
2250 2902 2580 2955 sanctorum,
2645 2892 3056 2946 sanctificabant
3131 2894 3442 2962 inquinatos
3511 2894 3581 2949 ad

2001 2982 2441 3037 emundatiouem
2472 2982 2673 3038 carnis.
2708 2984 2752 3036 A
2783 2985 2980 3047 αιιὶὺιιε
3012 3001 3238 3039 munera
3283 2994 3340 3040 et
3391 2985 3581 3042 hostire

2000 3072 2385 3137 offerebantur,
2429 3090 2548 3144 qua:
2583 3090 2689 3128 non
2741 3087 2969 3144 possunt
2994 3076 3147 3144 juxta
3186 3078 3581 3144 ponscieuliam

302 3165 639 3253 8.,nl'cdim;
676 3165 934 3244 infcrio'm
962 3205 1111 3255 vero,
1166 3192 1379 3245 humori
1435 3202 1653 3247 terreno
1691 3192 1891 3258 vicina,
1924 3181 1968 3243 ρ
2003 3166 2302 3233 perfectum
2337 3165 2515 3221 facere
2541 3167 2891 3229 servientem.
2916 3169 3255 3223 solummodo
3288 3170 3337 3221 iu
3365 3168 3500 3221 cibis
3528 3175 3586 3221 et

305 3279 527 3350 degesta
560 3281 722 3334 etiam
752 3281 1089 3351 superiorum
1126 3283 1376 3336 universa
1399 3283 1718 3351 suscipiunt.
1753 3282 1898 3349 Quid

305 3384 441 3440 ergo
469 3386 612 3427 nunc
652 3371 946 3427 faciemus?
978 3371 1034 3427 Si
1065 3371 1363 3427 auferimus
1402 3372 1680 3436 inferiora,
1739 3386 1904 3442 supe-

307 3462 457 3515 riora
485 3472 787 3516 corruunt:
826 3472 1029 3528 tamen,
1073 3465 1116 3519 si
1173 3464 1501 3519 destruenda
1556 3472 1715 3518 erant
1762 3463 1899 3518 infe-

306 3552 480 3617 riora,
504 3570 609 3608 non
634 3554 736 3609 hoc
769 3553 909 3608 aiius
939 3563 1172 3625 poterat,
1214 3556 1316 3611 nisi
1352 3556 1442 3611 Dei
1494 3555 1663 3612 Filius
1701 3556 1900 3611 facere.

307 3642 605 3698 Videamus
638 3658 768 3714 ergo
800 3654 980 3698 utrum
1007 3645 1119 3715 ipse
1146 3646 1476 3699 destruxerit
1508 3646 1609 3699 hoc
1633 3646 1776 3714 quod
1805 3644 1903 3699 nos

305 3732 544 3787 dicimus
580 3750 916 3804 permanere.
954 3753 972 3786 ι
1016 3734 1244 3799 Putatis,
1279 3736 1472 3805 inquit,
1510 3736 1636 3806 quia
1664 3735 1780 3789 veni
1822 3734 1901 3789 le—

310 3840 341 3895 g
381 3840 433 3878 ιιι
485 3823 693 3880 solvere
742 3836 835 3879 aut
885 3827 1215 3897 prophetas?
1254 3824 1367 3879 Non
1403 3828 1521 3881 veni
1574 3827 1742 3897 legem
1794 3826 1903 3879 sol-

265 3956 274 3963 .
311 3928 465 3978 vere,
498 3915 591 3969 sed
636 3915 934 3985 adimplere
983 3916 1201 3983 (Matth.
1254 3933 1305 3982 v,
1342 3917 1449 3988 Π).
1486 3936 1503 3969 ι
1542 3918 1609 3970 Ει
1643 3932 1738 3970 vos
1774 3930 1903 3981 ergo

312 4006 529 4073 saltem,
564 4006 649 4062 his
689 4018 743 4063 et
773 4009 894 4063 aliis
936 4010 1139 4078 proprii
1191 4009 1427 4064 doctoris
1471 4010 1633 4063 vestri
1684 4008 1905 4062 vocibus

316 4099 576 4165 revocati,
625 4101 692 4155 ab
723 4101 934 4169 injuriis
979 4103 1359 4157 sacratissiime
1388 4103 1522 4174 legis
1561 4112 1792 4168 cessate,
1837 4120 1906 4158 ne

315 4190 384 4244 ab
419 4190 608 4245 eodem
633 4199 687 4246 et
718 4191 786 4245 ab
813 4190 1065 4247 omnibus
1099 4190 1397 4248 Catholicis
1441 4194 1731 4247 anathema
1780 4208 1901 4247 cum

318 4281 631 4339 Severianis
663 4283 801 4339 sitis.

390 4374 545 4430 XLII.
575 4376 681 4431 Sed
710 4393 776 4433 ne
814 4376 951 4431 forte
981 4376 1157 4431 adhuc
1194 4376 1346 4431 vobis
1390 4376 1612 4429 nimium
1643 4375 1905 4445 placeatis

272 4536 277 4543 '
316 4480 382 4520 cx
404 4466 810 4536 Opinationibus
833 4466 1051 4531 vestris,
1087 4483 1210 4521 eum
1243 4466 1373 4520 nihil
1405 4466 1653 4527 teneatis,
1682 4466 1907 4536 diligen-

2004 3258 2220 3328 potibus
2259 3265 2313 3310 et
2338 3256 2502 3312 variis
2543 3258 2958 3328 haptismatibus
3005 3267 3055 3312 et
3100 3258 3328 3328 justitiis
3381 3258 3608 3325 carnis,

2005 3364 2176 3420 usque
2225 3349 2289 3402 ad
2346 3357 2557 3419 tempus
2611 3348 2967 3403 correctionis
3004 3348 3287 3416 impositis.
3337 3346 3585 3402 Christus

2004 3452 2184 3499 autem
2212 3442 2474 3497 assistens
2505 3441 2743 3510 pontifex
2790 3440 3093 3496 futurorum
3148 3442 3436 3505 bonorum,
3490 3454 3586 3510 per

2003 3536 2233 3606 amplius
2254 3544 2307 3589 et
2327 3532 2620 3604 perfectius
2642 3533 3049 3589 tabernaculum
3068 3550 3172 3587 non
3189 3533 3583 3598 mannfactum,

2006 3632 2055 3685 id
2084 3639 2300 3686 estnon
2346 3628 2505 3697 hujus
2546 3628 2859 3693 creationis,
2904 3642 3077 3697 neque
3127 3641 3224 3697 per
3267 3625 3585 3696 sanguinem

2006 3725 2283 3778 hircorum
2311 3731 2366 3776 ct
2398 3722 2714 3790 vitulorum,
2752 3723 2844 3777 sed
2899 3738 2994 3791 per
3034 3720 3310 3791 preprium
3369 3719 3588 3789 sangui-

2007 3829 2127 3867 nem
2175 3814 2420 3868 introivit
2453 3813 2622 3867 semel
2649 3815 2699 3867 in
2730 3822 2938 3874 sancta,
2980 3821 3181 3865 interna
3218 3810 3589 3877 redemptione

2006 3904 2245 3967 inventa,
2287 3904 2501 3974 quando
2543 3918 2639 3973 per
2669 3902 2928 3971 Spiritum
2959 3911 3203 3956 sanctum
3236 3901 3588 3969 semetipsum

2004 3993 2195 4047 obtulit
2225 3992 2625 4048 immaculatum
2653 3992 2782 4055 Deo,
2813 4000 2868 4045 et
2895 3992 3175 4045 mundavit
3198 3990 3587 4044 conscientiam

2008 4093 2247 4136 nostram
2277 4083 2345 4136 ab
2378 4082 2633 4152 operibus
2680 4082 2934 4144 mortuis,
2977 4081 3042 4135 ad
3088 4081 3430 4135 serviendum
3478 4081 3587 4136 Deo

2009 4174 2231 4226 viventi.
2264 4172 2526 4241 Equidem
2553 4172 2847 4227 secundum
2888 4171 3056 4242 legem
3092 4170 3273 4241 plures
3307 4171 3434 4225 facti
3464 4180 3588 4226 sunt

2007 4266 2341 4329 sacerdotes,
2382 4266 2582 4320 ideirco
2610 4267 2752 4335 quod
2789 4274 2960 4319 morte
2994 4265 3418 4335 prohiberentur
3467 4281 3589 4335 per-

2008 4375 2249 4414 manere.
2282 4358 2379 4413 llic
2422 4374 2622 4425 autem,
2658 4375 2721 4414 eo
2753 4357 2895 4428 quod
2934 4367 3153 4413 maneat
3202 4357 3253 4412 in
3301 4369 3587 4422 internum,

2009 4454 2398 4524 sempiternum
2429 4454 2591 4508 habet
2634 4452 3038 4508 sacerdotium“:
3065 4452 3153 4522 qui
3186 4450 3331 4505 solus
3370 4450 3589 4521 proprio

319 4560 424 4613 tius
451 4559 867 4630 recapitulemus
896 4560 1098 4616 dictum
1130 4546 1395 4631 Apostoli,
1425 4577 1583 4631 quem
1609 4577 1768 4630 supra
1794 4561 1895 4615 viou

2010 4549 2272 4618 sanguine
2330 4549 2493 4603 semel
2551 4558 2808 4603 aeternam
2866 4549 3285 4619 redemptionem
3342 4544 3587 4614 perfecit,

315 4649 494 4705 Ienter
535 4651 602 4705 ad
648 4661 889 4705 vestrum
947 4650 1260 4721 suffragium
1313 4653 1584 4706 attrahere
1632 4653 1901 4706 tentastis.

319 4738 458 4804 Quia
484 4740 598 4793 ait:
632 4760 650 4791 ι
690 4740 747 4794 Si
773 4743 1169 4797 consummatio
1207 4757 1302 4812 per
1324 4744 1683 4799 sacerdotium
1715 4743 1901 4797 leviti-

315 4841 442 4881 cuui
492 4838 633 4893 erat;
685 4831 910 4901 populus
944 4833 1087 4887 enim
1139 4834 1238 4889 sub
1275 4834 1391 4903 ipso
1438 4833 1609 4903 legem
1659 4836 1902 4903 accepit;

316 4916 451 4986 quid
502 4920 681 4975 adhuc
734 4926 1095 4978 necessariqu
1159 4925 1261 4978 fuit
1316 4926 1610 4980 secundum
1658 4926 1904 4980 ordinem

314 5009 712 5069 Melchisedech
741 5016 905 5070 alium
930 5033 1151 5089 surgere
1183 5017 1547 5084 sacerdotem,
1570 5016 1634 5072 et
1681 5036 1785 5073 non
1815 5034 1904 5073 sc-

312 5107 556 5161 cundum
585 5106 765 5162 Aaron
793 5108 939 5164 dici?
966 5110 1256 5166 Translato
1286 5109 1427 5164 enim
1453 5112 1775 5176 sacerdotio,
1811 5128 1907 5167 ne-
1930 5185 1949 5195 -

314 5210 470 5252 resse
496 5206 577 5254 est
613 5209 671 5255 ut
696 5200 831 5272 legis

875 5219 1086 5273 quoque
1119 5200 1409 5257 translatio
1452 5201 1545 5255 fiat
1589 5200 1776 5271 (Hebr.
1807 5219 1906 5269 vit,

322 5286 377 5314 ΙΙ
447 5287 529 5314 λοι
603 5312 612 5313 κ
663 5291 714 5314 Ι..
752 5291 942 5314 -_.:L-.-
976 5294 1152 5314 ---,j_°..
1209 5292 1347 5314 ..τληι
1380 5290 1626 5314 -........:..,.
1671 5291 1876 5314 --.,.-.J!

826 5291 942 5314 2L-.-
976 5294 1152 5314 ---,j.°..
1209 5292 1347 5314 ..ειη-ι

663 5291 714 5314 Ι...
752 5291 942 5314 -..ἔκηα
976 5294 1152 5314 ---ηὶ⁹..
1209 5292 1347 5314 «inus
1380 5291 1626 5314 μ......ρ..ἓ..ι.
1671 5291 1876 5314 διειληαὶε

2015 4656 2173 4710 quam
2199 4641 2270 4695 illi
2292 4630 2476 4695 alieno
2504 4641 2765 4711 sanguine
2799 4640 3133 4695 incessanter
3155 4638 3449 4699 imitantes,
3490 4634 3591 4688 im-

2015 4731 2309 4801 perfectam
2352 4732 2838 4801 rcprmscntabant.
2891 4729 3020 4796 Qua:
3048 4741 3107 4783 ut
3144 4727 3392 4790 accessit,
3415 4724 3592 4779 omnis

2015 4822 2103 4874 ille
2132 4820 2522 4876 sacrificiorum
2553 4836 2645 4874 seu
2680 4820 3123 4875 crerimouialium
3153 4815 3449 4871 carnalium
3477 4829 3596 4867 cur-

2014 4926 2108 4965 sus
2126 4910 2253 4979 jure
2296 4911 2624 4979 conquievit.
2657 4910 2843 4979 Neque
2879 4910 3021 4963 euim
3057 4908 3307 4974 deinceps
3350 4904 3593 4973 pluribus

2013 5001 2299 5057 sacrificiis
2315 5000 2768 5070 indigemus,quia
2793 4999 2966 5053 inuno
2992 5009 3249 5052 aeternam
3273 4996 3597 5066 redemptio-

2013 5106 2136 5146 nem
2190 5090 2517 5154 invenimus,
2578 5105 2721 5160 qum,
2782 5103 2879 5157 per
2922 5088 3193 5144 leviticum
3239 5085 3596 5142 sacerdotium

2013 5187 2253 5253 incepta,
2278 5199 2376 5255 per
2408 5183 2781 5253 pontificatum
2812 5182 3025 5236 Domini
3072 5179 3197 5234 Jesu
3244 5188 3458 5234 constat
3483 5194 3602 5240 per-

2012 5279 2151 5314 Γοριςι
2212 5277 2301 5314 nni
2337 5289 2438 5314 nnn
2476 5274 2775 5314 ean-indum
2811 5271 2985 5314 Anmn
3039 5273 3131 5314 and
3161 5269 3455 5314 semiudum
3506 5284 3598 5314 nr-
