4124 5374
446 812 447 815 η
528 759 772 822 nomine,
803 774 964 823 quam
998 759 1177 812 Aaron
1202 775 1216 821 ;
1243 758 1444 812 dicitur
1474 756 1727 811 sacerdos
1753 755 2004 811 Christus
2030 767 2117 809 se-

3692 313 3815 403 95d

3805 421 3817 455 i

517 354 634 427 959
1589 363 2122 428 nettssn'rusas.
2165 361 2229 416 tt.
2270 362 2329 418 Ε.
2370 320 2780 420 sancimus

529 484 755 548 habens,
783 480 932 537 solus
954 494 1112 535 verus
1135 476 1493 549 Rexiustitiaa
1520 485 1578 534 et
1620 478 1793 550 pacis.
1823 476 1924 533 Cui
1974 475 2102 547 quia
2133 476 2179 535 A
2211 474 2343 530 Nam
2379 484 2637 546 quantum
2673 473 2739 527 ad
2781 468 3151 526 recitationem
3183 480 3276 522 seu
3309 462 3799 535 conscriptionem,

529 573 941 631 conveniendis
961 572 1292 627 assimilatur
1314 570 1737 635 Melchisedech,
1779 587 1890 626 non
1938 569 2111 625 solum
2216 567 2392 637 ipsum
2421 563 2767 633 Evangelium
2800 563 2852 616 in
2885 560 3176 616 novissrmo
3197 556 3283 612 die
3310 556 3528 610 omnino
3576 565 3803 624 przeter-

527 682 596 721 ex
637 682 747 721 uno
766 665 1035 721 sacriﬁcio
1068 674 1123 721 et
1150 664 1486 737 genealogia,
1545 665 1638 720 sed
1684 664 1849 718 etiam
1877 678 1942 718 ex
1972 677 2111 732 prm-
2218 658 2344 723 ibit;
2382 656 2470 711 ubi
2518 656 2770 726 deinceps
2796 668 2892 706 nec
2926 649 3209 720 Scriptura
3261 647 3438 718 aquua
3490 641 3802 701 necessaria

2216 750 2341 805 erit.

2290 839 2467 895 XLIII.
2509 839 2777 895 Caeterum
2811 836 2856 892 si
2909 834 2973 889 ad
3009 850 3121 889 rem
3164 831 3499 902 pertineret,
3532 836 3806 883 monstra—

2222 947 2404 986 remus
2437 946 2538 983 non
2570 929 2715 983 mille
2743 926 3171 997 quadringentos
3195 937 3366 977 annos
3399 929 3628 982 tantum,
3659 917 3809 971 sicut

2214 1019 2544 1089 ‘srripSisds.
2578 1019 2671 1073 sed
2710 1016 2855 1072 mille
2885 1016 3209 1085 quingentos
3256 1020 3312 1067 et
3354 1009 3586 1080 amplius
3634 1021 3825 1085 annos

2224 1112 2291 1164 ah
2346 1109 2685 1164 institutione
2733 1122 3048 1177 azymorum
3095 1119 3192 1174 per
3242 1101 3461 1173 Moysen
3516 1112 3687 1167 usque
3739 1095 3810 1148 ad

2226 1190 2528 1269 passionem
2573 1196 2774 1252 Christi
2828 1194 3155 1248 decurrisse.
3223 1189 3357 1251 Sed,
3424 1202 3548 1243 cmn
3610 1192 3814 1239 nostra:

2224 1287 2543 1342 intentionis
2582 1288 2654 1340 sit
2700 1284 2926 1339 Romani
2983 1284 3144 1337 ritum
3176 1278 3427 1336 sacriﬁcii
3475 1275 3811 1348 approbare,

2228 1376 2667 1447 chronographis
2746 1373 3107 1443 relinquimus
3183 1370 3494 1439 opinionem
3570 1374 3815 1418 vestram

2226 1465 2454 1536 prmi-ato
2527 1480 2794 1518 annormn
2856 1477 3084 1517 numero
3151 1460 3465 1531 reprobare.
3525 1455 3711 1524 Itaque
3768 1451 3818 1506 si

2228 1572 2446 1628 azyma,
2518 1556 2973 1626 quemadumdtun
3043 1563 3288 1609 astruere
3351 1548 3660 1611 conamini,
3718 1559 3821 1615 per

528 848 768 903 cundum
841 848 1087 902 ordinem
1161 846 1579 912 Melchisedech,
1653 862 1761 900 non
1821 843 2116 899 secundum

529 939 735 993 Aaron.
789 937 1035 1007 Denique
1072 936 1465 991 Melchisedech
1516 935 1605 990 ille
1662 949 1762 989 nec
1816 946 2015 999 corpus
2063 940 2120 987 et

532 1027 851 1099 sanguinem
887 1042 1044 1081 suum
1077 1026 1130 1081 in
1159 1040 1294 1094 pane
1335 1037 1389 1080 et
1418 1026 1544 1079 vino
1578 1024 1855 1079 Divinitati
1901 1022 2117 1088 obtulit,

532 1133 642 1174 nec
666 1119 785 1173 sine
814 1118 1129 1188 parentibus
1176 1127 1271 1171 aut
1311 1117 1467 1172 initio
1513 1125 1570 1171 et
1619 1118 1725 1171 line
1778 1115 1900 1181 luit,
1945 1129 2121 1184 neque

534 1209 973 1266 substantialiter
996 1207 1107 1263 Rex
1139 1207 1365 1276 iustitia:
1392 1218 1448 1264 et
1477 1208 1627 1278 pacis
1660 1223 1677 1270 ς
1705 1207 1799 1262 scd
1829 1206 1971 1276 quod
2009 1207 2123 1261 hare

535 1303 717 1359 onntia
758 1302 1053 1374 Scriptura:
1075 1302 1141 1356 de
1167 1301 1258 1355 illo
1294 1301 1511 1356 homine
1565 1309 1660 1353 aut
1701 1306 1986 1353 tacuerunt
2031 1306 2125 1352 aut

537 1393 812 1459 dixerunt,
854 1395 907 1449 in
965 1392 1323 1447 manifestiori
1355 1391 1749 1463 signiﬁcatione
1789 1392 1963 1445 nostri
1994 1388 2125 1443 Mel-

539 1482 828 1538 chisedech
860 1500 874 1535 :
908 1483 1063 1553 cujus
1090 1482 1197 1548 ille,
1231 1482 1373 1539 sicut
1410 1490 1466 1537 et
1491 1481 1697 1543 Aaron,
1751 1480 1965 1545 umbra,
2020 1493 2126 1533 non

539 1571 741 1626 veritas
772 1570 891 1626 fuit.
924 1573 1004 1626 Ad
1044 1571 1510 1641 quem-translato
1549 1570 1873 1636 sacerdotio,
1902 1582 2128 1625 necesse

540 1668 626 1717 est
664 1669 722 1715 ut
748 1659 882 1731 legis
905 1676 1118 1731 quoque
1146 1659 1239 1714 ﬁat
1261 1659 1564 1722 translatio,
1607 1674 1638 1714 a
1686 1658 1863 1714 littera
1921 1656 2131 1713 scilicet

540 1751 823 1807 occidente
851 1751 919 1807 ad
948 1751 1198 1821 spiritum
1247 1749 1635 1814 viviﬁcantem,
1669 1766 1697 1802 a
1747 1757 2017 1803 vetustate
2061 1747 2131 1802 ad

2257 1651 2505 1704 Ibristum
2548 1657 2599 1704 et
2650 1647 2767 1716 ejus
2810 1645 3158 1715 Evangelium
3206 1642 3425 1696 fuerunt
3490 1637 3820 1698 maledicta,

2233 1742 2516 1810 reprobata
2544 1749 2599 1795 et
2629 1739 2886 1794 derelicta
2906 1778 2920 1801 ,
2960 1747 3015 1792 et
3046 1736 3165 1792 ideo
3194 1734 3449 1801 deinceps
3477 1745 3581 1784 non
3612 1726 3819 1781 deben-

540 1844 860 1911 novitatem,
923 1818 992 1900 ab
1046 1844 1459 1914 imperfectioue
1507 1846 1574 1899 ad
1627 1844 2034 1915 perfectionem,
2097 1859 2129 1896 τι
2163 1830 2201 1888 Β
2235 1841 2321 1886 tur
2350 1831 2531 1885 olferri
2572 1831 2624 1885 iu
2669 1830 2939 1886 sacriﬁcio
2983 1825 3231 1890 Domini,
3278 1824 3405 1894 quia
3454 1837 3551 1892 per
3596 1818 3823 1888 Moysen

542 1937 807 1993 servitute
839 1938 905 1993 ad
936 1937 1244 1993 libertatem
1272 1947 1328 1994 et
1356 1938 1588 1992 ﬁliorum
1621 1938 1712 1991 Dei
1759 1937 2128 2007 aduptionem,

543 2042 577 2083 a
604 2026 806 2085 Iudaeis
861 2028 927 2083 ad
969 2040 1179 2101 gentes,
1225 2030 1420 2099 quibus
1458 2028 1752 2098 Apostolus
1781 2029 1895 2083 ait:
1943 2047 1961 2079 ι
2014 2026 2131 2081 Non

545 2119 835 2189 accepistis
856 2119 1108 2190 Spiritum
1139 2119 1420 2174 servitutis
1468 2119 1666 2179 iterum
1708 2118 1759 2171 in
1795 2118 2005 2172 timore.
2036 2117 2132 2172 sed

543 2209 837 2281 accepistis
868 2210 1117 2279 spiritum
1153 2209 1461 2278 adoptionis
1506 2208 1762 2271 ﬁliorum,
1800 2207 1851 2260 in
1883 2223 1990 2277 quo
2018 2208 2133 2263 cla-

547 2318 780 2366 mamus,
809 2301 979 2363 Abba.
1010 2312 1165 2372 pater
1193 2299 1368 2371 (Rom.
1411 2315 1528 2363 vtu,
1561 2298 1670 2368 15).
1711 2317 1729 2350 ι
1766 2298 1900 2365 Quia
1949 2298 2137 2368 utique

548 2394 636 2452 lex
663 2371 1022 2450 translatione
1048 2402 1132 2449 est
1156 2392 1406 2455 alterata,
1448 2408 1553 2446 non
1589 2371 1732 2446 facta
1762 2390 1867 2445 alia
1896 2405 1912 2445 :
1944 2392 2139 2446 immu-

553 2496 688 2553 tata,
704 2502 809 2541 non
830 2495 913 2547 est
930 2494 1134 2561 mutata
1154 2503 1165 2538 :
1181 2499 1404 2540 accessu
1419 2484 1609 2555 gratiae
1621 2484 1917 2547 cumulata,
1933 2499 2039 2538 non
2056 2492 2141 2538 est

551 2591 775 2633 recessu
789 2592 885 2632 suo
897 2576 1204 2631 exinanita.
1221 2574 1373 2629 Sicut
1393 2574 1994 2644 Dominussuisinquit:
2016 2593 2034 2625 ι
2056 2572 2139 2629 Ni-

555 2670 602 2726 si
630 2670 987 2726 abundaverit
1001 2669 1210 2741 justitia
1230 2680 1410 2724 vestra
1428 2668 1547 2738 plus
1570 2684 1730 2738 quant
1747 2668 2064 2722 Scribarum
2086 2678 2142 2722 et

558 2762 977 2826 Pharisaeorum,
1030 2776 1135 2817 non
1185 2758 1458 2813 iutrabitis
1504 2758 1557 2812 in
1605 2773 1829 2829 regnum
1880 2758 2140 2814 cmlorum

564 2851 782 2925 (Matth.
816 2867 870 2916 ν,
896 2846 1012 2919 2'0).
1050 2869 1070 2902 ›
1099 2848 1351 2918 Nunquid
1376 2849 1512 2903 dixit
1541 2865 1555 2901 :
1585 2848 1698 2903 Nisi
1724 2848 2143 2918 reprobaveritis

560 2956 653 3001 aut
678 2944 899 3001 omnino
924 2943 1255 3012 reliqueritis
1277 2940 1544 3010 justitiam
1576 2942 1893 2997 Scribarum
1922 2949 1977 2996 et
2001 2940 2142 2995 Pha-

566 3039 844 3094 risaeorum
865 3076 881 3102 ,
912 3051 1019 3109 non
1047 3033 1321 3089 inlrabitis
1349 3033 1403 3086 in
1439 3047 1664 3103 regnum
1709 3032 2011 3087 cmlorum?
2040 3031 2145 3086 Sed

563 3127 820 3199 quoniam
843 3125 1056 3195 iustitia
1093 3124 1312 3180 illorum
1347 3132 1465 3179 erat
1497 3133 1707 3179 tantum
1752 3138 1781 3178 a
1818 3122 1959 3179 malo
1983 3138 2149 3193 opere

2234 1924 2528 1978 constituta
2557 1932 2683 1978 sunt
2713 1921 2909 1977 Judzeis
2940 1936 2955 1986 ;
2982 1917 3171 1973 sciatis
3198 1915 3579 1971 fermentatum
3605 1921 3827 1978 quoque

2233 2017 2589 2072 constitutum
2639 2031 2735 2086 per
2784 2013 3000 2082 Moysen
3043 2002 3263 2066 Jndtcis.
3312 2008 3465 2063 Sicut
3498 1999 3828 2059 iuLevitico

2236 2102 2413 2158 dicit:
2449 2120 2468 2153 ι
2502 2101 2625 2157 Ilaec
2663 2110 2747 2155 est
2793 2099 2881 2154 lex
2924 2098 3117 2153 hostia:
3160 2095 3511 2165 pacilicornm
3563 2109 3577 2146 :
3623 2087 3830 2143 Olferet

2236 2207 2403 2265 panes
2450 2191 2805 2245 fcrmcntalos
2867 2202 2988 2242 cum
3061 2186 3237 2263 hostia
3316 2182 3645 2250 gratiarum,
3704 2190 3827 2244 qua:

2236 2282 2465 2339 oﬁ‘ertur
2487 2296 2586 2352 pro
2611 2279 2851 2351 paciﬁcis
2871 2276 3016 2347 (Lee.
3039 2291 3140 2341 vn,
3159 2275 3245 2339 Η,
3264 2274 3371 2340 15).
3396 2291 3414 2325 ι
3442 2272 3583 2325 Idem
3618 2267 3831 2338 Moyses

2238 2374 2291 2428 in
2320 2373 2509 2427 eodem
2545 2387 2561 2425 :
2602 2390 2620 2423 σ
2656 2370 2711 2423 In
2745 2377 3060 2439 pentecoste
3088 2364 3328 2421 oﬁeretis
3357 2363 3405 2416 ei
3450 2375 3617 2431 panes
3643 2354 3831 2428 primi-

2242 2465 2442 2519 tiarum
2483 2463 2551 2518 de
2577 2461 2786 2517 duabus
2817 2461 3044 2516 decimis
3079 2456 3663 2517 similm'fermeutaue,
3693 2462 3839 2527 quos

2239 2555 2484 2626 coquetis
2516 2556 2568 2609 in
2600 2554 2871 2626 primitias
2900 2551 3126 2607 Domino
3156 2565 3169 2603 :
3199 2547 3549 2618 oﬁ'eretisque
3578 2559 3701 2598 cum
3735 2556 3830 2611 pa-

2240 2652 2399 2705 nibus
2447 2659 2655 2720 septem
2704 2661 2875 2718 agnos
2932 2645 3088 2718 (Lee.
3133 2658 3319 2712 xxttt,
3350 2641 3471 2711 l7).
3514 2660 3530 2689 ι
3567 2636 3659 2691 Sal
3696 2648 3832 2704 quo-

2241 2757 2377 2812 que,
2426 2756 2586 2812 quem
2634 2745 2918 2809 tantopere
2965 2736 3270 2808 praedicatis
3313 2734 3364 2788 in
3411 2731 3832 2795 fertncnto,per

2244 2835 2461 2907 Moysen
2504 2833 2576 2888 ila
2608 2831 2934 2888 constitutus
2968 2828 3168 2886 Iudaeis
3212 2826 3264 2881 in
3297 2823 3539 2880 Levitico
3569 2838 3582 2874 :
3620 2838 3638 2870 ι
3669 2816 3832 2907 Quid-

2244 2930 2372 3000 quid
2419 2925 2684 2983 obtuIeris
2731 2922 3017 2987 sacriﬁcii,
3052 2919 3163 2976 sale
3207 2916 3458 2980 condics,
3489 2927 3587 2966 nec
3616 2906 3831 3000 auferes

2247 2996 2326 3073 sal
2359 3018 2583 3072 fmderis
2617 3014 2828 3070 Domini
2858 3013 2951 3068 Dei
2978 3011 3052 3066 tui
3076 3011 3142 3066 de
3167 3006 3435 3065 sacriﬁcio
3463 3011 3573 3058 tuo.
3600 3000 3656 3054 In
3683 2996 3831 3052 omni

2246 3107 2520 3164 oblatione
2550 3104 2748 3161 offeres
2793 3103 2872 3159 sal
2906 3099 3055 3175 (Lee.
3088 3115 3160 3163 tt,
3191 3097 3298 3170 15).
3343 3115 3362 3149 ι
3396 3093 3753 3169 Quapmptcr,
3786 3084 3832 3140 si

563 3183 841 3277 abstinere
872 3237 886 3275 :
920 3218 1093 3274 voluit
1120 3218 1376 3273 Dominus
1420 3218 1473 3271 in
1505 3217 1609 3272 hoc
1654 3231 1874 3272 suorum
1913 3183 2152 3285 just-itias
2181 3187 2224 3246 Ο
2255 3216 2285 3254 ³
2317 3199 2471 3253 ηοωε
2493 3214 2597 3253 "0"
2622 3199 2820 3253 del’e'“
2845 3193 3028 3249 οπεννί
3057 3205 3248 3285 θᾷῑῖηιθ
3271 3187 3395 3259 ειυῖίι
3421 3183 3658 3285 Mosam}
3683 3186 3833 3282 5""?

566 3313 1042 3386 superabundare,
1073 3320 1129 3367 ut
1161 3326 1270 3368 non
1308 3309 1483 3366 solum
1527 3309 1727 3364 malum
1757 3310 1824 3363 ab
1852 3324 2018 3379 opere
2057 3309 2154 3364 sed

571 3408 795 3475 insuper
826 3421 857 3461 a
885 3405 1214 3475 cogitatione
1240 3411 1553 3474 satagercut
1583 3418 1855 3457 resecare.
1888 3401 2022 3456 Nam
2054 3401 2158 3458 illis

569 3512 636 3551 ex
667 3495 784 3568 lege
811 3496 1011 3551 bonmn
1056 3502 1175 3550 erat
1216 3510 1322 3550 non
1368 3493 1649 3557 occidere,
1696 3507 1796 3547 nec
1850 3491 2154 3547 mmcbari:

574 3588 697 3647 istis
720 3596 898 3643 autem
932 3602 1097 3657 super
1125 3587 1231 3642 hoc
1260 3601 1325 3641 ex
1358 3585 1534 3657 gratia
1582 3584 1845 3654 optimum
1881 3592 1936 3639 et
1978 3581 2160 3654 perfe-

573 3692 755 3748 ctum,
785 3696 890 3736 non
927 3679 1089 3734 irasci
1130 3695 1232 3734 nec
1285 3677 1692 3747 ccacupiscere.
1716 3675 1838 3729 Ideo
1868 3674 1951 3728 lex
1982 3689 2162 3730 ramos

575 3770 795 3827 malitiae
841 3770 1105 3836 succidit;
1158 3768 1330 3840 gratia
1385 3782 1513 3822 vero
1564 3766 1728 3821 etiam
1780 3764 1992 3820 radices
2045 3764 2163 3834 ejus

574 3863 779 3920 evellit.
810 3862 912 3929 Et,
941 3862 1085 3918 sicut
1116 3862 1168 3915 in
1201 3858 1603 3916 resurrectione
1631 3857 1733 3913 hoc
1760 3857 1934 3928 ipsum
1965 3872 2162 3929 corpus

578 3953 902 4009 humilitatis
930 3961 1130 4007 nostrae
1158 3961 1213 4006 et
1240 3966 1343 4005 non
1371 3948 1514 4004 aliud
1565 3949 1972 4015 reformabitur,
1997 3950 2076 4006 sic
2110 3958 2165 4005 et

576 4047 663 4102 lex
710 4047 824 4117 ipsa
869 4061 969 4117 per
1010 4043 1362 4114 Evangelium
1395 4042 1688 4098 reformata
1720 4042 1773 4097 iu
1821 4050 1934 4097 toto
1964 4042 2163 4096 mutulo

576 4140 924 4207 prtedicatur.
975 4136 1033 4192 In
1086 4152 1190 4207 qua
1246 4135 1434 4207 utique
1486 4135 1869 4191 reformatione
1919 4134 2165 4204 quamvis

580 4228 871 4298 plurimum
906 4229 1074 4283 decus
1104 4238 1365 4298 augeatur
1394 4236 1631 4291 naturae,
1672 4235 1853 4281 tamen
1885 4225 2165 4295 integritas

582 4320 637 4377 in
673 4319 824 4374 nullo
852 4318 1121 4384 aufertur,
1153 4320 1398 4389 quando,
1429 4322 1494 4373 ad
1521 4317 1927 4373 similitudinem
1976 4316 2125 4388 grani
2147 4356 2161 4379 ,

580 4410 908 4468 seminatum
939 4426 1137 4481 corpus
1157 4409 1412 4475 animale,
1435 4418 1618 4481 surget
1648 4424 1844 4479 corpus
1866 4406 2165 4478 spiritnale,

580 4509 638 4556 et
668 4501 994 4556 seminatum
1023 4500 1075 4555 in
1104 4500 1454 4565 inﬁrmitate,
1486 4507 1672 4566 surget
1700 4498 1753 4552 in
1800 4497 2020 4551 virtute.
2061 4495 2167 4549 Ilac
2200 4539 2246 4598 Β

583 4606 800 4662 quoque
846 4590 1232 4646 reformatione
1279 4594 1478 4645 emtum
1522 4596 1579 4644 et
1632 4597 1777 4642 terra
1829 4586 2164 4651 transibunt;

586 4700 692 4740 non
720 4684 1021 4739 interibunt
1058 4698 1073 4737 :
1107 4679 1520 4743 transferentur,
1555 4694 1659 4734 non
1696 4677 2029 4733 auferentur.
2059 4674 2170 4731 Nec

589 4788 903 4835 "IOVCDMUI'
932 4789 963 4829 3
995 4781 1181 4827 lIOSU'O
1225 4786 1422 4833 sensu,
1454 4785 1554 4826 nec
1580 4779 1903 4833 terrcaumr,
1948 4766 1992 4821 εἰ
2039 4781 2173 4821 non-

586 4867 735 4924 nulla
774 4865 907 4937 legis
949 4872 1288 4919 sacramenta
1324 4862 1584 4917 exhorret
1632 4858 1880 4915 animalis
1926 4872 2119 4912 sensus
2156 4875 2169 4909 :

589 4960 1029 5032 quandoquidem
1096 4959 1265 5028 ipsius
1326 4956 1499 5012 sancti
1556 4952 1843 5024 'Evangelii
1914 4949 2174 5005 nonnulla

593 5051 849 5125 mysteria
880 5050 1163 5107 exhorruit
1189 5049 1477 5113 hactenus,
1508 5046 1563 5100 in
1600 5053 1808 5099 tantum
1835 5050 1923 5106 ut,
1949 5041 2179 5095 Domino

2257 3305 2356 3347 nec
2384 3306 2413 3344 a
2445 3289 2600 3345 vobis
2638 3288 2837 3346 debent
2858 3284 3039 3342 oﬁ'erri
3078 3283 3459 3338 fermentatum
3488 3287 3543 3332 et
3572 3273 3682 3339 sal,
3707 3271 3834 3343 quia

2256 3399 2411 3453 atque
2439 3381 2673 3437 Mosaica
2701 3389 2848 3436 sunt.
2874 3379 2941 3434 Et
2962 3375 3118 3448 quia,
3146 3375 3214 3431 ab
3234 3370 3492 3445 Apostolo
3517 3368 3793 3423 audientes
3816 3381 3831 3417 :

2224 3468 2231 3471 “
2264 3478 2282 3525 t
2322 3474 2519 3528 Vetera
2551 3471 2917 3536 transierunt,
2947 3483 3076 3524 ecce
3107 3465 3245 3520 facta
3271 3474 3396 3519 sunt
3425 3477 3560 3515 nova
3587 3456 3673 3526 (II
3712 3454 3833 3509 Cor.

2260 3582 2311 3630 ν,
2359 3565 2478 3631 l7),
2519 3583 2538 3616 ι
2591 3562 2911 3634 insipienter
2940 3558 3141 3631 putatis
3180 3553 3361 3610 onmia
3407 3549 3619 3607 Veteris
3641 3546 3836 3601 Testa-

2263 3655 2429 3712 meuti
2463 3655 2780 3726 reprobata,
2810 3660 2865 3709 et
2891 3652 3109 3723 penitus
3132 3648 3406 3703 destructa
3438 3652 3491 3699 et
3518 3642 3584 3695 ad
3615 3638 3839 3694 nihilum

2263 3749 2481 3805 redacta
2512 3754 2886 3809 sacramenta;
2932 3742 3058 3797 hinc
3098 3740 3211 3811 jam
3256 3733 3602 3809 perpendatis
3626 3741 3845 3786 necesse

2263 3850 2377 3907 est,
2405 3841 2472 3896 ad
2512 3846 2747 3911 quantas
2794 3834 3135 3891 difﬁcultates
3189 3837 3445 3903 properet
3500 3827 3617 3882 hzec
3667 3830 3847 3877 vestra

2262 3934 2466 4004 Opinio.
2500 3932 2744 4002 Denique
2779 3930 2822 3985 si
2854 3937 3038 3984 vetera
3085 3942 3192 3981 non
3228 3920 3593 3995 prolicicndo,
3624 3916 3718 3972 sed
3756 3914 3844 3969 de-

2222 4018 2225 4019 r
2265 4027 2494 4083 ﬁciendo
2532 4024 2896 4086 transierunt,
2943 4018 3085 4073 unde
3120 4016 3282 4096 vobis
3315 4011 3601 4082 templum,
3648 4006 3843 4064 altare,

2266 4123 2610 4183 sacriﬁcium,
2637 4116 3045 4178 candelabrum,
3065 4122 3120 4168 et
3143 4120 3338 4167 etctera
3368 4105 3538 4162 sancti
3564 4097 3846 4158 ministerii

2268 4232 2393 4271 vasa
2410 4231 2503 4271 seu
2523 4219 2841 4269 ornamenta
2861 4217 2954 4263 aut
2969 4206 3288 4260 vestimenta
3306 4194 3685 4255 sacerdotalia?
3704 4189 3853 4247 Unde

2266 4307 2421 4362 vobis
2447 4305 2685 4361 encaenia
2705 4344 2718 4369 ,
2752 4308 3066 4372 pentecoste
3092 4304 3149 4351 et
3172 4294 3372 4364 pascha
3403 4304 3497 4344 seu
3542 4284 3852 4354 Quatlrage-

2269 4397 2442 4454 sima?
2477 4394 2626 4450 Unde
2652 4392 2804 4447 vobis
2834 4387 3142 4460 pontiﬁces,
3173 4381 3487 4439 sacerdotes
3512 4385 3569 4431 et
3593 4373 3771 4428 letita:
3794 4385 3856 4423 ac

2275 4489 2465 4558 reliqui
2492 4483 2843 4542 ecclesiastici
2865 4481 3062 4551 gradus
3082 4495 3148 4535 ex
3170 4474 3391 4531 ordine?
3418 4470 3568 4527 Unde
3590 4465 3859 4538 primarim

2276 4557 2615 4647 etdecimae?
2643 4576 2955 4639 Postremo,
3002 4571 3144 4626 unde
3192 4566 3346 4621 vobis
3394 4560 3612 4617 dilectio
3652 4557 3757 4647 Dei
3808 4562 3861 4609 et

2278 4644 2550 4742 proximi?
2575 4683 2639 4723 ac
2667 4667 2873 4735 reliqua
2919 4662 3169 4718 mandata
3217 4653 3502 4724 Decalogi?
3530 4644 3667 4719 Quia
3698 4662 3861 4742 ergo,

2279 4738 2575 4818 secundum
2606 4773 2732 4821 vos,
2762 4756 2834 4810 ita
2872 4770 3008 4809 nova
3042 4752 3178 4806 facta
3208 4755 3333 4802 sunt
3368 4753 3427 4798 ut
3456 4752 3643 4826 vetera
3678 4738 3864 4793 relicta

2282 4853 2388 4904 sint
2422 4847 2644 4902 omnino
2674 4853 2729 4899 et
2758 4858 2853 4914 per
2875 4841 3148 4897 Christum
3181 4834 3463 4892 maledicta
3483 4872 3498 4895 ,
3536 4827 3869 4897 abjiciantur

2283 4938 2471 5014 procul
2520 4938 2683 4994 dubio
2712 4936 2780 4990 ab
2810 4932 2926 5003 ejus
2952 4928 3223 4991 Ecclesia,
3273 4938 3404 5014 quze
3422 4935 3584 4991 supra
3630 4917 3872 5014 diximus

2280 5004 2493 5095 omnia,
2537 5038 2593 5084 et
2622 5028 2773 5098 plura
2816 5038 2937 5094 quae
2983 5018 3297 5075 reticuimus
3340 5011 3472 5074 alia,
3501 5018 3559 5063 et
3592 5004 3875 5062 veteribus

594 5099 852 5198 dicente:
890 5158 910 5192 ι
943 5141 1115 5194 Amen
1158 5153 1317 5194 amen
1363 5137 1485 5193 dico
1528 5135 1713 5200 vobis,
1745 5133 1850 5188 nisi
1884 5132 2183 5187 manduca-
2241 5112 2251 5121 ’
2284 5124 2554 5183 contraria
2601 5122 2732 5175 ﬁant
2771 5117 2881 5188 jam
2932 5128 3091 5168 nova.
3117 5108 3273 5213 .Odio
3311 5104 3588 5213 ‘habeatpr
3632 5099 3783 5153 Deus
3823 5102 3878 5197 et

3118 5198 3466 5232 :..!..‘..;.\rnlllr
3516 5190 3685 5232 hnmn
3729 5186 3879 5232 neci-

2623 5218 2778 5232 -..c-..
2834 5214 2880 5232 ιιι
2914 5211 3087 5232 ..υ-ιη’.
