4124 5374
277 156 376 218 Nil

1284 154 1651 219 ADVERSUS
1686 152 2096 218 GRIECORUM
2136 154 2554 217 CALUMNIAS.

3454 157 3562 212 963

284 288 393 334 tam
424 276 479 333 in
508 274 657 333 cultu
684 273 868 331 divino
896 288 1061 344 quam
1106 272 1160 328 in
1200 289 1298 329 usu
1330 275 1594 338 humano,
1628 283 1684 331 et
1720 276 1870 330 vide-
1896 279 1944 337 Α
1970 271 2268 342 operamini
2299 268 2523 342 (Philip.
2557 289 2628 339 ιι,
2672 268 2780 343 19).
2820 290 2840 326 ι
2876 267 2941 328 Et
2971 290 2984 326 :
3023 290 3042 324 ι
3081 271 3140 328 Si
3172 256 3561 344 compatiuntur,

280 368 411 425 bttis
437 367 564 438 quia
599 381 699 422 nec
740 366 926 421 bestiae
969 365 1123 421 eritis
1146 406 1160 431 ,
1191 367 1389 422 nedum
1437 367 1719 432 homines,
1757 368 1864 422 imo

281 460 350 514 ab
370 473 435 514 eo
460 460 602 528 quod
626 467 708 512 est
731 457 933 527 aliquid
957 458 1256 513 transibitis
1276 460 1343 513 ad
1362 460 1513 513 nihil.
1536 458 1643 514 Nos
1667 460 1862 528 potius,

281 549 547 605 catholica
601 565 731 603 aure
763 548 1105 604 intendentes
1139 559 1288 604 tanto
1330 551 1587 619 Apostolo
1615 551 1814 606 dicenti
1848 570 1863 605 :

287 660 305 693 ι
345 642 401 696 Si
433 656 537 711 qua
588 656 715 712 ergo
765 654 901 694 nova
943 652 1225 706 creatura,
1277 650 1459 695 vetera
1505 643 1864 709 transierunt,

281 752 411 791 ecce
441 736 581 791 facta
612 746 737 789 sunt
763 750 900 789 nova
931 734 1014 803 (11
1045 734 1167 789 Cor.
1199 752 1250 800 v,
1277 736 1398 802 l7),
1437 755 1455 786 ι
1487 737 1649 790 corde
1693 735 1870 791 credi-

1970 371 2026 417 et
2048 361 2510 437 conregnabimus
2539 360 2625 432 (ll
2661 361 2800 418 Tim.
2829 377 2865 420 ιι
2889 400 2904 427 .
2932 362 3042 434 12).
3084 381 3103 414 ι
3132 361 3301 421 Porro
3322 380 3441 434 qua!
3466 379 3568 435 per

1969 453 2137 525 legem
2165 453 2383 508 fuerunt
2404 469 2577 524 usque
2598 455 2665 510 ad
2691 464 2902 526 tempus
2923 456 3285 512 correctionis
3307 456 3563 527 imposita

1969 546 2280 618 carnalibus
2323 545 2555 612 Judaeis,
2593 546 2791 602 Paulus
2840 548 3083 603 breviter
3110 548 3404 617 Colligcns,
3438 550 3516 603 ait
3547 566 3561 603 :

1975 653 1993 686 ι
2027 633 2249 689 Munera
2296 646 2350 689 et
2398 635 2590 690 hostia:
2634 634 2962 701 oﬂ’eruntur,
3008 654 3131 707 qtae
3181 654 3288 692 non
3342 647 3570 708 possunt

1965 726 2120 796 juxta
2169 726 2563 781 conscientiam
2614 727 2912 796 perfectum
2963 727 3145 785 facere
3204 730 3565 794 servientem,

281 842 404 893 ηιυε
424 836 477 881 ει
497 841 591 881 ονε
613 827 937 882 conﬁtemur
960 836 1167 891 νριει-ει,
1192 842 1221 880 ο
1253 835 1432 881 vetere
1455 826 1669 883 nomine
1692 835 1871 881 ιιιειηε..
1972 818 2312 874 solummodo
2334 820 2386 873 in
2411 818 2548 874 cibis
2571 828 2626 872 et
2646 818 2862 888 polibus
2883 827 2938 874 et
2964 820 3131 874 variis
3155 821 3571 892 lraptismatibus

288 919 472 973 eundo
502 920 568 972 ad
602 934 796 973 novtnn
838 919 1108 974 hominem
1154 917 1338 974 Jesum
1392 920 1694 984 Christum,
1732 935 1868 975 nova

280 1005 425 1060 facta
451 1021 600 1071 esse;
625 1006 1081 1077 quemadmodum
1131 1008 1271 1062 idem
1309 1009 1599 1078 Apostolus
1637 1026 1756 1064 mox
1787 1024 1872 1065 se-

281 1109 443 1154 cutus
472 1100 683 1153 curavit
711 1099 988 1153 declarare
1021 1118 1055 1161 :p
1083 1118 1103 1151 ι
1140 1100 1331 1156 Omnia
1379 1110 1560 1155 autem
1607 1117 1674 1157 ex
1722 1103 1869 1167 Deo,

284 1192 375 1260 qui
410 1191 893 1246 reconciliavitnos
915 1191 1015 1245 sibi
1052 1208 1149 1263 per
1175 1188 1452 1246 Christum
1480 1192 1670 1262 (lbid.,
1705 1193 1811 1262 18).
1848 1212 1866 1245 ι

280 1282 445 1351 Cujus
478 1282 738 1352 singulari
773 1284 1012 1337 novitate
1058 1283 1386 1338 innovantur
1419 1286 1600 1338 omnia
1631 1285 1881 1341 ctelestia

282 1385 447 1447 atque
498 1376 774 1432 terrestria
814 1394 827 1429 :
868 1377 1086 1446 quando
1131 1378 1392 1447 quidquid
1432 1380 1497 1433 ad
1530 1378 1732 1433 cultum
1780 1379 1872 1434 Dei

284 1476 378 1523 Seu
433 1468 498 1521 ad
550 1469 894 1524 commodum
926 1470 1007 1525 sui
1053 1481 1210 1526 vetus
1254 1471 1343 1526 ille
1390 1473 1618 1542 populus
1662 1471 1875 1527 coalitus

281 1568 602 1628 acceperat,
651 1560 719 1615 ad
768 1577 964 1617 novum
1020 1561 1314 1617 transtulit.
1379 1561 1480 1629 Qui
1531 1562 1652 1618 ideo
1704 1578 1875 1617 novus

1972 918 2029 964 et
2063 908 2293 976 justitiis
2337 909 2522 963 carnis
2548 908 2738 977 (Hebr.
2791 924 2879 976 ιχ,
2924 909 3035 979 11)).
3076 929 3094 963 ι
3133 909 3395 967 Carnales
3435 926 3572 980 ergo

1974 998 2208 1054 victinue
2235 1010 2398 1071 atque
2421 1000 2833 1069 puriticatioues
2866 1002 3028 1056 varia:
3053 1002 3103 1056 in
3131 1002 3269 1073 lege,
3296 1002 3348 1058 in
3372 1002 3573 1072 quibus

1978 1089 2210 1142 maxima
2239 1100 2359 1144 erat
2385 1091 2730 1159 circumcisio
2747 1132 2764 1157 ,
2789 1102 2845 1147 et
2868 1101 3079 1149 caetera:
3100 1093 3328 1164 justitia:
3367 1093 3568 1157 carnis,

1977 1192 2035 1235 ut
2052 1192 2137 1237 est
2156 1179 2456 1236 dill‘erentia
2484 1183 2753 1250 ciborum,
2777 1183 3046 1240 festivitas
3069 1185 3568 1249 tabernaculorum,

1980 1252 2085 1328 non
2117 1290 2273 1329 arare
2300 1274 2515 1343 inlbove
2542 1275 2703 1351 simul
2736 1284 2790 1331 et
2821 1277 3140 1349 asino,‘nec
3166 1292 3353 1334 serere
3381 1294 3572 1350 agrum

1979 1365 2198 1439 diverso
2229 1352 2477 1439 semine,
2503 1376 2559 1438 et
2581 1367 2667 1423 his
2692 1367 2934 1451 similia;
2963 1384 3083 1438 quae
3109 1369 3244 1423 nihil
3270 1369 3576 1424 sauwtitatis

1980 1455 2730 1535 conferebantconscientiis,
2752 1471 2977 1531 excepta
2994 1462 3293 1521 devotione
3314 1462 3578 1517 obedien-

1986 1548 2075 1605 tiae
2108 1558 2163 1603 et
2186 1538 2571 1607 admonitione
2596 1552 2898 1621 spiritualis
2926 1552 3238 1617 munditiae;
3288 1554 3413 1609 data
3443 1559 3574 1606 sunt

280 1650 504 1715 dicitur,
528 1652 651 1722 quia
682 1653 750 1707 ab
775 1652 963 1707 umbra
988 1652 1053 1708 ad
1079 1653 1386 1721 veritatem,
1418 1669 1448 1707 a
1476 1654 1645 1726 signis
1671 1654 1737 1708 ad
1766 1670 1874 1719 res,

1986 1654 2153 1710 usque
2197 1641 2265 1696 ad
2313 1641 2645 1712 praeﬁnitum
2692 1652 2904 1717 tempus
2944 1661 2979 1711 ιι
3008 1642 3203 1710 Patre,
3233 1644 3449 1712 quando
3477 1656 3577 1711 per

250 1754 311 1810 ,τι
342 1740 540 1796 timore
589 1741 653 1795 ad
699 1757 971 1806 amorem,
1013 1758 1042 1798 a
1087 1743 1350 1798 servitute
1391 1744 1455 1797 ad
1484 1742 1819 1806 libertatem,
1852 1760 1881 1799 a

282 1829 413 1883 ﬁliis
442 1831 535 1885 ine
563 1833 630 1885 ad
682 1831 820 1887 illius
863 1835 1088 1904 gratiae,
1134 1850 1162 1887 a
1195 1850 1362 1889 carne
1407 1834 1474 1890 ad
1521 1836 1767 1906 spiritum
1800 1844 1884 1890 est

283 1920 603 1976 translatus.
654 1921 805 1977 Unde
849 1924 982 1978 dicit
1029 1923 1364 1995 Apostolus:
1399 1944 1418 1979 ι
1458 1925 1563 1980 Vos
1607 1942 1708 1980 non
1749 1927 1881 1980 estis

281 2007 335 2061 in
362 2026 550 2075 carne,
582 2013 675 2066 scd
701 2013 750 2066 in
777 2013 995 2082 spiritu,
1019 2014 1063 2070 si
1091 2024 1268 2070 tamen
1293 2014 1518 2086 spiritus
1549 2017 1639 2072 Dei
1668 2018 1879 2072 habitat

281 2100 335 2155 in
368 2103 523 2158 vobis
550 2104 729 2175 (llam.
763 2122 857 2162 vnt
880 2147 896 2171 ,
927 2108 1004 2175 9).
1042 2127 1060 2160 ι
1100 2108 1166 2164 Et
1189 2109 1459 2181 quomodo
1491 2111 1544 2165 in
1576 2126 1740 2165 carne
1772 2128 1878 2166 non

283 2203 441 2247 erant
459 2235 474 2260 ,
501 2211 636 2266 quos
665 2198 907 2267 epistolis
938 2200 1261 2267 instruebat,
1287 2202 1389 2257 nisi
1415 2203 1713 2258 secundum
1737 2204 1880 2275 quod

284 2285 404 2354 ipse
452 2288 574 2342 ait:
629 2307 647 2340 ι
698 2289 753 2344 In
797 2305 963 2346 carne
1007 2292 1384 2358 ambulantes,
1428 2311 1535 2350 non
1585 2297 1880 2351 secundum

286 2393 511 2434 carnem
558 2380 854 2437 militamus
905 2382 988 2449 (11
1040 2383 1162 2438 Cor.
1212 2402 1278 2452 ι,
1329 2385 1405 2447 5).
1445 2406 1463 2439 ι
1513 2386 1650 2442 llinc
1696 2404 1884 2441 rursus

288 2469 513 2538 inquit:
550 2489 569 2523 ι
600 2472 769 2525 Nemo
811 2485 1051 2529 vestrum
1097 2476 1199 2530 sibi
1262 2478 1428 2542 vivit,
1472 2487 1528 2532 et
1572 2494 1731 2532 nemo
1781 2477 1882 2531 sibi

291 2561 527 2614 moritur
556 2560 732 2632 (Rom.
768 2579 876 2628 xw,
913 2562 988 2631 7).
1027 2584 1045 2616 ι
1077 2564 1143 2618 Et
1176 2582 1188 2617 :
1226 2585 1243 2616 ι
1282 2564 1444 2631 Vivo,
1468 2565 1579 2636 jam
1613 2582 1717 2620 non
1749 2584 1883 2637 ego,

290 2651 429 2705 vivit
458 2667 588 2706 vero
619 2651 669 2705 in
712 2668 797 2707 me
822 2652 1071 2709 Christus
1103 2652 1244 2725 (Gul.
1277 2671 1340 2721 ιι,
1370 2654 1485 2727 ‘20).
1523 2677 1540 2707 ι
1579 2656 1670 2711 Sic
1706 2658 1887 2727 itaque

289 2741 477 2809 nobis,
524 2752 580 2797 et
627 2745 878 2802 omnibus
929 2747 980 2800 in
1035 2747 1278 2804 novitate
1320 2750 1545 2819 spiritus
1614 2749 1890 2805 ambulare

292 2832 700 2901 satagentibus,
729 2850 864 2890 nova
898 2835 1035 2892 facta
1060 2847 1185 2893 sunt
1209 2840 1391 2894 omnia
1411 2881 1426 2905 ,
1458 2841 1654 2910 templa
1682 2840 1890 2896 scilicet

293 2933 349 2975 et
382 2923 597 2991 altaria,
626 2927 964 2994 sacerdotes,
1000 2928 1296 2995 sacriﬁcia,
1335 2928 1681 2995 candelabra,
1714 2932 1885 2985 thuri-

1985 1734 2179 1789 Filium
2208 1751 2366 1792 suum
2396 1736 2599 1797 factum
2628 1737 2730 1792 sub
2751 1738 2889 1807 lege,
2929 1736 3159 1793 redemit
3185 1752 3280 1791 eos
3301 1737 3392 1807 qui
3417 1744 3578 1791 erant

1980 1827 2082 1881 sub
2110 1828 2245 1898 lege.
2266 1826 2432 1896 Cujus
2456 1827 2711 1887 carnales
2723 1826 2970 1895 justitias
2990 1828 3230 1883 evadens
3256 1828 3399 1882 idem
3421 1827 3583 1897 Apo-

1979 1916 2152 1987 stolus
2197 1921 2274 1972 ait
2305 1934 2318 1971 :
2348 1935 2375 1968 Α
2412 1916 2542 1985 Quae
2588 1918 2720 1975 mihi
2773 1917 3067 1987 aliquando
3113 1915 3333 1972 fuerunt
3388 1926 3573 1982 lucra,

1983 2010 2097 2064 haec
2123 2008 2423 2064 arbitratus
2453 2023 2573 2065 sunt
2602 2016 2825 2079 prepter
2847 2008 3124 2065 Christum
3151 2007 3499 2073 detrimenta,
3522 2016 3585 2063 et
3682 2044 3685 2047 -

1984 2115 2092 2155 non
2120 2099 2295 2155 solum
2323 2100 2803 2166 detrimentapsed
2839 2100 3011 2159 etiam.
3033 2110 3308 2166 stercora,
3339 2109 3400 2155 ut
3431 2100 3582 2154 inve-

1986 2191 2105 2265 niar
2125 2190 2177 2246 in
2207 2190 2299 2246 illo
2327 2207 2434 2245 non
2464 2190 2668 2263 habens
2697 2206 2872 2257 meam
2899 2190 3168 2259 justitiam
3214 2206 3335 2262 quae
3365 2204 3432 2245 ex
3464 2190 3587 2261 lege

1982 2291 2067 2353 est
2085 2322 2100 2347 ,
2132 2284 2228 2337 sed
2251 2298 2372 2352 quae
2391 2297 2458 2337 ex
2487 2282 2594 2345 ﬁde
2618 2283 2745 2339 Jesu
2769 2283 2969 2339 Christi
3002 2283 3227 2355 (Philip.
3255 2299 3339 2349 ιιι,
3368 2283 3424 2349 7,
3447 2284 3525 2350 8).
3556 2303 3574 2334 ι

1984 2375 2139 2444 Quod
2156 2374 2570 2431 Colossensibus
2587 2390 2804 2453 quoque
2821 2375 3108 2433 denuntiat
3121 2375 3308 2430 dicens
3327 2392 3339 2429 :
3367 2393 3384 2424 ι
3410 2374 3590 2429 Nemo

1985 2482 2084 2521 vos
2115 2466 2324 2536 judicet
2357 2466 2410 2519 in
2443 2466 2568 2521 cibo
2594 2477 2687 2519 aut
2714 2474 2878 2535 potu,
2907 2474 3001 2520 aut
3028 2467 3080 2520 iu
3111 2475 3266 2536 parte
3295 2467 3402 2521 diei
3434 2467 3587 2532 l'esti,

1987 2566 2080 2610 aut
2113 2555 2439 2621 neomcnize,
2487 2565 2580 2609 aut
2620 2554 3016 2620 Sabbatorum,
3050 2570 3172 2625 qua:
3207 2565 3330 2610 sunt
3383 2557 3577 2611 uinbra

1987 2650 2296 2717 futurorum
2342 2648 2569 2721 (Colon.
2620 2665 2691 2715 ιι,
2743 2650 2855 2719 15).
2893 2669 2913 2707 ι
2959 2648 3235 2704 Hactenus
3272 2648 3584 2705 defendisse

1991 2742 2163 2813 legem
2187 2740 2358 2813 Moysi
2380 2752 2439 2797 et
2451 2758 2704 2815 azymum
2722 2741 2911 2801 Eucba
2921 2741 3087 2799 riatia:
3101 2741 3303 2797 Christi
3328 2742 3581 2797 subiciat.

1990 2832 2108 2888 Jam
2137 2834 2496 2891 discutiamus
2523 2844 2702 2891 vestra
2720 2849 2857 2907 quae
2874 2842 3112 2890 'restaut.

2064 2923 2226 2979 XLV.
2265 2924 2971 2999 Coasuarmorounuus.
3009 2926 3247 2983 Sabbata
3292 2942 3422 2985 vero
3449 2943 3586 3000 quo-

294 3014 456 3081 bula,
502 3018 657 3073 cibus
714 3027 771 3089 et
814 3027 1004 3090 potus,
1054 3028 1107 3075 et
1170 3038 1398 3094 qumque
1442 3023 1676 3078 carnalis
1722 3022 1882 3077 isracl
1990 3017 2152 3070 modo
2183 3016 2234 3069 iu
2266 3016 2690 3088 Quadragesima
2715 3017 2933 3087 judaice
2977 3021 3316 3076 observatis?
3339 3021 3447 3077 Aut
3475 3037 3589 3078 non

294 3116 406 3161 tam
462 3108 515 3162 in
568 3100 901 3180 supellectile
953 3127 1114 3183 quam
1166 3111 1219 3168 in
1271 3115 1537 3167 mandatis
1589 3115 1882 3179 retinebat,

292 3206 483 3253 vetera
530 3208 588 3254 ut
631 3201 821 3255 eadem
869 3209 925 3256 et
968 3219 1075 3259 non
1107 3204 1295 3258 eadem
1326 3202 1431 3258 sint
1461 3205 1671 3271 omnia,
1716 3205 1886 3258 instar

290 3291 486 3359 utique
539 3291 760 3362 aquilzc,
834 3309 953 3362 quze
1009 3294 1135 3349 dum
1194 3295 1512 3351 naturaliter
1571 3307 1883 3360 renovatur,

287 3382 552 3453 juventus
574 3384 747 3437 eidem
772 3386 1001 3452 accedit,
1032 3397 1086 3441 et
1115 3397 1387 3453 senectus,
1424 3404 1528 3441 non
1557 3388 1884 3451 substantia,

296 3473 364 3529 ab
414 3490 479 3529 ea
535 3478 758 3531 recedit.
811 3476 936 3535 Pari
986 3490 1172 3535 tenore
1225 3478 1601 3551 przedicamus’
1636 3497 1884 3552 azyuuuu

295 3564 733 3622 Chri~tianorum
778 3567 934 3639 longe
982 3570 1185 3626 distare
1234 3570 1302 3625 ab
1350 3586 1540 3641 azymo
1586 3572 1884 3631 carnalium

294 3654 640 3722 Judazorum,
674 3676 809 3729 quos
836 3661 901 3719 ad
927 3663 1172 3718 nutbram
1221 3664 1465 3719 veritatis
1492 3663 1885 3719 observandam

297 3759 354 3805 et
372 3751 703 3821 captandam
737 3751 847 3806 sola
882 3754 1172 3824 promissio
1216 3764 1272 3809 ct
1300 3756 1626 3811 desiderium
1662 3767 1889 3811 terrena:

296 3843 577 3899 felicitatis
603 3845 868 3899 invitabat
899 3864 912 3899 :
949 3856 1008 3899 ut
1034 3857 1116 3902 est
1161 3846 1509 3918 longaevitas,
1558 3851 1885 3904 abundantia

297 3936 514 4008 frugum
536 3978 553 4003 ,
584 3939 856 3994 successio
885 3938 1149 4004 ﬁliorum,
1196 3942 1426 4009 perditio
1470 3941 1808 3996 inimicorum
1836 3952 1891 3996 ct

299 4038 520 4084 caetera.
574 4028 683 4084 Nos
729 4045 893 4094 vero,
925 4044 1129 4100 corpus
1165 4031 1411 4085 veritatis
1438 4046 1504 4085 ex
1535 4046 1727 4103 azymo
1755 4040 1807 4086 et
1836 4031 1889 4086 in

300 4131 495 4188 azymo
523 4118 628 4173 rite
652 4126 977 4174 venerantes
997 4129 1163 4190 atque
1195 4122 1511 4188 retinentes,
1536 4137 1632 4177 ore
1656 4135 1709 4177 et
1729 4124 1903 4191 corde.

300 4219 699 4280 prmgustatnus
722 4212 833 4280 jam
863 4226 1025 4281 quam
1056 4212 1239 4269 suavis
1265 4223 1348 4267 est
1377 4213 1636 4269 Dominus
1668 4233 1680 4269 :
1724 4231 1890 4273 unum

303 4310 555 4371 petentes
584 4302 651 4357 ab
683 4302 799 4372 ipso
839 4312 893 4359 et
945 4305 1046 4359 hoc
1077 4306 1448 4376 requirentes,
1482 4315 1541 4361 ut
1577 4322 1890 4363 maneamus

305 4395 358 4449 in
385 4408 454 4448 eo
479 4403 535 4450 et
564 4396 676 4466 ipse
713 4395 766 4451 in
797 4396 984 4462 nobis,
1023 4397 1075 4452 in
1102 4407 1387 4454 (eternium.
1435 4400 1577 4455 Sane
1604 4401 1649 4457 si
1680 4410 1889 4456 nmtarc

304 4484 472 4537 vultis
503 4483 839 4553 l'ermentato~
865 4502 1114 4559 azymum
1137 4529 1152 4555 ,
1193 4500 1397 4544 mutate
1429 4491 1670 4559 quolibet
1709 4491 1888 4561 aliquo

308 4575 519 4644 liquore
544 4577 770 4635 vinum:
818 4586 956 4649 quo,
1003 4580 1143 4635 sicut
1181 4590 1235 4635 et
1275 4597 1496 4652 azyma,
1547 4582 1794 4638 Christus
1836 4594 1891 4638 et

310 4674 470 4719 vetus
498 4669 694 4734 pascha
742 4667 914 4724 ﬁnivit
938 4711 953 4734 ,
1002 4679 1058 4726 et
1100 4687 1296 4727 novum
1330 4671 1627 4727 inchoavit.
1658 4672 1714 4728 Si
1744 4674 1890 4728 enim

310 4758 550 4827 recipitis
577 4762 791 4825 vinum,
825 4764 1197 4835 azymum'cur
1226 4763 1496 4832 abjicitis?
1806 4750 1809 4753 I

339 4852 343 4859 ’
380 4851 559 4909 XLIV.
600 4856 750 4922 Quod
785 4872 913 4911 vero
946 4858 1126 4929 passio
1159 4867 1211 4913 et
1264 4872 1412 4913 mors
1459 4858 1659 4913 Christi
1704 4874 1896 4917 convc-

307 4945 547 5000 nicntius
595 4947 952 5002 annuntictur
985 4965 1176 5021 azymo
1223 4966 1387 5019 quam
1438 4949 1798 5018 fermentato,
1827 4970 1894 5011 ex

307 5035 411 5090 hoc
444 5040 833 5105 comprobatur
876 5040 1015 5108 quod
1061 5040 1323 5096 Dominus
1365 5041 1480 5110 ipse
1520 5058 1711 5116 azymo
1736 5046 1893 5104 disci-

305 5128 446 5200 pulis
474 5134 796 5188 memoriam
830 5134 911 5185 sui
953 5135 1217 5204 agendam
1250 5135 1504 5203 tradidit;
1532 5146 1604 5192 .et
1654 5140 1796 5210 quod
1841 5143 1896 5197 in

306 5220 421 5289 lege
456 5220 611 5288 panis
638 5221 953 5278 alllictionis
986 5225 1187 5280 dicitur
1214 5233 1273 5280 ut
1303 5241 1399 5294 per
1425 5228 1525 5283 hoc
1553 5245 1899 5299 prmmonea-

307 5325 429 5362 mur
463 5308 697 5374 amigere
728 5313 944 5371 animas
974 5329 1216 5374 nostras.
1247 5324 1301 5369 et
1329 5318 1533 5374 pariter
1571 5321 1770 5374 oﬂ'erre
1808 5338 1900 5374 sa-

1920 4355 1971 4415 D

1986 3106 2219 3175 audistis
2278 3108 2331 3165 in
2386 3106 2689 3178 Evangelii)
2743 3110 3017 3170 dicentem
3066 3112 3193 3181 quia
3237 3122 3584 3167 transeuntes

1979 3201 2236 3281 ‘discipnli
2269 3201 2320 3256 in
2351 3200 2608 3275 sabbatis
2630 3213 2914 3272 quiuerunt
2939 3204 3046 3259 iter
3068 3220 3228 3275 agere
3246 3247 3261 3274 ,
3284 3205 3584 3264 evehentes

1987 3292 2166 3359 spicas
2219 3299 2275 3345 et
2324 3291 2708 3355 comedentesi
2758 3292 3014 3348 Dicebant
3067 3304 3249 3351 autem
3298 3295 3468 3352 Judaei
3512 3300 3583 3352 ad

1986 3379 2259 3448 Christum
2294 3397 2307 3433 :
2342 3397 2362 3433 ι
2407 3379 2563 3439 Vides
2587 3382 2723 3457 quid
2749 3382 2838 3437 isti
2887 3382 3095 3439 faciunt
3144 3386 3196 3439 in
3235 3385 3522 3445 Sabbatis?
3559 3407 3578 3440 ι

1988 3460 2093 3540 Qui
2130 3473 2268 3527 dixit
2299 3491 2312 3526 :
2352 3491 2371 3523 ι
2406 3472 2603 3529 Etiam.
2632 3476 2715 3529 An
2745 3476 2968 3531 nescitis
3012 3478 3143 3547 quid
3178 3479 3356 3553 egerit
3383 3480 3581 3545 David,

1989 3581 2108 3621 cum
2139 3565 2372 3620 esuriret
2402 3567 2516 3636 ipse
2535 3576 2592 3621 et
2612 3568 2703 3636 qui
2725 3583 2850 3623 cum
2878 3583 2944 3623 eo
2969 3584 3123 3624 erant
3142 3609 3159 3636 ,
3186 3572 3458 3640 quomodo
3489 3572 3578 3626 in-

1993 3658 2158 3712 travit
2193 3659 2244 3712 in
2274 3659 2562 3728 templum,
2590 3669 2646 3716 et
2670 3661 3237 3732 panesprOpositiouis
3253 3661 3528 3717 comedit?
3560 3682 3587 3714 ι

1991 3748 2206 3820 (Manli.
2260 3766 2371 3815 xu,
2419 3751 2551 3816 1-4;
2616 3751 2791 3809 Marc.
2852 3768 2927 3818 ιι,
2976 3753 3199 3822 25-26.)
3253 3762 3312 3808 et
3358 3764 3585 3809 caetera.

1997 3858 2014 3890 ‹
2059 3839 2126 3893 Ει
2152 3838 2277 3908 quia
2316 3838 2613 3893 Sabbatum
2662 3850 2883 3910 propter
2914 3840 3187 3897 hominem
3236 3841 3438 3898 factum
3468 3852 3583 3906 est,

1993 3953 2098 3991 non
2125 3937 2285 3991 homo
2306 3946 2526 4006 propter
2557 3936 2854 3990 Sabbatum
2879 3935 3075 4008 (Marc.
3102 3952 3163 4001 ιι,
3191 3937 3305 4008 27).
3345 3957 3364 3991 ι
3399 3939 3500 4007 Qui
3526 3950 3586 3997 et

1996 4027 2253 4080 dicebant
2280 4044 2294 4080 :
2327 4046 2344 4078 ι
2376 4027 2655 4093 Quomodo
2678 4027 2841 4082 homo
2865 4027 2966 4083 iste
2986 4038 3070 4083 est
3095 4043 3158 4083 ex
3178 4030 3308 4096 Deo,
3334 4031 3423 4101 qui
3449 4031 3585 4088 Sab-

1994 4120 2115 4175 bata
2134 4136 2240 4175 non
2258 4120 2521 4175 custodit?
2542 4141 2561 4171 ι
2580 4119 2631 4191 (1
2636 4121 2769 4193 bid.)
2786 4121 2848 4176 Et
2867 4123 3060 4178 iterum
3082 4132 3336 4195 loquente
3356 4125 3576 4182 Christo

1995 4211 2047 4267 in
2073 4211 2310 4266 Sabbato
2333 4211 2384 4267 ei
2413 4212 2504 4282 qui
2539 4228 2758 4268 manum
2783 4214 2991 4269 aridam
3025 4215 3292 4283 habebat;
3333 4218 3587 4275 similiter

1995 4313 2051 4360 et
2071 4305 2120 4359 ei
2148 4304 2239 4375 qui
2261 4304 2522 4361 daemonis
2548 4305 2799 4376 spiritum
2825 4306 3064 4363 habebat
3088 4308 3140 4362 in
3164 4307 3402 4364 Sabhato
3430 4326 3592 4365 mun-

1997 4396 2145 4459 dato,
2179 4404 2237 4451 et
2257 4398 2720 4454 murmurantibus
2736 4398 2939 4455 Judreis
2960 4410 3013 4455 et
3034 4401 3231 4455 similia
3257 4400 3593 4466 dicentibm,

1996 4488 2128 4547 dicit
2152 4488 2400 4551 Christus
2430 4506 2445 4543 :
2482 4507 2509 4545 «ι
2541 4488 2877 4559 Hypocritar,
2934 4491 3302 4559 unusquisque
3348 4501 3587 4545 vestrum

1998 4598 2104 4637 non
2130 4580 2315 4647 solvit
2367 4582 2578 4638 asinum
2628 4596 2658 4637 a
2700 4585 2966 4653 prcescpi,
3009 4592 3067 4638 et
3111 4588 3301 4636 bovem
3332 4596 3489 4636 suum
3533 4596 3596 4634 ιιι.

1999 4674 2240 4731 Sabbato
2269 4673 2419 4729 ducit
2452 4675 2759 4744 adaquare?
2794 4696 2812 4727 ι
2850 4672 3004 4744 (Luc.
3037 4688 3169 4737 xm,
3202 4672 3292 4743 15)
3336 4674 3400 4728 Ει
3426 4689 3591 4745 para-

1998 4768 2166 4840 lytico
2215 4766 2486 4831 similiter,
2538 4780 2702 4837 quem
2750 4768 2943 4821 sanum
3001 4764 3148 4821 fecit.
3203 4763 3270 4819 Et
3322 4766 3442 4820 ideo
3494 4767 3597 4837 qui—

1999 4857 2236 4927 sabbata
2264 4870 2387 4911 cum
2415 4856 2622 4925 azymis
2648 4856 2985 4925 custodiunt,
3016 4868 3194 4924 neque
3217 4852 3386 4910 ,ἰυόωί
3418 4872 3602 4928 neque

1997 4948 2290 5005 Christiani
2319 4956 2480 5013 sunt,
2512 4950 2608 5005 sed
2642 4965 2661 5001 ι
2692 4947 2897 5003 similes
2924 4958 3055 5006 sunt
3080 4946 3334 5016 leopardo
3355 4987 3371 5015 ,
3400 4967 3421 5002 ι
3452 4951 3597 5005 sicut

2002 5054 2232 5110 magnus
2257 5039 2391 5093 dicit
2416 5039 2674 5104 Basilius,
2702 5056 2722 5090 ι
2753 5037 2911 5107 cujus
2938 5038 3121 5113 capilli
3148 5053 3250 5094 nec
3275 5041 3414 5114 nigri
3445 5051 3607 5106 sunt.

2002 5146 2105 5190 nec
2131 5128 2237 5184 albi
2264 5131 2507 5186 omnino.
2547 5151 2567 5186 ι

2078 5219 2261 5277 XLVI.
2301 5219 2579 5283 Ronanos.
2619 5220 2772 5289 Quod
2800 5236 2899 5276 nos
2924 5222 3165 5282 Sabbala
3194 5238 3293 5280 nec
3324 5227 3465 5283 intra
3496 5240 3611 5281 nec

2007 5325 2165 5372 extra
2219 5314 2702 5374 Quadringesimam
2745 5314 2966 5374 iudaice
3009 5319 3401 5374 observamus.
3455 5320 3609 5374 sum-
