4124 5374
502 318 604 373 933

1551 313 1980 373 HUMBERTUS
2010 314 2069 371 S.
2105 313 2171 367 ιι.
2219 310 2275 365 Ε.
2321 309 2733 367 CARDINALIS

3687 310 3790 369 964

504 443 555 496 in
586 437 809 493 sabbato
856 435 1186 492 dissolvatis.
1242 435 1391 493 Unde
1439 433 1746 490 testimonia
1784 432 2095 503 evangelica
2124 433 2171 492 Α
2202 426 2312 481 rire
2360 426 2750 496 przevaluistis!
2799 442 2923 481 cum
2974 425 3101 482 hinc
3143 423 3270 481 inde
3317 426 3471 483 vobis
3512 438 3793 483 resonaret

502 544 622 598 qua:
672 527 955 596 posuistis,
1010 526 1234 581 omnino
1285 524 1631 594 refragantur
1669 526 1854 585 vobis.
1900 523 2097 580 suifra-

503 629 703 690 gautur
727 634 856 673 vero
891 619 1065 673 nobis.
1106 618 1350 689 Denique
1394 633 1531 684 nos,
1559 625 1620 672 ιιι
1662 616 1912 686 discipuli
1938 614 2095 681 Jesu,

506 726 609 764 non
631 709 806 764 solum
829 709 931 763 iter
953 706 1164 779 agimus
1190 709 1245 763 in
1268 708 1494 763 sabbato
1514 718 1569 762 et
1590 708 1769 778 spicas
1791 706 2096 771 evellimus,

506 802 600 857 sed
627 803 847 870 insuper
872 800 1162 869 piscamur,
1191 808 1247 854 et
1268 799 1527 869 quidquid
1550 807 1767 867 oportet
1785 813 2095 868 operamur,

507 903 564 949 et
612 895 746 948 hora
795 892 1121 962 competenti
1173 892 1525 947 comedimus.
1560 891 1686 947 'Vos
1731 892 1874 961 quod
1922 891 2101 962 legitis

508 985 802 1055 discipulos
824 984 1003 1054 spicas
1026 984 1357 1039 transeundo
1378 983 1702 1044 comedisse,
1728 999 1755 1037 a
1783 983 1902 1037 luce
1924 982 2095 1053 prima

509 1079 562 1133 in
592 1092 875 1146 vesperum
909 1076 1137 1131 studetis
1186 1076 1353 1130 variis
1395 1074 1603 1130 deliciis
1638 1085 1692 1128 et
1742 1074 1909 1128 multo
1950 1087 2100 1129 mero

509 1169 785 1238 cnapnlam
810 1167 1150 1223 continuare.
1176 1166 1286 1221 Nec
1316 1166 1511 1221 mirum
1536 1181 1551 1220 :
1577 1181 1697 1220 cum
1723 1165 1843 1219 istic
1864 1180 2096 1235 quoque,

510 1263 665 1317 obliti
717 1260 1055 1334 etymologia!
1108 1268 1328 1326 vestrae,
1388 1275 1454 1313 ex
1523 1259 1773 1322 nomine,
1824 1260 1967 1328 quod
2018 1267 2101 1312 est

511 1353 697 1428 ὅρτος,
731 1353 946 1407 dixistis
982 1352 1145 1405 David
1172 1351 1474 1406 comedisse
1501 1365 1666 1420 panes
1690 1348 2098 1420 propositionis,

514 1446 565 1499 itl
594 1455 676 1500 est
696 1486 709 1510 ,
741 1448 863 1505 τοὺς
899 1441 1090 1521 ἄρτους
1112 1452 1204 1504 τῆς
1234 1446 1559 1519 προθέσεως
1599 1457 1735 1511 quos
1766 1456 1963 1510 negare
1993 1456 2097 1495 non

511 1537 740 1607 potestis
774 1537 939 1591 fuisse
969 1551 1219 1606 azymos,
1251 1535 1295 1588 si
1336 1550 1441 1604 qua
1485 1533 1713 1589 scientia
1739 1534 1939 1587 veteris
1969 1532 2103 1603 legis

512 1630 779 1684 remansit
827 1628 968 1699 apud
1042 1643 1158 1682 vos.
1235 1627 1441 1681 Deinde
1509 1627 1763 1696 quoniam
1800 1626 2098 1680 Sabhatum

515 1728 737 1790 propter
786 1720 1059 1774 hominem
1095 1717 1297 1772 factum
1342 1724 1462 1783 est,
1517 1734 1621 1772 non
1673 1717 1836 1772 homo
1883 1724 2104 1787 propter

511 1809 807 1865 Sabbatum
856 1809 1052 1879 (Marc.
1090 1825 1164 1875 Il,
1207 1808 1322 1877 Ξῖ),
1372 1807 1517 1863 ιιιιΙΙο
1560 1806 1806 1862 convivio
1853 1815 1948 1861 aut
1988 1805 2100 1861 otio

513 1903 816 1955 honoratur
843 1900 984 1970 apud
1014 1915 1113 1954 nos
1135 1909 1393 1969 tanquam
1426 1898 1705 1961 Dominus,
1728 1897 1822 1953 sed
1842 1905 2107 1951 oneratur

508 1992 717 2061 jejunio
767 2001 823 2047 et
866 1992 1084 2057 labore,
1116 1991 1280 2046 veluti
1326 1991 1555 2045 devotus
1597 2004 1786 2044 servus
1825 1988 2106 2042 Dominica

513 2083 793 2152 sepultura
841 2092 1159 2153 occupatus.
1228 2081 1381 2147 Mox,
1435 2082 1765 2136 succedente
1806 2079 1894 2134 die
1944 2094 2106 2149 quam

514 2173 826 2242 specialiter
852 2171 977 2225 fecit
1010 2173 1272 2226 Dominus
1294 2211 1309 2236 ,
1341 2170 1661 2227 solemniter
1687 2169 2026 2223 exsultamus
2054 2176 2109 2222 et

515 2265 783 2329 laztamur,
828 2265 951 2334 quia
990 2265 1042 2318 in
1094 2280 1158 2319 ea
1196 2263 1450 2319 Christus
1501 2279 1790 2333 resurgens
1820 2280 1849 2315 ιι
1883 2262 2110 2317 mortuis

510 2358 626 2429 jam
657 2374 763 2412 non
798 2358 1047 2423 moritur,
1082 2371 1229 2412 mors
1260 2356 1402 2411 ultra
1452 2356 1529 2411 illi
1577 2372 1681 2411 non
1716 2355 2105 2411 dominabitur.

518 2449 621 2516 Qui
669 2449 834 2502 etiam
884 2462 982 2517 pro
1045 2447 1291 2502 custodia
1349 2445 1570 2501 Sabhati
1617 2460 1723 2500 non
1777 2446 2030 2503 timemus
2078 2460 2107 2498 a

517 2539 735 2596 Christo
763 2539 936 2592 notari
968 2538 1276 2609 hypocrisi,
1303 2537 1559 2607 quoniam
1590 2538 1642 2591 in
1670 2551 1735 2591 eo
1762 2552 1866 2589 non
1899 2544 2108 2590 tantum

520 2647 738 2686 manum
762 2631 991 2696 aridam,
1021 2631 1112 2685 sed
1138 2638 1193 2685 et
1225 2638 1393 2683 totum
1422 2643 1621 2697 corpus
1648 2630 1947 2683 curandum
1979 2625 2109 2682 olfe-

519 2720 693 2776 ritnus
722 2721 832 2775 Deo
860 2730 913 2774 et
937 2719 1186 2775 medicis.
1222 2718 1328 2773 Nec
1353 2726 1560 2772 tantum
1593 2719 1782 2773 bovem
1808 2727 1862 2773 et
1894 2720 2108 2773 asinum

514 2812 780 2869 solvimus
825 2827 855 2865 a
916 2811 1219 2881 prmscpio,
1266 2817 1320 2866 et
1365 2810 1615 2865 dueinms
1663 2809 1965 2878 adaqnare,
2015 2811 2110 2865 sed

518 2903 684 2958 etiam
714 2916 893 2957 arare.
926 2901 1029 2956 Ast
1064 2915 1162 2957 vos
1206 2900 1451 2956 volentes
1493 2914 1615 2955 esse
1659 2899 1792 2971 legis
1836 2890 2121 2966 doctores,

518 3010 624 3050 nec
655 2994 1021 3065 intelligentes
1068 3009 1192 3062 quae
1235 2992 1521 3063 loquimini
1571 3006 1747 3060 neque
1799 2993 1866 3046 de
1913 2991 2110 3061 quibus

518 3085 839 3153 afﬁrmatis,
869 3087 1226 3141 assertionem
1253 3093 1447 3142 vestrae
1477 3083 1749 3156 opinionis
1782 3083 1862 3139 sic
1893 3084 2111 3141 conclu-

519 3179 706 3236 sistis;

592 3270 797 3325 XLVII.
837 3269 1529 3327 Coxsnurmorou'mws.
1576 3268 1647 3323 Et
1680 3266 1802 3324 ideo
1845 3268 1936 3337 qui
1968 3267 2109 3323 Sab-

519 3363 648 3418 hata
698 3379 820 3417 cum
873 3363 1079 3434 azymis
1131 3361 1481 3427 custodiunt,
1531 3375 1707 3430 neque
1751 3358 1921 3414 Judzei
1951 3368 2109 3425 sunt,

521 3470 702 3525 neque
726 3455 1018 3509 Christiani
1048 3463 1195 3519 sunt,
1222 3454 1317 3509 sed
1349 3472 1368 3505 ι
1399 3452 1606 3508 similes
1631 3459 1759 3506 sunt
1787 3451 2063 3522 leopardo,
2086 3470 2104 3502 ι

524 3546 665 3600 sicut
695 3560 920 3617 magnus
945 3545 1077 3599 dicit
1107 3543 1364 3613 Basilius,
1400 3561 1419 3596 ι
1453 3542 1608 3612 cujus
1635 3542 1818 3614 capilli
1849 3559 1948 3598 nec
1972 3542 2109 3614 nigri

524 3644 681 3699 sunt,
712 3650 808 3689 nec
845 3634 950 3689 albi
977 3635 1222 3690 omnino.
1259 3653 1277 3686 ι

595 3724 823 3781 XLVIII.
867 3726 1145 3781 Romans.
1188 3726 1233 3782 0
1267 3725 1537 3780 mirabilis
1579 3725 1894 3781 Graecorum
1938 3724 2114 3796 philo-

525 3818 740 3884 sophia!
772 3833 805 3873 o
829 3835 919 3873 ars
949 3818 1203 3889 Pelasga!
1251 3832 1285 3873 o
1326 3817 1678 3873 Atheniensis
1705 3826 1762 3873 et
1788 3817 2112 3873 Academica

524 3911 884 3981 perspicacia!
925 3910 1074 3966 Unde
1122 3910 1213 3965 tibi
1248 3918 1434 3966 tantus
1475 3921 1660 3980 stupor
1703 3918 1760 3965 et
1798 3910 2006 3982 vertigo
2030 3927 2116 3967 re-

526 4002 784 4070 pentina?
818 4001 957 4056 Vere
1003 4001 1202 4071 triplici
1235 4000 1362 4056 fune
1407 4001 1589 4073 lingua
1625 4012 1714 4056 tua
1747 3996 2005 4057 divinitus
2033 4011 2118 4058 est

526 4094 712 4163 ligata.
738 4094 871 4148 Nam
902 4093 1076 4149 Grteci
1110 4094 1434 4165 sapientiam
1464 4104 1744 4163 (ιιιιιξι-ιιιιι,
1780 4110 1942 4163 quam
1987 4095 2116 4150 sim-

528 4184 653 4255 plex
680 4185 991 4254 praedicatio
1014 4185 1338 4241 Christianum
1365 4186 1484 4241 lidei
1509 4188 1726 4241 stultam
1753 4186 1950 4253 effecit,
1978 4189 2118 4244 sicut

529 4274 791 4329 Dominus
822 4276 1131 4344 repromisit
1161 4291 1175 4327 :
1210 4294 1227 4326 ι
1266 4275 1497 4331 Perdam
1529 4279 1854 4347 sapientiam
1893 4281 2115 4350 sapien-

533 4366 702 4432 tittm,
747 4374 802 4420 et
852 4366 1191 4436 prudentiam
1235 4369 1582 4436 prudentium
1639 4372 1962 4438 reprobabo.
2018 4370 2119 4427 Ubi

533 4456 787 4525 sapiens?
819 4456 906 4510 ubi
936 4456 1152 4511 scriba?
1198 4457 1289 4512 ubi
1327 4459 1667 4528 conquisitor
1693 4458 1853 4528 hujus
1901 4462 2119 4517 surculi?

2204 536 2353 575 I‘IVIIS
2392 519 2479 575 ille
2508 520 2749 575 cmlestis
2776 520 2931 575 Iactis
2960 521 3149 575 :eterni
3183 520 3379 586 mellis,
3415 520 3713 576 Romanam
3738 531 3794 575 et

2202 609 2606 667 Occidentalem
2638 612 2942 667 Ecclesiam
2974 628 3174 667 vocans
3200 612 3497 681 dominam,
3536 623 3593 669 et
3631 613 3792 669 obsc-

2202 718 2362 757 crans
2387 718 2705 757 succurrere
2751 701 3037 772 perditioni
3086 700 3341 757 Orientis.
3395 701 3577 763 Nunc,
3623 703 3790 772 gratis

2201 796 2518 850 subvertere
2547 793 2796 848 Latinam
2828 793 3129 847 Ecclesium
3166 786 3477 860 molientes,
3506 788 3790 847 armamini

2202 894 2391 941 contra
2423 900 2522 939 nos
2544 884 2701 954 quasi
2734 883 2913 939 Basilii
2944 884 3233 950 sententia,
3260 900 3380 953 qua:
3411 884 3580 939 multo
3603 899 3791 938 vecor-

2202 976 2325 1029 dior
2353 974 2630 1029 invenitur
2658 974 2747 1029 illa
2772 974 2998 1030 ridicula
3023 975 3245 1029 Tiresia:
3271 975 3552 1045 pr0phctia
3587 992 3599 1027 :
3628 972 3795 1039 Quid-

2200 1068 2329 1138 quid
2359 1067 2567 1131 dicam,
2602 1076 2694 1121 aut
2724 1052 2856 1131 erit,
2889 1078 2980 1121 aut
3011 1083 3133 1121 non.
3165 1065 3373 1138 Nempe
3422 1067 3617 1122 accidit
3646 1066 3795 1121 vobis

2202 1159 2331 1215 illud
2356 1160 2578 1228 satyriei
2612 1158 2959 1229 proverbium
2991 1176 3005 1213 :

2328 1270 2609 1322 Parturiuut
2628 1277 2855 1334 montes,
2883 1276 3114 1322 nascetur
3146 1271 3380 1321 ridiculus
3404 1285 3523 1320 mus.

2943 1352 3101 1422 (lion.
3132 1351 3208 1406 De
3238 1361 3352 1407 arte
3373 1364 3535 1422 poel.,
3569 1353 3715 1422 I59.)

2201 1462 2375 1532 Atque
2401 1462 2606 1517 utinam
2641 1462 2985 1526 tacuissetis,
3020 1471 3078 1516 ιιι
3106 1462 3432 1531 putaremini
3483 1464 3796 1534 sapientes,

2202 1569 2300 1609 ceu
2334 1552 2613 1623 Sapientia
2659 1552 2838 1606 dicit:
2874 1572 2891 1603 ι
2937 1551 3163 1614 Stultus,
3209 1553 3252 1607 si
3300 1554 3801 1622 tacuerit,sapiens

2204 1644 2501 1715 putabitur.
2526 1665 2543 1696 ι
2572 1643 2728 1698 Modo
2756 1652 2936 1697 autem
2966 1643 3193 1697 stultitia
3217 1653 3395 1698 vestra
3411 1645 3659 1701 omnibus
3672 1654 3799 1700 nota

2206 1744 2309 1790 est.
2344 1734 2485 1791 Ilinc
2518 1720 2722 1803 reliqua
2757 1734 3170 1804 perspiciamus.

2135 1814 2176 1871 Β
2274 1825 2458 1881 XLIX.
2519 1826 3218 1881 Coxsrasrtaorouraxus.
3279 1824 3562 1892 Quomodo
3614 1836 3796 1882 autem

2205 1930 2260 1973 ct
2302 1917 2565 1974 sul‘l‘ocata
2616 1918 2668 1973 hi
2723 1919 2855 1972 tales
2902 1918 3193 1974 comedunt
3237 1918 3289 1973 in
3339 1920 3538 1988 quibus
3584 1920 3804 1990 sanguis

2209 2010 2470 2065 tenetur?
2522 2018 2616 2064 aut
2668 2009 2893 2065 nescitis
2941 2018 3000 2064 ιιι
3049 2010 3227 2064 omnis
3278 2010 3529 2063 animalis
3581 2011 3806 2080 sanguis

2206 2101 2388 2154 anima
2439 2100 2607 2172 ipsius
2654 2100 2761 2165 sit,
2805 2109 2859 2154 et
2907 2099 2997 2169 qui
3046 2100 3406 2155 comedererit
3452 2101 3803 2169 sanguinem,

2212 2198 2452 2250 animam
2484 2194 2777 2250 comedet?
2807 2195 2873 2248 Et
2911 2194 3144 2261 ideirco,
3184 2193 3483 2248 secundum
3521 2195 3666 2259 haec,
3703 2208 3804 2248 nec

2208 2285 2437 2356 gentiles
2472 2300 2539 2340 ex
2584 2295 2696 2340 toto
2732 2296 2900 2351 sunt;
2940 2284 3010 2340 illi
3046 2286 3336 2352 occidunt,
3379 2296 3473 2341 aut
3517 2285 3805 2357 plagantes

2210 2377 2523 2432 comedunt.

2279 2467 2342 2524 L.
2383 2467 2661 2524 Ronaxus.
2701 2467 2810 2523 Cur
2848 2483 2915 2521 ex
2951 2466 3067 2538 lege
3116 2466 3292 2532 istud,
3351 2466 3647 2522 secundum
3699 2481 3797 2520 vos

2219 2576 2315 2629 per
2347 2559 2620 2615 Christum
2656 2558 2937 2614 maledicta
2973 2568 3029 2614 et
3058 2559 3337 2624 derelicta,
3358 2560 3667 2614 mandatum
3699 2573 3798 2612 no-

2210 2653 2292 2707 bis
2325 2652 2638 2721 opponitis?
2678 2650 2931 2722 Nunquid
2986 2650 3137 2708 vobis
3185 2654 3313 2707 solis
3362 2653 3491 2708 licet
3538 2651 3803 2722 quidquid

2210 2744 2375 2808 libet,
2415 2752 2473 2798 ut
2512 2744 2672 2798 modo
2709 2744 2777 2798 ad
2820 2744 2953 2815 legis
2993 2744 3357 2815 patrocinium
3401 2743 3676 2804 humiliter
3715 2758 3802 2797 re~

2212 2837 2481 2903 curratis,
2518 2848 2570 2891 et
2602 2837 2763 2893 modo
2802 2838 2871 2893 ab
2904 2853 2967 2892 ea
3008 2839 3240 2908 superbe
3282 2846 3540 2908 tanquam
3579 2839 3807 2893 anathe-

2210 2926 2468 2981 matizata
2502 2926 2803 2983 resiliatis?
2832 2927 3025 2984 Nonne
3053 2938 3214 2984 vetus
3246 2928 3364 2996 lex,
3395 2938 3451 2984 et
3472 2944 3588 2983 ,non
3624 2928 3806 2983 Evan-

2210 3017 2441 3089 gelium,
2482 3016 2760 3073 interdicit
2797 3027 2857 3071 nt
2898 3033 3059 3073 omne
3090 3017 3413 3074 sull‘ocalum
3443 3027 3499 3073 et
3526 3028 3742 3089 captum
3774 3033 3807 3070 a

2213 3100 2386 3164 bestia
2419 3124 2526 3163 non
2558 3109 2926 3164 comedatur?
2961 3129 2978 3161 ι
3009 3108 3145 3177 Quia
3178 3110 3357 3164 anima
3387 3110 3566 3164 omnis
3595 3110 3807 3163 anima-

2137 3182 2183 3245 (ἶ
2215 3199 2281 3254 lis
2309 3199 2362 3253 in
2396 3199 2658 3270 sanguine
2690 3208 2774 3254 est
2803 3197 2958 3269 (Leu.
2989 3215 3135 3265 xvu,
3166 3199 3224 3253 II
3248 3198 3291 3269 ).
3326 3218 3345 3253 ι
3372 3196 3597 3254 Constat
3622 3199 3809 3268 utique

2215 3289 2321 3344 boc
2354 3288 2670 3343 mandatum
2702 3303 2769 3343 ex
2810 3287 2915 3342 illis
2951 3302 3073 3344 esse
3107 3303 3228 3359 quae
3266 3289 3471 3343 carnali
3506 3287 3706 3359 popqu
3738 3286 3808 3340 ad

2213 3378 2642 3449 qualemcunque
2669 3379 2991 3434 munditiam
3022 3393 3116 3434 seu
3140 3380 3408 3450 justitiam
3439 3378 3621 3434 carnis
3646 3421 3662 3448 ,
3692 3394 3802 3433 non

2212 3471 2280 3525 ad
2308 3470 2542 3540 aliquam
2571 3473 2917 3547 sanetitatem
2945 3472 3142 3527 mentis
3173 3473 3296 3526 data
3323 3481 3446 3527 sunt
3478 3473 3545 3527 ad
3573 3480 3805 3541 tempus.

2216 3560 2310 3614 Est
2332 3561 2477 3615 enim
2502 3562 2568 3616 de
2597 3561 2719 3615 cibo
2747 3579 2759 3614 :
2789 3562 2931 3617 unde
2955 3560 3246 3633 Apostolus
3274 3563 3405 3617 dicit
3433 3581 3447 3617 :
3476 3586 3492 3615 ι
3514 3562 3682 3618 Nemo
3713 3577 3810 3617 vos

2206 3653 2414 3723 judicet
2445 3656 2497 3710 in
2527 3656 2648 3710 cibo
2676 3660 2694 3726 (
2719 3653 2833 3711 Col.
2865 3673 2934 3719 ιι.
2966 3658 3033 3711 I6
3054 3657 3094 3728 ).
3127 3677 3146 3711 ι
3173 3657 3251 3712 Ac
3282 3658 3326 3713 si
3356 3666 3539 3728 aperte
3568 3658 3804 3711 diceret:

2214 3745 2385 3800 Nemo
2422 3761 2517 3801 vos
2554 3745 2700 3802 velut
2743 3745 2958 3803 Judzeos
2989 3748 3264 3804 discernat
3293 3748 3361 3804 ab
3396 3749 3478 3803 his
3507 3749 3646 3803 inter
3674 3764 3809 3817 quos

2217 3838 2508 3903 habitatis,
2541 3838 2593 3893 in
2622 3837 2921 3894 diﬂerentia
2955 3840 3160 3895 scilicet
3190 3840 3469 3900 ciborum,
3500 3849 3557 3895 et
3593 3840 3642 3893 in
3682 3839 3810 3893 reli-

2221 3929 2345 3997 quis
2384 3944 2503 3998 quae
2536 3928 2675 3983 idem
2705 3924 3006 4000 Apostolus
3048 3930 3262 3999 adjecit.
3293 3932 3444 3999 Quod
3473 3940 3654 3985 autem
3686 3930 3807 3994 hic,

2207 4019 2486 4090 judicare,
2516 4021 2714 4076 dixerit
2735 4022 3075 4088 discernere,
3100 4026 3153 4079 in
3182 4024 3417 4095 Epistola
3446 4024 3510 4078 ad
3539 4023 3809 4077 [tertianos

2220 4113 2419 4182 liquet,
2460 4114 2546 4169 ubi
2588 4115 2656 4170 de
2695 4115 2910 4172 diverso
2939 4117 3144 4187 jejunio
3180 4118 3538 4188 quorumdam
3575 4117 3806 4187 loquens

2222 4202 2344 4257 ait:
2376 4221 2395 4254 ι
2422 4202 2579 4257 Alius
2610 4204 2819 4274 judicat
2857 4206 2997 4260 dicm
3037 4207 3181 4262 inter
3218 4208 3396 4271 diem,
3433 4207 3571 4263 alius
3599 4206 3809 4277 judicat

2216 4310 2430 4349 oxnnem
2461 4296 2602 4358 diem
2633 4295 2809 4365 (Rom.
2844 4314 2951 4363 xxv,
2980 4298 3056 4369 5).
3083 4318 3100 4351 ι
3126 4299 3484 4370 Quapropter,
3515 4301 3809 4355 sicutidem

2219 4386 2335 4441 ait:
2365 4406 2383 4437 ι
2405 4385 2557 4440 Alius
2588 4388 2759 4442 credit
2790 4403 2848 4443 se
2876 4390 3208 4447 manducare
3237 4392 3415 4447 omnia
3444 4392 3635 4464 (Ibid..
3665 4392 3699 4445 2
3721 4394 3761 4459 ).
3785 4412 3804 4445 ο

2225 4477 2275 4531 Is
2321 4478 2409 4547 qui
2459 4493 2567 4533 non
2610 4480 2901 4536 manducat
2944 4484 3226 4552 qu;edam,
3267 4484 3563 4538 observans
3600 4500 3808 4538 morem

534 4563 712 4647 nonne
736 4548 955 4647 stultam
987 4548 1115 4604 fecit
1144 4550 1284 4605 Deus
1311 4552 1629 4620 sapientiam
1662 4554 1820 4621 hujus
1846 4556 2065 4610 saeculi?
2102 4576 2120 4609 ι
2155 4551 2204 4611 Ι)
2230 4582 2340 4621 sua:
2363 4568 2552 4637 patria:
2579 4577 2633 4624 et
2659 4548 2980 4640 provincia),
3011 4588 3063 4629 et
3091 4548 3355 4645 praecepta
3385 4576 3644 4647 majorum
3682 4591 3811 4630 suo-

536 4638 587 4710 (1
619 4639 739 4694 (ἔον.
780 4656 827 4705 ι,
879 4639 995 4711 ‘20.)
1049 4640 1166 4709 Qua
1219 4642 1446 4697 stultitia
1487 4657 1584 4697 vos
1626 4645 1844 4713 repleti,
1895 4660 1997 4702 nec
2039 4663 2127 4702 sco

536 4732 773 4787 eundum
843 4733 1055 4788 divinas
1106 4735 1331 4806 paginas
1400 4736 1724 4792 delinivistis
1781 4738 2019 4808 aliquid,
2072 4749 2129 4795 et

537 4838 790 4891 magnum
844 4825 1100 4880 Basiliunt
1153 4828 1449 4882 secundum
1500 4828 1765 4885 humanas
1811 4834 2127 4891 monstratis

536 4912 846 4970 deﬁnivisse
870 4916 1024 4971 nihil.
1043 4916 1415 4973 Falsissimum
1436 4921 1579 4975 enim
1602 4929 1763 4976 estut
1784 4923 1873 4992 qui
1891 4922 2125 4980 Sabbata

537 5017 595 5062 et
618 5024 808 5081 azyma
833 5013 1178 5077 custodiunt,
1208 5028 1308 5069 nec
1336 5012 1507 5070 Judaei
1538 5030 1636 5071 nec
1667 5016 1963 5074 Christiani
1992 5020 2121 5075 sint.

539 5100 677 5167 Quia
724 5104 1006 5160 verissime
1033 5105 1203 5161 Judzei
1252 5116 1377 5162 sunt
1420 5108 1511 5178 qui
1552 5107 1788 5165 Sabbata
1831 5120 1886 5166 et
1933 5127 2124 5183 azyma

541 5191 852 5246 custodiunt
896 5196 1206 5253 carnaliter.
1238 5197 1344 5255 Sed
1378 5211 1432 5255 et
1474 5201 1601 5256 illttd
1649 5202 1703 5256 in
1733 5202 1997 5259 inﬁnitam
2027 5206 2127 5260 (ιιι-

542 5279 800 5334 bietatcm
834 5284 1059 5351 recidit,
1108 5302 1207 5341 nec
1238 5289 1348 5343 ullo
1379 5291 1538 5345 modo
1568 5307 1906 5363 consequens
1934 5295 2035 5350 erit
2069 5305 2128 5349 ut

2229 4673 2390 4726 rum,
2434 4661 2847 4718 manducantem
2888 4680 2994 4719 non
3023 4664 3250 4734 judicet.
3290 4667 3369 4723 Ttt
3406 4670 3550 4722 enim
3586 4668 3676 4737 qui
3714 4684 3809 4731 es.

2229 4752 2322 4821 qui
2348 4749 2562 4821 jndicas
2589 4755 2826 4811 alienum
2860 4772 3076 4813 servum
3097 4801 3113 4823 ,
3144 4761 3238 4832 qui
3270 4762 3416 4817 salva
3450 4762 3555 4819 ﬁde
3588 4772 3644 4817 et
3679 4778 3814 4833 pura

2228 4848 2561 4902 conscientia
2597 4851 2833 4905 comedit
2870 4852 3129 4923 quidquid
3165 4872 3193 4909 a
3237 4854 3533 4925 majoribus
3571 4871 3684 4911 sms
3720 4872 3817 4912 co-

2231 4937 2552 4991 medendum
2607 4939 2858 5009 accepit?
2906 4950 2965 4996 ut
2997 4945 3140 4998 enim
3187 4944 3447 5001 Dominus
3493 4948 3611 5001 ait:
3643 4965 3661 4998 t
3694 4946 3814 5002 Non

2226 5029 2370 5097 quod
2411 5028 2461 5082 in
2494 5045 2555 5084 os
2591 5029 2756 5085 intrat
2792 5031 3107 5102 coinquinat
3143 5036 3413 5092 hominem
3455 5036 3690 5107 (Matth.
3720 5056 3813 5102 xv,

2229 5117 2291 5170 II
2322 5115 2364 5187 ).
2396 5136 2415 5169 ι
2456 5117 2521 5172 Ει
2568 5120 2863 5175 secundum
2912 5122 3270 5193 Apostolum:
3324 5147 3343 5180 ι
3374 5127 3564 5184 Omnia
3616 5131 3815 5185 munda

2230 5206 2467 5261 mundis.
2502 5206 2879 5279 Coinquinatis
2914 5225 3093 5267 autem
3131 5223 3184 5268 et
3224 5216 3527 5272 inﬁdelibus
3559 5220 3691 5274 nihil
3733 5235 3819 5276 est

2230 5298 2525 5364 mundum,
2562 5300 2654 5353 sed
2694 5301 2984 5371 inquinata:
3023 5314 3146 5358 sunt
3180 5321 3367 5361 eorum
3407 5323 3557 5363 mens
3598 5320 3653 5364 et
3686 5328 3823 5365 con-
