4124 5374
324 294 429 351 665

1311 282 1681 351 sbvsnsus
1715 289 2128 348 GRAECORL‘M
2164 275 2585 345 CALUMNIAS.

3482 284 3590 345 966

325 417 612 481 damnatus
636 411 762 473 est:
795 404 920 471 quia
949 415 1060 468 litin
1092 427 1157 469 ex
1191 411 1294 467 ﬁde
1322 425 1337 465 :
1361 425 1524 467 omne
1553 418 1733 465 autem
1766 409 1909 478 quod
1937 413 1982 470 Α
2012 420 2184 475 usque
2227 421 2370 460 nunc
2400 406 2641 460 ursinam
2672 402 2929 458 alienant.
2962 402 3029 458 Et
3055 410 3201 459 certe
3225 402 3270 457 si
3298 402 3591 460 humanum

324 530 433 569 non
478 520 562 566 est
607 525 674 563 ex
725 512 860 574 nde,
906 515 1188 576 peccatum
1233 513 1317 558 est
1346 503 1365 574 (
1392 503 1555 566 Ibid.,
1584 502 1718 573 25).
1753 520 1771 552 ι
1803 499 1910 554 Sed

328 604 575 676 quamvis
630 601 808 656 omnia
868 598 1068 652 munda
1124 604 1282 658 sunt,
1336 603 1551 659 tamen,
1611 593 1909 648 secundum

327 697 578 753 cunnlem
628 691 945 763 Apostolum
976 707 988 743 ε
1022 709 1039 740 ι
1072 689 1269 743 Malum
1300 696 1383 743 est
1413 687 1648 750 homini,
1690 686 1778 756 qui
1820 700 1916 755 per

335 786 721 844 oﬂ'endiculnm
762 784 1052 838 manducat
1096 781 1295 849 aliquid
1328 778 1509 848 (Ibid.
1536 818 1551 842 ,
1585 777 1736 848 20)»
1771 778 1914 846 quod

326 879 497 934 frater
546 876 773 930 modicae
812 872 934 927 ﬁdei
964 881 1017 926 et
1046 872 1221 926 adlmc
1249 869 1496 924 inﬁrmus
1526 868 1578 922 in
1611 868 1715 922 ﬁde
1743 868 1918 922 credit

326 966 669 1022 iunnundum
701 973 754 1017 et
783 972 1005 1033 propter
1055 962 1155 1015 hoc
1209 976 1313 1014 non
1363 959 1776 1013 comedendum.
1819 958 1918 1014 Cui

325 1057 758 1112 condescendere
791 1053 1049 1108 debemus
1081 1052 1132 1105 in
1165 1050 1492 1105 abstinentia
1525 1064 1772 1104 escarum
1818 1048 1918 1102 hu-

319 1146 557 1217 jusmodi
582 1185 597 1211 ,
626 1153 683 1198 ut
711 1143 982 1215 possimus
1012 1157 1134 1195 eum
1163 1140 1391 1196 Domino
1424 1139 1623 1194 lucrari
1650 1155 1664 1190 :
1698 1154 1765 1193 ne
1794 1137 1888 1194 rel't

331 1238 548 1308 gionem
579 1235 940 1290 Christianam
970 1248 1066 1302 pro
1095 1231 1271 1301 aliqua
1301 1246 1423 1285 esca
1455 1230 1681 1300 incipiat
1709 1230 1918 1283 abomi-

326 1330 479 1392 nari,
506 1336 561 1382 et
584 1328 704 1381 cibo
728 1335 912 1381 nostro
936 1327 1195 1397 perdatur
1220 1323 1406 1390 frater,
1421 1339 1519 1395 pro
1540 1338 1646 1393 quo
1666 1323 1918 1378 Christus

337 1427 588 1472 mortuus
619 1425 721 1471 est.

401 1508 490 1563 ιι.
541 1508 650 1563 Nos
686 1522 816 1578 ergo
856 1506 1106 1576 quamvis
1148 1522 1179 1562 a
1220 1506 1450 1562 Domino
1478 1514 1527 1560 et
1559 1506 1628 1560 ab
1659 1503 1918 1575 apostolis

328 1598 606 1652 licentiam
639 1599 935 1653 habeamus
976 1597 1307 1652 manducare
1331 1597 1511 1652 omnia
1543 1610 1662 1665 qua:
1695 1612 1793 1651 nec
1823 1611 1919 1649 no-

330 1701 463 1745 strue
492 1704 591 1744 nec
625 1689 878 1744 fraternae
920 1689 1077 1744 saluti
1109 1683 1350 1744 oﬁiciuiit
1371 1729 1385 1755 ,
1417 1687 1807 1743 consuetudine
1835 1696 1908 1741 ιον

2015 510 2183 564 super
2235 495 2319 550 bis
2368 493 2716 566 interrogetis
2758 493 3055 563 judicium,
3109 496 3441 551 immundior
3489 497 3598 552 erit

2013 600 2210 654 porcus
2252 586 2566 656 reptilibns,
2612 587 2860 642 sordibus
2900 595 3063 656 atque
3103 588 3311 659 reliquo
3356 604 3456 646 suo
3496 606 3594 661 pa-

2017 677 2163 732 bule.
2196 677 2302 732 Sed
2332 679 2446 732 sive
2475 694 2599 738 nos.
2632 678 2748 733 sive
2778 693 2872 734 vos
2891 719 2906 745 ,
2935 680 3079 749 quod
3106 688 3139 734 a
3171 681 3467 749 majoribus
3494 700 3594 739 no-

2015 768 2142 822 stris
2186 770 2492 839 accepimus
2545 777 2641 824 aut
2664 785 2761 825 usu
2795 780 3039 827 tenemus
3066 774 3488 844 comedendum,
3520 778 3601 834 sic

2014 858 2401 927 observemus,
2445 871 2505 916 ut
2544 862 2590 916 is
2631 862 2721 931 qui
2764 878 2871 918 non
2910 864 3231 929 manducat,
3277 870 3603 924 manducan-

2017 963 2126 1008 tem
2183 968 2289 1007 uon
2342 963 2603 1024 spernat:
2635 963 2691 1010 et
2719 955 2810 1026 qui
2851 954 3180 1024 manducat,
3225 973 3335 1015 non
3375 963 3603 1017 mandit-

2022 1052 2234 1100 cantem
2266 1060 2372 1099 non
2399 1044 2627 1113 judicet.

2089 1137 2197 1191 ιιι.
2254 1136 2609 1192 Considerate
2655 1146 2833 1193 tamen
2884 1140 2950 1193 ad
3005 1151 3261 1209 quantam
3314 1142 3601 1199 stultitiam

2018 1228 2271 1283 devoluta
2302 1229 2372 1283 sit
2399 1239 2577 1284 vestra
2608 1230 2877 1301 scriptura
2910 1244 2965 1287 et
2991 1233 3257 1303 sapientia
3283 1276 3297 1301 ,
3326 1251 3447 1306 quae
3480 1253 3603 1293 cum

2019 1320 2087 1375 ab
2115 1321 2426 1376 hominibus
2454 1322 2742 1392 exquirere
2769 1324 2990 1379 deberet
3017 1324 3176 1380 ﬁnem
3212 1335 3603 1398 przeceptorum

2021 1408 2148 1476 Dei,
2185 1412 2237 1466 id
2267 1422 2350 1467 est
2379 1412 2701 1467 cbaritatem
2736 1414 2802 1468 de
2828 1416 2988 1468 corde
3017 1430 3155 1484 puro
3183 1426 3238 1471 et
3266 1420 3601 1476 conscientia

2018 1499 2156 1555 bona
2181 1510 2235 1556 et
2260 1502 2363 1556 fide
2393 1518 2498 1557 non
2531 1503 2655 1557 ﬁcta
2684 1521 2696 1557 :
2730 1505 2833 1559 hoc
2864 1506 3038 1559 solum
3069 1508 3465 1577 exquirendum
3496 1528 3601 1581 pu-

2022 1598 2130 1655 tat,
2163 1607 2231 1645 an
2261 1591 2558 1662 aliquando
2588 1594 2926 1649 comederint
2953 1610 3171 1651 carnem
3210 1597 3476 1653 ursinam.
3505 1600 3610 1655 Cu-

2013 1678 2105 1747 jus
2159 1696 2313 1735 usum
2364 1684 2613 1753 quamvis
2661 1698 2768 1737 non
2816 1684 3145 1749 admittatis,
3198 1687 3611 1743 admittentibus

325 1796 454 1835 men
480 1779 879 1849 provinciarum
909 1788 962 1833 et
990 1780 1275 1849 pneceptis
1303 1777 1566 1847 majorum
1600 1788 1911 1832 nostrorum
1950 1761 1995 1822 Β
2026 1779 2204 1825 tamen
2252 1785 2350 1840 pro
2375 1772 2603 1827 crimine
2650 1783 2904 1843 reputare
2955 1792 3066 1835 non
3111 1777 3357 1844 debetis;
3410 1780 3610 1850 quibus

328 1872 595 1925 hactenus
644 1870 878 1933 detenti,
928 1870 1230 1924 devitamus
1284 1871 1572 1925 comedere
1622 1869 1875 1924 nonnulla
1904 1910 1918 1934 ,

326 1979 441 2019 non
485 1964 612 2032 quia
659 1962 797 2016 mala
843 1970 936 2015 aut
989 1962 1264 2016 immunda
1314 1972 1472 2029 sunt,
1518 1964 1611 2018 sed
1659 1963 1784 2032 quia
1829 1970 1923 2017 aut

327 2053 495 2106 nobis
520 2052 699 2121 aliquo
728 2052 885 2107 modo
936 2068 1040 2106 non
1087 2052 1407 2123 expediunt,
1438 2063 1531 2107 aut
1556 2054 1714 2124 longo
1740 2069 1838 2107 usu
1868 2053 1920 2107 in

288 2122 293 2127 ⁷
330 2151 590 2197 naturam
634 2142 748 2211 jam
795 2158 951 2197 verso
1005 2142 1250 2197 horrent.
1289 2143 1477 2198 Nonne
1511 2145 1675 2197 draco
1712 2142 1922 2212 populis

329 2233 650 2304 Etlxiopum
689 2235 739 2288 in
770 2250 893 2289 esca
926 2234 1086 2289 datus
1114 2233 1361 2288 dicitur?
1404 2235 1470 2288 Et
1515 2235 1785 2289 nonnulla:
1825 2249 1921 2288 na-

332 2328 510 2382 tiones
538 2328 859 2396 quibusdam
891 2340 1188 2382 vescuntur
1218 2344 1340 2398 qnze
1369 2329 1490 2382 alia:
1530 2330 1748 2397 penitus
1793 2328 1922 2383 abo-

330 2417 633 2471 minantur.
676 2416 785 2472 Cur
826 2418 957 2482 hoc,
1002 2418 1103 2473 nisi
1148 2421 1272 2488 quia
1318 2435 1653 2489 nuaqumqne
1693 2434 1826 2489 gens
1867 2421 1920 2473 in

331 2521 435 2559 suo
464 2520 625 2560 sensu
657 2505 967 2572 abundans,
995 2509 1238 2576 quzedam
1268 2510 1367 2563 sibi
1418 2510 1748 2578 assumpsit,
1777 2526 1923 2578 qtae-

331 2592 458 2646 dam
506 2592 738 2661 rejecit?
788 2593 943 2648 Unde
992 2610 1091 2649 nos
1144 2611 1358 2664 quoque
1407 2597 1612 2666 absque
1652 2597 1823 2667 culpis
1870 2599 1923 2652 in

332 2682 595 2735 antidotis
638 2682 865 2751 plurima
911 2684 1238 2754 percipimus
1282 2700 1402 2754 qua:
1441 2701 1508 2739 ex
1543 2686 1885 2755 serpentibus
1909 2727 1924 2753 ,

331 2783 389 2826 et
420 2787 483 2826 ex
512 2772 632 2827 aliis
674 2789 795 2842 quae
836 2789 1184 2827 exsecramur
1225 2775 1619 2842 animantibus,
1653 2784 1926 2846 assumpta

329 2877 455 2918 esse
480 2879 584 2919 non
609 2865 933 2920 dubitamus.
965 2865 1114 2933 Quod
1138 2855 1266 2936 ergo
1293 2868 1507 2921 inﬁrmo
1535 2867 1927 2939 qualiscunque

332 2954 611 3008 medicina
642 2995 655 3018 ,
709 2955 813 3009 hoc
860 2954 1005 3010 fame
1051 2958 1294 3026 pereuuti
1343 2958 1733 3028 qualiscunque
1779 2974 1925 3017 esca.

328 3042 404 3098 Et
434 3044 575 3099 sicut
606 3046 1000 3101 ahominandus
1033 3047 1279 3102 intirmus
1309 3065 1414 3103 non
1444 3059 1549 3114 est,
1573 3050 1929 3106 artiﬁcialiter

2024 1861 2333 1931 evangelica
2382 1871 2438 1918 et
2485 1863 2780 1933 apostolica
2827 1868 3125 1923 auctoritas
3172 1870 3355 1924 omnia
3402 1870 3609 1926 edenda

2028 1952 2339 2007 constituit.

2104 2042 2232 2095 LIII.
2284 2041 2391 2097 Nec
2430 2043 2533 2098 hoc
2572 2044 2814 2099 dicentes
2844 2044 3165 2101 sntl‘ocatum
3199 2055 3253 2102 et
3285 2049 3606 2121 sanguinem

2028 2132 2183 2186 nobis
2230 2142 2421 2186 contra
2477 2148 2571 2186 vos
2620 2133 3079 2190 defendentibus:
3132 2136 3410 2207 antiquam
3464 2138 3611 2193 enim

2026 2222 2472 2276 consuetudinem
2500 2238 2595 2277 seu
2627 2224 2973 2278 traditionem
3006 2225 3273 2295 majorum
3302 2237 3613 2284 nostrorum

2027 2312 2317 2382 diligenter
2345 2315 2660 2377 retinentes,
2687 2332 2788 2371 nos
2814 2332 3029 2387 quoque
3062 2320 3176 2374 haec
3201 2321 3609 2389 abominamur;

2028 2405 2163 2457 adeo
2205 2416 2264 2459 nt
2302 2406 2621 2473 sanguinem
2669 2407 2749 2462 vel
2790 2423 3115 2478 quocunque
3167 2413 3479 2469 morticinio
3522 2423 3617 2468 aut

2028 2495 2185 2563 aquis
2226 2512 2320 2548 seu
2373 2511 2698 2565 quacunque
2751 2499 3077 2570 negligentia
3131 2503 3367 2558 humana
3398 2506 3616 2575 'prml‘o-

2028 2598 2187 2652 cato,
2232 2588 2373 2654 apud
2406 2603 2505 2641 nos
2550 2588 2844 2657 aliquando
2889 2595 3235 2649 vescentilns
3272 2597 3478 2666 absque
3523 2613 3618 2652 ex-

2030 2684 2206 2729 tremo
2236 2675 2479 2744 periculo
2509 2677 2633 2731 vita:
2666 2679 2853 2747 hujus,
2884 2682 3201 2749 poenitentia
3231 2685 3412 2753 gravis
3441 2686 3617 2755 impo-

2029 2774 2193 2819 natur
2224 2783 2237 2818 :
2272 2781 2373 2834 pro
2402 2781 2468 2820 eo
2498 2768 2737 2823 maxime
2765 2770 2891 2837 quia
2924 2773 3178 2841 antiquas
3202 2777 3621 2838 consuetudines

2029 2866 2084 2911 et
2114 2856 2435 2912 traditiones
2461 2857 2758 2927 majorum,
2782 2876 2902 2930 quae
2928 2878 3033 2917 non
3064 2873 3188 2918 sunt
3216 2874 3405 2921 contra
3433 2867 3618 2936 ﬁdem,

2030 2946 2178 3017 leges
2204 2949 2534 3018 apostolicas
2560 2951 2894 3007 arbitramur
2924 2972 2937 3008 :
2969 2971 3093 3010 nam
3124 2957 3192 3012 de
3221 2960 3468 3027 caneris,
3501 2977 3620 3029 qua

2032 3038 2264 3108 aucupio
2300 3049 2393 3093 aut
2422 3041 2650 3097 canibus
2680 3057 2776 3098 seu
2807 3043 3001 3115 laqueo
3032 3049 3343 3104 venantium
3377 3054 3624 3108 morione

332 3134 580 3191 refectus
620 3137 882 3207 sanguine
908 3148 962 3192 et
991 3139 1254 3194 cadavere
1285 3112 1589 3209 aliquorum
1621 3141 1923 3212 reptilium:
1955 3112 1999 3171 ρ
2030 3137 2140 3195 ll":
2172 3132 2415 3200 ΑΡοεῑοιί
2440 3144 2768 3205 prter—cptum
2800 3138 3116 3208 sequimur:
3151 3158 3169 3192 ε
3197 3141 3370 3197 Omne
3397 3146 3540 3213 quod
3568 3145 3620 3200 in

337 3230 424 3285 sic
483 3243 584 3284 nec
626 3230 770 3285 fame
814 3231 1130 3295 tabescens,
1176 3232 1219 3286 si
1265 3233 1526 3303 sanguine
1569 3240 1626 3288 et
1669 3233 1931 3289 suﬁ‘ocato

330 3321 666 3378 naturaliter
687 3330 957 3377 sustentat
977 3323 1313 3378 miserabiles
1342 3334 1512 3387 artus,
1545 3334 1739 3392 potens
1764 3326 1927 3380 etiam

328 3414 401 3469 ad
431 3414 672 3468 litteram
700 3429 822 3468 cum
850 3414 1010 3468 beato
1039 3413 1141 3468 Job
1168 3416 1349 3469 dicere
1378 3432 1390 3467 :
1425 3433 1443 3466 ι
1475 3414 1605 3482 Quae
1637 3417 1786 3485 prius
1814 3426 1929 3470 tan-

327 3520 466 3576 gere
498 3505 713 3559 nolebat
741 3506 920 3559 anima
944 3520 1082 3570 mea,
1109 3522 1252 3560 llllllC
1280 3522 1390 3576 pra:
1413 3509 1659 3578 angustia
1685 3509 1790 3563 eihi
1823 3509 1927 3563 mei

326 3604 461 3651 sunt
499 3595 649 3665 (Job,
672 3612 723 3649 vr
744 3637 758 3661 ,
781 3596 869 3666 7).
900 3617 918 3646 ι
952 3596 1142 3652 Omnis
1167 3598 1313 3651 enim
1342 3610 1595 3653 creatura
1629 3601 1721 3655 Dei
1748 3602 1888 3655 bona
1910 3642 1925 3668 ,

323 3697 380 3741 et
402 3686 549 3742 nihil
570 3686 918 3755 rejiciendum
943 3691 1085 3758 quod
1114 3704 1236 3743 cum
1260 3690 1556 3757 gratiarum
1579 3692 1790 3745 actione
1814 3708 1930 3761 per-

322 3780 538 3849 cipitur
564 3797 576 3832 :
606 3780 972 3835 sanctiﬁcatnr
995 3782 1138 3838 enim
1162 3797 1260 3851 per
1285 3783 1506 3838 verbum
1534 3785 1627 3840 Dei
1653 3794 1707 3840 et
1729 3788 1932 3842 oratio-

321 3886 481 3926 nem.
518 3870 587 3923 Et
608 3885 703 3923 vos
726 3872 1061 3942 peregrinos,
1086 3888 1286 3943 egenos
1314 3882 1368 3927 et
1401 3891 1661 3945 pauperes
1691 3878 1927 3943 Christi,

326 3977 433 4017 nec
466 3962 615 4016 inter
656 3963 886 4029 gentiles
929 3964 1255 4031 computatis
1278 4005 1292 4028 ,
1320 3966 1517 4033 quilms
1561 3967 1639 4029 ni|_
1666 3976 1749 4021 est
1776 3985 1926 4027 innu-

334 4055 493 4118 dum,
511 4054 638 4123 quia
669 4054 955 4122 aliquando
982 4055 1344 4123 qualicunque
1369 4057 1491 4111 cibo
1515 4059 1745 4111 retinent
1772 4074 1801 4111 a
1825 4060 1933 4113 Deo

330 4145 437 4200 sibi
468 4146 653 4199 datum
680 4145 962 4214 prmseutis
990 4147 1110 4199 vitae
1141 4162 1334 4200 munus
1357 4151 1381 4199 Υ
1409 4146 1589 4213 Quare
1619 4163 1722 4201 non
1750 4149 1931 4218 potius

331 4238 563 4308 signatae
592 4253 747 4292 arcas
776 4238 1013 4307 pecuniae
1043 4245 1098 4291 et
1129 4240 1501 4308 promptuaria
1528 4243 1829 4295 eructautia
1861 4258 1930 4296 ex

331 4333 439 4387 hoc
482 4333 535 4386 iu
584 4332 712 4386 illud
754 4332 1012 4401 aperitis,
1048 4339 1103 4384 et
1132 4330 1447 4402 dispergitis
1476 4335 1839 4403 pauperibus,
1874 4344 1933 4389 nt

325 4420 547 4490 justitia
577 4433 754 4476 vestra
798 4431 1014 4476 maneat
1056 4421 1109 4475 in
1146 4432 1439 4487 aeternum,
1484 4433 1539 4477 et
1571 4425 1683 4493 jam
1731 4441 1834 4479 non
1864 4427 1933 4480 sit

338 4512 423 4567 eis
470 4513 769 4567 necessitas
815 4527 1148 4582 prazsnmere
1188 4515 1368 4567 cibum
1416 4515 1738 4570 insolitum?
1781 4517 1933 4573 Nunc

335 4610 558 4663 autem,
607 4603 790 4657 usuris
831 4613 885 4657 et
924 4604 1369 4673 oppressionibus
1407 4607 1730 4663 miserorum
1777 4609 1932 4663 ditati

334 4702 394 4748 et
422 4693 584 4759 cliti,
611 4695 1021 4750 calmnniamini
1048 4736 1063 4761 ,
1101 4697 1145 4750 si
1179 4713 1342 4767 egens
1379 4701 1622 4754 omnium
1663 4710 1934 4755 SlllelliC‘

337 4793 435 4838 tur
464 4782 649 4853 aliquo
674 4788 818 4855 quod
850 4803 945 4841 vos
978 4786 1301 4857 impingnati
1331 4796 1386 4842 et
1428 4790 1689 4857 crapulati
1732 4791 1936 4843 abomi-

345 4875 606 4942 namini;
639 4893 745 4932 non
789 4879 1134 4933 attendentes
1176 4878 1462 4933 Dominum
1509 4879 1935 4935 misericordiam

346 4966 521 5025 malle
563 4984 722 5038 quam
766 4970 1119 5025 sacriﬁcium.
1164 4970 1266 5037 Qui
1307 4972 1483 5039 primo
1522 4974 1725 5030 mensis
1765 4974 1938 5028 homi-

334 5072 469 5112 num
503 5071 628 5125 p05t
670 5059 1061 5129 cataclysmnm
1092 5059 1294 5114 amovit
1322 5060 1500 5129 aliqua
1530 5064 1683 5130 quasi
1713 5063 1940 5118 immun-

338 5147 442 5209 da,
479 5161 607 5201 cum
638 5150 826 5221 utique
855 5148 1036 5202 omnia
1070 5149 1258 5205 fecerit
1291 5150 1447 5205 valde
1476 5152 1649 5219 bona,
1679 5162 1734 5209 et
1768 5153 1936 5209 ratio-

332 5238 479 5293 nalis
511 5248 774 5295 creatnra:
803 5238 995 5292 vitium
1028 5240 1398 5296 abominabile
1437 5243 1509 5297 sit
1552 5247 1691 5314 apud
1734 5244 1934 5313 Deum,

1969 4468 2015 4526 D

2035 3222 2322 3278 macellum
2382 3226 2567 3291 venit,
2608 3229 2972 3297 manducate,
3030 3231 3163 3286 nihil
3221 3233 3623 3307 interrogantes

2030 3324 2256 3384 propter
2285 3317 2676 3373 conscientiam
2707 3320 2725 3392 (
2751 3320 2780 3374 1
2809 3321 2932 3377 Car.
2968 3339 3000 3376 χ
3020 3365 3035 3389 ,
3067 3325 3202 3397 25).
3234 3347 3252 3379 ι
3289 3327 3500 3384 Domini
3537 3338 3623 3386 est

2033 3414 2180 3460 terra
2228 3416 2283 3462 et
2322 3408 2600 3479 plenitudo
2632 3410 2768 3479 ejus.
2827 3413 2980 3481 Quod
3018 3417 3182 3472 etiam
3221 3418 3274 3473 in
3311 3421 3620 3477 convivium

2032 3499 2312 3569 gentilium
2344 3502 2550 3571 vocatis
2581 3505 2853 3559 concessit
2882 3506 3066 3561 dicens
3096 3524 3110 3561 :
3140 3526 3159 3560 ‹
3198 3507 3254 3563 Si
3285 3510 3408 3579 quis
3435 3511 3624 3566 infide-

2032 3590 2161 3644 lium
2190 3602 2352 3646 vocat
2381 3604 2477 3648 vos
2508 3594 2573 3648 ad
2603 3610 2817 3651 coenam
2847 3605 2902 3652 et
2930 3598 3094 3655 vultis
3122 3601 3203 3655 ire
3232 3620 3245 3655 :
3275 3602 3447 3657 Omne
3478 3604 3623 3673 quod

2032 3683 2187 3736 vobis
2214 3685 2504 3753 apponitur
2532 3687 2878 3755 manducate,
2909 3690 3039 3745 nihil
3074 3692 3472 3765 interrogantes
3499 3709 3624 3763 pro-

2034 3784 2151 3843 pter
2177 3777 2564 3847 conscientiam
2596 3780 2613 3849 (
2632 3778 2797 3845 Ibid"
2829 3797 2976 3837 um
2998 3782 3038 3853 ).
3071 3803 3088 3835 ι
3118 3783 3378 3839 Dominus
3407 3782 3624 3855 quoque

2035 3881 2131 3933 pro
2184 3867 2435 3922 mercede
2470 3870 2922 3938 praedicatoribus
2954 3874 3068 3927 suis
3105 3876 3395 3943 providens
3429 3877 3621 3933 alimo-

2036 3958 2202 4021 niam,
2228 3959 2366 4013 dixit
2394 3960 2474 4013 eis
2503 3977 2518 4014 :
2554 3979 2572 4012 σ
2606 3962 2659 4014 lu
2693 3962 2854 4017 (lOIIIO
2886 3965 3256 4033 recipientium
3282 3982 3377 4022 vos
3407 3979 3623 4024 manete

2034 4050 2260 4103 edentes
2284 4059 2337 4104 et
2364 4051 2611 4106 bibentes
2638 4069 2758 4122 quae
2785 4057 2925 4124 apud
2953 4056 3071 4111 illos
3094 4067 3221 4112 sunt
3247 4058 3400 4130 (an.
3428 4076 3481 4124 χ,
3508 4062 3618 4132 7).»

2038 4138 2176 4194 Ecce
2218 4140 2479 4196 Dominus
2514 4157 2620 4197 non
2656 4144 2796 4198 dixit
2830 4147 3092 4215 quaedam
3117 4149 3256 4218 apud
3284 4149 3404 4205 illos
3434 4165 3623 4207 come-

2036 4231 2179 4297 dite,
2211 4234 2305 4287 scil
2341 4233 2714 4292 indifferenter
2741 4255 2859 4309 quae
2887 4242 3028 4310 apud
3056 4241 3176 4297 illos
3202 4254 3345 4297 sunt.
3378 4244 3625 4315 Quapro-

2039 4333 2162 4392 pter
2200 4324 2377 4377 omnis
2412 4325 2573 4381 homo
2611 4329 2898 4384 scientiam
2936 4332 3177 4399 habens,
3213 4334 3257 4389 si
3302 4335 3625 4407 simpliciter

2039 4417 2149 4471 edit
2180 4428 2234 4470 et
2272 4416 2408 4473 bit-it
2436 4408 2706 4488 ‘quidqnid
2745 4421 2796 4475 in
2837 4424 3123 4479 macellum
3164 4428 3315 4482 venit
3350 4438 3445 4483 aut
3476 4428 3623 4499 quod

2037 4508 2139 4561 sibi
2181 4510 2491 4579 apponitur,
2525 4512 2833 4570 nullatenus
2870 4522 2951 4570 Bal
2987 4517 3315 4586 culpandus,
3353 4520 3459 4575 nisi
3498 4521 3624 4576 inde

2036 4599 2269 4664 aliquam
2323 4603 2720 4659 immunditiam
2765 4606 3114 4663 conscientia:
3165 4625 3277 4664 sua:
3312 4612 3621 4665 contrahat.

2038 4687 2173 4753 Quia
2204 4705 2309 4743 non
2343 4695 2485 4758 quod
2538 4696 2706 4749 intrat
2741 4697 2793 4750 iu
2830 4712 2925 4760 os,
2966 4700 3062 4752 sed
3097 4700 3240 4768 quod
3275 4703 3523 4770 procedit
3554 4700 3624 4756 de

2037 4792 2135 4833 ore
2160 4779 2476 4850 coinquinat
2506 4784 2776 4841 hominem
2806 4787 2823 4855 (
2851 4784 3043 4841 Matth.
3076 4807 3164 4856 xv,
3196 4791 3252 4844 ll
3279 4791 3319 4860 ).
3355 4791 3465 4849 Nec
3491 4809 3619 4850 esca

2020 4871 2222 4940 aliqua
2254 4881 2338 4926 est
2367 4872 2420 4925 in
2451 4876 2615 4937 vitio,
2642 4879 2735 4931 sed
2773 4877 3168 4935 itmnoderatus
3202 4884 3491 4952 appetitus.
3524 4884 3627 4941 Ve-

2040 4978 2186 5027 rum,
2218 4977 2287 5017 ne
2331 4965 2731 5023 scandalizetur
2778 4970 2954 5022 frater
3006 4970 3256 5027 inﬁrmus
3285 4974 3336 5028 in
3368 4974 3506 5045 ﬁde,
3538 4976 3632 5047 qui

2040 5061 2197 5123 putat
2226 5053 2427 5122 aliquid
2453 5072 2743 5117 commune
2768 5058 2855 5115 vel
2885 5059 3225 5119 immundum
3251 5079 3408 5134 esse;
3438 5073 3483 5127 si
3512 5069 3639 5143 quis

2042 5144 2241 5201 dixerit
2271 5164 2286 5198 :
2320 5145 2422 5200 hoc
2459 5147 2782 5206 sutl‘ocatum
2820 5158 2928 5212 est,
2963 5152 3054 5206 vel
3090 5154 3490 5228 morticinium;
3529 5172 3640 5215 non

2040 5254 2126 5300 est
2156 5241 2581 5310 comedendum,
2604 5228 2679 5301 ἰιι
2715 5242 3023 5316 Apostolus
3057 5250 3124 5305 de
3169 5248 3466 5318 idolothyto
3515 5255 3637 5310 ait:
