4124 5374
507 141 615 207 06⁷1

1570 141 1998 202 HUMBERTUS
2040 146 2096 201 S.
2152 145 2217 202 ll.
2251 146 2315 203 Ε.
2348 146 2757 207 CARDINALIS

3675 155 3780 214 968

508 269 594 321 ter
627 258 894 317 facientes
938 258 1161 314 omnino
1204 257 1630 325 abhorrcamus,
1674 260 1816 315 sicut
1855 271 1940 316 est
1983 276 2089 317 non
2120 267 2168 324 Α
2197 270 2253 318 et
2281 278 2375 319 eos
2404 264 2650 322 asseritis
2680 281 2781 324 nec
2808 266 3036 339 gentiles
3078 276 3345 327 essenec
3382 269 3637 342 Iudaios,
3671 278 3777 333 nisi

504 352 630 409 lotis
662 351 911 407 manibus
943 351 1289 407 manducare.
1319 349 1472 418 Quod
1496 352 1767 421 quamvis,
1783 351 1939 420 juxta
1968 370 2093 410 sen-

508 442 732 497 tentiam
789 440 1074 508 Veritatis,
1135 458 1242 497 non
1289 442 1605 513 coinquinat
1650 443 2093 507 hominem..ta~

503 550 629 598 men
662 534 807 597 velut
836 534 1175 591 immundum
1209 535 1511 591 exhorrerc
1543 535 1685 591 solet
1714 537 2091 593 homo‘homi-

503 641 628 683 nem
654 643 763 687 non
796 625 925 682 lotis
958 627 1210 687 manibus
1239 626 1679 685 manducantem.

576 714 709 771 LIV.
750 715 855 770 Sed
891 714 1074 769 forsan
1113 716 1311 769 dicturi
1344 716 1520 771 estis:
1553 715 1667 771 Non
1700 716 1873 772 solum
1906 717 1957 772 in
1984 716 2093 773 Ve-

504 804 641 877 teri,
674 806 768 861 sed
799 815 854 860 et
886 805 938 858 in
969 803 1121 860 Novo
1152 803 1502 860 Testamento
1530 806 1599 859 ab
1626 805 1896 877 Apostolis
1928 808 2097 862 tradi-

504 908 615 953 tum
647 899 898 971 gentibus
938 908 996 954 ut
1024 899 1338 953 abstineant
1367 914 1396 952 a
1430 899 1692 969 sanguine
1721 908 1783 959 et
1805 898 2089 956 sull‘ocato.

500 989 613 1046 Nec
644 1006 742 1047 nos
771 990 1048 1047 nescimus
1068 1029 1083 1054 ,
1117 1000 1296 1044 tamen
1325 1004 1422 1060 pro
1450 989 1569 1044 loco
1598 999 1655 1044 et
1685 998 1926 1059 tempore
1956 1006 2092 1045 non-

501 1082 649 1137 mdla
698 1083 941 1137 carnalia
992 1081 1193 1137 veteris
1222 1079 1355 1151 legis
1387 1079 1641 1135 mandata
1671 1080 1945 1151 apostolos
1991 1082 2089 1139 ob-

503 1187 754 1228 servasse
797 1172 999 1227 scimns
1024 1211 1039 1236 ,
1085 1170 1304 1239 quando
1345 1169 1524 1224 adhuc
1553 1169 1706 1240 quasi
1738 1169 1792 1224 in
1826 1170 2091 1225 matutino

500 1266 822 1341 crepusculo
855 1266 1092 1321 tenebra:
1119 1273 1175 1319 et
1203 1263 1296 1318 lux
1326 1263 1748 1333 confulgebant,
1778 1274 1833 1318 et
1865 1264 2087 1317 intuen-

500 1363 634 1416 tium
682 1361 870 1415 oculos
918 1373 1062 1414 nunc
1107 1357 1232 1419 huc,
1263 1371 1405 1411 nunc
1429 1356 1576 1424 illuc,
1609 1357 1965 1419 reducebant.
1999 1354 2091 1411 Sic

500 1453 729 1524 apostoli
772 1454 828 1507 in
876 1450 1062 1507 Judaca
1101 1450 1459 1514 commorati,
1492 1450 1813 1520 aliquando,
1843 1449 2091 1507 claritate

497 1545 778 1617 Evangelii
808 1542 1173 1615 expergefacti
1196 1582 1212 1608 ,
1240 1543 1309 1598 ab
1336 1542 1524 1598 umbra
1553 1542 1688 1612 legis
1724 1542 2084 1609 recedebant;

2195 358 2470 414 obediant.
2521 359 2695 427 Quia,
2738 370 2799 415 ut
2841 361 3051 426 dicitis,
3097 364 3327 433 gentiles
3364 366 3652 434 occidunt,
3683 379 3778 426 aut

2196 452 2479 523 plagantes
2525 453 2860 508 comedunt:
2891 455 3046 524 quasi
3092 454 3271 510 Latini
3316 457 3461 512 soliti
3506 458 3618 513 sint
3661 458 3777 512 ani-

2194 542 2356 603 malia
2384 543 2503 597 viva
2532 552 2627 597 aut
2651 542 2863 614 integra
2891 546 3200 601 comedere.
3229 545 3479 616 Nunquid
3507 549 3774 605 archimao

2193 633 2294 704 giri
2324 633 2578 693 omnibus
2607 635 2918 690 nationibus
2960 636 3190 708 delegati
3236 638 3369 693 estis
3398 639 3420 694 ?
3462 640 3529 694 Et
3559 640 3605 694 si
3637 639 3772 695 forte

2194 723 2358 778 alicui
2400 723 2546 782 fame
2587 723 2855 793 deficienti
2902 727 3101 782 animae
3140 728 3423 784 obsonium
3472 729 3557 785 vel
3600 730 3773 786 victus

2193 813 2372 880 desit,
2420 815 2536 869 avis
2579 824 2758 871 autem
2789 825 2843 870 et
2871 818 2990 872 ovis
3017 820 3189 883 adsit,
3220 821 3316 875 sed
3346 820 3549 876 ferrum
3595 822 3769 887 absit,

2196 904 2371 961 satius
2405 907 2513 960 erit
2561 921 2685 962 emn
2718 909 2895 963 inedia
2925 909 3158 965 deiicere
3196 925 3359 981 quam
3399 913 3595 976 quovis
3625 913 3772 983 inge-

2193 996 2284 1050 nio
2309 1010 2372 1050 ea
2404 1004 2647 1052 mactare
2673 1006 2731 1053 ct
2758 1000 3045 1055 comedere
3067 1002 3090 1055 ?
3116 1000 3301 1072 Itaque
3323 1003 3588 1058 doctrinis
3611 1003 3773 1060 variis

2190 1092 2247 1138 et
2294 1086 2591 1156 peregrinis
2640 1087 2885 1144 nolentes
2936 1091 3129 1146 abduci
3161 1109 3175 1147 :
3208 1112 3226 1144 ι
3258 1092 3475 1148 Scimus
3514 1102 3570 1149 et
3607 1093 3774 1149 eonfi-

2192 1175 2371 1231 dimus
2420 1176 2473 1232 in
2527 1178 2754 1233 Domino
2800 1178 2960 1245 Jcsu,
3011 1183 3136 1252 quia
3181 1183 3315 1239 nihil
3361 1198 3772 1255 cornmnneper

2190 1265 2389 1336 ipsum,
2420 1267 2522 1321 nisi
2553 1268 2604 1322 ei
2635 1270 3017 1337 quiexistimat
3046 1274 3174 1342 quid
3203 1288 3494 1331 commune
3523 1289 3661 1339 esse,
3693 1273 3769 1329 illi

2192 1371 2480 1412 commune
2504 1367 2589 1414 est
2620 1360 2637 1429 (
2662 1357 2817 1414 Rom.
2849 1376 2959 1427 xiv,
2997 1361 3060 1417 li
3084 1363 3136 1433 ),
3169 1382 3187 1416 ι
3220 1366 3364 1419 sicut
3393 1365 3592 1420 Paulus
3618 1366 3766 1421 dicit.

2191 1450 2400 1506 Deinde
2428 1453 2693 1521 optimum
2721 1464 2798 1510 est
2831 1455 3004 1526 gratia
3036 1456 3285 1513 stabilire
3310 1473 3425 1525 cor,
3455 1473 3560 1512 non
3594 1460 3767 1521 escis.

2190 1560 2311 1615 quae
2354 1560 2460 1601 non
2501 1545 2819 1616 profuerunt
2859 1548 3262 1606 ambulantibus
3293 1550 3347 1605 in
3377 1550 3478 1606 eis.
3511 1549 3618 1606 Sed
3661 1549 3770 1619 jam

494 1638 792 1709 aliquando
812 1676 828 1702 ,
862 1636 1192 1711 necessitate
1223 1634 1305 1688 vel
1333 1630 1726 1691 consuetudine
1759 1644 2039 1704 torpentes
2064 1675 2081 1701 ,
2113 1623 2158 1682 Β
2187 1638 2503 1693 insistamns
2531 1639 2776 1710 reliquis.

488 1732 555 1787 in
597 1744 718 1785 eam
765 1727 1098 1791 recidebant.
1147 1727 1391 1796 Denique
1432 1735 1580 1781 sorte
1609 1725 1950 1780 associarunt
1980 1724 2085 1780 sibi

497 1825 813 1889 Matthiam,
862 1831 917 1878 et
966 1820 1254 1890 templum,
1289 1819 1341 1873 in
1374 1832 1482 1889 quo
1511 1818 1687 1872 adlmc
1717 1817 1936 1889 sanguis
1969 1816 2086 1872 ani-

496 1915 720 1970 malium
750 1913 1104 1977 offerebatur,
1134 1910 1402 1966 orationis
1428 1908 1603 1978 gratia
1647 1906 2084 1977 frequentabant.

493 2006 615 2078 lpse
643 2022 863 2077 quoque
889 2013 1079 2060 vertex
1109 1999 1478 2073 apostolorum
1509 1998 1706 2053 Petrus
1724 2040 1739 2061 ,
1768 1997 1932 2054 modo
1961 2012 2084 2052 cum

496 2102 750 2173 gentibus
776 2098 1129 2160 comedebat,
1164 2096 1324 2150 modo
1371 2093 1440 2149 ab
1482 2093 1563 2148 eis
1612 2093 1810 2147 timens
1854 2107 1914 2147 se
1955 2093 2086 2148 sub-

494 2195 772 2249 trahebat.
803 2191 971 2261 Cujus
996 2186 1340 2259 coapostolus
1362 2185 1585 2249 Paulus,
1613 2185 1865 2255 quamvis
1887 2184 2088 2238 dixerit

495 2285 750 2341 Calatis:
783 2302 802 2335 ι
837 2281 894 2337 Si
927 2278 1391 2337 circumcidamini
1417 2317 1432 2343 ,
1462 2276 1711 2333 Christus
1755 2276 1909 2330 vobis
1952 2274 2087 2330 nihil

495 2376 738 2447 proderit
784 2372 945 2447 (Gal.
979 2388 1033 2437 v,
1064 2372 1097 2426 2
1120 2373 1173 2442 ),
1207 2388 1227 2422 ι
1262 2379 1440 2425 tamen
1471 2368 1727 2424 dilectqu
1758 2365 2082 2436 discipulum

495 2477 719 2538 propter
762 2463 1207 2520 subintroductos
1249 2458 1414 2515 falsos
1460 2458 1661 2512 fratres
1706 2455 2081 2519 circumcidit,

492 2569 552 2616 ct
580 2574 706 2615 cum
736 2557 859 2613 aliis
891 2554 1210 2627 purificatus
1239 2552 1292 2607 in
1327 2549 1528 2621 templo
1572 2549 1901 2605 sacriﬁcium
1951 2547 2086 2618 legis

490 2652 760 2709 exhibuit.
792 2649 898 2706 Sed
928 2649 1055 2714 ubi,
1086 2649 1157 2703 ab
1183 2646 1448 2715 angustiis
1475 2643 1675 2699 Judaeaa
1703 2642 1941 2707 exclusi,
1972 2656 2087 2696 am-

494 2743 763 2815 plitudine
789 2740 1033 2809 gentium
1065 2738 1217 2793 fuere
1248 2736 1405 2807 potiti
1426 2776 1441 2801 ,
1485 2751 1643 2799 mox,
1673 2734 1829 2804 quasi
1876 2731 2086 2788 catenis

495 2835 775 2894 servitutis
830 2832 1007 2903 palam
1059 2829 1270 2899 erepti,
1323 2835 1589 2898 quotquot
1634 2826 1701 2879 ad
1747 2822 2086 2895 spiritualem

490 2926 727 2999 gratiam
757 2925 1141 2986 attrahehant,
1172 2936 1203 2974 a
1232 2917 1547 2975 carnalibus
1580 2912 1922 2970 caeremoniis
1951 2912 2085 2982 legis

2259 1729 2395 1785 LVl.
2447 1731 3145 1793 CONSTANTINOPOU’I'ANUS.
3193 1736 3406 1792 Etenim
3435 1735 3665 1791 Alleluia
3713 1735 3770 1790 in

2188 1824 2611 1895 Quadragesiia
2656 1841 2760 1881 non
2804 1826 3060 1895 psallitis,
3104 1828 3197 1882 sed
3242 1827 3406 1882 semel
3456 1827 3508 1882 in
3557 1826 3766 1882 Pascha

2189 1915 2579 1980 tantummodo,
2606 1916 2750 1986 quod
2777 1917 3165 1988 interpretatur
3184 1916 3440 1973 Dominus
3465 1919 3623 1983 venit,
3650 1917 3773 1971 lau-

2187 2006 2341 2070 date,
2386 2006 2636 2076 hymnum
2676 2007 2866 2073 dicite,
2905 2019 2953 2063 et
2999 2011 3281 2065 benedicite
3315 2027 3453 2065 eum.
3501 2012 3641 2078 Ergo
3681 2025 3771 2065 se-

2187 2100 2424 2154 cundum
2471 2100 2575 2155 hoc
2621 2115 2797 2171 neque
2840 2101 3111 2166 Laudate,
3141 2118 3317 2171 neque
3341 2103 3654 2158 Benedictus
3680 2103 3773 2174 qui

2187 2191 2323 2243 venit
2345 2230 2360 2254 ,
2393 2188 2647 2259 psallitis.
2684 2190 2753 2246 Et
2787 2190 2928 2246 istud
2969 2207 3098 2247 vero
3137 2191 3364 2248 Alleluia
3396 2193 3656 2249 hebraice
3691 2191 3772 2247 di-

2186 2286 2331 2334 ctum
2359 2289 2462 2335 est.

2256 2370 2414 2426 LVll.
2443 2370 2721 2428 Ronanos.
2752 2371 2969 2430 Scimus
2994 2373 3223 2430 Alleluia
3252 2374 3510 2432 hebraice
3535 2375 3766 2441 dictum,

2189 2471 2246 2518 et
2302 2463 2468 2519 latine
2522 2463 2870 2534 interpretari
2921 2464 3165 2521 Laudate
3218 2467 3424 2533 Deum,
3484 2470 3578 2522 sed
3629 2466 3769 2537 quod

2185 2555 2389 2619 etiam,
2421 2555 2678 2611 Dominus
2715 2558 2885 2623 venit,
2929 2568 3058 2622 aut,
3105 2554 3421 2618 Benedictus
3465 2560 3559 2630 qui
3599 2559 3766 2622 venit,

2187 2649 2593 2720 interpretetur,
2643 2652 2946 2715 nescimus,
2997 2666 3098 2706 nec
3139 2651 3239 2707 nisi
3273 2667 3303 2706 a
3328 2653 3485 2707 vobis
3511 2651 3770 2707 hactenus

2190 2740 2517 2795 audivimus.
2558 2739 2731 2796 Porro
2771 2741 2945 2810 ipsum
2989 2740 3251 2805 Alleluia,
3295 2741 3438 2797 sicut
3475 2738 3770 2797 calumnia.

2188 2829 2360 2895 mini,
2415 2846 2521 2885 non
2573 2830 2914 2885 solummodo
2964 2830 3017 2885 in
3063 2830 3269 2886 Pascha
3316 2840 3628 2896 cantamus,
3675 2829 3770 2885 sed

2190 2922 2444 2978 omnibus
2493 2922 2658 2977 totius
2702 2922 2829 2976 anni
2877 2923 3242 2992 temporibus,
3292 2922 3536 2992 exceptis
3579 2934 3769 2977 novem

496 3029 749 3081 avertere
776 3032 883 3072 non
914 3015 1221 3070 cessabant.
1251 3011 1404 3079 Quod
1436 3007 1625 3080 procul
1652 3004 1818 3060 dubio
1845 3019 1910 3060 ex
1936 3012 2087 3074 prae-

2194 3008 2628 3071 bebdomadibus
2657 3013 2854 3081 quibus
2883 3013 2933 3066 id
2965 3014 3325 3068 intermittere
3353 3027 3382 3068 a
3410 3012 3652 3084 patribus
3676 3028 3772 3068 no-

496 3110 821 3168 cedentibus
851 3118 907 3163 et
934 3102 1394 3175 subsequentibus
1426 3100 1606 3155 verbis
1646 3097 1800 3152 Pauli
1834 3093 2088 3164 intelligi—

496 3217 610 3271 tur,
641 3205 730 3261 ubi
759 3205 840 3259 sic
869 3210 1203 3272 protestatur
1235 3215 1248 3252 :
1283 3214 1301 3248 t
1338 3195 1576 3266 Spiritus
1623 3189 1915 3247 manifeste
1957 3187 2090 3245 dicit

497 3299 626 3369 quia
672 3296 726 3350 in
775 3292 1086 3348 novissimis
1116 3287 1454 3358 temporibus
1483 3283 1768 3338 discedent
1795 3280 2024 3351 quidam
2055 3293 2087 3333 a

498 3392 638 3456 thle,
695 3387 1041 3443 attendentes
1095 3379 1381 3453 spiritibus
1433 3376 1669 3440 erroris,
1726 3382 1782 3428 et
1827 3370 2090 3428 doctrinis

498 3480 889 3538 daemoniorum
938 3475 994 3529 in
1024 3469 1295 3545 hypocrisi
1328 3467 1670 3537 loquentium
1702 3461 2044 3519 mendacium
2071 3498 2086 3525 ,

494 3584 555 3632 et
599 3572 957 3629 cauteriatam
990 3564 1307 3620 habentium
1335 3558 1724 3616 conscientiam
1746 3596 1761 3620 ,
1792 3552 2086 3625 prohiben—

496 3668 637 3722 tium
686 3664 925 3725 nubere,
957 3666 1010 3713 et
1039 3655 1322 3711 abstinere
1351 3669 1383 3706 a
1412 3652 1549 3706 cibis
1578 3664 1718 3720 quos
1753 3647 1896 3703 Deus
1926 3660 2085 3701 crea-

494 3762 578 3814 vit
605 3758 670 3813 ad
702 3752 1114 3828 percipiendum
1144 3764 1269 3804 cum
1298 3746 1600 3818 gratiarum
1646 3743 1863 3797 actione
1908 3738 2087 3794 fideli-

495 3851 601 3907 hus
651 3858 708 3905 et
755 3848 841 3902 his
886 3843 977 3914 qui
1031 3847 1408 3911 cognoverunt
1460 3837 1766 3891 veritatem.
1818 3833 2087 3901 Quoniam

496 3941 677 3996 omnis
717 3947 970 3993 creatura
1018 3934 1112 3988 Dei
1158 3932 1300 3986 bona
1329 3937 1446 3991 est,
1476 3937 1532 3983 et
1563 3924 1699 3981 nihil
1729 3920 2085 3992 rcjiciendum

494 4033 642 4103 quod
669 4047 791 4087 cum
821 4029 1118 4099 gratiarum
1145 4023 1359 4078 actione
1383 4019 1703 4090 percipitur.
1732 4015 2089 4070 Santilicatur

494 4123 647 4178 enim
698 4136 797 4191 per
842 4119 1071 4174 verbum
1125 4114 1222 4168 Dei
1270 4120 1329 4167 et
1372 4111 1680 4166 orationem
1727 4106 1803 4178 (Ι
1837 4105 1973 4160 Tim.
2008 4118 2085 4170 tv,

501 4217 672 4289 l-5).
703 4234 723 4269 ι
755 4212 898 4269 Ecce
947 4218 1128 4266 tantus
1174 4204 1507 4277 Apostolus,
1561 4211 1752 4272 raptus
1803 4215 1975 4269 usque
2018 4198 2086 4252 ad

497 4312 727 4369 tertium
766 4304 971 4364 caelum
999 4311 1056 4358 et
1083 4302 1138 4356 in
1172 4300 1348 4371 ipsum
1390 4295 1738 4367 paradisum,
1789 4290 2085 4360 proclamat

497 4403 686 4460 omnia
719 4398 921 4454 munda
967 4392 1219 4456 mundis,
1263 4398 1320 4445 et
1363 4385 1495 4442 nihil
1543 4383 1895 4453 rejiciemlum
1945 4380 2090 4443 quod

494 4510 627 4553 cum
658 4490 959 4563 gratiarum
988 4485 1207 4542 actione
1235 4480 1554 4553 percipitur,
1584 4476 1710 4547 quia
1741 4489 1837 4544 per
1868 4472 2089 4528 verbum

499 4589 600 4645 Dei
643 4594 700 4642 et
742 4582 1045 4637 orationem
1092 4569 1489 4633 sanetiﬂcatur.
1534 4570 1600 4624 Et
1644 4583 1740 4624 vos
1786 4567 1876 4635 qui
1923 4565 2090 4630 estis,

501 4681 619 4750 qui,
661 4674 1007 4732 attendentes
1034 4668 1321 4741 spiritibus
1358 4662 1564 4720 erroris
1598 4669 1653 4715 et
1687 4657 1951 4715 doctrinis
1986 4656 2093 4711 dte-

500 4772 858 4836 moniornm,
917 4766 972 4821 in
1028 4760 1304 4835 hypocrisi
1360 4756 1641 4828 loquimini
1698 4751 2040 4809 mendacium
2071 4756 2107 4817 ,'

500 4866 713 4935 scripta
761 4859 971 4916 Latinis
1019 4854 1234 4929 populis
1277 4852 1612 4908 destinantes
1682 4857 1741 4901 ut
1786 4845 2096 4914 relinquant

500 4953 763 5011 mandata
784 4951 889 5008 “Dei
919 4958 977 5006 et
1005 4962 1126 5019 quae
1160 4944 1411 5017 graviora
1452 4949 1579 4994 sunt
1622 4938 1788 5010 legis,
1830 4935 2093 5005 judicium

498 5045 713 5102 scilicet
760 5052 816 5098 et
864 5037 1296 5097 misericordiam
1342 5042 1393 5090 et
1446 5032 1642 5095 fidem,
1693 5038 1748 5084 et
1794 5036 2095 5097 sequantur

506 5133 836 5188 traditiones
859 5141 915 5185 et
939 5129 1227 5198 opiniones
1255 5133 1497 5188 vestras,
1530 5120 1685 5194 quasi
1716 5118 1897 5174 nullos
1922 5130 2094 5181 usque

508 5239 660 5281 nunc
686 5222 976 5278 habuerint
1024 5219 1411 5291 praedicatores
1439 5230 1505 5271 ac
1533 5225 1750 5285 patres,
1779 5225 1845 5265 ac
1872 5220 2094 5265 necesse

498 5316 746 5374 habeant
789 5328 819 5367 a
863 5312 1020 5368 vobis
1065 5310 1252 5366 doceri
1281 5322 1401 5374 quat
1439 5307 1547 5363 sint
1589 5304 1858 5361 eletnenta
1890 5312 2094 5356 sermo~

2190 3105 2322 3159 stris
2342 3103 2684 3172 accepimus;
2712 3101 2925 3158 scilicet
2949 3102 3144 3172 quibus
3164 3103 3521 3175 negligentias
3545 3104 3771 3158 aiiorum

2192 3207 2495 3269 temporum
2541 3200 2749 3256 diluere
2798 3201 3061 3257 attentius
3107 3200 3386 3257 debemus.
3431 3200 3585 3255 Sicut
3626 3199 3771 3255 enim

2191 3291 2463 3351 quondam
2512 3290 2741 3360 populus
2789 3291 2841 3346 in
2886 3306 3107 3356 eremo,
3139 3299 3425 3362 peccatum
3456 3289 3772 3346 idololatriae

2191 3381 2245 3437 in
2286 3382 2476 3452 seipse
2520 3383 2843 3452 puuiturus,
2892 3393 2949 3439 et
2996 3384 3246 3439 Ninivitae
3295 3383 3669 3453 paenitentiam
3718 3380 3770 3435 in

2190 3471 2581 3543 prindicationo
2612 3470 2766 3527 Jonas
2792 3473 2964 3528 acturi
2991 3488 3210 3529 omnem
3242 3481 3494 3528 ornatum
3538 3484 3694 3526 suum
3717 3477 3773 3523 et

2189 3560 2416 3616 delicias
2443 3562 2844 3632 deposuerunt,
2874 3572 2928 3617 et
2955 3578 3171 3617 saccum
3200 3572 3254 3617 et.
3279 3565 3516 3618 cinerem
3545 3562 3645 3616 sibi
3677 3561 3774 3614 im-

2193 3664 2535 3724 posuerunt;
2569 3669 2672 3709 nec
2701 3663 2807 3709 tam
2838 3655 3140 3726 peregrinis
3169 3656 3348 3710 verbis
3383 3670 3446 3710 ac
3490 3652 3776 3723 exquisitis

2190 3760 2284 3800 seu
2314 3743 2609 3800 dulcisonis
2636 3745 2905 3811 melodiis,
2936 3748 3030 3800 sed
3058 3746 3293 3815 propriis
3318 3745 3693 3808 sermonibus,
3718 3749 3776 3796 ct

2188 3830 2567 3905 incompositis
2610 3837 2726 3891 sive
2780 3837 2985 3891 amaris
3034 3837 3323 3903 eiulatibus
3369 3836 3435 3890 ad
3489 3834 3773 3891 Dominum

2184 3929 2565 3985 clamaverunt
2595 3945 2611 3983 :
2643 3928 2723 3983 sic
2749 3937 2805 3983 et
2833 3928 3176 3983 venerabiles
3203 3938 3389 3998 patres
3412 3928 3587 3982 nostri
3616 3939 3774 3998 agere

2188 4030 2613 4076 consueverunt.
2646 4017 2829 4084 Unde,
2857 4028 3179 4073 ornamenta
3222 4027 3282 4074 et
3326 4018 3553 4074 delicias
3597 4016 3777 4072 divitis

2189 4111 2385 4181 lingua:
2426 4122 2669 4180 tempore
2696 4109 3137 4179 Quadragesimaa
3159 4110 3521 4177 deponentes,
3552 4121 3776 4178 panper-

2190 4204 2387 4257 rimum
2413 4202 2660 4257 habitum
2688 4211 2892 4256 nostrae
2917 4201 3115 4272 linguae
3141 4200 3295 4255 nobis
3319 4200 3668 4271 imponimus,
3689 4208 3739 4253 et
3761 4240 3775 4263 ,

2195 4293 2345 4347 stulti
2378 4292 2506 4347 facti
2538 4301 2767 4362 preptcr
2796 4291 3109 4353 Christum.
3148 4291 3282 4345 nihil
3315 4305 3415 4345 nos
3452 4291 3597 4345 scire
3638 4287 3777 4363 iudi-

2120 4363 2170 4423 D
2196 4397 2382 4438 camus
2399 4423 2414 4446 ,
2444 4382 2549 4437 nisi
2576 4382 2750 4452 ipsum
2776 4381 3116 4437 cruciﬁxum.
3143 4381 3308 4448 Cujus
3333 4382 3643 4437 districtum
3669 4393 3780 4451 pra:

2208 4474 2383 4530 oculis
2410 4474 2675 4530 habentes
2700 4471 2962 4543 iudicium
2981 4515 2995 4538 ,
3025 4474 3280 4530 vineulati
3309 4483 3364 4528 et
3390 4475 3605 4544 gravati
3652 4487 3781 4544 pec-

2196 4566 2375 4631 catis,
2414 4574 2673 4635 tanquam
2712 4564 2923 4629 idiotas,
2958 4565 3045 4618 vix
3085 4565 3346 4619 audemus
3382 4564 3469 4620 vel
3508 4566 3563 4619 in
3594 4572 3781 4619 nostro

2199 4659 2456 4714 idiomate
2483 4656 2826 4727 interpellare
2853 4657 3039 4712 Deum.
3071 4655 3202 4710 Nam
3228 4672 3299 4711 ex
3332 4657 3471 4711 libro
3499 4654 3779 4727 Sapientis

2196 4748 2484 4804 didicimus
2513 4763 2528 4800 :
2562 4747 2687 4816 quia
2718 4766 2737 4798 ‹
2775 4761 2879 4801 non
2909 4755 2995 4801 est
3021 4746 3267 4816 speciosa
3297 4746 3414 4799 laus
3440 4745 3498 4800 in
3529 4761 3629 4800 ore
3658 4759 3786 4814 pec-

2199 4843 2401 4898 catoris
2426 4841 2627 4911 (Eccli.
2655 4856 2754 4907 xv,
2781 4840 2869 4912 9).
2898 4857 2917 4892 ι
2946 4838 3013 4894 Et
3039 4849 3217 4894 tamen
3244 4848 3372 4894 tunc
3394 4836 3604 4909 iugiter
3630 4839 3790 4909 hym-

2198 4952 2329 4991 num
2362 4934 2592 4989 dicimus
2639 4933 2900 4997 Domino,
2951 4942 3113 5000 atque
3157 4931 3469 4986 Benedictus
3517 4931 3610 5004 qui
3652 4929 3787 4986 venit

2198 5026 2515 5097 psallimus,
2546 5032 2599 5079 et
2634 5037 2850 5078 onmem
2879 5030 3181 5077 creaturam
3213 5023 3276 5075 ad
3312 5020 3527 5074 laudem
3558 5018 3676 5087 ejus
3701 5017 3791 5072 die

2199 5126 2471 5186 noctuque
2530 5115 2844 5181 invitamus,
2895 5114 3137 5169 dicentes
3183 5112 3420 5168 Laudate
3466 5111 3790 5171 Dominum,

2198 5208 2292 5263 sed
2314 5247 2327 5266 .
2352 5217 2418 5260 ut
2444 5204 2821 5277 praediximus,
2850 5204 3024 5273 patria
3053 5217 3184 5258 voce
3206 5210 3440 5256 tantmn.
3464 5198 3631 5254 Tunc
3652 5212 3793 5270 quo-

2199 5310 2307 5367 que
2333 5294 2496 5349 alium
2523 5292 2826 5362 angelicum
2856 5293 3113 5362 hymnum
3146 5289 3597 5363 intermittimus.
3629 5289 3685 5343 id
3708 5293 3795 5341 est
