4124 5374
336 357 440 439 ut;

1369 363 1728 434 ADVERSL’S
1767 350 2167 434 cimonium
2208 365 2612 437 t:.\'t.t'.u.‘;t.ts.

3485 386 3589 440 970

335 491 485 564 Duos
511 494 712 566 pariter
738 495 789 547 in
822 494 1228 565 Septuagesima
1265 491 1713 560 intermittimus;
1743 493 1867 562 quia
1889 534 1903 554 ,
1939 499 1982 554 Α
2011 492 2168 548 Jesus
2199 494 2445 550 Christus
2476 495 2526 548 in
2550 495 2718 564 gloria
2741 505 2825 549 est
2853 497 2943 549 Dci
2972 496 3168 551 Patris.
3208 497 3324 566 Ipsa
3369 497 3589 565 quidem

339 596 561 655 peccato
591 585 786 638 veteris
815 584 1047 637 hominis
1077 600 1104 637 a
1133 593 1398 637 conventu
1427 581 1684 653 angelica:
1708 581 1914 652 jubila-

2011 599 2133 637 cum
2194 583 2418 641 Hebraea
2464 596 2519 639 et
2569 583 2758 639 Graeca
2813 586 3025 640 titulum
3076 589 3318 643 crnciﬁxi
3374 589 3586 642 Domini

343 679 505 732 tionis
532 677 740 748 expulsi
767 676 820 730 in
852 677 1009 746 hujus
1041 676 1251 730 misera:
1281 675 1404 730 vita:
1431 674 1789 745 Babylonem,
1817 688 1914 729 su-
2009 669 2320 744 complevit.
2346 683 2422 737 et,
2449 689 2566 744 qua:
2588 684 2707 729 erat
2744 676 3060 742 novissima,
3080 675 3225 731 facta
3256 687 3339 732 est
3366 679 3538 748 prima
3570 691 3586 728 :

337 783 437 841 per
462 769 684 823 [lumina
723 767 838 837 ejus
877 768 1128 822 sedemus
1165 775 1220 820 'et
1253 765 1474 829 ﬂemus,
1505 764 1630 818 dum
1664 763 1915 818 recorda-

340 878 462 918 mur
491 861 632 915 illius
659 858 786 914 Sion
816 860 868 914 in
896 874 1000 929 qua
1028 858 1194 911 Deum
1223 860 1375 911 decet
1396 856 1649 926 hymnus,
1677 853 1917 908 dicentes

338 952 675 1009 adversariis
711 951 912 1006 nostris
941 969 955 1003 :
1001 970 1020 1000 ‹
1053 948 1334 1016 Quomodo
1371 946 1711 1002 cantabimus
1745 944 1920 998 canti-

333 1047 463 1099 cum
497 1041 712 1097 Domini
751 1041 806 1096 in
848 1049 992 1094 terra
1033 1039 1255 1093 aliena?
1287 1057 1304 1090 ο
1348 1036 1368 1107 (
1395 1033 1544 1090 Ρεαι.
1572 1049 1804 1097 cxxxvt,
1837 1032 1915 1102 4.)

337 1133 620 1203 Siquidem
647 1140 799 1186 vetus
824 1131 989 1185 homo
1016 1138 1169 1183 vetns
1194 1138 1250 1182 et
1278 1144 1384 1182 non
1417 1125 1613 1182 novum
1645 1125 1914 1179 canticum

335 1234 567 1277 cantare
593 1228 803 1292 potest,
833 1220 1004 1274 donec
1029 1228 1151 1288 post
1184 1219 1323 1272 hanc
1355 1216 1680 1270 laboriosam
1708 1215 1872 1267 vitam
1897 1243 1915 1278 -,

335 1329 460 1383 qum
490 1313 828 1384 signiﬁcatur
858 1326 954 1380 per
990 1309 1508 1379 Quadragesimam,
1538 1313 1834 1376 renovetur
1863 1304 1916 1358 in

337 1403 616 1472 agnitione
642 1401 937 1456 secundmn
967 1399 1254 1469 imaginem
1277 1395 1396 1463 ejus
1422 1395 1512 1465 qui
1541 1395 1745 1448 creavit
1770 1408 1916 1456 eum,

335 1512 440 1567 per
489 1495 942 1552 resurrectionem
990 1492 1117 1547 Jesu
1166 1488 1366 1546 Christi
1411 1505 1476 1541 ex
1528 1487 1779 1542 mortuis.
1811 1484 1920 1540 Nec

341 1600 525 1645 tamen
582 1586 853 1651 Sanctus,
907 1594 1157 1649 sanctus,
1205 1594 1418 1637 sanctus
1471 1581 1729 1634 Dominus
1781 1578 1918 1633 Deus

341 1678 579 1736 Sabaoth
626 1681 677 1735 in
717 1677 1142 1748 Qualragesima
1195 1674 1632 1746 intermittimns,
1674 1670 1922 1741 quamvis

337 1772 411 1828 sit
466 1768 696 1842 hymnus
723 1771 996 1841 angelicas
1044 1777 1098 1823 et
1147 1767 1199 1822 in
1232 1766 1380 1825 Novo
1429 1753 1778 1820 Testamento
1824 1764 1919 1818 de-

2012 759 2160 816 fcrro
2184 769 2241 817 et
2281 761 2384 814 ﬁde
2419 775 2590 830 usque
2609 763 2676 814 ad
2709 763 2996 816 adventum
3049 765 3263 835 maligni
3314 769 3590 824 Antichri-

2013 854 2082 909 sti
2107 863 2162 908 et
2187 853 2402 924 benigni
2429 851 2558 907 Jesu
2589 851 2794 907 Christi
2855 854 3153 911 defendens
3177 857 3280 914 sibi
3309 868 3582 916 terrenam

2012 952 2068 998 ct
2098 943 2373 998 caelestem
2413 951 2756 1012 potestatem.
2819 942 2978 1006 llinc,
3001 942 3114 1011 jam
3163 946 3252 998 diu
3302 947 3592 1004 calumniis

2017 1035 2212 1089 vestris
2256 1035 2528 1099 reluctati,
2560 1035 2801 1089 breviter
2849 1036 3176 1106 attingamus
3225 1038 3586 1096 intentionem

2017 1127 2182 1181 vestri
2219 1127 2440 1198 epilogi.

2084 1214 2217 1270 LIX.
2270 1215 2978 1274 CONSTANTINOPOLITLNUS.
3019 1216 3130 1274 Cur
3173 1228 3376 1274 tantam
3433 1223 3592 1279 deco-

2013 1309 2253 1376 ptionem
2284 1306 2477 1360 horum
2501 1306 2686 1360 talium
2718 1321 2824 1361 non
2850 1307 3112 1377 aspicitis,
3147 1323 3248 1364 nec
3269 1310 3586 1382 intelligitis,

2019 1413 2196 1467 neque
2218 1397 2493 1467 corrigitis
2540 1397 2786 1467 populos,
2851 1398 2992 1454 sicut
3019 1401 3111 1468 qui
3156 1401 3421 1457 debentur
3449 1405 3589 1473 judio

2017 1487 2129 1541 cari
2154 1503 2183 1540 a
2213 1487 2322 1541 Deo
2347 1487 2370 1540 ?
2397 1486 2511 1540 Non
2540 1485 2914 1556 derelinquitis
2940 1490 3083 1558 quod
3112 1490 3310 1546 dicitur
3329 1495 3587 1562 quoniam

2019 1577 2122 1633 hoc
2153 1577 2346 1632 Petrus
2392 1587 2449 1632 et
2507 1577 2828 1632 Benedictus
2857 1587 2912 1632 et
2935 1577 3133 1633 Paulus
3188 1589 3244 1634 et
3287 1583 3468 1635 cwteri
3500 1584 3594 1637 tin-

2019 1666 2294 1723 cuerunt?
2329 1668 2585 1737 Decipitis
2629 1682 2723 1722 vos
2777 1669 2921 1738 ipsos
2948 1677 3003 1722 et
3050 1668 3302 1740 populum
3362 1671 3417 1724 in
3454 1672 3592 1726 istis.

2023 1757 2153 1826 Quze
2184 1775 2312 1814 vero
2368 1759 2584 1828 scripsi,
2612 1775 2676 1813 ea
2707 1770 2835 1815 sunt
2858 1771 2978 1830 qua:
3008 1761 3200 1817 Petrus
3223 1772 3277 1818 et
3315 1762 3514 1817 Paulus
3539 1776 3595 1817 et

335 1873 624 1929 minitatus,
657 1865 749 1931 qui
781 1872 835 1916 et
863 1863 914 1916 in
949 1859 1130 1915 Veteri
1170 1859 1321 1929 prius
1369 1856 1472 1910 fuit
1505 1857 1686 1911 dictus
1708 1895 1724 1918 ,
1759 1854 1922 1910 ﬁdem
1956 1851 1999 1911 Β
2026 1853 2203 1906 caateri
2252 1851 2479 1922 apostoli
2511 1860 2566 1905 et
2591 1850 2838 1907 Christus
2883 1853 3087 1918 docuit,
3110 1863 3166 1910 et
3195 1865 3378 1909 sancta
3433 1866 3596 1924 atque
3623 1849 3630 1856 ’

335 1956 596 2009 Videlicet
633 1953 927 2026 perfectam
955 1961 1171 2024 patrum
1203 1949 1479 2004 humiliter
1509 1947 1619 2002 Deo
1649 1945 1884 2000 offerens
1903 1985 1918 2008 ,

335 2046 550 2101 mullum
608 2047 790 2099 autem
841 2044 1093 2098 meritum
1148 2042 1303 2096 bona:
1351 2036 1687 2109 operationis
1734 2049 1921 2090 eorum

339 2134 622 2190 attollens.
669 2133 764 2189 Sic
807 2143 863 2188 et
904 2148 1002 2188 uos
1038 2133 1254 2188 interim
1293 2131 1344 2185 in
1383 2131 1484 2186 hac
1521 2138 1720 2185 nostra:
1767 2136 1924 2198 pere-

342 2225 670 2297 grinationis
699 2224 1153 2296 Quadragesima,
1184 2223 1420 2278 scientes
1471 2235 1569 2274 nos
1615 2234 1714 2290 per
1761 2217 1920 2272 ﬁdem

336 2325 399 2370 et
430 2327 534 2369 non
563 2327 658 2384 per
686 2312 922 2384 Speciem
966 2313 1278 2376 ambulare,
1330 2312 1423 2366 sed
1467 2309 1580 2364 sola
1633 2309 1736 2363 ﬁde
1783 2307 1925 2378 apud

344 2405 516 2459 Deum
543 2406 945 2476 praisumimns,
998 2404 1225 2474 supplici
1255 2402 1602 2458 confessione
1634 2400 1874 2455 (licentes
1905 2413 1920 2450 :

336 2485 609 2562 Sanctus,
640 2505 853 2550 sanctus
874 2537 888 2559 ,
919 2505 1131 2549 sanctus
1177 2493 1430 2548 Dominus
1459 2491 1600 2546 Deus
1648 2489 1923 2552 Sabaoth;

337 2587 458 2651 eui,
492 2587 558 2641 de
585 2585 840 2656 operibus
871 2585 1354 2656 diﬁidenteshcum
1393 2583 1678 2638 Psalmista
1717 2579 1926 2650 procla-

345 2690 565 2731 mamus
595 2693 608 2730 :
645 2694 664 2727 ι
695 2675 810 2730 Non
842 2677 1012 2730 intres
1040 2676 1095 2729 in
1121 2675 1386 2744 judicium
1415 2689 1538 2727 cum
1570 2673 1744 2726 servis
1774 2671 1884 2725 tuis
1907 2710 1923 2735 ,

341 2766 476 2834 quia
519 2781 624 2819 non
657 2764 1046 2834 justilicabitur
1081 2765 1135 2819 in
1176 2773 1470 2834 conspectu
1507 2771 1603 2817 tuo
1628 2763 1811 2817 omnis
1843 2761 1923 2816 vi—

344 2873 484 2911 vens
511 2855 534 2929 (
562 2854 709 2910 Psal.
740 2872 883 2911 cxut
906 2897 922 2924 ,
949 2856 984 2910 2
1006 2857 1048 2928 ).
1084 2875 1103 2908 ι

422 2948 599 3004 LVIII.
662 2947 814 3015 Quod
868 2958 1052 3004 autem
1085 2964 1276 3004 novem
1326 2947 1749 3005 hebdomadibus
1778 2967 1796 3001 ι
1831 2949 1927 3003 Al-

338 3039 513 3094 leluia
545 3058 564 3091 ι
623 3039 1052 3106 inter-mittimus,
1092 3056 1199 3095 non
1273 3041 1566 3110 incongrue
1618 3055 1926 3111 pernovem

339 3129 721 3185 hebdomadas
759 3145 953 3186 novem
983 3132 1207 3189 ordines
1249 3133 1563 3204 angelorum
1603 3133 1924 3205 accipimus.

2019 1941 2283 1997 catholica
2334 1941 2573 1998 Ecclesia
2624 1944 2864 2013 suscepit
2906 1953 2966 1999 et
3013 1946 3250 2001 custodit
3305 1945 3591 2015 religiose;

2020 2048 2141 2103 quae
2165 2045 2220 2088 et
2249 2047 2347 2088 vos
2377 2034 2612 2088 correcti
2634 2035 2919 2090 custodite.

2095 2123 2206 2178 LX.
2246 2124 2526 2180 Romans.
2549 2124 2706 2180 Sicut
2746 2124 3077 2182 sulﬁcienter
3138 2137 3470 2183 Inmistratur
3500 2144 3592 2184 sn~

2021 2215 2226 2284 perius,
2253 2230 2522 2270 converso
2577 2215 2771 2270 ordine
2798 2226 2852 2272 et
2891 2229 3048 2272 versa
3073 2219 3190 2275 vice
3236 2221 3596 2291 procederent.

2023 2307 2138 2361 haec
2170 2308 2392 2371 rectius,
2451 2306 2664 2363 scilicet
2686 2308 2733 2362 si
2760 2324 2857 2364 vos
2899 2310 3174 2376 seductos,
3207 2311 3522 2367 seductores
3539 2324 3599 2366 ct

2023 2405 2234 2451 mature
2274 2395 2653 2465 judicandosa
2694 2397 2925 2453 Domino
2964 2399 3289 2455 diceremus.
3335 2399 3471 2468 Quia
3507 2417 3599 2456 vo-

2025 2488 2197 2544 lentes
2235 2503 2356 2544 esse
2403 2489 2674 2554 doctores,
2715 2503 2816 2544 nec
2849 2489 3213 2561 intelligentes
3259 2507 3380 2561 qua:
3426 2491 3601 2560 loqui-

2026 2581 2158 2635 mini
2192 2597 2363 2652 neque
2402 2581 2470 2636 de
2498 2581 2695 2650 quibus
2747 2581 3050 2650 afﬁrmatis,
3097 2592 3411 2638 sanctorum
3462 2599 3589 2654 apo-

2025 2673 2354 2727 stolorumct
2375 2671 2768 2726 catholicorum
2799 2686 2987 2740 puram
3017 2671 3321 2728 doctrinam
3349 2673 3588 2728 humana

2026 2764 2445 2835 praesumptione
2471 2762 2834 2829 fermentatis,
2874 2764 3097 2818 omnino
3126 2763 3462 2834 decipientes
3503 2780 3599 2820 vos

2025 2867 2083 2910 et
2106 2856 2246 2910 alios
2273 2856 2328 2909 in
2355 2856 2488 2910 istis.
2531 2855 2660 2923 Qua:
2680 2863 2863 2909 autem
2901 2870 3049 2910 nunc
3073 2856 3225 2912 vobis
3253 2857 3592 2928 scripsimus,

2026 2951 2276 3005 Christus
2315 2950 2516 3016 docuit,
2547 2960 2603 3004 et
2641 2948 2874 3019 apostoli
2923 2948 3134 3020 ipsius;
3179 2964 3303 3020 quae
3329 2951 3401 3004 ab
3425 2951 3510 3004 eis
3541 2961 3600 3005 et

2027 3060 2058 3097 a
2091 3043 2296 3098 sanctis
2352 3041 2603 3096 Patribus
2642 3049 2830 3096 sancta
2879 3049 2937 3096 et
2966 3041 3238 3098 catholica
3291 3041 3597 3111 suscipiens

2030 3135 2274 3190 Ecchsia
2329 3133 2580 3206 religiose
2632 3135 2886 3190 observat
2951 3135 3252 3201 hactenus;
3283 3149 3402 3206 quae
3420 3145 3478 3191 et
3511 3151 3604 3190 vos

338 3221 594 3288 Quorum
642 3222 886 3280 decimus
943 3225 1095 3290 ordo,
1155 3240 1252 3293 per
1279 3224 1589 3295 superbiam
1640 3239 1924 3288 corruens,
1955 3210 2002 3274 C
2035 3225 2268 3280 correcti
2324 3224 2634 3285 observate,
2673 3223 2719 3278 si
2759 3238 2866 3278 non
2919 3223 3084 3278 vultis
3130 3239 3163 3278 a
3202 3224 3423 3281 Christo
3475 3240 3611 3280 ana-

341 3313 655 3385 angelicum
710 3331 992 3370 numerum
1026 3315 1317 3380 imminuit,
1346 3325 1400 3369 et
1442 3313 1754 3370 felicitatem
1811 3329 1934 3384 per-

345 3407 612 3461 turbavit.
651 3405 752 3474 Qui
791 3408 1139 3463 condolcntcs
1183 3423 1295 3462 sua:
1350 3406 1717 3471 diminutioni,
1762 3415 1817 3461 et
1837 3422 1933 3475 pa-

341 3514 470 3552 rem
500 3499 710 3553 ruinam
737 3499 988 3554 timentes
1013 3499 1139 3564 sibi,
1168 3513 1198 3552 a
1231 3496 1470 3568 perfecta
1520 3497 1677 3554 laude
1700 3496 1928 3553 Creato-

345 3593 425 3646 ris
457 3591 609 3646 fuere
636 3592 934 3661 prmpediti.
952 3591 1201 3659 Quorum
1230 3589 1634 3662 recuperatidni
1655 3598 1711 3646 et
1733 3605 1930 3646 conso-

337 3681 543 3736 lationi
599 3664 888 3736 consulens
917 3682 1262 3750 omnipotens
1295 3679 1524 3736 Creator
1564 3681 1799 3752 primum
1827 3681 1926 3735 ho-

340 3773 560 3828 minem
600 3773 666 3826 de
711 3770 842 3826 limo
891 3781 1049 3826 teme
1107 3772 1381 3837 formavit,
1434 3773 1529 3842 qui
1580 3773 1659 3827 sui
1715 3771 1933 3841 generis

335 3862 812 3933 multiplicatione
867 3862 1063 3916 damna
1108 3861 1346 3917 cmlestis
1379 3863 1567 3930 patriae
1623 3862 1930 3925 resarcinet,

340 3967 517 4026 atque
548 3955 862 4025 angelorum
919 3953 1112 4023 gaudia
1169 3954 1463 4023 suppleret.
1495 3953 1612 4022 Qua
1647 3969 1744 4024 spe
1770 3966 1935 4022 ange-

333 4049 490 4104 licns
536 4048 740 4102 chorus
783 4047 851 4100 ad
880 4046 1149 4101 modicum
1203 4045 1559 4110 exhilaratus,
1602 4060 1704 4099 nec
1759 4059 1933 4108 mora,

217 4178 237 4189 -
333 4156 412 4197 ex
452 4139 608 4209 lapsu
635 4138 811 4208 ipsius
831 4136 1068 4193 hominis
1094 4134 1196 4190 fuit
1224 4135 1602 4191 conturbatus.
1650 4133 1806 4190 Unde
1846 4133 1934 4188 ille

341 4242 550 4289 norem
580 4231 832 4286 ordinum
884 4241 1181 4286 cenccntus
1233 4232 1285 4284 in
1336 4230 1491 4285 laude
1536 4228 1814 4286 Creatoris
1849 4244 1938 4284 re-

344 4323 565 4381 mansit
614 4321 988 4393 impeﬁ'ectns,
1047 4321 1218 4376 donec
1259 4321 1310 4375 in
1341 4322 1560 4378 Christo
1614 4327 1936 4391 resurgente

344 4413 664 4472 resurrexit
691 4413 981 4484 prolapsus
1011 4413 1097 4466 ille
1121 4411 1505 4482 prot0plastus.
1524 4411 1604 4466 lbi
1634 4420 1928 4482 augmento

341 4507 432 4561 sui
476 4504 692 4575 collegii
725 4513 780 4558 et
819 4504 1026 4560 meliori
1067 4518 1164 4572 spe
1203 4502 1478 4573 angelicas
1533 4503 1808 4559 exercitus
1841 4519 1930 4575 ga-

339 4598 527 4656 visus,
570 4596 624 4648 in
659 4610 851 4648 novum
882 4613 904 4647 ‹
933 4594 1161 4649 Alleluia
1192 4609 1216 4647 ι
1271 4595 1615 4650 consurrexit
1668 4601 1833 4659 totus,
1881 4604 1937 4648 et

343 4691 402 4744 in
437 4700 510 4741 eo
559 4696 770 4757 perstat
828 4689 1070 4742 devotus.
1132 4687 1304 4756 Quem
1340 4696 1397 4742 et
1433 4701 1529 4742 nos
1577 4701 1675 4759 pro
1715 4687 1935 4743 modulo

334 4787 556 4834 nostro
599 4777 892 4838 imitantes,
933 4792 965 4830 a
1010 4778 1441 4848 Septuagesima,
1504 4778 1720 4848 quando
1754 4779 1937 4848 lapsus

331 4868 683 4941 protoplasti
722 4868 772 4922 in
799 4867 1039 4923 Ecclesia
1067 4870 1347 4934 recitatur,
1380 4887 1399 4921 t
1433 4868 1662 4924 Alleluia
1692 4882 1710 4921 ι
1739 4885 1933 4925 novem

331 4960 792 5025 hebdomadibus
820 4961 1247 5026 intermittimus,
1271 4951 1481 5016 scilicet
1507 4961 1560 5016 in
1587 4962 1812 5033 pascha,
1845 4961 1932 5016 ubi

331 5050 612 5111 Christus
665 5065 954 5122 resurgens
1009 5068 1038 5105 a
1092 5050 1322 5106 mortuis
1377 5051 1656 5107 tristitiam
1693 5060 1936 5107 nostram

337 5146 404 5174 ἐς.
435 5141 695 5174 nasi-“sonu
721 5143 877 5168 κε--ιῗι
924 5150 972 5174 nl
997 5160 1019 5174 ιο
1057 5143 1276 5174 ΑίΙΛΙιιῖη
1312 5162 1329 5174 ι
1361 5142 1529 5174 -ΔᾹᾸῖΙ
1577 5141 1727 5174 Ληηλ
1755 5145 1939 5174 ιιοῖηηιι

1967 4563 2017 4624 D

2035 3323 2213 3378 thema
2242 3334 2384 3376 esse.
2427 3317 2596 3373 Porro
2645 3317 2966 3374 Benedictus
3008 3319 3397 3374 monachorum
3443 3318 3729 3396 Pater-9'1.

2030 3414 2281 3486 egregius
2302 3414 2356 3468 in
2385 3411 2532 3468 nullo
2557 3427 2588 3466 a
2626 3411 2782 3467 vobis
2802 3420 2888 3467 est
2912 3412 3295 3476 detrahendus,
3325 3413 3452 3482 quia
3480 3413 3607 3476 ﬁde,
3681 3389 3724 3436 ’

2031 3507 2279 3562 doctrina
2299 3516 2356 3562 et
2381 3506 2492 3561 vita
2521 3505 2844 3576 prmcipuus,
2874 3520 2977 3560 nec
3019 3505 3085 3559 ad
3112 3499 3368 3560 dextram
3413 3495 3515 3559 nec
3539 3506 3609 3556 ad

2029 3598 2314 3654 sinistram
2345 3596 2638 3668 aliquando
2668 3595 2962 3652 declinavit
2991 3612 3019 3649 a
3047 3605 3194 3652 recta
3225 3596 3336 3660 via,
3369 3609 3467 3648 nec
3500 3604 3606 3648 ter-

2033 3689 2210 3744 minos
2249 3702 2387 3759 quos
2423 3686 2615 3745 Patres
2654 3696 2951 3758 posuerunt
2971 3697 3052 3741 est
3082 3695 3476 3755 transgressus,
3505 3701 3608 3739 nec

2036 3781 2348 3852 Ieopardum
2371 3780 2583 3836 curavit
2608 3778 2855 3838 deﬁnire.
2877 3777 2973 3832 sed
3008 3777 3248 3847 regulam
3283 3776 3612 3831 discretione

2033 3873 2251 3942 plenam
2299 3870 2593 3926 cmnobitis
2653 3870 2889 3923 tradere.
2920 3866 2976 3921 In
3003 3883 3110 3936 qua
3156 3875 3214 3921 et
3242 3867 3289 3922 si
3329 3865 3616 3921 constituit

2033 3975 2190 4016 esum
2217 3962 2464 4016 carnium
2499 3958 2755 4021 inﬁrmis,
2779 3967 2834 4013 et
2855 3957 3134 4013 femoralia
3166 3959 3218 4012 in
3240 3956 3435 4012 itinere
3463 3957 3611 4027 posi-

2041 4052 2134 4116 tis,
2163 4051 2308 4106 absit
2377 4059 2556 4105 tamen
2587 4057 2647 4102 ut
2695 4047 3053 4102 arbitraretur
3102 4048 3218 4102 haec
3264 4047 3370 4102 duo
3426 4044 3611 4116 pejora

2035 4156 2160 4198 esse
2172 4141 2555 4205 fornicatione,
2577 4139 2972 4209 quamquidam
2994 4147 3169 4192 vestra
3180 4138 3311 4192 tium
3344 4137 3482 4192 adeo
3502 4137 3611 4192 sibi

2039 4232 2359 4300 defendunt,
2386 4241 2444 4289 ut
2463 4232 2676 4305 publice
2732 4232 2976 4303 proﬁteri
3015 4246 3114 4287 nec
3161 4229 3482 4286 erubescant
3510 4245 3610 4286 nec

2039 4335 2306 4390 metuant,
2365 4325 2472 4380 tale
2513 4338 2638 4380 esse
2693 4324 2971 4391 fornicari,
3032 4321 3194 4393 quale
3242 4330 3328 4378 est
3372 4321 3614 4392 quolibet

2038 4434 2200 4491 pomo
2222 4419 2364 4474 vesci
2401 4427 2460 4474 et
2493 4418 2639 4474 reﬁci
2667 4419 2680 4472 !
2731 4417 2882 4472 Unde
2915 4428 2970 4472 et
2998 4417 3330 4472 fornicantes
3352 4413 3609 4471 Sarabai~

2042 4519 2129 4565 tas
2169 4520 2537 4565 venerantur:
2595 4506 2948 4564 femoralibus
2987 4522 3116 4563 vero
3169 4517 3226 4562 et
3270 4506 3535 4563 carnibus
3557 4506 3613 4558 in

2043 4602 2370 4658 necessitate
2396 4609 2614 4657 utentes
2665 4601 2966 4657 canobitas
3010 4601 3234 4655 omtiiuo
3258 4600 3614 4655 detestantur.

2042 4693 2151 4750 Sed
2183 4693 2312 4764 quid
2362 4692 2495 4747 dicit
2545 4691 2814 4761 Propheta
2842 4692 2866 4745 ?
2903 4710 2921 4744 ι
2961 4692 3049 4747 Vae
3081 4692 3166 4746 his
3188 4691 3279 4762 qui
3309 4692 3497 4747 dicunt
3517 4691 3614 4744 bo-

2042 4800 2170 4840 num
2234 4783 2462 4848 malum,
2507 4793 2565 4837 et
2616 4783 2814 4837 malum
2867 4781 3069 4836 bonum
3125 4779 3284 4852 (hui.
3319 4794 3370 4841 v.
3410 4778 3504 4844 20)
3535 4781 3553 4832 Σ
3590 4799 3611 4832 ο

2041 4873 2298 4943 Nunquid
2326 4887 2426 4927 vas
2450 4871 2730 4927 electionis
2759 4872 2948 4926 beatus
2977 4868 3260 4941 apostolus
3279 4868 3483 4926 Paulus
3508 4869 3615 4924 ali-

2035 4964 2162 5019 cubi
2193 4963 2423 5018 deﬁnit:
2455 4961 2642 5033 Neque
2681 4963 2943 5018 carnibus
2977 4971 3071 5018 aut
3092 4960 3446 5018 femoralihus
3471 4975 3642 5020 utenw

2048 5067 2147 5120 tes,
2182 5069 2406 5125 regnum
2439 5053 2534 5110 Dei
2571 5053 2924 5126 possidebunt
2947 5053 2971 5107 τ
2995 5053 3100 5129 Qui
3143 5064 3322 5112 tamen
3347 5054 3626 5129 plerisque

2043 5145 2175 5174 ιιι-ζ..
2202 5145 2552 5174 traha-nonin.
2580 5141 2813 5174 luna-llus!
2871 5141 3061 5174 ,δι’δι’-ι-
3088 5163 3099 5168 ·
3141 5161 3157 5174 ι
3201 5140 3373 5174 ΝΛΙῖιΔ
3401 5157 3620 5174 Ann-nono
