4124 5374
565 397 668 455 975

565 519 676 572 het.
720 511 896 582 lnquit
941 509 1085 565 enim
1121 507 1350 563 dilectus
1380 507 1581 563 Christi
1617 507 1914 577 discipulus
1955 525 1967 562 :

565 606 866 666 dixerimus
889 602 1012 672 quia
1043 599 1488 655 communitatem
1521 598 1782 653 habemus
1823 614 1944 653 cum
1977 614 2061 662 eo,
2095 607 2149 653 et

567 700 622 754 in
654 695 893 752 tenebris
928 691 1286 754 ambulamus,
1328 689 1639 751 mentimur,
1681 697 1734 742 et
1774 703 1880 743 non
1919 687 2151 744 facimus

568 789 874 844 veritatem.
911 784 966 838 Si
989 792 1168 838 autem
1197 781 1248 836 in
1279 780 1478 835 lumine
1503 779 1844 834 ambulamus
1868 779 2006 833 sicut
2032 779 2150 849 ipse

566 889 652 935 est
685 879 737 934 in
769 877 992 938 lumine.
1019 873 1464 928 communitatem
1497 873 1760 927 habemus
1790 872 1856 926 ad
1895 872 2146 938 invicem,

567 981 622 1027 et
658 969 877 1038 sanguis
907 965 1034 1021 Jesu
1070 964 1272 1020 Christi
1310 964 1562 1032 puriticat
1592 978 1691 1018 nos
1727 963 1794 1017 ab
1833 963 1978 1018 omni
2023 979 2149 1034 pec-

567 1070 692 1116 cato
719 1059 768 1129 (1
791 1056 952 1112 Joan.
982 1071 1020 1121 ι,
1053 1056 1106 1119 6,
1137 1054 1212 1121 7).
1247 1073 1265 1105 ι
1305 1053 1403 1121 Qui
1435 1069 1564 1125 ergo
1594 1068 1781 1125 azyma
1813 1054 2066 1118 comedit,
2095 1055 2148 1108 in

571 1151 810 1208 tenebris
851 1149 982 1220 legis
1022 1146 1276 1200 ambulat.
1319 1145 1384 1199 Et
1425 1145 1695 1214 quomodo
1725 1141 1880 1216 [non]
1930 1142 2149 1199 habebit

569 1246 883 1302 societatem
915 1256 1034 1295 cum
1071 1239 1309 1300 Christo,
1339 1238 1430 1307 qui
1457 1247 1541 1292 est
1573 1237 1626 1290 in
1660 1235 1861 1290 lumine
1891 1235 2024 1289 Novi
2063 1235 2146 1290 sui

571 1334 903 1393 Testamenti
933 1342 984 1388 et
1017 1333 1239 1404 gratiae?
1268 1330 1402 1385 Nam
1439 1330 1529 1400 qui
1555 1329 1608 1384 in
1638 1329 1843 1384 lumine
1869 1328 2150 1386 ambulant

571 1427 781 1500 gratiae,
815 1439 1008 1495 panem
1050 1423 1333 1478 comedunt
1362 1422 1452 1490 qui
1486 1429 1569 1476 est
1595 1434 1791 1488 corpus
1823 1418 2021 1473 Christi
2048 1459 2064 1484 ,
2095 1426 2150 1474 et

572 1518 762 1572 bibunt
789 1513 1102 1582 sanguinem
1135 1509 1537 1565 immaculatum
1574 1509 1709 1579 ejus,
1739 1518 1795 1562 et
1833 1508 1904 1562 ita
1947 1508 2150 1564 habent

571 1609 638 1662 ad
677 1606 928 1670 invicem,
975 1613 1031 1658 et
1074 1617 1197 1656 cum
1233 1600 1456 1657 Christo
1482 1599 1819 1664 societatem,
1854 1599 2149 1669 puriﬁcati,

572 1699 710 1753 sicut
744 1696 946 1751 dictum
982 1701 1086 1757 est,
1127 1692 1198 1748 ab
1230 1692 1377 1746 omni
1418 1691 1848 1762 inquinamento.
1883 1692 2147 1762 Azymum

573 1797 750 1842 autem
783 1801 887 1842 non
914 1793 996 1841 est
1021 1783 1192 1854 panis.
1220 1783 1402 1854 Neque
1423 1783 1566 1836 enim
1594 1781 1944 1852 compositus,
1975 1797 2149 1852 neque

1298 391 1729 449 HUMBERTUS
1769 394 1830 448 S.
1873 393 1944 448 [ἲ.
1987 394 2048 450 Ε.
2092 395 2524 452 CARDINALIS.
2553 428 2624 440 -ρ
2653 397 2781 452 LIB.
2819 394 3091 453 NICETE

3734 398 3847 452 976

2018 526 2037 560 ι
2084 507 2140 562 Si
2173 513 2216 570 Α
2249 527 2346 565 nos
2373 521 2425 566 et
2467 511 2742 567 immolato
2771 511 2989 566 Christo
3027 509 3373 579 incorporati,
3410 519 3464 566 et
3509 515 3656 566 velut
3699 527 3844 566 caro

2251 601 2387 671 ejus,
2428 601 2569 657 sicut
2597 602 2858 671 scriptum
2889 610 2990 656 est.
3024 598 3078 654 Si
3121 608 3301 653 autem
3333 598 3400 652 ad
3439 600 3734 654 iucreatam
3781 610 3842 654 et

2252 693 2628 762 incorpoream
2676 704 2924 748 naturam
2965 701 3164 747 sancta:
3206 690 3490 747 Trinitatis
3533 694 3839 758 assumitis,

2250 783 2446 838 erratis
2497 784 2752 839 cadentes
2804 784 2857 838 iu
2906 783 3155 838 lueresim
3204 796 3392 836 eorum
3437 783 3529 854 qui
3581 794 3839 839 asserunt

2254 873 2420 926 Deum
2446 886 2685 940 passum,
2716 871 2804 941 qui
2829 871 3013 926 dicunt
3034 885 3374 940 compassum
3402 871 3631 926 Verbum
3655 875 3836 938 carni,

2251 973 2303 1018 ω
2338 965 2584 1018 eamdem
2623 965 2791 1034 ipsam
2839 964 3094 1017 deitatem
3136 963 3457 1019 sustinuisse
3495 966 3834 1034 passionem.

2250 1051 2366 1107 Non
2407 1055 2548 1107 enim
2581 1053 2788 1122 puriter
2828 1052 3066 1108 Trinitas
3106 1052 3388 1107 incarnata
3427 1062 3533 1120 est,
3574 1053 3735 1108 Pater
3779 1061 3842 1109 et

2251 1141 2418 1196 Filius
2465 1150 2520 1196 et
2565 1140 2806 1212 Spiritus
2851 1151 3091 1208 sanctus,
3132 1150 3186 1196 ut
3227 1141 3630 1212 conspiciantur
3672 1145 3725 1198 in
3766 1157 3840 1198 ea

2251 1232 2367 1288 lucc
2398 1232 2522 1297 tria,
2554 1247 2693 1300 aqua
2723 1242 2782 1287 ut
2817 1233 3038 1297 dicitur,
3077 1231 3248 1287 farina
3283 1241 3337 1288 et
3379 1233 3538 1304 ignis,
3585 1244 3635 1290 et
3677 1246 3736 1290 ut
3781 1235 3840 1290 in

2252 1321 2419 1392 ﬁgura
2449 1322 2616 1393 ipsius
2646 1320 2862 1378 faciatis
2889 1338 3137 1394 azymum
3174 1332 3229 1378 et
3265 1325 3592 1380 sacriﬁcium
3635 1324 3840 1382 offera-

2253 1413 2319 1467 tis
2347 1430 2359 1464 :
2391 1413 2484 1467 sed
2513 1427 2650 1467 unus
2676 1427 2743 1468 ex
2772 1412 3039 1469 Trinitate
3061 1413 3253 1479 Filius,
3278 1425 3334 1470 et
3362 1417 3594 1472 Verbum
3627 1417 3718 1472 Dei
3750 1421 3839 1474 in-

2251 1513 2528 1558 carnatum
2544 1512 2648 1568 est,
2668 1517 2734 1558 ex
2758 1504 3081 1560 castissimis
3097 1514 3296 1560 sanctae
3319 1505 3553 1577 Virginis
3569 1511 3833 1564 carnibus

2252 1593 2413 1648 homo
2435 1592 2683 1659 effectus;
2713 1603 2769 1649 et
2790 1595 2970 1650 omnia
2997 1595 3356 1652 ordinationis
3384 1613 3496 1652 sum
3523 1601 3834 1669 perlirieus,

2250 1683 2544 1738 cruciﬁxus
2586 1691 2671 1738 est
2713 1697 2902 1750 carne,
2950 1699 3057 1740 non
3110 1700 3264 1755 passa
3317 1687 3597 1744 divinitate
3638 1690 3835 1760 ipsius.

2251 1776 2427 1832 Carne
2473 1777 2642 1848 igitur
2681 1778 3002 1844 cruciﬁxus,
3051 1779 3275 1836 tradidit
3323 1781 3476 1836 nobis
3527 1784 3686 1838 edere
3736 1799 3838 1854 per

527 1939 538 1950 ν
572 1891 668 1944 per
695 1890 753 1929 se
773 1873 945 1944 ipsum
962 1873 1468 1944 perfectusest,sed
1499 1872 1744 1942 indigens
1770 1873 2148 1943 semiqueper-
2180 1861 2224 1920 Β
2251 1883 2446 1938 panem
2483 1881 2704 1924 carnem
2752 1883 2927 1936 suam.
2972 1884 3134 1939 quam
3179 1869 3232 1925 ἱη
3279 1871 3484 1941 δρὶι“ἰ1υ
3523 1886 3711 1930 sanclo
3757 1877 3836 1932 ita

574 1966 763 2030 fectus,
804 1965 1051 2036 indigens
1082 1963 1413 2034 plenitudine
1452 1962 1723 2017 fermenti.
1769 1962 1933 2018 Panis
1967 1973 2146 2018 autem

573 2057 921 2128 compositus,
959 2071 1056 2126 per
1095 2057 1329 2124 seipsum
1361 2053 1636 2125 perfectus
1679 2062 1762 2109 est
1801 2064 1856 2108 et
1891 2054 2145 2124 plenissi-

576 2163 626 2201 m
648 2163 716 2212 IS,
753 2147 893 2202 sicut
929 2145 1020 2200 ille
1055 2145 1146 2215 qui
1188 2153 1359 2199 totum
1407 2143 1572 2199 habet
1610 2142 1663 2197 in
1701 2144 1880 2216 seipso
1909 2143 2148 2213 plenitu-

573 2236 738 2290 diuis.

645 2325 725 2380 lll.
768 2324 1195 2379 Animadvertite
1243 2332 1297 2378 et
1352 2323 1615 2378 attendite
1656 2323 1782 2393 quia
1832 2323 1885 2378 in
1939 2323 2150 2395 azymis

576 2419 718 2472 nulla
753 2426 837 2471 est
863 2416 1048 2470 vivens
1075 2416 1264 2479 virtus,
1296 2421 1501 2470 mortua
1537 2415 1681 2469 enim
1723 2424 1878 2481 sunt;
1919 2415 1971 2470 in
2010 2431 2150 2486 pane

577 2517 780 2572 autem,
807 2507 909 2560 hoc
945 2515 1051 2567 est.
1080 2519 1308 2574 corpore
1365 2503 1590 2569 Christi,
1626 2505 1727 2558 tria
1763 2515 1887 2560 sunt
1917 2507 2148 2562 viventia

577 2607 626 2652 et
677 2599 843 2652 vitam
886 2596 1180 2667 prmbentia
1231 2596 1310 2650 eis
1351 2595 1441 2666 qui
1492 2609 1558 2650 ea
1602 2596 1762 2666 digne
1802 2598 2091 2653 comedunt
2132 2617 2146 2653 :

579 2687 836 2760 Spiritus,
883 2703 1022 2758 aqua
1072 2698 1127 2741 et
1161 2687 1404 2757 sanguis,
1443 2700 1540 2741 ceu
1578 2695 1632 2740 et
1671 2687 1804 2757 ipse,
1849 2687 1942 2756 qui
1988 2703 2150 2758 super

578 2789 768 2850 pectus
791 2777 993 2833 Christi
1027 2778 1079 2832 in
1108 2791 1262 2832 coena
1298 2776 1567 2842 recubuit,
1595 2775 1832 2834 Joannes
1854 2781 2148 2835 contestiﬁ-

577 2881 732 2923 catur
776 2868 828 2922 in
875 2881 940 2922 eo
985 2867 1194 2922 verbo:
1248 2885 1268 2916 ι
1305 2863 1440 2922 Tres
1483 2877 1608 2921 sunt
1647 2867 1740 2937 qui
1784 2869 2148 2923 testimonium

577 2961 726 3024 dant,
761 2957 1012 3027 Spiritus,
1054 2970 1190 3024 aqua
1233 2963 1286 3009 et
1320 2954 1561 3026 sanguis,
1609 2964 1663 3010 et
1701 2956 1752 3009 hi
1799 2965 1910 3012 tres
1944 2958 1996 3012 in
2043 2973 2150 3014 uno

576 3057 701 3101 sunt
729 3045 781 3117 (I
812 3046 974 3100 Joan.
1005 3061 1060 3110 v,
1096 3046 1174 3116 8),
1223 3063 1242 3097 ι
1287 3044 1536 3099 videlicet
1577 3045 1628 3100 in
1663 3061 1892 3116 corpore
1925 3048 2145 3102 Christi.

579 3139 730 3206 Quod
773 3148 826 3192 et
872 3136 1164 3192 secundum
1209 3145 1417 3206 tempus
1453 3137 1747 3192 Dominicze
1781 3139 2150 3196 cruciﬁxionis

2253 1957 2428 2015 vivam
2474 1961 2704 2016 dicimus
2746 1974 2762 2014 :
2813 1977 2832 2012 ι
2877 1961 3121 2031 Accipite
3169 1972 3222 2016 et
3269 1965 3555 2030 comedite,
3603 1967 3702 2021 hoc
3745 1977 3832 2021 est

2251 2066 2449 2122 corpus
2479 2066 2682 2116 meum,
2721 2051 2864 2120 quod
2909 2067 3007 2121 pro
3051 2053 3206 2110 vobis
3247 2051 3477 2109 fractum
3517 2066 3622 2123 est,
3658 2058 3710 2112 in
3746 2075 3834 2115 re-

2252 2145 2564 2199 missionem
2594 2156 2945 2215 peccatorum
2973 2147 3190 2220 (Matth.
3220 2166 3371 2217 xxvi,
3394 2151 3607 2223 '26-‘28).
3645 2175 3664 2209 ι

2324 2235 2384 2290 γ.
2426 2234 2565 2303 Quid
2591 2251 2718 2308 ergo
2752 2239 2925 2306 vobis,
2965 2241 3021 2295 in
3052 2240 3272 2297 Christo
3304 2243 3566 2300 fratribus
3609 2249 3826 2306 nostris.

2251 2335 2306 2381 et
2327 2325 2426 2396 legi
2457 2342 2577 2396 qure
2601 2327 2882 2383 maledicta
2909 2340 2992 2386 est
3015 2332 3068 2386 in
3082 2329 3338 2388 Christo?
3364 2337 3616 2404 quoniam
3647 2337 3828 2394 adhuc

2251 2433 2498 2489 azymum
2527 2417 2851 2475 fermentum
2878 2421 2996 2492 ejus
3025 2423 3342 2478 comeditis?
3384 2424 3532 2479 Nova
3571 2437 3821 2481 creatura

2250 2524 2435 2564 sumus
2459 2510 2512 2564 iu
2537 2508 2752 2566 Christo
2776 2529 2792 2564 :
2819 2521 2999 2567 vetera
3029 2513 3378 2570 transierunt.
3405 2516 3626 2571 Paulum
3649 2520 3826 2574 audite

2249 2601 2520 2656 dicentem
2566 2617 2577 2652 :
2613 2618 2632 2650 ο
2677 2599 2815 2656 Ecce
2843 2601 2988 2658 facta
3025 2614 3150 2658 sunt
3187 2606 3368 2659 omnia
3408 2622 3545 2661 nova
3577 2607 3659 2678 (11
3699 2607 3821 2662 Cor.

2250 2707 2302 2755 v,
2333 2690 2442 2760 l7).
2479 2710 2500 2743 ι
2528 2690 2584 2747 Si
2611 2699 2792 2746 autem
2819 2693 2932 2748 haec
2963 2693 3250 2750 comedere
3273 2695 3567 2753 decernitis
3577 2700 3776 2766 justum
3804 2718 3816 2753 :

2249 2797 2346 2838 cur
2384 2797 2490 2836 non
2526 2790 2583 2836 et
2629 2782 3119 2838 circumcidimini?
3167 2784 3419 2840 Christus
3467 2789 3823 2844 circumcisus

2249 2888 2351 2927 ρει.
2383 2873 2493 2928 Cur
2521 2889 2627 2928 non
2666 2883 2720 2929 et
2760 2875 3159 2944 puriticamim?
3198 2876 3396 2932 Paulus
3430 2879 3592 2934 etiam
3629 2890 3681 2935 et
3721 2881 3823 2935 hoc

2250 2960 2378 3017 fecit
2410 2981 2422 3017 :
2460 2972 2514 3017 et
2553 2963 2653 3018 alia
2699 2967 2862 3020 etiam
2903 2965 3082 3019 omnia
3131 2966 3382 3023 similiter
3423 2984 3643 3024 servare
3674 2980 3822 3024 vete-

2251 3066 2392 3115 rum,
2421 3051 2562 3106 sicut
2593 3061 2647 3105 ct
2669 3052 2720 3106 hi
2751 3068 2814 3108 ea
2843 3069 2964 3122 qua:
2994 3055 3130 3126 legis
3151 3065 3277 3110 sunt
3309 3057 3537 3123 faciunt,
3569 3073 3666 3128 per
3690 3073 3828 3128 quos

2251 3155 2446 3195 nomen
2488 3141 2579 3196 Dei
2619 3142 2670 3195 in
2695 3145 2946 3214 gentibus
2964 3145 3382 3216 blasphematur,
3416 3149 3558 3203 sicut
3583 3150 3822 3205 estseri-

581 3234 906 3290 declaratum
932 3240 1036 3297 est,
1057 3247 1179 3286 cum
1207 3247 1344 3301 aqua
1371 3242 1426 3286 et
1461 3232 1677 3303 sanguis
1704 3248 1768 3287 cx
1800 3232 2145 3289 immaculata
2175 3235 2218 3296 C
2251 3241 2396 3302 ptum
2430 3249 2444 3286 :
2483 3252 2500 3284 ι
2535 3232 2649 3291 Non
2684 3237 2822 3290 bona
2853 3247 2935 3315 est
2963 3238 3212 3310 gloriatio
3245 3250 3417 3295 vestra
3451 3242 3498 3313 (Ι
3528 3241 3651 3298 Cor.
3675 3259 3723 3306 v,
3747 3244 3821 3314 6),

579 3335 728 3380 costa
761 3325 928 3394 ipsius
951 3320 1151 3378 efﬂuxit
1187 3341 1200 3376 :
1239 3323 1424 3379 lancea
1467 3339 1726 3394 percussa
1765 3339 1929 3379 carne
1959 3325 2149 3395 ipsius,

576 3427 800 3473 sanctus
829 3415 1061 3487 Spiritus
1086 3415 1437 3487 viviﬁcusque
1465 3417 1516 3472 in
1551 3417 1798 3473 deificata
1835 3432 1997 3474 carne
2034 3416 2150 3482 eius

577 3509 892 3580 permansit.
917 3507 1089 3576 Quam
1111 3509 1451 3564 comedentes
1475 3508 1530 3564 in
1552 3510 1818 3580 pane,qui
1837 3510 2150 3565 immutatus

575 3612 659 3658 est
685 3617 781 3674 per
803 3600 1064 3672 Spiritum
1091 3610 1146 3655 et
1168 3600 1389 3656 effectus
1417 3609 1502 3656 est
1539 3616 1735 3672 corpus
1757 3602 1979 3668 Christi,
2013 3603 2150 3657 vivi-

577 3709 696 3750 mus
727 3694 779 3748 in
822 3691 960 3764 ipso,
1004 3700 1259 3762 tanquam
1297 3692 1474 3746 vivam
1505 3701 1560 3747 et
1589 3692 1892 3749 deificatam
1931 3708 2148 3749 carnem

575 3787 816 3842 edentes.
848 3784 938 3842 Sic
968 3795 1150 3840 autem
1174 3793 1230 3841 et
1255 3785 1568 3857 sanguinem
1595 3787 1772 3842 vivum
1806 3800 1861 3844 et
1882 3787 2151 3844 calidissi-

577 3895 722 3933 mum
748 3877 866 3949 ejus
897 3877 1144 3933 bibentes
1176 3893 1298 3932 cum
1327 3875 1576 3934 eﬂluente
1605 3893 1744 3950 aqua
1776 3894 1844 3933 ex
1885 3879 2150 3934 immacu-

577 3970 680 4026 lata
703 3981 852 4026 costa
880 3967 1017 4039 ejus,
1048 3969 1370 4024 mundamur
1396 3970 1464 4026 ab
1495 3971 1642 4024 omni
1671 3969 1890 4037 delicto,
1923 3968 2153 4026 ferventi

578 4063 851 4135 replemur
882 4061 1106 4133 Spiritu.
1130 4062 1374 4117 Calidum
1397 4063 1564 4129 enim,
1588 4071 1646 4118 ut
1672 4064 1888 4130 videtis,
1915 4063 2061 4120 velut
2084 4080 2150 4120 ex

580 4159 748 4211 latere
784 4156 1017 4221 Domini,
1043 4155 1265 4211 calicem
1300 4155 1555 4220 hihimus,
1580 4156 1708 4228 quia
1741 4171 1808 4210 ex
1833 4156 1950 4211 viva
1986 4171 2152 4213 carne

573 4255 627 4298 et
654 4246 828 4300 calida
850 4245 1042 4314 spiritu
1068 4245 1269 4301 Christi
1289 4245 1649 4302 calidissimus
1673 4247 1828 4301 nobis
1857 4247 2079 4316 sanguis
2099 4255 2153 4301 et

573 4351 716 4412 aqua
747 4335 1038 4390 emanavit.
1084 4335 1235 4405 Quod
1274 4335 1328 4390 in
1362 4335 1443 4392 eis
1478 4337 1568 4406 qui
1612 4351 1804 4407 azyma
1840 4338 2150 4405 comedunt,

577 4432 765 4501 nequit
788 4429 927 4484 ﬁeri.

644 4521 735 4578 ιγ.
777 4519 834 4575 Si
871 4529 1050 4576 autem
1094 4529 1366 4576 mortuum
1409 4517 1735 4574 fermentum
1773 4519 2080 4585 comeditis,
2117 4535 2151 4576 ο

2254 3333 2312 3378 ιιι
2337 3332 2390 3379 et
2408 3338 2507 3396 ego
2533 3341 2651 3396 qua:
2673 3326 2820 3382 Pauli
2852 3339 2976 3384 sunt
3004 3330 3194 3401 loquar
3220 3333 3287 3386 ad
3309 3347 3404 3386 vos
3433 3350 3445 3386 :
3477 3351 3494 3384 ι
3521 3333 3769 3398 Nescitis,
3799 3353 3820 3386 ι

2253 3415 2445 3485 inquit,
2498 3435 2516 3468 ι
2554 3420 2678 3488 quia
2726 3421 2996 3476 modicum
3025 3421 3352 3478 fermentum
3392 3433 3558 3480 totam
3597 3441 3824 3481 massam

2252 3511 2608 3582 corrumpit?
2671 3531 2690 3564 ι
2755 3511 3012 3583 (lbid.,)
3077 3513 3143 3568 Et
3201 3515 3358 3586 panis
3413 3516 3653 3580 tandem,
3721 3531 3822 3569 non

2252 3600 2798 3674 azymumﬁflicitur.
2849 3602 2956 3658 Sed
3005 3604 3133 3674 quid
3183 3605 3270 3660 hic
3319 3604 3494 3660 dictus
3543 3603 3827 3676 Apostolus

2253 3691 2442 3747 scribit
2483 3690 2548 3746 ad
2587 3690 2940 3746 Corinthios?
2977 3690 3254 3762 Nunquid,
3289 3703 3346 3746 ut
3381 3709 3479 3750 vos
3524 3695 3821 3758 mstimatis,

2253 3786 2320 3839 de
2341 3782 2706 3838 celebratione
2736 3797 2899 3853 quam
2937 3798 3033 3839 vos
3064 3784 3115 3838 in
3148 3785 3352 3857 azymis
3377 3785 3695 3842 celebratis?
3723 3785 3823 3840 Ne-

2251 3886 2540 3943 quaquam.
2575 3869 2681 3925 Sed
2711 3873 2969 3940 quoniatn
3003 3871 3080 3926 illi
3119 3873 3221 3928 hoc
3272 3875 3643 3944 despiciebant
3683 3874 3822 3945 quod

2253 3963 2448 4032 aliquis
2488 3976 2777 4017 novercam
2803 3971 3111 4032 acceperat,
3145 3973 3201 4018 et
3238 3965 3291 4018 in
3327 3965 3567 4036 antiquis
3595 3979 3819 4020 consue-

2253 4055 2528 4110 tudiuibus
2569 4053 2714 4108 falsa:
2760 4055 3000 4109 scientiae
3037 4070 3149 4110 sua:
3193 4055 3592 4126 gloriabantur;
3643 4058 3826 4112 volens

2253 4159 2431 4204 autem
2477 4163 2574 4204 eos
2609 4149 2851 4204 converti
2890 4147 3087 4206 Paulus
3130 4160 3184 4204 et
3221 4165 3290 4207 ex
3333 4160 3513 4207 vetere
3547 4167 3824 4208 removere

2256 4239 2481 4306 malitia,
2505 4239 2649 4294 venit
2681 4255 2778 4311 per
2805 4239 3213 4296 similitudinem
3244 4243 3404 4306 hanc,
3433 4241 3683 4298 fermenti
3706 4243 3825 4298 dico

2254 4337 2307 4385 et
2339 4343 2548 4392 massae,
2574 4330 2813 4384 ostendit
2841 4330 2921 4384 eis
2957 4330 3214 4400 quoniam
3249 4347 3410 4384 unum
3446 4332 3644 4386 malum
3665 4373 3679 4394 ,
3711 4342 3826 4385 tan-

2256 4433 2418 4485 quam
2436 4417 2704 4472 modicum
2720 4427 3110 4489 contemptum,
3129 4436 3377 4490 magnam
3397 4421 3448 4474 in
3464 4430 3577 4475 toto
3597 4437 3823 4491 corpore

2255 4505 2511 4564 Ecclesiae
2533 4504 2693 4563 faciet
2721 4509 3012 4564 lar-sionem.
3033 4509 3324 4581 Propterea
3346 4511 3518 4582 inquit
3533 4511 3819 4580 adjiciens:

575 4610 988 4682 sapientissimi,
1024 4620 1083 4665 ut
1114 4625 1295 4666 sermo
1327 4608 1646 4676 declaravit,
1677 4607 1831 4678 cujus
1871 4610 1945 4666 rei
1975 4611 2148 4681 gratia

2259 4617 2275 4649 ι
2313 4597 2380 4652 Et
2413 4613 2520 4653 non
2558 4597 2761 4653 luctum
2792 4599 3078 4664 habuistis,
3110 4611 3168 4658 ut
3207 4600 3490 4657 auferatur
3532 4603 3601 4657 de
3649 4606 3823 4660 medio

576 4700 904 4772 gloriamini,
936 4699 1178 4756 dicentes
1210 4716 1225 4754 :
1266 4715 1288 4752 ι
1336 4697 1473 4767 Quia
1508 4712 1614 4753 non
1647 4698 1790 4754 sicut
1825 4713 1920 4755 vos
1957 4699 2068 4754 sale
2097 4709 2152 4756 et

578 4798 844 4852 fermento
879 4785 1046 4866 atque
1085 4807 1225 4864 aqua
1272 4791 1502 4854 farinam
1547 4800 1932 4862 temperamus,
1973 4802 2030 4848 et
2072 4793 2152 4850 sic

580 4889 806 4948 facimus
829 4885 1156 4943 oblationem
1183 4899 1496 4956 azymorum
1528 4892 1858 4949 nostrorum,
1889 4883 1984 4939 sed
2011 4899 2152 4955 aqua

577 4981 690 5045 solo
714 4981 773 5036 'et
798 4979 971 5044 farina
993 4989 1049 5033 et
1070 4976 1178 5047 igni
1197 4989 1444 5045 azymum
1468 4973 1807 5040 conﬁcimus,
1831 4983 1885 5028 et
1907 4974 1958 5028 in
1977 4975 2152 5031 tribus

579 5073 662 5126 his
693 5084 880 5126 auram
911 5069 1140 5123 fecitne:
1165 5076 1403 5121 nostram
1431 5065 1788 5126 oblationem;
1822 5085 1843 5118 ι
1870 5074 2152 5126 perconta-

2256 4687 2419 4742 vestri
2465 4687 2557 4758 qui
2611 4688 2713 4743 hoc
2758 4704 2894 4759 opus
2931 4700 3189 4760 operatus
3223 4693 3345 4746 est?
3381 4711 3400 4744 ι
3454 4691 3505 4764 (1
3521 4690 3646 4748 Cor.
3672 4695 3823 4763 νά.)

2253 4775 2437 4832 Potest
2463 4778 2631 4844 enim,
2660 4778 2856 4848 iuqttit,
2888 4779 3143 4852 iniquitas
3170 4781 3270 4835 ista
3303 4783 3371 4835 ad
3397 4797 3592 4838 omnes
3615 4795 3825 4838 vestras

2254 4873 2416 4926 urbes
2461 4870 2712 4936 transire,
2754 4884 2830 4935 et,
2880 4881 3134 4942 tanquam
3181 4873 3448 4928 modicum
3498 4872 3823 4930 fermenmm

2255 4973 2420 5018 totam
2460 4977 2695 5018 massam
2722 4960 3032 5030 fermentat,
3064 4967 3145 5020 sic
3181 4983 3370 5024 omnes
3399 4950 3735 5039 apprehendi
3770 4976 3826 5022 et

2251 5055 2585 5120 fertnentari,
2604 5065 2660 5110 et
2685 5071 2848 5110 unam
2876 5073 3108 5114 massam
3135 5060 3356 5120 majoris
3381 5061 3824 5118 ininuitatisone-
