4124 5374
304 237 406 297 977

1631 224 1908 288 CONTRA
1943 228 2252 310 LATINOS.

3447 229 3584 294 978.

306 357 362 402 et
404 346 674 417 nequitiae,
717 345 809 401 sed
847 344 898 400 in
940 341 1147 415 azymis
1185 340 1518 396 sinceritatis
1551 351 1605 395 et
1631 341 1877 396 veritatis
1907 347 1951 404 Α
1984 343 2034 397 in
2074 358 2184 412 quo
2210 341 2475 413 contingit
2507 342 2726 398 evenire
2764 337 2900 397 l53i
2929 355 3101 396 annos
3141 355 3155 394 :
3195 342 3373 411 cyclns
3406 345 3551 398 cnim

306 437 470 509 (Ibid.
505 437 581 506 8),
617 455 636 486 ι
663 435 764 489 hoc
790 443 874 488 est
901 446 1046 503 pune
1071 431 1192 486 vita:
1224 439 1277 484 et
1318 430 1462 493 lidei,
1493 445 1598 498 qua
1632 430 1684 484 in
1715 429 1878 484 Deum

307 527 600 589 credimus,
645 536 699 579 et
743 538 960 578 veraces
1007 529 1255 575 oratores
1301 516 1417 586 ejus
1465 518 1748 574 elllcimur.
1790 517 1885 572 Sic

310 618 530 687 Magnus
552 616 848 686 Gregorius
878 614 1158 684 theologus
1181 614 1281 667 hoc
1318 611 1540 666 verbum
1581 612 1811 680 accepit.
1840 612 1886 666 0

308 707 718 780 sapientissimi,
749 721 812 763 ea
843 721 961 775 quae
993 704 1191 760 mentis
1229 703 1539 774 apostolica:
1577 712 1704 757 sunt
1733 701 1886 756 intel-

309 798 484 870 ligite,
514 806 569 852 et
594 813 723 860 non,
754 794 1202 865 quemadmodum
1236 795 1338 848 hoc
1369 807 1466 847 vos
1491 791 1797 862 accepistis,
1824 792 1888 843 de

306 900 624 960 azymorum
667 885 961 941 festivitate
989 891 1042 939 ct
1073 883 1510 954 participatione.
1554 881 1610 935 Si
1646 882 1789 936 enim
1825 883 1891 934 de

308 979 519 1049 azymis
558 987 614 1032 et
650 976 716 1032 de
743 974 1104 1031 celebratione
1141 987 1328 1026 eorum
1366 970 1660 1026 Corinthiis
1694 969 1892 1024 Paulus

309 1064 678 1140 praecepisset,
711 1073 766 1120 et
793 1078 888 1118 eos
922 1063 973 1118 in
1011 1063 1214 1133 azymis
1249 1059 1455 1132 epulari
1479 1058 1754 1128 iussisset,
1787 1074 1891 1113 non

310 1157 714 1230 promulgasset
761 1169 884 1210 cum
932 1152 1202 1217 undecim,
1253 1159 1310 1206 et
1362 1165 1581 1206 onmem
1630 1149 1897 1205 reducens

309 1249 612 1305 Ecclesiam
645 1246 878 1302 lidelium
909 1247 962 1299 in
994 1244 1266 1310 ordinem,
1287 1241 1344 1298 in
1378 1240 1778 1312 septuagesimo
1806 1257 1892 1295 ca-

312 1357 478 1405 none,
504 1354 628 1396 cum
654 1336 1215 1394 excommunicatione
1240 1333 1585 1404 prmcepisset
1620 1332 1894 1394 omnibus,

313 1432 621 1504 hujusmodi
651 1447 870 1487 causam
900 1447 930 1483 a
959 1427 1159 1483 Judaeis
1186 1425 1491 1481 nullatenus
1534 1422 1709 1494 accipi
1743 1436 1758 1476 :
1788 1439 1806 1473 ι
1839 1422 1895 1476 Si

313 1525 440 1594 quis
484 1522 789 1592 episcopus,
843 1527 938 1574 aut
983 1517 1284 1588 presbyter,
1335 1523 1428 1569 aut
1472 1514 1756 1578 diaconus,
1805 1520 1901 1565 aut

314 1607 536 1670 omnino
565 1626 631 1665 ex
665 1625 888 1664 numero
919 1608 1241 1663 clericorum
1265 1603 1597 1674 jejunaverit
1626 1617 1748 1657 cum
1788 1600 1894 1656 ile-

1982 433 2250 488 solis-erat
2281 431 2344 488 l8
2377 441 2430 487 et
2459 432 2515 497 5,
2539 441 2598 486 ut
2627 447 2732 487 non
2754 432 2929 486 adhuc
2961 431 3186 486 traditus
3208 434 3556 502 prave-uisset

1983 525 2259 595 proprium
2302 525 2500 595 pascha
2546 522 2826 593 discipulis
2868 523 3100 586 tradere,
3141 523 3459 580 recumbens
3500 524 3553 581 in

1983 632 2138 673 cmua
2179 617 2472 674 secundum
2522 631 2805 686 vesperum
2857 617 3027 685 quinti
3075 616 3213 682 diei;
3270 627 3558 688 postquam

1985 709 2243 772 coenavit,
2293 706 2502 777 accrpit
2548 722 2766 776 panem,
2814 705 2989 778 fregit,
3044 707 3264 763 tradidit
3303 707 3562 778 apostolis

1988 801 2301 872 mysterium
2338 797 2471 854 Novi
2505 797 2834 852 Testamenti
2873 797 2926 850 in
2967 805 3124 852 nocte
3155 797 3343 869 quinta
3373 799 3424 854 in
3454 814 3562 867 qua

1992 891 2220 945 traditus
2252 898 2336 944 est
2374 906 2402 942 a
2443 887 2580 943 Juda
2617 906 2629 941 :
2672 887 2812 942 sicut
2852 886 3110 957 scriptum
3146 896 3247 945 est.
3281 884 3389 942 Sed
3433 887 3564 957 quid
3657 899 3669 955 ;
3703 873 3710 880 ’

1990 980 2122 1036 dicit
2156 979 2329 1034 Lucas
2358 979 2668 1050 apostolus?
2698 998 2715 1030 ι
2750 980 2973 1048 Accepit
2999 994 3217 1050 panem,
3249 987 3306 1033 et
3340 978 3564 1034 benedi-
3663 963 3668 968 ’

1990 1087 2118 1126 cens
2149 1069 2306 1140 fregit
2331 1069 2482 1137 (Luc.
2519 1085 2664 1136 xxiv,
2689 1069 2804 1140 50).
2840 1089 2856 1121 ι
2889 1069 3029 1124 Ecce
3049 1078 3103 1123 et
3124 1068 3300 1123 Lucas
3319 1069 3598 1148 accipere.

1992 1177 2184 1232 panem
2219 1162 2490 1217 Christum
2531 1161 2685 1226 dixit,
2715 1171 2770 1216 et
2807 1177 2911 1215 non
2954 1176 3223 1234 azymum.
3268 1159 3597 1240 Non‘eniui‘

1993 1255 2168 1308 adhuc
2191 1259 2308 1308 erat
2329 1261 2495 1308 sexta:
2517 1250 2668 1306 ferim
2697 1252 2832 1307 dies.
2864 1251 3045 1308 Tertia
3068 1251 3279 1306 decima
3301 1261 3418 1306 erat
3442 1251 3572 1307 luna
3593 1245 3598 1250 ’

1996 1345 2046 1397 in
2091 1343 2178 1397 illa
2222 1343 2408 1411 quinta
2456 1341 2613 1408 feria,
2660 1352 2715 1396 et
2769 1358 2874 1396 non
2923 1350 3041 1396 erat
3079 1357 3346 1413 azymum,
3399 1356 3599 1416 neque.

1997 1434 2169 1488 adhuc
2192 1433 2395 1487 oblatio
2424 1431 2758 1488 fermentati.

2071 1521 2197 1578 Vill.
2235 1522 2436 1594 Azyma
2467 1523 2611 1576 enim
2648 1523 2700 1576 in
2726 1521 3120 1592 quintadecima
3160 1521 3285 1576 luna
3333 1521 3575 1597 promul-
3611 1495 3616 1499 ἦ

1999 1624 2118 1686 gata
2152 1614 2382 1670 erantin
2409 1613 2544 1681 lege,
2600 1622 2658 1667 ut
2694 1613 2745 1668 in
2795 1613 3198 1683 quartadecima
3236 1612 3321 1668 die
3366 1611 3433 1665 ad
3478 1627 3577 1666 ve-

313 1705 500 1771 hrazis,
525 1713 617 1757 ant
637 1703 884 1772 epulatus
913 1699 1074 1754 fuerit
1093 1713 1214 1752 cum
1241 1697 1341 1760 eis,
1369 1703 1424 1749 et
1452 1694 1724 1765 acceperit
1749 1691 1899 1747 festi-

2002 1721 2212 1779 sperant
2241 1719 2410 1777 agnus
2435 1703 2825 1768 immolaretur,
2855 1711 2911 1758 et
2953 1702 3003 1758 in
3034 1701 3438 1772 quartadecima
3492 1700 3582 1756 die

315 1800 544 1852 vitatum
579 1810 765 1851 eorum
798 1808 1041 1857 munera,
1073 1801 1132 1846 ut
1170 1798 1295 1845 sunt
1349 1803 1534 1860 azyma
1577 1796 1669 1841 aut
1698 1784 1900 1855 aliquid

316 1887 652 1958 huiusmodi,
683 1886 984 1957 deponatur
1014 1901 1027 1937 :
1069 1883 1113 1938 si
1147 1889 1326 1936 autem
1371 1879 1561 1944 laicus,
1591 1884 1902 1947 sequestre-

317 1993 428 2038 tur.
478 2001 496 2034 ι

388 2071 477 2126 γι.
518 2070 576 2126 Si
611 2081 791 2126 autem
822 2067 1040 2134 dicitis:
1067 2066 1206 2134 Quia
1243 2064 1312 2119 ab
1347 2061 1590 2120 Hebraeis
1624 2075 1730 2116 non
1762 2057 1904 2113 acci-

319 2164 518 2235 pimus,
549 2161 642 2216 sed
675 2159 820 2215 domi
845 2157 1024 2212 facere
1047 2155 1459 2217 consuevimus;
1497 2167 1594 2206 cur
1620 2150 1761 2206 hoc?
1791 2148 1905 2203 sive

319 2256 391 2310 ab
421 2253 530 2310 illis
556 2250 856 2322 accipiatis,
885 2249 998 2305 sive
1018 2247 1160 2304 domi
1186 2245 1422 2304 faciatis.
1449 2258 1638 2313 azyma
1663 2249 1810 2296 sunt.
1838 2237 1904 2292 Et

314 2346 473 2416 juxta
526 2344 629 2399 hoc
677 2342 978 2414 graviorem
1032 2351 1250 2408 poenam
1303 2334 1592 2398 habebitis,
1645 2330 1903 2401 quoniam

323 2434 631 2503 relinquitis
667 2446 830 2501 agere
857 2444 977 2499 quae
1005 2427 1156 2497 jussa
1193 2435 1322 2482 sunt
1356 2424 1512 2478 vobis
1548 2439 1578 2477 a
1609 2421 1824 2476 Christo
1851 2427 1908 2473 et

323 2523 600 2592 Apostolis
624 2522 812 2591 ipsius,
848 2520 1108 2574 facientes
1133 2518 1280 2572 velut
1306 2515 1378 2569 illi
1401 2515 1495 2584 qui
1520 2512 1621 2568 sub
1646 2511 1908 2568 servitute

326 2613 463 2684 legis
481 2620 626 2674 sunt,
649 2610 828 2680 qualia
855 2607 1022 2662 Juda‘i
1047 2606 1271 2670 faciunt,
1298 2605 1351 2659 in
1377 2604 1567 2657 umbra
1595 2611 1650 2655 et
1672 2601 1909 2656 tenebris

324 2702 465 2772 legis
496 2703 768 2766 sedentes,
800 2699 1104 2754 nullatenus
1133 2697 1331 2751 dicenti
1376 2693 1539 2749 Paulo
1578 2691 1862 2746 credentes
1891 2705 1907 2747 :

330 2791 616 2856 «Fratres,
649 2791 1018 2859 unusquisque
1049 2788 1178 2842 ineo
1205 2786 1396 2840 ordine
1414 2797 1524 2854 quo
1553 2789 1778 2836 vocatus
1804 2788 1910 2846 est,

326 2884 384 2938 in
409 2883 529 2952 ipso
556 2889 874 2952 permaneat
898 2880 958 2948 (I‘
982 2879 1106 2933 Cor.
1143 2892 1244 2942 vii,
1264 2875 1336 2930 20
1362 2884 1410 2929 et
1433 2872 1549 2944 24).
1573 2890 1594 2924 ι
1619 2869 1739 2926 Non
1762 2867 1908 2925 enim

327 2974 621 3030 invenietis
649 2973 871 3027 omnino
899 2972 950 3025 in
977 2969 1154 3024 divina
1185 2965 1467 3036 Scriptura
1497 2962 1753 3033 quoniam
1783 2974 1912 3029 azy-

2004 1797 2142 1852 lunai
2168 1797 2327 1867 primi
2357 1796 2558 1851 mensis
2581 1793 2790 1850 Pascha
2816 1793 3110 1865 appellaret
3145 1793 3252 1857 lex,
3308 1792 3582 1863 quintam-

1999 1889 2262 1945 decimam
2276 1888 2418 1944 diem
2439 1887 2668 1960 primum
2686 1901 3000 1960 azymorum
3015 1893 3070 1939 et
3091 1885 3386 1951 Sahbatum
3403 1884 3579 1938 nomi-

2001 1989 2175 2035 naret.
2208 1979 2348 2035 Proh
2373 1979 2526 2033 dolor
2550 1977 2911 2047 insipientiam
2942 1974 3346 2029 illiteratorum!
3384 1973 3448 2028 Et
3478 1989 3582 2028 non

1931 2117 1938 2122 .
2000 2085 2118 2128 erat
2147 2089 2336 2145 azyma
2369 2072 2422 2127 in
2455 2073 2640 2142 quinta
2668 2070 2822 2134 feria,
2865 2084 2987 2124 cum
3038 2077 3182 2123 esset
3221 2067 3346 2123 luna
3399 2067 3584 2123 tertia-

2001 2167 2236 2233 decima,
2268 2161 2461 2221 etnon
2507 2161 2930 2233 quartadecima.
2965 2159 3274 2218 Secundum
3323 2160 3587 2230 quintam-

2002 2257 2267 2314 decimam
2302 2256 2482 2310 lunam
2515 2254 2694 2309 fuerat
2737 2252 3044 2308 institutum
3065 2267 3252 2323 azyma
3281 2251 3420 2316 ﬁeri,
3447 2250 3588 2304 sicut

2003 2361 2059 2406 et
2093 2365 2264 2421 agnus
2292 2348 2359 2403 ad
2401 2361 2684 2417 vesperam
2741 2344 3175 2415 quartiedecimze
3232 2341 3337 2398 diei
3376 2339 3587 2411 iussum

2004 2455 2123 2496 esse
2150 2438 2441 2503 immolari,
2472 2436 2766 2492 secundum
2795 2449 2956 2506 quam
2991 2433 3298 2490 immolatus
3327 2441 3411 2488 est
3434 2431 3593 2487 Chri-

2006 2537 2144 2595 stus,
2173 2529 2355 2599 Agnus
2380 2527 2499 2592 Dei,
2526 2526 2616 2595 qui
2651 2524 2787 2579 tollit
2816 2533 3035 2594 peccata
3061 2523 3269 2578 mundi.
3302 2522 3358 2577 Si
3410 2529 3590 2576 autem

2006 2620 2254 2676 Christus
2320 2617 2627 2673 immolatus
2684 2625 2769 2670 est
2829 2624 2886 2670 et
2927 2612 3220 2670 crucifixus
3273 2613 3326 2667 in
3382 2611 3589 2667 decima

2008 2718 2200 2781 quarta
2255 2707 2341 2764 die
2389 2707 2548 2773 lunae,
2600 2706 2752 2760 feria:
2802 2699 2989 2769 'sextze,
3040 2703 3092 2757 in
3139 2701 3376 2756 Sahbato
3411 2708 3587 2754 autem

2007 2809 2126 2856 erat
2179 2798 2373 2854 festum
2421 2810 2759 2869 azymorum.
2813 2793 3030 2866 quando
3083 2806 3271 2861 azyma
3325 2781 3594 2846 comedit?

2009 2893 2176 2948 etiam
2205 2889 2462 2960 apostolis
2491 2890 2573 2944 sic
2617 2889 2799 2944 facere
2825 2889 2879 2942 in
2908 2879 3440 2957 Novo‘Testamento
3484 2887 3612 2936 tra-'

2012 2982 2190 3037 didit?
2225 2979 2504 3048 Quomodo
2546 2978 2726 3034 dicitis
2749 2979 2817 3034 ab
2866 2976 3126 3049 apostolis
3171 2975 3447 3045 accepisse
3499 2989 3596 3027 vos

329 3080 479 3119 mum
513 3065 714 3119 dictum
749 3063 880 3116 sita
913 3059 1132 3115 Christo
1173 3065 1266 3110 aut
1307 3053 1569 3144 apostolis
1608 3049 1748 3119 ejus,
1782 3064 1910 3144 cum
1937 3049 1982 3111 Ω
2014 3076 2192 3131 facere
2229 3086 2414 3144 azyma
2437 3073 2547 3144 iam
2580 3080 2705 3143 post
2752 3068 3207 3126 resurrectionem
3252 3082 3281 3120 a
3334 3065 3598 3121 mortuis?

323 3155 805 3210 administraretur
835 3149 1018 3206 abillo
1046 3146 1178 3204 Novi
1203 3142 1538 3201 Testamenti
1568 3140 1909 3213 mysterium.

324 3247 532 3304 Paulus
559 3249 701 3304 enim
737 3245 1035 3300 Corinthiis
1064 3242 1308 3298 scribens
1329 3240 1463 3296 dicit
1498 3257 1512 3294 :
1545 3257 1562 3290 ι
1593 3236 1915 3292 Discernere

328 3357 428 3398 vos
443 3349 660 3411 Oportet
679 3340 904 3395 calicem
924 3334 1316 3394 benedictionis
1336 3347 1495 3402 quem
1516 3329 1913 3394 benedicimus;

332 3451 520 3490 nonne
555 3432 974 3489 communicatio
1010 3427 1291 3499 sanguinis
1319 3424 1521 3482 Christi
1557 3423 1670 3479 est?
1712 3422 1914 3477 Panem

330 3539 498 3594 quem
516 3517 836 3595 frangimus,
862 3536 1037 3577 nonne
1057 3516 1477 3576 communicatio
1497 3513 1742 3584 corporis
1761 3511 1918 3568 Chri-

332 3621 401 3675 sti
431 3619 558 3674 est?
596 3618 860 3685 Quoniam
904 3631 1042 3670 unus
1080 3612 1258 3683 panis,
1296 3624 1461 3665 unum
1506 3622 1724 3676 corpus,
1763 3603 1918 3659 multi

334 3727 550 3767 sumus.
597 3711 807 3767 Etenim
847 3724 1036 3763 omnes
1072 3721 1140 3762 ex
1186 3718 1292 3760 uno
1341 3689 1481 3771 pane
1529 3696 1919 3768 participamus

336 3803 386 3873 (1
414 3806 544 3859 Car.
574 3819 628 3857 χ.
659 3803 766 3871 16).
799 3801 906 3871 Ego
937 3799 1080 3854 enim
1117 3794 1297 3863 accepi
1330 3809 1359 3847 a
1395 3791 1649 3854 Domino,
1685 3786 1830 3856 quod
1865 3792 1924 3838 et

339 3897 541 3951 tradidi
573 3895 722 3950 vobis
757 3912 770 3946 :
804 3887 1057 3962 quoniam
1089 3888 1347 3944 Dominus
1373 3883 1531 3940 Jesus
1553 3881 1606 3936 in
1631 3893 1738 3949 qua
1763 3885 1924 3932 nocte

341 3987 685 4049 tradebatur,
715 3983 922 4052 accepit
950 3994 1168 4050 panem,
1202 3995 1222 4030 ι
1261 3985 1316 4030 et
1355 3989 1460 4030 non
1488 3984 1761 4042 azymum,
1805 3984 1824 4018 ι
1870 3971 1928 4021 et

342 4077 672 4134 benedicens
714 4073 895 4143 fregit,
929 4079 983 4124 et
1019 4068 1155 4123 dixit
1191 4080 1206 4120 :
1236 4063 1482 4133 Accipite
1516 4068 1572 4114 et
1601 4055 1867 4114 comedite
1907 4070 1922 4107 :

343 4169 447 4225 hoc
468 4177 556 4225 est
577 4178 773 4236 corpus
802 4177 1003 4226 meum,
1029 4159 1171 4229 quod
1193 4173 1291 4230 pro
1309 4155 1466 4210 vobis
1487 4151 1786 4222 frangetur.
1812 4145 1934 4201 Hoc.

346 4258 514 4317 facite
561 4261 613 4314 in
656 4272 829 4313 meam
857 4250 1428 4310 commemorationem
1472 4243 1520 4316 (Ι
1552 4242 1676 4299 Cor.
1719 4256 1796 4308 ιι,
1833 4238 1923 4302 23,

2013 3169 2130 3225 Non
2156 3169 2348 3224 videtis
2369 3168 2494 3239 quia
2527 3165 2811 3221 manifeste
2840 3178 2906 3218 ex
2934 3161 3094 3218 rebus
3117 3159 3430 3231 arguimini,
3459 3174 3594 3231 quo-

2015 3265 2160 3321 niam
2188 3280 2292 3320 non
2318 3274 2445 3319 tunc
2469 3276 2685 3333 azyma,
2713 3273 2834 3314 cum
2853 3257 3108 3328 mysteria
3125 3249 3614 3330 Novi'l‘estameut'r

2016 3355 2251 3410 traderet
2271 3353 2524 3425 apostolis
2547 3347 2832 3408 Christus?
3383 3418 3386 3422 ί

2086 3444 2176 3500 ΙΧ.
2218 3444 2511 3501 Ostendam
2553 3441 2708 3497 vobis
2754 3439 2858 3493 hoc
2912 3452 2976 3492 ex
3022 3435 3360 3508 legislatione
3406 3428 3617 3502 Moysi.’

2015 3536 2280 3608 Loquitur
2326 3534 2472 3590 enim
2508 3549 2523 3588 :
2561 3552 2579 3586 ι
2618 3531 2709 3587 Ha:
2753 3537 2879 3585 sunt
2927 3526 3248 3583 festivitates
3283 3522 3492 3578 Domini
3547 3530 3602 3571 ct

2019 3606 2148 3699 ipsa:
2193 3635 2420 3691 sanctzc,
2453 3640 2586 3695 quas
2625 3620 2887 3678 vocabitis
2916 3619 2968 3672 in
3013 3615 3342 3686 temporibus
3379 3611 3510 3666 suis.
3543 3606 3614 3662 In‘

2019 3723 2198 3794 primo
2218 3733 2403 3776 mense
2431 3718 2484 3771 in
2509 3713 2910 3786 quintadecima
2936 3709 3024 3764 die
3064 3706 3269 3761 mensis
3324 3700 3482 3769 hujus
3521 3701 3599 3752 fe-

2020 3787 2162 3870 stum
2196 3820 2508 3880 azymorum
2555 3802 2803 3865 Domini;
2857 3809 2913 3854 et
2967 3798 3019 3851 in
3062 3790 3462 3866 quartadecima
3517 3787 3624 3841 die

2023 3900 2224 3960 mensis
2247 3878 2388 3954 intra
2414 3894 2652 3951 medium
2697 3891 2764 3945 ad
2808 3902 3092 3961 vesperum
3138 3884 3243 3940 erit
3265 3881 3466 3936 Pascha
3501 3878 3605 3935 Do-

2023 3991 2199 4054 mino;
2231 3987 2358 4042 etin
2384 3980 2780 4055 quintadecima
2827 3978 2914 4034 die
2960 3975 3116 4046 hujus
3163 3971 3361 4028 mensis
3409 3968 3614 4024 festum.

2026 4092 2336 4152 azymorum
2369 4074 2619 4130 Domino.
2652 4071 2871 4141 Septem
2897 4067 3041 4123 enim
3071 4064 3258 4121 diebus
3279 4075 3466 4132 azyma
3513 4073 3606 4113 co-

2027 4148 2226 4228 medite
2261 4166 2445 4240 (Levii.
2490 4179 2647 4229 uin,
2672 4161 2811 4232 4-6).
2843 4179 2860 4212 ι
2916 4157 3054 4214 Ecce
3095 4155 3241 4212 enim
3287 4168 3354 4208 ex
3397 4148 3618 4221 legislzu

2029 4265 2174 4318 tione
2216 4258 2382 4332 Moysi
2426 4255 2714 4318 didicistis,
2767 4252 3023 4324 quoniam
3069 4263 3177 4304 non
3225 4254 3352 4300 tunc
3395 4257 3606 4314 azyma,

346 4352 461 4408 ibi.
501 4374 521 4406 ι
563 4352 628 4406 Et
659 4365 764 4404 non
801 4346 967 4403 semel
1002 4345 1137 4399 dixit
1177 4356 1394 4414 panem,
1433 4337 1525 4394 sed
1558 4336 1725 4392 etiam
1763 4347 1933 4403 saepes
1956 4423 1988 4426 Δ
2028 4352 2242 4426 quando
2273 4330 2393 4424 p’os‘
2429 4363 2640 4405 ρωηειηι
2682 4343 2978 4401 secundum
3023 4339 3165 4395 diem
3219 4336 3423 4406 quinm
3461 4330 3610 4386 feriae

351 4443 469 4498 Non
507 4445 595 4499 hic
633 4443 780 4498 solus
815 4440 968 4503 dixit,
1014 4435 1106 4492 sed
1143 4444 1200 4490 et
1234 4433 1414 4488 ceteri
1455 4427 1842 4500 apostolorum,
1873 4439 1904 4478 e

2002 4420 2287 4502 'Christus
2305 4440 2527 4497 tradidit
2552 4452 2649 4508 per
2669 4424 2988 4490 fraciionem
3033 4428 3192 4499 panis
3237 4423 3369 4479 Novi
3421 4420 3636 4475 Testa--

353 4533 638 4589 Matthmus
683 4533 895 4602 quidem
942 4530 1072 4584 ait:
1127 4546 1146 4579 ι
1196 4522 1547 4581 Crenantihus
1594 4529 1772 4575 autem
1823 4517 1905 4571 illi:

2030 4536 2199 4591 menti
2248 4531 2585 4602 mysterium.
2633 4527 2774 4582 Ante
2817 4522 3016 4579 festum
3065 4527 3243 4573 autem
3299 4525 3611 4582 azymorum

358 4632 520 4694 atque
544 4623 949 4679 comedentibus
977 4619 1249 4689 accipiens
1275 4617 1434 4672 Jesus
1467 4627 1660 4683 panem
1706 4609 1927 4676 (Matth.
2031 4631 2133 4685 hoc
2148 4626 2290 4688 fecit,
2312 4638 2433 4679 cum
2463 4629 2605 4677 esse!
2630 4614 2994 4674 ιρηίηάεοίηιε
3011 4611 3128 4666 dies
3142 4603 3617 4670 mensingnimn.

359 4728 506 4780 χχιιι,
543 4714 633 4783 26)
667 4729 682 4768 :
721 4733 739 4766 ι
774 4713 1003 4783 Aspicis,
1033 4726 1224 4773 panem
1253 4718 1310 4763 et
1344 4707 1431 4761 hic
1457 4704 1654 4774 inqpit,
1697 4721 1714 4752 ι
1753 4709 1810 4754 et
1840 4699 1905 4754 be

2034 4719 2240 4775 decima
2269 4715 2412 4769 enim
2442 4713 2530 4766 die
2568 4709 2795 4769 mensis,
2841 4711 2903 4757 ut
2932 4700 3200 4772 legislatio
3228 4695 3445 4766 Moysis,
3500 4701 3621 4748 erat

356 4808 619 4863 nedicens
648 4805 827 4874 fregit,
865 4813 920 4859 et
957 4803 1106 4858 dedit
1151 4799 1431 4870 discipulis
1476 4811 1591 4852 suis
1637 4802 1695 4850 et
1742 4791 1880 4846 dixit

2035 4809 2592 4874 festumazyinorum.
2656 4799 2720 4852 Et
2748 4795 2996 4851 Christus
3044 4793 3096 4847 in
3129 4788 3262 4845 feria
3295 4793 3445 4841 sexta
3498 4799 3626 4840 cru-

350 4895 583 4968 δυωῖιθ,
634 4907 690 4953 ει
755 4895 1020 4950 comedim
1050 4934 1070 4960 ι
1133 4894 1236 4948 hoc
1321 4900 1404 4944 εει
1479 4899 1677 4956 corpus
1755 4898 1935 4938 meum
2037 4903 2250 4962 citixus,
2301 4891 2594 4950 secundum
2640 4885 3154 4960 quartamdecimam
3206 4879 3350 4933 diem
3395 4879 3621 4941 mensis,

343 4985 568 5062 (Ibide).
608 5010 627 5043 ι
656 4986 920 5043 Similiter
947 4993 1127 5038 autem
1168 4993 1224 5038 et
1261 4982 1363 5036 hoc
1408 4977 1620 5032 Marcus
1656 4973 1849 5042 inquit,
1879 4991 1905 5028 e

2039 4990 2255 5062 quando
2276 4980 2734 5040 debebantludmi
2777 4976 3058 5033 immolare
3094 4987 3328 5046 agnum;
3385 4970 3638 5026 Sabbato

350 5076 553 5149 ι’θὶῖτὶυί
587 5101 600 5136 ³
633 5088 689 5138 εί
720 5090 1064 5150 nequaquam
1097 5086 1346 5145 313mm“
1382 5069 1450 5123 ab
1487 5068 1566 5123 eis
1601 5079 1934 5124 mmmam"
2043 5094 2222 5140 autem
2250 5067 3067 5144 secundumquintaindeeimain
3095 5069 3240 5121 diem
3254 5063 3479 5126 mensis,
3505 5076 3627 5118 cuni

364 5179 531 5227 ηιυτο
1228 5205 1232 5208 λ
2042 5181 2188 5231 esset
2219 5169 2409 5223 festum
2433 5179 2765 5236 azymorum,
2803 5159 2854 5212 in
2881 5159 3128 5226 sepulcro
3142 5153 3316 5230 jaeuit
3361 5153 3610 5221 sepultus
3645 5185 3648 5188 ~

432 5285 537 5342 Vll.
591 5287 862 5357 Quoniam
911 5279 1130 5351 quidem
1173 5272 1459 5345 oportebat
1500 5270 1610 5341 pati
1663 5267 1940 5346 Christum
2044 5267 2248 5332 Azyma
2273 5274 2402 5326 ergo
2439 5259 2564 5314 dum
2592 5271 2694 5311 non
2732 5251 3293 5357 essentanteic-stum
3319 5257 3651 5357 τηγιέιοίηωῖ.

2630 5355 2834 5374 ..Α-..ΑΜ
2863 5341 3008 5374 Anim
3037 5344 3222 5374 ,ἶῖηιιηο
3276 5333 3637 5374 οηηιρδριιειηι

2275 5365 2408 5374 .--ι-Λ
2441 5364 2554 5374 ..ικιι
2584 5365 2594 5374 ι
