  <div class='ocr_page' id='page_1' title='image "/cluster/home/n/w/nwhite01/storage/ocr_20150623/143/hvd.32044015471816/494.png"; bbox 0 0 4124 5374; ppageno 0'>
   <div class='ocr_carea' id='block_1_1' title="bbox 260 314 1888 381">
    <p class='ocr_par' dir='ltr' id='par_1_1' title="bbox 260 314 1857 381">
     <span class='ocr_line' id='line_1_1' title="bbox 260 314 1857 381; baseline 0.004 -8"><span class='ocrx_word' id='word_1_1' title='bbox 260 324 263 327; x_wconf 86' lang='grc'><em>’</em></span> <span class='ocrx_word' id='word_1_2' title='bbox 277 314 377 374; x_wconf 72' lang='grc'><strong>981</strong></span> <span class='ocrx_word' id='word_1_3' title='bbox 1409 315 1412 319; x_wconf 56' lang='grc'><strong><em>’</em></strong></span> <span class='ocrx_word' id='word_1_4' title='bbox 1581 321 1857 381; x_wconf 64' lang='lat' dir='ltr'><strong>CONTRA</strong></span> 
     </span>
    </p>
   </div>
   <div class='ocr_carea' id='block_1_2' title="bbox 1904 314 3532 381">
    <p class='ocr_par' dir='ltr' id='par_1_2' title="bbox 1904 315 3532 380">
     <span class='ocr_line' id='line_1_2' title="bbox 1904 315 3532 380; baseline -0.004 0"><span class='ocrx_word' id='word_1_5' title='bbox 1904 320 2205 380; x_wconf 68' lang='lat' dir='ltr'><strong>LATINOS.</strong></span> <span class='ocrx_word' id='word_1_6' title='bbox 2294 340 2299 343; x_wconf 67' lang='lat'><em>‘</em></span> <span class='ocrx_word' id='word_1_7' title='bbox 2452 315 2463 339; x_wconf 65' lang='grc'><em>³</em></span> <span class='ocrx_word' id='word_1_8' title='bbox 3415 320 3532 378; x_wconf 67' lang='lat'><strong>989.</strong></span> 
     </span>
    </p>
   </div>
   <div class='ocr_carea' id='block_1_3' title="bbox 282 430 3541 509">
    <p class='ocr_par' dir='ltr' id='par_1_3' title="bbox 282 430 3541 509">
     <span class='ocr_line' id='line_1_3' title="bbox 282 430 3541 509; baseline 0.001 -21"><span class='ocrx_word' id='word_1_9' title='bbox 282 432 491 496; x_wconf 73' lang='lat' dir='ltr'><strong>horam,</strong></span> <span class='ocrx_word' id='word_1_10' title='bbox 527 430 580 486; x_wconf 92' lang='lat' dir='ltr'><strong>in</strong></span> <span class='ocrx_word' id='word_1_11' title='bbox 608 441 789 502; x_wconf 86' lang='lat' dir='ltr'><strong>quaet</strong></span> <span class='ocrx_word' id='word_1_12' title='bbox 818 431 1053 505; x_wconf 72' lang='lat' dir='ltr'><strong>Spiritus</strong></span> <span class='ocrx_word' id='word_1_13' title='bbox 1085 444 1310 493; x_wconf 75' lang='lat' dir='ltr'><strong>sanctus</strong></span> <span class='ocrx_word' id='word_1_14' title='bbox 1355 435 1636 493; x_wconf 76' lang='lat' dir='ltr'><strong>descendit</strong></span> <span class='ocrx_word' id='word_1_15' title='bbox 1681 453 1844 509; x_wconf 82' lang='lat' dir='ltr'><strong>super</strong></span> <span class='ocrx_word' id='word_1_16' title='bbox 1874 441 1919 501; x_wconf 72' lang='grc' dir='ltr'><strong>Α</strong></span> <span class='ocrx_word' id='word_1_17' title='bbox 1945 435 2046 492; x_wconf 85' lang='lat' dir='ltr'><strong>bus</strong></span> <span class='ocrx_word' id='word_1_18' title='bbox 2072 436 2332 506; x_wconf 79' lang='lat' dir='ltr'><strong>ipsorum,</strong></span> <span class='ocrx_word' id='word_1_19' title='bbox 2359 435 2449 506; x_wconf 90' lang='lat' dir='ltr'><strong>qui</strong></span> <span class='ocrx_word' id='word_1_20' title='bbox 2478 451 2507 489; x_wconf 89' lang='lat' dir='ltr'><strong>a</strong></span> <span class='ocrx_word' id='word_1_21' title='bbox 2537 435 2695 491; x_wconf 84' lang='lat' dir='ltr'><strong>nobis</strong></span> <span class='ocrx_word' id='word_1_22' title='bbox 2716 435 2955 507; x_wconf 72' lang='lat' dir='ltr'><strong>pmdicti</strong></span> <span class='ocrx_word' id='word_1_23' title='bbox 2986 444 3132 498; x_wconf 81' lang='lat' dir='ltr'><strong>sunt,</strong></span> <span class='ocrx_word' id='word_1_24' title='bbox 3164 434 3541 504; x_wconf 40' lang='lat' dir='ltr'><strong>non&#39;abiioere‘</strong></span> 
     </span>
    </p>
   </div>
   <div class='ocr_carea' id='block_1_4' title="bbox 278 516 3545 600">
    <p class='ocr_par' dir='ltr' id='par_1_4' title="bbox 278 516 3545 600">
     <span class='ocr_line' id='line_1_4' title="bbox 278 516 3545 600; baseline 0.002 -26"><span class='ocrx_word' id='word_1_25' title='bbox 278 516 982 590; x_wconf 85' lang='lat' dir='ltr'><strong>discipulos,immulantes,</strong></span> <span class='ocrx_word' id='word_1_26' title='bbox 1036 524 1088 580; x_wconf 88' lang='lat' dir='ltr'><strong>in</strong></span> <span class='ocrx_word' id='word_1_27' title='bbox 1117 524 1246 596; x_wconf 88' lang='lat' dir='ltr'><strong>ipsis</strong></span> <span class='ocrx_word' id='word_1_28' title='bbox 1272 525 1677 582; x_wconf 87' lang='lat' dir='ltr'><strong>sanetilicamus</strong></span> <span class='ocrx_word' id='word_1_29' title='bbox 1726 543 1848 581; x_wconf 86' lang='lat' dir='ltr'><strong>mu—</strong></span> <span class='ocrx_word' id='word_1_30' title='bbox 1949 529 2231 600; x_wconf 72' lang='lat' dir='ltr'><strong>episcopos</strong></span> <span class='ocrx_word' id='word_1_31' title='bbox 2248 535 2307 582; x_wconf 91' lang='lat' dir='ltr'><strong>et</strong></span> <span class='ocrx_word' id='word_1_32' title='bbox 2330 525 2675 598; x_wconf 73' lang='lat' dir='ltr'><strong>presbyteros</strong></span> <span class='ocrx_word' id='word_1_33' title='bbox 2702 526 2992 582; x_wconf 89' lang='lat' dir='ltr'><strong>occasione</strong></span> <span class='ocrx_word' id='word_1_34' title='bbox 3040 524 3337 597; x_wconf 86' lang='lat' dir='ltr'><strong>religionis,</strong></span> <span class='ocrx_word' id='word_1_35' title='bbox 3395 541 3545 581; x_wconf 55' lang='lat' dir='ltr'><strong>nxoo~</strong></span> 
     </span>
    </p>
   </div>
   <div class='ocr_carea' id='block_1_5' title="bbox 282 612 3539 687">
    <p class='ocr_par' dir='ltr' id='par_1_5' title="bbox 282 612 3539 687">
     <span class='ocr_line' id='line_1_5' title="bbox 282 612 3539 687; baseline 0.002 -23"><span class='ocrx_word' id='word_1_36' title='bbox 282 628 435 679; x_wconf 75' lang='lat' dir='ltr'><strong>nera,</strong></span> <span class='ocrx_word' id='word_1_37' title='bbox 463 626 528 667; x_wconf 87' lang='lat' dir='ltr'><strong>ex</strong></span> <span class='ocrx_word' id='word_1_38' title='bbox 555 612 748 683; x_wconf 77' lang='lat' dir='ltr'><strong>quibus</strong></span> <span class='ocrx_word' id='word_1_39' title='bbox 777 612 1095 671; x_wconf 73' lang='lat' dir='ltr'><strong>sufﬁcientia</strong></span> <span class='ocrx_word' id='word_1_40' title='bbox 1123 616 1177 672; x_wconf 92' lang='lat' dir='ltr'><strong>in</strong></span> <span class='ocrx_word' id='word_1_41' title='bbox 1202 625 1313 673; x_wconf 90' lang='lat' dir='ltr'><strong>tota</strong></span> <span class='ocrx_word' id='word_1_42' title='bbox 1341 616 1675 673; x_wconf 84' lang='lat' dir='ltr'><strong>hebdomada</strong></span> <span class='ocrx_word' id='word_1_43' title='bbox 1721 632 1850 673; x_wconf 87' lang='lat' dir='ltr'><strong>con-</strong></span> <span class='ocrx_word' id='word_1_44' title='bbox 1950 637 2034 677; x_wconf 66' lang='lat' dir='ltr'><strong>res</strong></span> <span class='ocrx_word' id='word_1_45' title='bbox 2062 627 2381 684; x_wconf 85' lang='lat' dir='ltr'><strong>sanxerunt,</strong></span> <span class='ocrx_word' id='word_1_46' title='bbox 2408 627 2465 673; x_wconf 89' lang='lat' dir='ltr'><strong>et</strong></span> <span class='ocrx_word' id='word_1_47' title='bbox 2506 627 2565 674; x_wconf 91' lang='lat' dir='ltr'><strong>ut</strong></span> <span class='ocrx_word' id='word_1_48' title='bbox 2593 618 2852 674; x_wconf 91' lang='lat' dir='ltr'><strong>caderent</strong></span> <span class='ocrx_word' id='word_1_49' title='bbox 2900 632 2988 674; x_wconf 87' lang='lat' dir='ltr'><strong>res</strong></span> <span class='ocrx_word' id='word_1_50' title='bbox 3041 617 3414 687; x_wconf 76' lang='lat' dir='ltr'><strong>episcoporum</strong></span> <span class='ocrx_word' id='word_1_51' title='bbox 3461 630 3539 671; x_wconf 66' lang='lat' dir='ltr'><strong>ex</strong></span> 
     </span>
    </p>
   </div>
   <div class='ocr_carea' id='block_1_6' title="bbox 280 704 3539 781">
    <p class='ocr_par' dir='ltr' id='par_1_6' title="bbox 280 704 3539 781">
     <span class='ocr_line' id='line_1_6' title="bbox 280 704 3539 781; baseline 0.001 -24"><span class='ocrx_word' id='word_1_52' title='bbox 280 718 579 758; x_wconf 81' lang='lat' dir='ltr'><strong>servamus.</strong></span> <span class='ocrx_word' id='word_1_53' title='bbox 610 704 666 760; x_wconf 88' lang='lat' dir='ltr'><strong>In</strong></span> <span class='ocrx_word' id='word_1_54' title='bbox 695 704 816 761; x_wconf 88' lang='lat' dir='ltr'><strong>aliis</strong></span> <span class='ocrx_word' id='word_1_55' title='bbox 841 716 1021 763; x_wconf 84' lang='lat' dir='ltr'><strong>autem</strong></span> <span class='ocrx_word' id='word_1_56' title='bbox 1068 709 1257 765; x_wconf 86' lang='lat' dir='ltr'><strong>diebus</strong></span> <span class='ocrx_word' id='word_1_57' title='bbox 1305 709 1654 766; x_wconf 74' lang='lat' dir='ltr'><strong>hebdomadis</strong></span> <span class='ocrx_word' id='word_1_58' title='bbox 1695 707 1852 780; x_wconf 92' lang='lat' dir='ltr'><strong>iuxta</strong></span> <span class='ocrx_word' id='word_1_59' title='bbox 1949 708 2310 781; x_wconf 81' lang='lat' dir='ltr'><strong>potestatibus</strong></span> <span class='ocrx_word' id='word_1_60' title='bbox 2344 722 2531 762; x_wconf 83' lang='lat' dir='ltr'><strong>eorum</strong></span> <span class='ocrx_word' id='word_1_61' title='bbox 2558 715 2779 777; x_wconf 84' lang='lat' dir='ltr'><strong>propter</strong></span> <span class='ocrx_word' id='word_1_62' title='bbox 2807 705 2947 763; x_wconf 81' lang='lat' dir='ltr'><strong>ﬁlios</strong></span> <span class='ocrx_word' id='word_1_63' title='bbox 2997 716 3053 761; x_wconf 86' lang='lat' dir='ltr'><strong>et</strong></span> <span class='ocrx_word' id='word_1_64' title='bbox 3080 706 3333 762; x_wconf 84' lang='lat' dir='ltr'><strong>mulieres</strong></span> <span class='ocrx_word' id='word_1_65' title='bbox 3390 705 3539 776; x_wconf 74' lang='lat' dir='ltr'><strong>ipso-</strong></span> 
     </span>
    </p>
   </div>
   <div class='ocr_carea' id='block_1_7' title="bbox 282 794 3583 871">
    <p class='ocr_par' dir='ltr' id='par_1_7' title="bbox 282 794 3583 871">
     <span class='ocr_line' id='line_1_7' title="bbox 282 794 3583 871; baseline 0.007 -24"><span class='ocrx_word' id='word_1_66' title='bbox 282 804 494 863; x_wconf 87' lang='lat' dir='ltr'><strong>tempus</strong></span> <span class='ocrx_word' id='word_1_67' title='bbox 512 794 661 851; x_wconf 69' lang='lat' dir='ltr'><strong>horae</strong></span> <span class='ocrx_word' id='word_1_68' title='bbox 691 811 844 851; x_wconf 77' lang='lat' dir='ltr'><strong>nona:</strong></span> <span class='ocrx_word' id='word_1_69' title='bbox 865 796 971 853; x_wconf 88' lang='lat' dir='ltr'><strong>diei</strong></span> <span class='ocrx_word' id='word_1_70' title='bbox 1000 798 1387 856; x_wconf 86' lang='lat' dir='ltr'><strong>concludeutes</strong></span> <span class='ocrx_word' id='word_1_71' title='bbox 1432 815 1646 855; x_wconf 82' lang='lat' dir='ltr'><strong>onmem</strong></span> <span class='ocrx_word' id='word_1_72' title='bbox 1690 799 1852 855; x_wconf 85' lang='lat' dir='ltr'><strong>mini-</strong></span> <span class='ocrx_word' id='word_1_73' title='bbox 1953 816 2094 858; x_wconf 89' lang='lat' dir='ltr'><strong>rum.</strong></span> <span class='ocrx_word' id='word_1_74' title='bbox 3582 868 3583 871; x_wconf 44' lang='grc' dir='ltr'><strong>η</strong></span> 
     </span>
    </p>
   </div>
   <div class='ocr_carea' id='block_1_8' title="bbox 259 882 3536 963">
    <p class='ocr_par' dir='ltr' id='par_1_8' title="bbox 259 882 3536 963">
     <span class='ocr_line' id='line_1_8' title="bbox 259 882 3536 963; baseline 0.001 -26"><span class='ocrx_word' id='word_1_75' title='bbox 259 884 600 940; x_wconf 73' lang='lat' dir='ltr'><strong>‘stl’ationem</strong></span> <span class='ocrx_word' id='word_1_76' title='bbox 630 887 683 941; x_wconf 87' lang='lat' dir='ltr'><strong>in</strong></span> <span class='ocrx_word' id='word_1_77' title='bbox 715 892 1236 946; x_wconf 83' lang='lat' dir='ltr'><strong>consummationem</strong></span> <span class='ocrx_word' id='word_1_78' title='bbox 1256 892 1613 963; x_wconf 85' lang='lat' dir='ltr'><strong>completorii,</strong></span> <span class='ocrx_word' id='word_1_79' title='bbox 1642 891 1856 963; x_wconf 84' lang='lat' dir='ltr'><strong>agimus</strong></span> <span class='ocrx_word' id='word_1_80' title='bbox 2026 887 2163 945; x_wconf 78' lang='lat' dir='ltr'><strong>XVI.</strong></span> <span class='ocrx_word' id='word_1_81' title='bbox 2206 888 2264 944; x_wconf 89' lang='lat' dir='ltr'><strong>Si</strong></span> <span class='ocrx_word' id='word_1_82' title='bbox 2290 897 2473 945; x_wconf 88' lang='lat' dir='ltr'><strong>autem</strong></span> <span class='ocrx_word' id='word_1_83' title='bbox 2509 887 2709 959; x_wconf 78' lang='lat' dir='ltr'><strong>aliquis</strong></span> <span class='ocrx_word' id='word_1_84' title='bbox 2738 887 2939 943; x_wconf 80' lang='lat' dir='ltr'><strong>dixerit</strong></span> <span class='ocrx_word' id='word_1_85' title='bbox 2966 888 3032 943; x_wconf 84' lang='lat' dir='ltr'><strong>de</strong></span> <span class='ocrx_word' id='word_1_86' title='bbox 3056 896 3245 943; x_wconf 86' lang='lat' dir='ltr'><strong>sancta</strong></span> <span class='ocrx_word' id='word_1_87' title='bbox 3297 895 3354 943; x_wconf 87' lang='lat' dir='ltr'><strong>et</strong></span> <span class='ocrx_word' id='word_1_88' title='bbox 3415 882 3536 940; x_wconf 84' lang='lat' dir='ltr'><strong>uni-</strong></span> 
     </span>
    </p>
   </div>
   <div class='ocr_carea' id='block_1_9' title="bbox 281 974 3539 1053">
    <p class='ocr_par' dir='ltr' id='par_1_9' title="bbox 281 974 3539 1053">
     <span class='ocr_line' id='line_1_9' title="bbox 281 974 3539 1053; baseline 0.001 -27"><span class='ocrx_word' id='word_1_89' title='bbox 281 989 383 1027; x_wconf 84' lang='lat' dir='ltr'><strong>nos</strong></span> <span class='ocrx_word' id='word_1_90' title='bbox 407 974 717 1032; x_wconf 83' lang='lat' dir='ltr'><strong>sacerdotes</strong></span> <span class='ocrx_word' id='word_1_91' title='bbox 736 992 859 1032; x_wconf 91' lang='lat' dir='ltr'><strong>cum</strong></span> <span class='ocrx_word' id='word_1_92' title='bbox 886 980 1200 1037; x_wconf 87' lang='lat' dir='ltr'><strong>diaconibus</strong></span> <span class='ocrx_word' id='word_1_93' title='bbox 1231 982 1555 1052; x_wconf 88' lang='lat' dir='ltr'><strong>ingressum.</strong></span> <span class='ocrx_word' id='word_1_94' title='bbox 1608 981 1855 1037; x_wconf 85' lang='lat' dir='ltr'><strong>thuribu-</strong></span> <span class='ocrx_word' id='word_1_95' title='bbox 1956 981 2151 1036; x_wconf 87' lang='lat' dir='ltr'><strong>versati</strong></span> <span class='ocrx_word' id='word_1_96' title='bbox 2181 980 2414 1053; x_wconf 84' lang='lat' dir='ltr'><strong>synodo,</strong></span> <span class='ocrx_word' id='word_1_97' title='bbox 2470 980 2613 1051; x_wconf 90' lang='lat' dir='ltr'><strong>quod</strong></span> <span class='ocrx_word' id='word_1_98' title='bbox 2665 993 2857 1052; x_wconf 82' lang='lat' dir='ltr'><strong>papam</strong></span> <span class='ocrx_word' id='word_1_99' title='bbox 2903 977 3088 1035; x_wconf 66' lang='lat' dir='ltr'><strong>Romae</strong></span> <span class='ocrx_word' id='word_1_100' title='bbox 3138 976 3539 1032; x_wconf 84' lang='lat' dir='ltr'><strong>sanctissimum</strong></span> 
     </span>
    </p>
   </div>
   <div class='ocr_carea' id='block_1_10' title="bbox 280 1060 3538 1142">
    <p class='ocr_par' dir='ltr' id='par_1_10' title="bbox 280 1060 3538 1142">
     <span class='ocr_line' id='line_1_10' title="bbox 280 1060 3538 1142; baseline 0.002 -27"><span class='ocrx_word' id='word_1_101' title='bbox 280 1060 391 1139; x_wconf 76' lang='lat' dir='ltr'><strong>lum</strong></span> <span class='ocrx_word' id='word_1_102' title='bbox 420 1061 591 1119; x_wconf 85' lang='lat' dir='ltr'><strong>solum</strong></span> <span class='ocrx_word' id='word_1_103' title='bbox 618 1064 874 1121; x_wconf 82' lang='lat' dir='ltr'><strong>ferentes.</strong></span> <span class='ocrx_word' id='word_1_104' title='bbox 903 1069 969 1121; x_wconf 85' lang='lat' dir='ltr'><strong>Et</strong></span> <span class='ocrx_word' id='word_1_105' title='bbox 988 1079 1113 1139; x_wconf 87' lang='lat' dir='ltr'><strong>post</strong></span> <span class='ocrx_word' id='word_1_106' title='bbox 1141 1070 1426 1125; x_wconf 85' lang='lat' dir='ltr'><strong>lectionem</strong></span> <span class='ocrx_word' id='word_1_107' title='bbox 1474 1070 1857 1139; x_wconf 86' lang='lat' dir='ltr'><strong>prophetarum</strong></span> <span class='ocrx_word' id='word_1_108' title='bbox 1957 1072 2317 1142; x_wconf 82' lang='lat' dir='ltr'><strong>Agathonem,</strong></span> <span class='ocrx_word' id='word_1_109' title='bbox 2348 1079 2407 1126; x_wconf 89' lang='lat' dir='ltr'><strong>ut</strong></span> <span class='ocrx_word' id='word_1_110' title='bbox 2427 1071 2721 1141; x_wconf 58' lang='lat' dir='ltr'><strong>sepissime</strong></span> <span class='ocrx_word' id='word_1_111' title='bbox 2746 1070 3004 1135; x_wconf 77' lang='lat' dir='ltr'><strong>diximus,</strong></span> <span class='ocrx_word' id='word_1_112' title='bbox 3033 1082 3415 1137; x_wconf 65' lang='lat' dir='ltr'><strong>prmsessorem</strong></span> <span class='ocrx_word' id='word_1_113' title='bbox 3439 1068 3538 1122; x_wconf 85' lang='lat' dir='ltr'><strong>ha-</strong></span> 
     </span>
    </p>
   </div>
   <div class='ocr_carea' id='block_1_11' title="bbox 280 1152 3542 1234">
    <p class='ocr_par' dir='ltr' id='par_1_11' title="bbox 280 1152 3542 1234">
     <span class='ocr_line' id='line_1_11' title="bbox 280 1152 3542 1234; baseline 0.003 -31"><span class='ocrx_word' id='word_1_114' title='bbox 280 1152 608 1209; x_wconf 74' lang='lat' dir='ltr'><strong>czmstitutas</strong></span> <span class='ocrx_word' id='word_1_115' title='bbox 647 1157 923 1212; x_wconf 85' lang='lat' dir='ltr'><strong>orationes</strong></span> <span class='ocrx_word' id='word_1_116' title='bbox 951 1172 984 1211; x_wconf 92' lang='lat' dir='ltr'><strong>a</strong></span> <span class='ocrx_word' id='word_1_117' title='bbox 1008 1173 1207 1229; x_wconf 87' lang='lat' dir='ltr'><strong>magno</strong></span> <span class='ocrx_word' id='word_1_118' title='bbox 1250 1158 1448 1214; x_wconf 78' lang='lat' dir='ltr'><strong>Basilio</strong></span> <span class='ocrx_word' id='word_1_119' title='bbox 1497 1159 1776 1224; x_wconf 82' lang='lat' dir='ltr'><strong>facientes,</strong></span> <span class='ocrx_word' id='word_1_120' title='bbox 1805 1166 1860 1214; x_wconf 81' lang='lat' dir='ltr'><strong>et</strong></span> <span class='ocrx_word' id='word_1_121' title='bbox 1961 1163 2100 1229; x_wconf 84' lang='lat' dir='ltr'><strong>buil,</strong></span> <span class='ocrx_word' id='word_1_122' title='bbox 2131 1161 2246 1234; x_wconf 86' lang='lat' dir='ltr'><strong>ipsa</strong></span> <span class='ocrx_word' id='word_1_123' title='bbox 2268 1169 2485 1217; x_wconf 88' lang='lat' dir='ltr'><strong>centum</strong></span> <span class='ocrx_word' id='word_1_124' title='bbox 2514 1161 2853 1234; x_wconf 72' lang='lat' dir='ltr'><strong>septuaginta</strong></span> <span class='ocrx_word' id='word_1_125' title='bbox 2877 1159 3117 1227; x_wconf 79' lang='lat' dir='ltr'><strong>Patrum,</strong></span> <span class='ocrx_word' id='word_1_126' title='bbox 3150 1160 3251 1215; x_wconf 88' lang='lat' dir='ltr'><strong>sub</strong></span> <span class='ocrx_word' id='word_1_127' title='bbox 3274 1157 3542 1215; x_wconf 80' lang='lat' dir='ltr'><strong>Constan-</strong></span> 
     </span>
    </p>
   </div>
   <div class='ocr_carea' id='block_1_12' title="bbox 284 1245 3541 1329">
    <p class='ocr_par' dir='ltr' id='par_1_12' title="bbox 284 1245 3541 1329">
     <span class='ocr_line' id='line_1_12' title="bbox 284 1245 3541 1329; baseline 0.002 -33"><span class='ocrx_word' id='word_1_128' title='bbox 284 1256 509 1298; x_wconf 86' lang='lat' dir='ltr'><strong>muncra</strong></span> <span class='ocrx_word' id='word_1_129' title='bbox 534 1245 928 1329; x_wconf 75' lang='lat' dir='ltr'><strong>transferentes</strong></span> <span class='ocrx_word' id='word_1_130' title='bbox 953 1250 1307 1319; x_wconf 82' lang='lat' dir='ltr'><strong>appositionis</strong></span> <span class='ocrx_word' id='word_1_131' title='bbox 1339 1250 1534 1305; x_wconf 80' lang='lat' dir='ltr'><strong>altario</strong></span> <span class='ocrx_word' id='word_1_132' title='bbox 1563 1258 1618 1305; x_wconf 91' lang='lat' dir='ltr'><strong>et</strong></span> <span class='ocrx_word' id='word_1_133' title='bbox 1640 1259 1862 1307; x_wconf 82' lang='lat' dir='ltr'><strong>orantes</strong></span> <span class='ocrx_word' id='word_1_134' title='bbox 1965 1253 2076 1308; x_wconf 90' lang='lat' dir='ltr'><strong>Iino</strong></span> <span class='ocrx_word' id='word_1_135' title='bbox 2098 1252 2448 1321; x_wconf 89' lang='lat' dir='ltr'><strong>imperatore,</strong></span> <span class='ocrx_word' id='word_1_136' title='bbox 2464 1258 2660 1320; x_wconf 92' lang='lat' dir='ltr'><strong>nepote</strong></span> <span class='ocrx_word' id='word_1_137' title='bbox 2687 1248 2919 1305; x_wconf 83' lang='lat' dir='ltr'><strong>lleraclii</strong></span> <span class='ocrx_word' id='word_1_138' title='bbox 2949 1258 3004 1304; x_wconf 90' lang='lat' dir='ltr'><strong>ct</strong></span> <span class='ocrx_word' id='word_1_139' title='bbox 3034 1257 3189 1320; x_wconf 86' lang='lat' dir='ltr'><strong>patre</strong></span> <span class='ocrx_word' id='word_1_140' title='bbox 3208 1246 3499 1303; x_wconf 83' lang='lat' dir='ltr'><strong>Justiniani</strong></span> <span class='ocrx_word' id='word_1_141' title='bbox 3525 1264 3541 1301; x_wconf 88' lang='lat'><strong>:</strong></span> 
     </span>
    </p>
   </div>
   <div class='ocr_carea' id='block_1_13' title="bbox 282 1333 3546 1416">
    <p class='ocr_par' dir='ltr' id='par_1_13' title="bbox 282 1333 3546 1416">
     <span class='ocr_line' id='line_1_13' title="bbox 282 1333 3546 1416; baseline 0.003 -29"><span class='ocrx_word' id='word_1_142' title='bbox 282 1348 408 1387; x_wconf 88' lang='lat' dir='ltr'><strong>cum</strong></span> <span class='ocrx_word' id='word_1_143' title='bbox 446 1333 596 1403; x_wconf 90' lang='lat' dir='ltr'><strong>ipsis.</strong></span> <span class='ocrx_word' id='word_1_144' title='bbox 634 1336 857 1407; x_wconf 85' lang='lat' dir='ltr'><strong>Insuper</strong></span> <span class='ocrx_word' id='word_1_145' title='bbox 903 1346 1081 1393; x_wconf 89' lang='lat' dir='ltr'><strong>autem</strong></span> <span class='ocrx_word' id='word_1_146' title='bbox 1123 1348 1179 1394; x_wconf 92' lang='lat' dir='ltr'><strong>et</strong></span> <span class='ocrx_word' id='word_1_147' title='bbox 1221 1341 1473 1396; x_wconf 87' lang='lat' dir='ltr'><strong>traditam</strong></span> <span class='ocrx_word' id='word_1_148' title='bbox 1523 1342 1678 1395; x_wconf 80' lang='lat' dir='ltr'><strong>nobis</strong></span> <span class='ocrx_word' id='word_1_149' title='bbox 1704 1357 1735 1396; x_wconf 90' lang='lat' dir='ltr'><strong>a</strong></span> <span class='ocrx_word' id='word_1_150' title='bbox 1761 1340 1866 1396; x_wconf 89' lang='lat' dir='ltr'><strong>Do-</strong></span> <span class='ocrx_word' id='word_1_151' title='bbox 1963 1347 2234 1416; x_wconf 82' lang='lat' dir='ltr'><strong>quomodo</strong></span> <span class='ocrx_word' id='word_1_152' title='bbox 2270 1360 2378 1400; x_wconf 88' lang='lat' dir='ltr'><strong>non</strong></span> <span class='ocrx_word' id='word_1_153' title='bbox 2403 1344 2617 1400; x_wconf 91' lang='lat' dir='ltr'><strong>obstitit</strong></span> <span class='ocrx_word' id='word_1_154' title='bbox 2644 1342 2859 1399; x_wconf 87' lang='lat' dir='ltr'><strong>divinus</strong></span> <span class='ocrx_word' id='word_1_155' title='bbox 2905 1343 3152 1414; x_wconf 86' lang='lat' dir='ltr'><strong>Agathon</strong></span> <span class='ocrx_word' id='word_1_156' title='bbox 3207 1350 3408 1397; x_wconf 71' lang='lat' dir='ltr'><strong>sancta:</strong></span> <span class='ocrx_word' id='word_1_157' title='bbox 3454 1355 3546 1414; x_wconf 82' lang='lat' dir='ltr'><strong>sy—</strong></span> 
     </span>
    </p>
   </div>
   <div class='ocr_carea' id='block_1_14' title="bbox 285 1422 3551 1503">
    <p class='ocr_par' dir='ltr' id='par_1_14' title="bbox 285 1422 3551 1503">
     <span class='ocr_line' id='line_1_14' title="bbox 285 1422 3551 1503; baseline 0.003 -28"><span class='ocrx_word' id='word_1_158' title='bbox 285 1422 436 1478; x_wconf 92' lang='lat' dir='ltr'><strong>miuo</strong></span> <span class='ocrx_word' id='word_1_159' title='bbox 470 1424 771 1483; x_wconf 88' lang='lat' dir='ltr'><strong>orationem</strong></span> <span class='ocrx_word' id='word_1_160' title='bbox 823 1428 1086 1495; x_wconf 79' lang='lat' dir='ltr'><strong>dicentes,</strong></span> <span class='ocrx_word' id='word_1_161' title='bbox 1117 1429 1417 1485; x_wconf 79' lang='lat' dir='ltr'><strong>exaltanius</strong></span> <span class='ocrx_word' id='word_1_162' title='bbox 1456 1430 1866 1501; x_wconf 83' lang='lat' dir='ltr'><strong>pracsanctitica-</strong></span> <span class='ocrx_word' id='word_1_163' title='bbox 1965 1433 2106 1490; x_wconf 88' lang='lat' dir='ltr'><strong>nodo</strong></span> <span class='ocrx_word' id='word_1_164' title='bbox 2130 1433 2395 1490; x_wconf 89' lang='lat' dir='ltr'><strong>sancienti</strong></span> <span class='ocrx_word' id='word_1_165' title='bbox 2423 1433 2682 1488; x_wconf 84' lang='lat' dir='ltr'><strong>adversus</strong></span> <span class='ocrx_word' id='word_1_166' title='bbox 2706 1433 2805 1489; x_wconf 89' lang='lat' dir='ltr'><strong>hos</strong></span> <span class='ocrx_word' id='word_1_167' title='bbox 2828 1432 3021 1503; x_wconf 85' lang='lat' dir='ltr'><strong>impios</strong></span> <span class='ocrx_word' id='word_1_168' title='bbox 3042 1446 3179 1502; x_wconf 88' lang='lat' dir='ltr'><strong>quos</strong></span> <span class='ocrx_word' id='word_1_169' title='bbox 3209 1445 3378 1500; x_wconf 84' lang='lat' dir='ltr'><strong>usque</strong></span> <span class='ocrx_word' id='word_1_170' title='bbox 3405 1443 3551 1485; x_wconf 89' lang='lat' dir='ltr'><strong>nunc</strong></span> 
     </span>
    </p>
   </div>
   <div class='ocr_carea' id='block_1_15' title="bbox 285 1508 3541 1594">
    <p class='ocr_par' dir='ltr' id='par_1_15' title="bbox 285 1508 3541 1594">
     <span class='ocr_line' id='line_1_15' title="bbox 285 1508 3541 1594; baseline 0.002 -28"><span class='ocrx_word' id='word_1_171' title='bbox 285 1508 403 1567; x_wconf 84' lang='lat' dir='ltr'><strong>tum</strong></span> <span class='ocrx_word' id='word_1_172' title='bbox 429 1530 641 1585; x_wconf 90' lang='lat' dir='ltr'><strong>panem,</strong></span> <span class='ocrx_word' id='word_1_173' title='bbox 670 1526 727 1571; x_wconf 93' lang='lat' dir='ltr'><strong>et</strong></span> <span class='ocrx_word' id='word_1_174' title='bbox 754 1519 943 1575; x_wconf 85' lang='lat' dir='ltr'><strong>damus</strong></span> <span class='ocrx_word' id='word_1_175' title='bbox 988 1521 1431 1590; x_wconf 63' lang='lat' dir='ltr'><strong>praesanctiiicata</strong></span> <span class='ocrx_word' id='word_1_176' title='bbox 1491 1532 1679 1578; x_wconf 87' lang='lat' dir='ltr'><strong>sancta</strong></span> <span class='ocrx_word' id='word_1_177' title='bbox 1730 1538 1864 1579; x_wconf 77' lang='lat' dir='ltr'><strong>snn-</strong></span> <span class='ocrx_word' id='word_1_178' title='bbox 1967 1526 2212 1583; x_wconf 82' lang='lat' dir='ltr'><strong>habetis?</strong></span> <span class='ocrx_word' id='word_1_179' title='bbox 2236 1524 2293 1581; x_wconf 91' lang='lat' dir='ltr'><strong>Si</strong></span> <span class='ocrx_word' id='word_1_180' title='bbox 2325 1540 2453 1581; x_wconf 88' lang='lat' dir='ltr'><strong>vero</strong></span> <span class='ocrx_word' id='word_1_181' title='bbox 2470 1525 2538 1581; x_wconf 91' lang='lat' dir='ltr'><strong>ab</strong></span> <span class='ocrx_word' id='word_1_182' title='bbox 2564 1523 2824 1594; x_wconf 85' lang='lat' dir='ltr'><strong>apostolis</strong></span> <span class='ocrx_word' id='word_1_183' title='bbox 2853 1523 3128 1579; x_wconf 80' lang='lat' dir='ltr'><strong>haberetis</strong></span> <span class='ocrx_word' id='word_1_184' title='bbox 3154 1523 3252 1577; x_wconf 88' lang='lat' dir='ltr'><strong>has</strong></span> <span class='ocrx_word' id='word_1_185' title='bbox 3293 1521 3541 1576; x_wconf 87' lang='lat' dir='ltr'><strong>traditio-</strong></span> 
     </span>
    </p>
   </div>
   <div class='ocr_carea' id='block_1_16' title="bbox 283 1605 3573 1685">
    <p class='ocr_par' dir='ltr' id='par_1_16' title="bbox 283 1605 3573 1685">
     <span class='ocr_line' id='line_1_16' title="bbox 283 1605 3573 1685; baseline 0.002 -26"><span class='ocrx_word' id='word_1_186' title='bbox 283 1605 415 1672; x_wconf 83' lang='lat' dir='ltr'><strong>ctis,</strong></span> <span class='ocrx_word' id='word_1_187' title='bbox 444 1614 498 1661; x_wconf 84' lang='lat' dir='ltr'><strong>et</strong></span> <span class='ocrx_word' id='word_1_188' title='bbox 529 1608 660 1662; x_wconf 88' lang='lat' dir='ltr'><strong>uniti</strong></span> <span class='ocrx_word' id='word_1_189' title='bbox 691 1612 1070 1668; x_wconf 87' lang='lat' dir='ltr'><strong>communione</strong></span> <span class='ocrx_word' id='word_1_190' title='bbox 1099 1628 1239 1683; x_wconf 88' lang='lat' dir='ltr'><strong>pane</strong></span> <span class='ocrx_word' id='word_1_191' title='bbox 1263 1622 1317 1668; x_wconf 83' lang='lat' dir='ltr'><strong>et</strong></span> <span class='ocrx_word' id='word_1_192' title='bbox 1361 1613 1532 1669; x_wconf 82' lang='lat' dir='ltr'><strong>calice</strong></span> <span class='ocrx_word' id='word_1_193' title='bbox 1576 1613 1861 1685; x_wconf 83' lang='lat' dir='ltr'><strong>mysterio-</strong></span> <span class='ocrx_word' id='word_1_194' title='bbox 1970 1632 2087 1685; x_wconf 90' lang='lat' dir='ltr'><strong>nes,</strong></span> <span class='ocrx_word' id='word_1_195' title='bbox 2140 1616 2433 1675; x_wconf 87' lang='lat' dir='ltr'><strong>obsisteret</strong></span> <span class='ocrx_word' id='word_1_196' title='bbox 2482 1614 2733 1680; x_wconf 87' lang='lat' dir='ltr'><strong>forsitan,</strong></span> <span class='ocrx_word' id='word_1_197' title='bbox 2792 1622 2849 1669; x_wconf 90' lang='lat' dir='ltr'><strong>et</strong></span> <span class='ocrx_word' id='word_1_198' title='bbox 2891 1627 2997 1668; x_wconf 90' lang='lat' dir='ltr'><strong>non</strong></span> <span class='ocrx_word' id='word_1_199' title='bbox 3052 1612 3380 1682; x_wconf 88' lang='lat' dir='ltr'><strong>suscepisset</strong></span> <span class='ocrx_word' id='word_1_200' title='bbox 3433 1610 3573 1673; x_wconf 26' lang='lat' dir='ltr'><strong>haec,</strong></span> 
     </span>
    </p>
   </div>
   <div class='ocr_carea' id='block_1_17' title="bbox 285 1700 3565 1780">
    <p class='ocr_par' dir='ltr' id='par_1_17' title="bbox 285 1700 3565 1780">
     <span class='ocr_line' id='line_1_17' title="bbox 285 1700 3565 1780; baseline 0.002 -29"><span class='ocrx_word' id='word_1_201' title='bbox 285 1716 409 1753; x_wconf 84' lang='lat' dir='ltr'><strong>rum</strong></span> <span class='ocrx_word' id='word_1_202' title='bbox 434 1700 657 1758; x_wconf 86' lang='lat' dir='ltr'><strong>Christi.</strong></span> <span class='ocrx_word' id='word_1_203' title='bbox 694 1704 857 1759; x_wconf 88' lang='lat' dir='ltr'><strong>Etita</strong></span> <span class='ocrx_word' id='word_1_204' title='bbox 905 1717 1125 1778; x_wconf 80' lang='lat' dir='ltr'><strong>agentes</strong></span> <span class='ocrx_word' id='word_1_205' title='bbox 1152 1708 1357 1780; x_wconf 89' lang='lat' dir='ltr'><strong>gratias</strong></span> <span class='ocrx_word' id='word_1_206' title='bbox 1401 1709 1529 1775; x_wconf 87' lang='lat' dir='ltr'><strong>Deo,</strong></span> <span class='ocrx_word' id='word_1_207' title='bbox 1579 1708 1869 1780; x_wconf 80' lang='lat' dir='ltr'><strong>linquimus</strong></span> <span class='ocrx_word' id='word_1_208' title='bbox 1973 1722 2093 1778; x_wconf 59' lang='lat' dir='ltr'><strong>quae</strong></span> <span class='ocrx_word' id='word_1_209' title='bbox 2116 1707 2255 1778; x_wconf 91' lang='lat' dir='ltr'><strong>apud</strong></span> <span class='ocrx_word' id='word_1_210' title='bbox 2294 1722 2393 1763; x_wconf 90' lang='lat' dir='ltr'><strong>nos</strong></span> <span class='ocrx_word' id='word_1_211' title='bbox 2424 1707 2492 1763; x_wconf 88' lang='lat' dir='ltr'><strong>ab</strong></span> <span class='ocrx_word' id='word_1_212' title='bbox 2540 1720 2605 1763; x_wconf 89' lang='lat' dir='ltr'><strong>ea</strong></span> <span class='ocrx_word' id='word_1_213' title='bbox 2651 1704 2989 1776; x_wconf 76' lang='lat' dir='ltr'><strong>promulgata</strong></span> <span class='ocrx_word' id='word_1_214' title='bbox 3042 1711 3189 1759; x_wconf 90' lang='lat' dir='ltr'><strong>sunt.</strong></span> <span class='ocrx_word' id='word_1_215' title='bbox 3240 1702 3383 1772; x_wconf 89' lang='lat' dir='ltr'><strong>Papa</strong></span> <span class='ocrx_word' id='word_1_216' title='bbox 3429 1716 3565 1758; x_wconf 69' lang='lat' dir='ltr'><strong>cunt</strong></span> 
     </span>
    </p>
   </div>
   <div class='ocr_carea' id='block_1_18' title="bbox 285 1788 3555 1873">
    <p class='ocr_par' dir='ltr' id='par_1_18' title="bbox 285 1788 3555 1873">
     <span class='ocr_line' id='line_1_18' title="bbox 285 1788 3555 1873; baseline 0.001 -29"><span class='ocrx_word' id='word_1_217' title='bbox 285 1807 377 1846; x_wconf 71' lang='lat' dir='ltr'><strong>eos</strong></span> <span class='ocrx_word' id='word_1_218' title='bbox 411 1803 573 1863; x_wconf 91' lang='lat' dir='ltr'><strong>atque</strong></span> <span class='ocrx_word' id='word_1_219' title='bbox 616 1795 939 1854; x_wconf 87' lang='lat' dir='ltr'><strong>dimittimus</strong></span> <span class='ocrx_word' id='word_1_220' title='bbox 990 1815 1057 1855; x_wconf 85' lang='lat' dir='ltr'><strong>ex</strong></span> <span class='ocrx_word' id='word_1_221' title='bbox 1104 1802 1540 1873; x_wconf 83' lang='lat' dir='ltr'><strong>congregatione,</strong></span> <span class='ocrx_word' id='word_1_222' title='bbox 1594 1812 1870 1858; x_wconf 87' lang='lat' dir='ltr'><strong>sumentes</strong></span> <span class='ocrx_word' id='word_1_223' title='bbox 1896 1788 1945 1848; x_wconf 78' lang='grc' dir='ltr'><strong>Β</strong></span> <span class='ocrx_word' id='word_1_224' title='bbox 1972 1809 2122 1855; x_wconf 84' lang='lat' dir='ltr'><strong>esset</strong></span> <span class='ocrx_word' id='word_1_225' title='bbox 2146 1808 2347 1864; x_wconf 79' lang='lat' dir='ltr'><strong>vester,</strong></span> <span class='ocrx_word' id='word_1_226' title='bbox 2381 1798 2636 1868; x_wconf 88' lang='lat' dir='ltr'><strong>quoniam</strong></span> <span class='ocrx_word' id='word_1_227' title='bbox 2664 1796 2938 1853; x_wconf 88' lang='lat' dir='ltr'><strong>adulteras</strong></span> <span class='ocrx_word' id='word_1_228' title='bbox 2980 1793 3339 1863; x_wconf 83' lang='lat' dir='ltr'><strong>cognoscebat</strong></span> <span class='ocrx_word' id='word_1_229' title='bbox 3385 1790 3555 1847; x_wconf 77' lang='lat' dir='ltr'><strong>tradi-</strong></span> 
     </span>
    </p>
   </div>
   <div class='ocr_carea' id='block_1_19' title="bbox 289 1881 3551 1965">
    <p class='ocr_par' dir='ltr' id='par_1_19' title="bbox 289 1881 3551 1965">
     <span class='ocr_line' id='line_1_19' title="bbox 289 1881 3551 1965; baseline -0.002 -24"><span class='ocrx_word' id='word_1_230' title='bbox 289 1901 384 1937; x_wconf 65' lang='grc' dir='ltr'><strong>νος</strong></span> <span class='ocrx_word' id='word_1_231' title='bbox 415 1901 761 1943; x_wconf 88' lang='lat' dir='ltr'><strong>communem</strong></span> <span class='ocrx_word' id='word_1_232' title='bbox 788 1905 1028 1946; x_wconf 88' lang='lat' dir='ltr'><strong>mensam</strong></span> <span class='ocrx_word' id='word_1_233' title='bbox 1055 1908 1153 1963; x_wconf 87' lang='lat' dir='ltr'><strong>per</strong></span> <span class='ocrx_word' id='word_1_234' title='bbox 1201 1891 1326 1949; x_wconf 85' lang='lat' dir='ltr'><strong>folia</strong></span> <span class='ocrx_word' id='word_1_235' title='bbox 1376 1902 1432 1950; x_wconf 93' lang='lat' dir='ltr'><strong>et</strong></span> <span class='ocrx_word' id='word_1_236' title='bbox 1478 1893 1768 1965; x_wconf 78' lang='lat' dir='ltr'><strong>legumina,</strong></span> <span class='ocrx_word' id='word_1_237' title='bbox 1819 1901 1875 1949; x_wconf 88' lang='lat' dir='ltr'><strong>et</strong></span> <span class='ocrx_word' id='word_1_238' title='bbox 1977 1890 2151 1945; x_wconf 89' lang='lat' dir='ltr'><strong>tiones</strong></span> <span class='ocrx_word' id='word_1_239' title='bbox 2179 1891 2321 1959; x_wconf 89' lang='lat' dir='ltr'><strong>ipsas</strong></span> <span class='ocrx_word' id='word_1_240' title='bbox 2347 1898 2403 1943; x_wconf 93' lang='lat' dir='ltr'><strong>et</strong></span> <span class='ocrx_word' id='word_1_241' title='bbox 2424 1897 2714 1943; x_wconf 75' lang='lat' dir='ltr'><strong>extraneas</strong></span> <span class='ocrx_word' id='word_1_242' title='bbox 2737 1886 2807 1941; x_wconf 89' lang='lat' dir='ltr'><strong>ab</strong></span> <span class='ocrx_word' id='word_1_243' title='bbox 2836 1884 3202 1956; x_wconf 90' lang='lat' dir='ltr'><strong>apostolorum</strong></span> <span class='ocrx_word' id='word_1_244' title='bbox 3251 1881 3499 1939; x_wconf 88' lang='lat' dir='ltr'><strong>doctrina</strong></span> <span class='ocrx_word' id='word_1_245' title='bbox 3535 1899 3551 1935; x_wconf 88' lang='lat'>:</span> 
     </span>
    </p>
   </div>
   <div class='ocr_carea' id='block_1_20' title="bbox 282 1972 3557 2051">
    <p class='ocr_par' dir='ltr' id='par_1_20' title="bbox 282 1972 3557 2051">
     <span class='ocr_line' id='line_1_20' title="bbox 282 1972 3557 2051; baseline -0.001 -21"><span class='ocrx_word' id='word_1_246' title='bbox 282 1976 516 2031; x_wconf 79' lang='lat' dir='ltr'><strong>calidam</strong></span> <span class='ocrx_word' id='word_1_247' title='bbox 546 1993 741 2048; x_wconf 88' lang='lat' dir='ltr'><strong>aquam</strong></span> <span class='ocrx_word' id='word_1_248' title='bbox 776 1980 867 2049; x_wconf 89' lang='lat' dir='ltr'><strong>qui</strong></span> <span class='ocrx_word' id='word_1_249' title='bbox 923 1980 1210 2038; x_wconf 88' lang='lat' dir='ltr'><strong>voluerint.</strong></span> <span class='ocrx_word' id='word_1_250' title='bbox 1267 1982 1406 2039; x_wconf 91' lang='lat' dir='ltr'><strong>Sunt</strong></span> <span class='ocrx_word' id='word_1_251' title='bbox 1449 1993 1629 2039; x_wconf 89' lang='lat' dir='ltr'><strong>autem</strong></span> <span class='ocrx_word' id='word_1_252' title='bbox 1682 1995 1739 2039; x_wconf 91' lang='lat' dir='ltr'><strong>et</strong></span> <span class='ocrx_word' id='word_1_253' title='bbox 1783 1982 1873 2039; x_wconf 84' lang='lat' dir='ltr'><strong>alii</strong></span> <span class='ocrx_word' id='word_1_254' title='bbox 1975 1990 2259 2050; x_wconf 85' lang='lat' dir='ltr'><strong>propterea</strong></span> <span class='ocrx_word' id='word_1_255' title='bbox 2285 1980 2487 2051; x_wconf 87' lang='lat' dir='ltr'><strong>pariter</strong></span> <span class='ocrx_word' id='word_1_256' title='bbox 2510 1993 2630 2034; x_wconf 91' lang='lat' dir='ltr'><strong>cum</strong></span> <span class='ocrx_word' id='word_1_257' title='bbox 2658 1976 2911 2031; x_wconf 80' lang='lat' dir='ltr'><strong>Patribus</strong></span> <span class='ocrx_word' id='word_1_258' title='bbox 2937 1989 3106 2031; x_wconf 70' lang='lat' dir='ltr'><strong>sacra:</strong></span> <span class='ocrx_word' id='word_1_259' title='bbox 3134 1976 3319 2029; x_wconf 73' lang='lat' dir='ltr'><strong>sexta:</strong></span> <span class='ocrx_word' id='word_1_260' title='bbox 3344 1972 3557 2045; x_wconf 78' lang='lat' dir='ltr'><strong>synodi,</strong></span> 
     </span>
    </p>
   </div>
   <div class='ocr_carea' id='block_1_21' title="bbox 288 2066 1916 2148">
    <p class='ocr_par' dir='ltr' id='par_1_21' title="bbox 288 2069 1876 2148">
     <span class='ocr_line' id='line_1_21' title="bbox 288 2069 1876 2148; baseline 0.008 -29"><span class='ocrx_word' id='word_1_261' title='bbox 288 2070 376 2136; x_wconf 85' lang='lat' dir='ltr'><strong>qui</strong></span> <span class='ocrx_word' id='word_1_262' title='bbox 404 2069 520 2126; x_wconf 86' lang='lat' dir='ltr'><strong>sola</strong></span> <span class='ocrx_word' id='word_1_263' title='bbox 546 2074 923 2128; x_wconf 90' lang='lat' dir='ltr'><strong>connnnnione</strong></span> <span class='ocrx_word' id='word_1_264' title='bbox 948 2084 1003 2130; x_wconf 91' lang='lat' dir='ltr'><strong>et</strong></span> <span class='ocrx_word' id='word_1_265' title='bbox 1031 2075 1403 2133; x_wconf 86' lang='lat' dir='ltr'><strong>benedictione</strong></span> <span class='ocrx_word' id='word_1_266' title='bbox 1431 2093 1530 2148; x_wconf 83' lang='lat' dir='ltr'><strong>per</strong></span> <span class='ocrx_word' id='word_1_267' title='bbox 1556 2086 1722 2132; x_wconf 87' lang='lat' dir='ltr'><strong>totam</strong></span> <span class='ocrx_word' id='word_1_268' title='bbox 1753 2092 1876 2147; x_wconf 89' lang='lat' dir='ltr'><strong>per-</strong></span> 
     </span>
    </p>
   </div>
   <div class='ocr_carea' id='block_1_22' title="bbox 1931 2066 3559 2148">
    <p class='ocr_par' dir='ltr' id='par_1_22' title="bbox 1977 2066 3559 2142">
     <span class='ocr_line' id='line_1_22' title="bbox 1977 2066 3559 2142; baseline -0.008 -15"><span class='ocrx_word' id='word_1_269' title='bbox 1977 2071 2117 2127; x_wconf 87' lang='lat' dir='ltr'><strong>sient</strong></span> <span class='ocrx_word' id='word_1_270' title='bbox 2145 2072 2211 2127; x_wconf 88' lang='lat' dir='ltr'><strong>de</strong></span> <span class='ocrx_word' id='word_1_271' title='bbox 2240 2073 2446 2142; x_wconf 84' lang='lat' dir='ltr'><strong>azymis</strong></span> <span class='ocrx_word' id='word_1_272' title='bbox 2490 2078 2547 2128; x_wconf 91' lang='lat' dir='ltr'><strong>et</strong></span> <span class='ocrx_word' id='word_1_273' title='bbox 2581 2067 2802 2141; x_wconf 85' lang='lat' dir='ltr'><strong>jcjnniis</strong></span> <span class='ocrx_word' id='word_1_274' title='bbox 2859 2066 3217 2122; x_wconf 86' lang='lat' dir='ltr'><strong>Sabhatorum</strong></span> <span class='ocrx_word' id='word_1_275' title='bbox 3277 2071 3333 2119; x_wconf 90' lang='lat' dir='ltr'><strong>et</strong></span> <span class='ocrx_word' id='word_1_276' title='bbox 3388 2074 3559 2120; x_wconf 72' lang='lat' dir='ltr'><strong>sacra:</strong></span> 
     </span>
    </p>
   </div>
   <div class='ocr_carea' id='block_1_23' title="bbox 290 2155 3553 2239">
    <p class='ocr_par' dir='ltr' id='par_1_23' title="bbox 290 2155 3553 2239">
     <span class='ocr_line' id='line_1_23' title="bbox 290 2155 3553 2239; baseline -0.002 -24"><span class='ocrx_word' id='word_1_277' title='bbox 290 2171 543 2218; x_wconf 82' lang='lat' dir='ltr'><strong>severam</strong></span> <span class='ocrx_word' id='word_1_278' title='bbox 574 2162 987 2221; x_wconf 86' lang='lat' dir='ltr'><strong>hebdomadam.</strong></span> <span class='ocrx_word' id='word_1_279' title='bbox 1044 2167 1151 2223; x_wconf 84' lang='lat' dir='ltr'><strong>Vos</strong></span> <span class='ocrx_word' id='word_1_280' title='bbox 1199 2180 1381 2223; x_wconf 90' lang='lat' dir='ltr'><strong>autem</strong></span> <span class='ocrx_word' id='word_1_281' title='bbox 1440 2168 1739 2224; x_wconf 80' lang='lat' dir='ltr'><strong>referentes</strong></span> <span class='ocrx_word' id='word_1_282' title='bbox 1781 2184 1878 2239; x_wconf 91' lang='lat' dir='ltr'><strong>per</strong></span> <span class='ocrx_word' id='word_1_283' title='bbox 1979 2163 2158 2219; x_wconf 76' lang='lat' dir='ltr'><strong>missae</strong></span> <span class='ocrx_word' id='word_1_284' title='bbox 2186 2162 2477 2233; x_wconf 89' lang='lat' dir='ltr'><strong>mysteriis,</strong></span> <span class='ocrx_word' id='word_1_285' title='bbox 2509 2161 2587 2219; x_wconf 90' lang='lat' dir='ltr'><strong>sic</strong></span> <span class='ocrx_word' id='word_1_286' title='bbox 2608 2168 2663 2215; x_wconf 91' lang='lat' dir='ltr'><strong>et</strong></span> <span class='ocrx_word' id='word_1_287' title='bbox 2702 2159 2769 2215; x_wconf 91' lang='lat' dir='ltr'><strong>de</strong></span> <span class='ocrx_word' id='word_1_288' title='bbox 2818 2156 3023 2229; x_wconf 90' lang='lat' dir='ltr'><strong>nuptiis</strong></span> <span class='ocrx_word' id='word_1_289' title='bbox 3050 2155 3389 2213; x_wconf 85' lang='lat' dir='ltr'><strong>sacerdotum</strong></span> <span class='ocrx_word' id='word_1_290' title='bbox 3434 2166 3553 2222; x_wconf 85' lang='lat' dir='ltr'><strong>pro-</strong></span> 
     </span>
    </p>
   </div>
   <div class='ocr_carea' id='block_1_24' title="bbox 258 2244 3558 2332">
    <p class='ocr_par' dir='ltr' id='par_1_24' title="bbox 258 2244 3558 2332">
     <span class='ocr_line' id='line_1_24' title="bbox 258 2244 3558 2332; baseline -0.002 -28"><span class='ocrx_word' id='word_1_291' title='bbox 258 2256 738 2329; x_wconf 78' lang='lat' dir='ltr'><strong>‘unumquemque</strong></span> <span class='ocrx_word' id='word_1_292' title='bbox 787 2256 930 2311; x_wconf 91' lang='lat' dir='ltr'><strong>diem</strong></span> <span class='ocrx_word' id='word_1_293' title='bbox 988 2246 1289 2327; x_wconf 79' lang='lat' dir='ltr'><strong>perfectam</strong></span> <span class='ocrx_word' id='word_1_294' title='bbox 1345 2259 1402 2314; x_wconf 91' lang='lat' dir='ltr'><strong>in</strong></span> <span class='ocrx_word' id='word_1_295' title='bbox 1451 2259 1877 2332; x_wconf 81' lang='lat' dir='ltr'><strong>Quadragesima</strong></span> <span class='ocrx_word' id='word_1_296' title='bbox 1940 2280 1943 2281; x_wconf 49' lang='grc' dir='ltr'><em>ν</em></span> <span class='ocrx_word' id='word_1_297' title='bbox 1978 2254 2238 2325; x_wconf 79' lang='lat' dir='ltr'><strong>mulgavit</strong></span> <span class='ocrx_word' id='word_1_298' title='bbox 2265 2254 2450 2311; x_wconf 85' lang='lat' dir='ltr'><strong>dicens</strong></span> <span class='ocrx_word' id='word_1_299' title='bbox 2482 2254 2534 2308; x_wconf 94' lang='lat' dir='ltr'><strong>in</strong></span> <span class='ocrx_word' id='word_1_300' title='bbox 2563 2252 2777 2309; x_wconf 88' lang='lat' dir='ltr'><strong>decimo</strong></span> <span class='ocrx_word' id='word_1_301' title='bbox 2808 2250 2973 2307; x_wconf 91' lang='lat' dir='ltr'><strong>tertio</strong></span> <span class='ocrx_word' id='word_1_302' title='bbox 2995 2249 3217 2319; x_wconf 89' lang='lat' dir='ltr'><strong>capite:</strong></span> <span class='ocrx_word' id='word_1_303' title='bbox 3251 2264 3271 2299; x_wconf 77' lang='grc' dir='ltr'>ι</span> <span class='ocrx_word' id='word_1_304' title='bbox 3306 2245 3446 2314; x_wconf 86' lang='lat' dir='ltr'><strong>Quia</strong></span> <span class='ocrx_word' id='word_1_305' title='bbox 3501 2244 3558 2299; x_wconf 88' lang='lat' dir='ltr'><strong>in</strong></span> 
     </span>
    </p>
   </div>
   <div class='ocr_carea' id='block_1_25' title="bbox 293 2337 3559 2423">
    <p class='ocr_par' dir='ltr' id='par_1_25' title="bbox 293 2337 3559 2423">
     <span class='ocr_line' id='line_1_25' title="bbox 293 2337 3559 2423; baseline 0.002 -24"><span class='ocrx_word' id='word_1_306' title='bbox 293 2345 771 2415; x_wconf 88' lang='lat' dir='ltr'><strong>ministrationem,</strong></span> <span class='ocrx_word' id='word_1_307' title='bbox 804 2364 923 2420; x_wconf 74' lang='lat' dir='ltr'><strong>qum</strong></span> <span class='ocrx_word' id='word_1_308' title='bbox 952 2366 1190 2423; x_wconf 88' lang='lat' dir='ltr'><strong>congrua</strong></span> <span class='ocrx_word' id='word_1_309' title='bbox 1217 2361 1299 2409; x_wconf 88' lang='lat' dir='ltr'><strong>est</strong></span> <span class='ocrx_word' id='word_1_310' title='bbox 1316 2353 1470 2423; x_wconf 88' lang='lat' dir='ltr'><strong>iuxta</strong></span> <span class='ocrx_word' id='word_1_311' title='bbox 1511 2356 1726 2411; x_wconf 87' lang='lat' dir='ltr'><strong>tertiam</strong></span> <span class='ocrx_word' id='word_1_312' title='bbox 1776 2356 1878 2411; x_wconf 84' lang='lat' dir='ltr'><strong>ho-</strong></span> <span class='ocrx_word' id='word_1_313' title='bbox 1982 2344 2350 2402; x_wconf 72' lang='lat' dir='ltr'><strong>Romanorum</strong></span> <span class='ocrx_word' id='word_1_314' title='bbox 2381 2344 2619 2400; x_wconf 73' lang='lat' dir='ltr'><strong>EccleSia</strong></span> <span class='ocrx_word' id='word_1_315' title='bbox 2650 2344 2702 2398; x_wconf 75' lang='lat' dir='ltr'><strong>in</strong></span> <span class='ocrx_word' id='word_1_316' title='bbox 2737 2342 2925 2398; x_wconf 70' lang='grc' dir='ltr'><strong>οΐάίηο</strong></span> <span class='ocrx_word' id='word_1_317' title='bbox 2953 2339 3176 2396; x_wconf 66' lang='lat' dir='ltr'><strong>canonis</strong></span> <span class='ocrx_word' id='word_1_318' title='bbox 3197 2337 3335 2393; x_wconf 65' lang='lat' dir='ltr'><strong>&quot;at&quot;</strong></span> <span class='ocrx_word' id='word_1_319' title='bbox 3357 2349 3559 2407; x_wconf 74' lang='grc'><strong>⁰⁰8“⁰“</strong></span> 
     </span>
    </p>
   </div>
   <div class='ocr_carea' id='block_1_26' title="bbox 292 2427 1920 2514">
    <p class='ocr_par' dir='ltr' id='par_1_26' title="bbox 292 2435 1883 2514">
     <span class='ocr_line' id='line_1_26' title="bbox 292 2435 1883 2514; baseline 0.009 -26"><span class='ocrx_word' id='word_1_320' title='bbox 292 2450 414 2490; x_wconf 83' lang='lat' dir='ltr'><strong>ram</strong></span> <span class='ocrx_word' id='word_1_321' title='bbox 465 2436 570 2491; x_wconf 90' lang='lat' dir='ltr'><strong>diei</strong></span> <span class='ocrx_word' id='word_1_322' title='bbox 623 2435 804 2492; x_wconf 82' lang='lat' dir='ltr'><strong>oﬂerri</strong></span> <span class='ocrx_word' id='word_1_323' title='bbox 840 2481 855 2506; x_wconf 91' lang='lat'><strong>,</strong></span> <span class='ocrx_word' id='word_1_324' title='bbox 910 2441 1114 2511; x_wconf 87' lang='lat' dir='ltr'><strong>positos</strong></span> <span class='ocrx_word' id='word_1_325' title='bbox 1164 2445 1601 2514; x_wconf 88' lang='lat' dir='ltr'><strong>transgredimini</strong></span> <span class='ocrx_word' id='word_1_326' title='bbox 1648 2461 1883 2502; x_wconf 89' lang='lat' dir='ltr'><strong>canones</strong></span> 
     </span>
    </p>
   </div>
   <div class='ocr_carea' id='block_1_27' title="bbox 1936 2427 3564 2514">
    <p class='ocr_par' dir='ltr' id='par_1_27' title="bbox 1983 2427 3564 2509">
     <span class='ocr_line' id='line_1_27' title="bbox 1983 2427 3564 2509; baseline -0.004 -20"><span class='ocrx_word' id='word_1_327' title='bbox 1983 2438 2181 2501; x_wconf 83' lang='lat' dir='ltr'><strong>vimus,</strong></span> <span class='ocrx_word' id='word_1_328' title='bbox 2210 2447 2504 2509; x_wconf 71' lang='lat' dir='ltr'><strong>praesentes</strong></span> <span class='ocrx_word' id='word_1_329' title='bbox 2526 2435 2736 2492; x_wconf 89' lang='lat' dir='ltr'><strong>diaconi</strong></span> <span class='ocrx_word' id='word_1_330' title='bbox 2759 2441 2852 2488; x_wconf 89' lang='lat' dir='ltr'><strong>aut</strong></span> <span class='ocrx_word' id='word_1_331' title='bbox 2885 2431 3187 2503; x_wconf 82' lang='lat' dir='ltr'><strong>presbyteri</strong></span> <span class='ocrx_word' id='word_1_332' title='bbox 3211 2429 3400 2500; x_wconf 88' lang='lat' dir='ltr'><strong>dignas</strong></span> <span class='ocrx_word' id='word_1_333' title='bbox 3447 2427 3564 2483; x_wconf 86' lang='lat' dir='ltr'><strong>fore</strong></span> 
     </span>
    </p>
   </div>
   <div class='ocr_carea' id='block_1_28' title="bbox 258 2516 3584 2609">
    <p class='ocr_par' dir='ltr' id='par_1_28' title="bbox 258 2516 3584 2609">
     <span class='ocr_line' id='line_1_28' title="bbox 258 2516 3584 2609; baseline 0.002 -28"><span class='ocrx_word' id='word_1_334' title='bbox 258 2525 571 2582; x_wconf 66' lang='lat' dir='ltr'><strong>&#39;Ecclesim.</strong></span> <span class='ocrx_word' id='word_1_335' title='bbox 597 2527 666 2583; x_wconf 84' lang='lat' dir='ltr'><strong>Et</strong></span> <span class='ocrx_word' id='word_1_336' title='bbox 689 2529 739 2583; x_wconf 90' lang='lat' dir='ltr'><strong>in</strong></span> <span class='ocrx_word' id='word_1_337' title='bbox 772 2530 875 2587; x_wconf 90' lang='lat' dir='ltr'><strong>hoc</strong></span> <span class='ocrx_word' id='word_1_338' title='bbox 901 2532 1268 2590; x_wconf 88' lang='lat' dir='ltr'><strong>maledictioni</strong></span> <span class='ocrx_word' id='word_1_339' title='bbox 1302 2535 1880 2609; x_wconf 74' lang='lat' dir='ltr'><strong>Patrumsubiacetis,</strong></span> <span class='ocrx_word' id='word_1_340' title='bbox 1985 2543 2240 2583; x_wconf 76' lang='lat' dir='ltr'><strong>manuum</strong></span> <span class='ocrx_word' id='word_1_341' title='bbox 2272 2520 3051 2609; x_wconf 73' lang='lat' dir='ltr'><strong>imposilionesconﬁteri.__ut</strong></span> <span class='ocrx_word' id='word_1_342' title='bbox 3099 2534 3205 2609; x_wconf 61' lang='lat' dir='ltr'><strong>non</strong></span> <span class='ocrx_word' id='word_1_343' title='bbox 3261 2516 3495 2588; x_wconf 71' lang='lat' dir='ltr'><strong>amplius</strong></span> <span class='ocrx_word' id='word_1_344' title='bbox 3529 2534 3584 2575; x_wconf 63' lang='grc' dir='ltr'><strong>η»</strong></span> 
     </span>
    </p>
   </div>
   <div class='ocr_carea' id='block_1_29' title="bbox 295 2606 3585 2686">
    <p class='ocr_par' dir='ltr' id='par_1_29' title="bbox 295 2606 3585 2686">
     <span class='ocr_line' id='line_1_29' title="bbox 295 2606 3585 2686; baseline -0.007 -1"><span class='ocrx_word' id='word_1_345' title='bbox 295 2618 444 2671; x_wconf 70' lang='grc' dir='ltr'><strong>δίεπε</strong></span> <span class='ocrx_word' id='word_1_346' title='bbox 472 2619 674 2673; x_wconf 72' lang='lat' dir='ltr'><strong>(“clum</strong></span> <span class='ocrx_word' id='word_1_347' title='bbox 702 2629 805 2676; x_wconf 72' lang='grc' dir='ltr'><strong>εει·</strong></span> <span class='ocrx_word' id='word_1_348' title='bbox 896 2630 899 2633; x_wconf 78' lang='grc'><em>’</em></span> <span class='ocrx_word' id='word_1_349' title='bbox 1020 2630 1025 2631; x_wconf 60' lang='grc'><strong>“</strong></span> <span class='ocrx_word' id='word_1_350' title='bbox 1662 2606 1677 2609; x_wconf 37' lang='grc'>⁷</span> <span class='ocrx_word' id='word_1_351' title='bbox 1984 2623 2100 2679; x_wconf 88' lang='lat' dir='ltr'><strong>suis</strong></span> <span class='ocrx_word' id='word_1_352' title='bbox 2136 2616 2513 2686; x_wconf 72' lang='lat' dir='ltr'><strong>disiungantur</strong></span> <span class='ocrx_word' id='word_1_353' title='bbox 2557 2609 2894 2681; x_wconf 88' lang='lat' dir='ltr'><strong>coniugibus.</strong></span> <span class='ocrx_word' id='word_1_354' title='bbox 2951 2606 3059 2664; x_wconf 84' lang='lat' dir='ltr'><strong>Nos</strong></span> <span class='ocrx_word' id='word_1_355' title='bbox 3092 2607 3371 2677; x_wconf 89' lang='lat' dir='ltr'><strong>antiquum</strong></span> <span class='ocrx_word' id='word_1_356' title='bbox 3411 2620 3585 2661; x_wconf 76' lang='lat' dir='ltr'><strong>exse-.</strong></span> 
     </span>
    </p>
   </div>
   <div class='ocr_carea' id='block_1_30' title="bbox 370 2697 3583 2790">
    <p class='ocr_par' dir='ltr' id='par_1_30' title="bbox 370 2697 3583 2790">
     <span class='ocr_line' id='line_1_30' title="bbox 370 2697 3583 2790; baseline -0.008 -12"><span class='ocrx_word' id='word_1_357' title='bbox 370 2706 488 2763; x_wconf 70' lang='lat' dir='ltr'><strong>XV-</strong></span> <span class='ocrx_word' id='word_1_358' title='bbox 527 2708 660 2776; x_wconf 77' lang='lat' dir='ltr'><strong>Quis</strong></span> <span class='ocrx_word' id='word_1_359' title='bbox 712 2710 802 2767; x_wconf 77' lang='lat' dir='ltr'><strong>ille</strong></span> <span class='ocrx_word' id='word_1_360' title='bbox 833 2720 918 2768; x_wconf 83' lang='lat' dir='ltr'><strong>est</strong></span> <span class='ocrx_word' id='word_1_361' title='bbox 964 2714 1057 2784; x_wconf 87' lang='lat' dir='ltr'><strong>qui</strong></span> <span class='ocrx_word' id='word_1_362' title='bbox 1108 2716 1329 2773; x_wconf 89' lang='lat' dir='ltr'><strong>tradidit</strong></span> <span class='ocrx_word' id='word_1_363' title='bbox 1371 2719 1526 2774; x_wconf 81' lang='lat' dir='ltr'><strong>vobis</strong></span> <span class='ocrx_word' id='word_1_364' title='bbox 1596 2720 1884 2790; x_wconf 82' lang='lat' dir='ltr'><strong>prohibere</strong></span> <span class='ocrx_word' id='word_1_365' title='bbox 1985 2722 2212 2785; x_wconf 88' lang='lat' dir='ltr'><strong>quentes</strong></span> <span class='ocrx_word' id='word_1_366' title='bbox 2238 2719 2502 2763; x_wconf 88' lang='lat' dir='ltr'><strong>canonem</strong></span> <span class='ocrx_word' id='word_1_367' title='bbox 2534 2702 2843 2774; x_wconf 72' lang='lat' dir='ltr'><strong>apostolica:</strong></span> <span class='ocrx_word' id='word_1_368' title='bbox 2870 2698 3162 2771; x_wconf 76' lang='lat' dir='ltr'><strong>diligentia:</strong></span> <span class='ocrx_word' id='word_1_369' title='bbox 3184 2697 3583 2790; x_wconf 58' lang='lat' dir='ltr'><strong>etordinatioz.</strong></span> 
     </span>
    </p>
   </div>
   <div class='ocr_carea' id='block_1_31' title="bbox 290 2786 3589 2878">
    <p class='ocr_par' dir='ltr' id='par_1_31' title="bbox 290 2786 3589 2878">
     <span class='ocr_line' id='line_1_31' title="bbox 290 2786 3589 2878; baseline -0.003 -25"><span class='ocrx_word' id='word_1_370' title='bbox 290 2807 352 2853; x_wconf 86' lang='lat' dir='ltr'><strong>et</strong></span> <span class='ocrx_word' id='word_1_371' title='bbox 380 2799 700 2857; x_wconf 87' lang='lat' dir='ltr'><strong>abscindere</strong></span> <span class='ocrx_word' id='word_1_372' title='bbox 729 2802 942 2872; x_wconf 83' lang='lat' dir='ltr'><strong>nuptias</strong></span> <span class='ocrx_word' id='word_1_373' title='bbox 989 2806 1369 2864; x_wconf 84' lang='lat' dir='ltr'><strong>sacerdotum?</strong></span> <span class='ocrx_word' id='word_1_374' title='bbox 1397 2807 1530 2878; x_wconf 86' lang='lat' dir='ltr'><strong>Quis</strong></span> <span class='ocrx_word' id='word_1_375' title='bbox 1579 2786 1647 2866; x_wconf 74' lang='lat' dir='ltr'><strong>ex</strong></span> <span class='ocrx_word' id='word_1_376' title='bbox 1701 2811 1888 2866; x_wconf 83' lang='lat' dir='ltr'><strong>doclo-</strong></span> <span class='ocrx_word' id='word_1_377' title='bbox 1987 2807 2088 2869; x_wconf 84' lang='lat' dir='ltr'><strong>uis,</strong></span> <span class='ocrx_word' id='word_1_378' title='bbox 2124 2813 2434 2861; x_wconf 87' lang='lat' dir='ltr'><strong>sanctorum</strong></span> <span class='ocrx_word' id='word_1_379' title='bbox 2456 2800 2697 2855; x_wconf 90' lang='lat' dir='ltr'><strong>virorum</strong></span> <span class='ocrx_word' id='word_1_380' title='bbox 2722 2793 3093 2866; x_wconf 86' lang='lat' dir='ltr'><strong>copulationes</strong></span> <span class='ocrx_word' id='word_1_381' title='bbox 3139 2789 3434 2846; x_wconf 89' lang='lat' dir='ltr'><strong>secundum</strong></span> <span class='ocrx_word' id='word_1_382' title='bbox 3484 2786 3589 2878; x_wconf 10' lang='lat' dir='ltr'><strong>gle-r</strong></span> 
     </span>
    </p>
   </div>
   <div class='ocr_carea' id='block_1_32' title="bbox 296 2874 1924 2972">
    <p class='ocr_par' dir='ltr' id='par_1_32' title="bbox 296 2874 1887 2972">
     <span class='ocr_line' id='line_1_32' title="bbox 296 2874 1887 2972; baseline 0.009 -27"><span class='ocrx_word' id='word_1_383' title='bbox 296 2891 449 2947; x_wconf 89' lang='lat' dir='ltr'><strong>ribus</strong></span> <span class='ocrx_word' id='word_1_384' title='bbox 478 2891 731 2949; x_wconf 74' lang='lat' dir='ltr'><strong>Ecclesia:</strong></span> <span class='ocrx_word' id='word_1_385' title='bbox 751 2894 890 2951; x_wconf 86' lang='lat' dir='ltr'><strong>hanc</strong></span> <span class='ocrx_word' id='word_1_386' title='bbox 916 2896 1072 2955; x_wconf 89' lang='lat' dir='ltr'><strong>vobis</strong></span> <span class='ocrx_word' id='word_1_387' title='bbox 1121 2900 1345 2957; x_wconf 83' lang='lat' dir='ltr'><strong>tradidit</strong></span> <span class='ocrx_word' id='word_1_388' title='bbox 1396 2874 1755 2972; x_wconf 71' lang='lat' dir='ltr'><strong>pravitatem?</strong></span> <span class='ocrx_word' id='word_1_389' title='bbox 1802 2904 1887 2959; x_wconf 88' lang='lat' dir='ltr'><strong>Si-</strong></span> 
     </span>
    </p>
   </div>
   <div class='ocr_carea' id='block_1_33' title="bbox 1932 2874 3560 2972">
    <p class='ocr_par' dir='ltr' id='par_1_33' title="bbox 1988 2874 3560 2964">
     <span class='ocr_line' id='line_1_33' title="bbox 1988 2874 3560 2964; baseline -0.013 -16"><span class='ocrx_word' id='word_1_390' title='bbox 1988 2911 2107 2964; x_wconf 75' lang='lat' dir='ltr'><strong>gcm</strong></span> <span class='ocrx_word' id='word_1_391' title='bbox 2142 2902 2196 2950; x_wconf 89' lang='lat' dir='ltr'><strong>et</strong></span> <span class='ocrx_word' id='word_1_392' title='bbox 2216 2908 2244 2945; x_wconf 86' lang='lat' dir='ltr'><strong>a</strong></span> <span class='ocrx_word' id='word_1_393' title='bbox 2274 2889 2431 2947; x_wconf 88' lang='lat' dir='ltr'><strong>modo</strong></span> <span class='ocrx_word' id='word_1_394' title='bbox 2458 2887 2641 2944; x_wconf 88' lang='lat' dir='ltr'><strong>valere</strong></span> <span class='ocrx_word' id='word_1_395' title='bbox 2665 2883 2930 2949; x_wconf 89' lang='lat' dir='ltr'><strong>volumus,</strong></span> <span class='ocrx_word' id='word_1_396' title='bbox 2970 2880 3277 2937; x_wconf 88' lang='lat' dir='ltr'><strong>nullatenus</strong></span> <span class='ocrx_word' id='word_1_397' title='bbox 3323 2893 3351 2931; x_wconf 91' lang='lat' dir='ltr'><strong>a</strong></span> <span class='ocrx_word' id='word_1_398' title='bbox 3379 2874 3560 2944; x_wconf 70' lang='lat' dir='ltr'><strong>COltjlt&#39;</strong></span> 
     </span>
    </p>
   </div>
   <div class='ocr_carea' id='block_1_34' title="bbox 296 2966 3567 3066">
    <p class='ocr_par' dir='ltr' id='par_1_34' title="bbox 296 2966 3567 3066">
     <span class='ocr_line' id='line_1_34' title="bbox 296 2966 3567 3066; baseline 0.005 -31"><span class='ocrx_word' id='word_1_399' title='bbox 296 2983 515 3056; x_wconf 81' lang='lat' dir='ltr'><strong>quidem</strong></span> <span class='ocrx_word' id='word_1_400' title='bbox 539 2984 640 3040; x_wconf 92' lang='lat' dir='ltr'><strong>nisi</strong></span> <span class='ocrx_word' id='word_1_401' title='bbox 670 2988 936 3056; x_wconf 88' lang='lat' dir='ltr'><strong>nupserit,</strong></span> <span class='ocrx_word' id='word_1_402' title='bbox 968 3005 1159 3047; x_wconf 91' lang='lat' dir='ltr'><strong>manus</strong></span> <span class='ocrx_word' id='word_1_403' title='bbox 1212 2966 1579 3063; x_wconf 82' lang='lat' dir='ltr'><strong>impositionis</strong></span> <span class='ocrx_word' id='word_1_404' title='bbox 1631 2996 1880 3066; x_wconf 83' lang='lat' dir='ltr'><strong>accipiet.</strong></span> <span class='ocrx_word' id='word_1_405' title='bbox 1989 3003 2115 3060; x_wconf 74' lang='lat' dir='ltr'><strong>gum</strong></span> <span class='ocrx_word' id='word_1_406' title='bbox 2148 2982 2488 3056; x_wconf 71' lang='grc' dir='ltr'><strong>εουιιιειιίοηθ</strong></span> <span class='ocrx_word' id='word_1_407' title='bbox 2517 2977 2873 3036; x_wconf 65' lang='grc' dir='ltr'><strong>ἀίεδθινθθιθδ</strong></span> <span class='ocrx_word' id='word_1_408' title='bbox 2898 2982 2991 3029; x_wconf 66' lang='grc' dir='ltr'><strong>³⁸η</strong></span> <span class='ocrx_word' id='word_1_409' title='bbox 3038 2971 3317 3066; x_wconf 59' lang='grc' dir='ltr'><strong>Ρτίνθθίίῖδ</strong></span> <span class='ocrx_word' id='word_1_410' title='bbox 3361 2982 3455 3066; x_wconf 59' lang='grc' dir='ltr'><strong>θίξδ</strong></span> <span class='ocrx_word' id='word_1_411' title='bbox 3498 2966 3567 3066; x_wconf 46' lang='grc' dir='ltr'><strong><em>Ψ</em></strong></span> 
     </span>
    </p>
   </div>
   <div class='ocr_carea' id='block_1_35' title="bbox 300 3059 1928 3157">
    <p class='ocr_par' dir='ltr' id='par_1_35' title="bbox 300 3059 1928 3157">
     <span class='ocr_line' id='line_1_35' title="bbox 300 3059 1928 3157; baseline 0.01 -30"><span class='ocrx_word' id='word_1_412' title='bbox 300 3073 368 3127; x_wconf 79' lang='lat' dir='ltr'><strong>Et</strong></span> <span class='ocrx_word' id='word_1_413' title='bbox 397 3074 471 3127; x_wconf 88' lang='lat' dir='ltr'><strong>ita</strong></span> <span class='ocrx_word' id='word_1_414' title='bbox 504 3075 572 3129; x_wconf 87' lang='lat' dir='ltr'><strong>ad</strong></span> <span class='ocrx_word' id='word_1_415' title='bbox 603 3077 821 3147; x_wconf 85' lang='lat' dir='ltr'><strong>nuptias</strong></span> <span class='ocrx_word' id='word_1_416' title='bbox 859 3079 989 3144; x_wconf 86' lang='lat' dir='ltr'><strong>ruit,</strong></span> <span class='ocrx_word' id='word_1_417' title='bbox 1037 3081 1131 3150; x_wconf 89' lang='lat' dir='ltr'><strong>qui</strong></span> <span class='ocrx_word' id='word_1_418' title='bbox 1166 3059 1454 3140; x_wconf 79' lang='lat' dir='ltr'><strong>ordinatus</strong></span> <span class='ocrx_word' id='word_1_419' title='bbox 1492 3095 1575 3141; x_wconf 82' lang='lat' dir='ltr'><strong>est</strong></span> <span class='ocrx_word' id='word_1_420' title='bbox 1605 3059 1885 3157; x_wconf 73' lang='lat' dir='ltr'><strong>innuptas,</strong></span> <span class='ocrx_word' id='word_1_421' title='bbox 1915 3138 1928 3157; x_wconf 77' lang='grc'><strong><em>,</em></strong></span> 
     </span>
    </p>
   </div>
   <div class='ocr_carea' id='block_1_36' title="bbox 1945 3059 3573 3157">
    <p class='ocr_par' dir='ltr' id='par_1_36' title="bbox 1945 3059 3573 3157">
     <span class='ocr_line' id='line_1_36' title="bbox 1945 3059 3573 3157; baseline -0.015 -22"><span class='ocrx_word' id='word_1_422' title='bbox 1945 3131 1960 3154; x_wconf 72' lang='grc'><em>,</em></span> <span class='ocrx_word' id='word_1_423' title='bbox 1994 3059 2262 3142; x_wconf 81' lang='lat' dir='ltr'><strong>invicem,</strong></span> <span class='ocrx_word' id='word_1_424' title='bbox 2314 3071 2875 3140; x_wconf 14' lang='lat' dir='ltr'><strong>secundumrtempus</strong></span> <span class='ocrx_word' id='word_1_425' title='bbox 2918 3078 3213 3137; x_wconf 88' lang='lat' dir='ltr'><strong>congruum</strong></span> <span class='ocrx_word' id='word_1_426' title='bbox 3272 3059 3573 3157; x_wconf 70' lang='lat' dir='ltr'><strong>locationis.</strong></span> 
     </span>
    </p>
   </div>
   <div class='ocr_carea' id='block_1_37' title="bbox 299 3131 3573 3243">
    <p class='ocr_par' dir='ltr' id='par_1_37' title="bbox 299 3131 3573 3243">
     <span class='ocr_line' id='line_1_37' title="bbox 299 3131 3573 3243; baseline -0.004 -26"><span class='ocrx_word' id='word_1_427' title='bbox 299 3164 560 3235; x_wconf 78' lang='lat' dir='ltr'><strong>legitime.</strong></span> <span class='ocrx_word' id='word_1_428' title='bbox 592 3164 703 3222; x_wconf 83' lang='lat' dir='ltr'><strong>Hoc</strong></span> <span class='ocrx_word' id='word_1_429' title='bbox 748 3175 805 3222; x_wconf 89' lang='lat' dir='ltr'><strong>et</strong></span> <span class='ocrx_word' id='word_1_430' title='bbox 833 3131 1129 3224; x_wconf 63' lang='lat' dir='ltr'><strong>secundum</strong></span> <span class='ocrx_word' id='word_1_431' title='bbox 1175 3186 1412 3228; x_wconf 89' lang='lat' dir='ltr'><strong>canones</strong></span> <span class='ocrx_word' id='word_1_432' title='bbox 1446 3173 1644 3241; x_wconf 85' lang='lat' dir='ltr'><strong>facitis,</strong></span> <span class='ocrx_word' id='word_1_433' title='bbox 1706 3131 1891 3243; x_wconf 57' lang='lat' dir='ltr'><strong>huius:</strong></span> <span class='ocrx_word' id='word_1_434' title='bbox 1915 3131 1962 3194; x_wconf 58' lang='grc' dir='ltr'>θ</span> <span class='ocrx_word' id='word_1_435' title='bbox 1993 3172 2128 3240; x_wconf 84' lang='lat' dir='ltr'><strong>Quia</strong></span> <span class='ocrx_word' id='word_1_436' title='bbox 2164 3183 2293 3224; x_wconf 90' lang='lat' dir='ltr'><strong>vero</strong></span> <span class='ocrx_word' id='word_1_437' title='bbox 2318 3165 2365 3222; x_wconf 88' lang='lat' dir='ltr'><strong>si</strong></span> <span class='ocrx_word' id='word_1_438' title='bbox 2393 3164 2516 3236; x_wconf 88' lang='lat' dir='ltr'><strong>quis</strong></span> <span class='ocrx_word' id='word_1_439' title='bbox 2535 3162 2729 3234; x_wconf 88' lang='lat' dir='ltr'><strong>dignus</strong></span> <span class='ocrx_word' id='word_1_440' title='bbox 2750 3161 3002 3214; x_wconf 90' lang='lat' dir='ltr'><strong>inventus</strong></span> <span class='ocrx_word' id='word_1_441' title='bbox 3041 3154 3227 3222; x_wconf 88' lang='lat' dir='ltr'><strong>fuerit,</strong></span> <span class='ocrx_word' id='word_1_442' title='bbox 3255 3164 3448 3243; x_wconf 86' lang='lat' dir='ltr'><strong>manus</strong></span> <span class='ocrx_word' id='word_1_443' title='bbox 3472 3149 3573 3204; x_wconf 83' lang='lat' dir='ltr'><strong>im-</strong></span> 
     </span>
    </p>
   </div>
   <div class='ocr_carea' id='block_1_38' title="bbox 300 3242 3591 3332">
    <p class='ocr_par' dir='ltr' id='par_1_38' title="bbox 300 3242 3591 3332">
     <span class='ocr_line' id='line_1_38' title="bbox 300 3242 3591 3332; baseline 0.001 -22"><span class='ocrx_word' id='word_1_444' title='bbox 300 3256 444 3311; x_wconf 78' lang='lat' dir='ltr'><strong>niodi</strong></span> <span class='ocrx_word' id='word_1_445' title='bbox 476 3257 694 3327; x_wconf 90' lang='lat' dir='ltr'><strong>nuptias</strong></span> <span class='ocrx_word' id='word_1_446' title='bbox 722 3260 1104 3329; x_wconf 88' lang='lat' dir='ltr'><strong>prohibentes?</strong></span> <span class='ocrx_word' id='word_1_447' title='bbox 1131 3260 1187 3317; x_wconf 93' lang='lat' dir='ltr'><strong>Si</strong></span> <span class='ocrx_word' id='word_1_448' title='bbox 1214 3274 1400 3319; x_wconf 90' lang='lat' dir='ltr'><strong>autem</strong></span> <span class='ocrx_word' id='word_1_449' title='bbox 1449 3275 1579 3320; x_wconf 88' lang='lat' dir='ltr'><strong>ante</strong></span> <span class='ocrx_word' id='word_1_450' title='bbox 1638 3242 1891 3321; x_wconf 87' lang='lat' dir='ltr'><strong>habuerit</strong></span> <span class='ocrx_word' id='word_1_451' title='bbox 1991 3260 2266 3332; x_wconf 87' lang='lat' dir='ltr'><strong>positione</strong></span> <span class='ocrx_word' id='word_1_452' title='bbox 2293 3255 2555 3312; x_wconf 90' lang='lat' dir='ltr'><strong>diaconus</strong></span> <span class='ocrx_word' id='word_1_453' title='bbox 2583 3249 2669 3307; x_wconf 84' lang='lat' dir='ltr'><strong>vel</strong></span> <span class='ocrx_word' id='word_1_454' title='bbox 2718 3247 3082 3306; x_wconf 89' lang='lat' dir='ltr'><strong>subdiaconus</strong></span> <span class='ocrx_word' id='word_1_455' title='bbox 3127 3252 3221 3299; x_wconf 90' lang='lat' dir='ltr'><strong>aut</strong></span> <span class='ocrx_word' id='word_1_456' title='bbox 3268 3242 3591 3332; x_wconf 47' lang='grc' dir='ltr'><strong>ρτθεῦἳξθτις</strong></span> 
     </span>
    </p>
   </div>
   <div class='ocr_carea' id='block_1_39' title="bbox 301 3329 3590 3429">
    <p class='ocr_par' dir='ltr' id='par_1_39' title="bbox 301 3329 3590 3429">
     <span class='ocr_line' id='line_1_39' title="bbox 301 3329 3590 3429; baseline -0.005 -27"><span class='ocrx_word' id='word_1_457' title='bbox 301 3362 529 3404; x_wconf 83' lang='lat' dir='ltr'><strong>uxorem</strong></span> <span class='ocrx_word' id='word_1_458' title='bbox 561 3349 651 3405; x_wconf 91' lang='lat' dir='ltr'><strong>ille</strong></span> <span class='ocrx_word' id='word_1_459' title='bbox 676 3351 769 3421; x_wconf 86' lang='lat' dir='ltr'><strong>qui</strong></span> <span class='ocrx_word' id='word_1_460' title='bbox 806 3352 1089 3409; x_wconf 91' lang='lat' dir='ltr'><strong>ordinatus</strong></span> <span class='ocrx_word' id='word_1_461' title='bbox 1109 3362 1193 3410; x_wconf 90' lang='lat' dir='ltr'><strong>est</strong></span> <span class='ocrx_word' id='word_1_462' title='bbox 1241 3357 1518 3424; x_wconf 85' lang='lat' dir='ltr'><strong>sacerdos,</strong></span> <span class='ocrx_word' id='word_1_463' title='bbox 1568 3373 1889 3429; x_wconf 81' lang='lat' dir='ltr'><strong>persevera-</strong></span> <span class='ocrx_word' id='word_1_464' title='bbox 1991 3329 2079 3408; x_wconf 81' lang='lat' dir='ltr'><strong>hic</strong></span> <span class='ocrx_word' id='word_1_465' title='bbox 2124 3347 2428 3403; x_wconf 88' lang='lat' dir='ltr'><strong>nullatenus</strong></span> <span class='ocrx_word' id='word_1_466' title='bbox 2479 3341 2835 3414; x_wconf 87' lang='lat' dir='ltr'><strong>prohibeatur</strong></span> <span class='ocrx_word' id='word_1_467' title='bbox 2879 3337 2947 3393; x_wconf 91' lang='lat' dir='ltr'><strong>ad</strong></span> <span class='ocrx_word' id='word_1_468' title='bbox 2999 3331 3307 3429; x_wconf 74' lang='lat' dir='ltr'><strong>huiusmodi</strong></span> <span class='ocrx_word' id='word_1_469' title='bbox 3347 3329 3590 3405; x_wconf 29' lang='lat' dir='ltr'><strong>gradum.</strong></span> 
     </span>
    </p>
   </div>
   <div class='ocr_carea' id='block_1_40' title="bbox 306 3425 3569 3522">
    <p class='ocr_par' dir='ltr' id='par_1_40' title="bbox 306 3425 3569 3522">
     <span class='ocr_line' id='line_1_40' title="bbox 306 3425 3569 3522; baseline 0.003 -30"><span class='ocrx_word' id='word_1_470' title='bbox 306 3442 559 3511; x_wconf 86' lang='lat' dir='ltr'><strong>veritque</strong></span> <span class='ocrx_word' id='word_1_471' title='bbox 615 3442 668 3497; x_wconf 91' lang='lat' dir='ltr'><strong>in</strong></span> <span class='ocrx_word' id='word_1_472' title='bbox 723 3445 974 3502; x_wconf 82' lang='lat' dir='ltr'><strong>castitate</strong></span> <span class='ocrx_word' id='word_1_473' title='bbox 1020 3461 1324 3519; x_wconf 85' lang='lat' dir='ltr'><strong>magnaque</strong></span> <span class='ocrx_word' id='word_1_474' title='bbox 1343 3449 1473 3517; x_wconf 87' lang='lat' dir='ltr'><strong>vita,</strong></span> <span class='ocrx_word' id='word_1_475' title='bbox 1525 3425 1739 3522; x_wconf 79' lang='lat' dir='ltr'><strong>nuptias</strong></span> <span class='ocrx_word' id='word_1_476' title='bbox 1776 3452 1893 3520; x_wconf 89' lang='lat' dir='ltr'><strong>eius</strong></span> <span class='ocrx_word' id='word_1_477' title='bbox 1991 3439 2305 3503; x_wconf 66' lang='lat' dir='ltr'><strong>ascendere»</strong></span> <span class='ocrx_word' id='word_1_478' title='bbox 2342 3431 3009 3521; x_wconf 14' lang='grc' dir='ltr'><strong>οουὶιιεὶίοοιιαῦίιειιιιηιε</strong></span> <span class='ocrx_word' id='word_1_479' title='bbox 3059 3425 3333 3522; x_wconf 41' lang='lat' dir='ltr'><strong>“Sim!”</strong></span> <span class='ocrx_word' id='word_1_480' title='bbox 3365 3435 3569 3522; x_wconf 43' lang='lat' dir='ltr'><strong>ﬂeque</strong></span> 
     </span>
    </p>
   </div>
   <div class='ocr_carea' id='block_1_41' title="bbox 301 3516 3579 3613">
    <p class='ocr_par' dir='ltr' id='par_1_41' title="bbox 301 3516 3579 3613">
     <span class='ocr_line' id='line_1_41' title="bbox 301 3516 3579 3613; baseline -0.005 -26"><span class='ocrx_word' id='word_1_481' title='bbox 301 3532 537 3597; x_wconf 86' lang='lat' dir='ltr'><strong>solvitis,</strong></span> <span class='ocrx_word' id='word_1_482' title='bbox 595 3538 1061 3608; x_wconf 73' lang='lat' dir='ltr'><strong>transgredlmini,</strong></span> <span class='ocrx_word' id='word_1_483' title='bbox 1113 3516 1172 3594; x_wconf 83' lang='lat' dir='ltr'><strong>ut</strong></span> <span class='ocrx_word' id='word_1_484' title='bbox 1205 3516 1271 3595; x_wconf 75' lang='lat' dir='ltr'><strong>ex</strong></span> <span class='ocrx_word' id='word_1_485' title='bbox 1307 3516 1890 3613; x_wconf 41' lang='lat' dir='ltr'><strong>prmcepto-apostoti-</strong></span> <span class='ocrx_word' id='word_1_486' title='bbox 1991 3536 2045 3592; x_wconf 90' lang='lat' dir='ltr'><strong>in</strong></span> <span class='ocrx_word' id='word_1_487' title='bbox 2071 3543 2313 3602; x_wconf 88' lang='lat' dir='ltr'><strong>tempore</strong></span> <span class='ocrx_word' id='word_1_488' title='bbox 2334 3520 2695 3583; x_wconf 83' lang='lat' dir='ltr'><strong>ordinatiOnis</strong></span> <span class='ocrx_word' id='word_1_489' title='bbox 2720 3526 2974 3594; x_wconf 86' lang='lat' dir='ltr'><strong>exigatur</strong></span> <span class='ocrx_word' id='word_1_490' title='bbox 3020 3518 3281 3613; x_wconf 80' lang='lat' dir='ltr'><strong>conﬁteri</strong></span> <span class='ocrx_word' id='word_1_491' title='bbox 3309 3517 3379 3572; x_wconf 88' lang='lat' dir='ltr'><strong>ad</strong></span> <span class='ocrx_word' id='word_1_492' title='bbox 3406 3516 3579 3613; x_wconf 52' lang='lat' dir='ltr'><strong>lege-nt</strong></span> 
     </span>
    </p>
   </div>
   <div class='ocr_carea' id='block_1_42' title="bbox 304 3603 1932 3695">
    <p class='ocr_par' dir='ltr' id='par_1_42' title="bbox 304 3603 1894 3688">
     <span class='ocr_line' id='line_1_42' title="bbox 304 3603 1894 3688; baseline 0.007 -10"><span class='ocrx_word' id='word_1_493' title='bbox 304 3639 494 3679; x_wconf 90' lang='lat' dir='ltr'><strong>corum</strong></span> <span class='ocrx_word' id='word_1_494' title='bbox 528 3639 800 3681; x_wconf 88' lang='lat' dir='ltr'><strong>canonum</strong></span> <span class='ocrx_word' id='word_1_495' title='bbox 831 3628 1115 3683; x_wconf 81' lang='lat' dir='ltr'><strong>ostendam</strong></span> <span class='ocrx_word' id='word_1_496' title='bbox 1153 3630 1326 3687; x_wconf 85' lang='lat' dir='ltr'><strong>vobis.</strong></span> <span class='ocrx_word' id='word_1_497' title='bbox 1357 3631 1415 3687; x_wconf 83' lang='lat' dir='ltr'><strong>in</strong></span> <span class='ocrx_word' id='word_1_498' title='bbox 1445 3603 1600 3688; x_wconf 79' lang='lat' dir='ltr'><strong>sexto</strong></span> <span class='ocrx_word' id='word_1_499' title='bbox 1653 3603 1798 3688; x_wconf 77' lang='lat' dir='ltr'><strong>ettim</strong></span> <span class='ocrx_word' id='word_1_500' title='bbox 1830 3632 1894 3688; x_wconf 85' lang='lat' dir='ltr'><strong>li-</strong></span> 
     </span>
    </p>
   </div>
   <div class='ocr_carea' id='block_1_43' title="bbox 1953 3603 3581 3695">
    <p class='ocr_par' dir='ltr' id='par_1_43' title="bbox 1991 3603 3581 3695">
     <span class='ocr_line' id='line_1_43' title="bbox 1991 3603 3581 3695; baseline -0.013 -17"><span class='ocrx_word' id='word_1_501' title='bbox 1991 3621 2225 3695; x_wconf 67' lang='lat' dir='ltr'><strong>proprize</strong></span> <span class='ocrx_word' id='word_1_502' title='bbox 2256 3616 2545 3676; x_wconf 90' lang='lat' dir='ltr'><strong>locationis</strong></span> <span class='ocrx_word' id='word_1_503' title='bbox 2588 3622 2812 3686; x_wconf 85' lang='lat' dir='ltr'><strong>propter</strong></span> <span class='ocrx_word' id='word_1_504' title='bbox 2849 3612 3125 3684; x_wconf 89' lang='lat' dir='ltr'><strong>propriam</strong></span> <span class='ocrx_word' id='word_1_505' title='bbox 3172 3621 3417 3665; x_wconf 89' lang='lat' dir='ltr'><strong>uxorem.</strong></span> <span class='ocrx_word' id='word_1_506' title='bbox 3458 3623 3477 3657; x_wconf 77' lang='grc' dir='ltr'><strong>ι</strong></span> <span class='ocrx_word' id='word_1_507' title='bbox 3512 3603 3581 3659; x_wconf 85' lang='lat' dir='ltr'><strong>Et</strong></span> 
     </span>
    </p>
   </div>
   <div class='ocr_carea' id='block_1_44' title="bbox 305 3699 3626 3795">
    <p class='ocr_par' dir='ltr' id='par_1_44' title="bbox 305 3699 3626 3795">
     <span class='ocr_line' id='line_1_44' title="bbox 305 3699 3626 3795; baseline 0 -25"><span class='ocrx_word' id='word_1_508' title='bbox 305 3715 403 3770; x_wconf 86' lang='lat' dir='ltr'><strong>bro</strong></span> <span class='ocrx_word' id='word_1_509' title='bbox 427 3714 726 3773; x_wconf 90' lang='lat' dir='ltr'><strong>Clementis</strong></span> <span class='ocrx_word' id='word_1_510' title='bbox 755 3718 1160 3775; x_wconf 88' lang='lat' dir='ltr'><strong>ordinationnm</strong></span> <span class='ocrx_word' id='word_1_511' title='bbox 1199 3738 1319 3792; x_wconf 70' lang='lat' dir='ltr'><strong>qute</strong></span> <span class='ocrx_word' id='word_1_512' title='bbox 1346 3722 1415 3778; x_wconf 87' lang='lat' dir='ltr'><strong>ab</strong></span> <span class='ocrx_word' id='word_1_513' title='bbox 1459 3737 1524 3779; x_wconf 90' lang='lat' dir='ltr'><strong>eo</strong></span> <span class='ocrx_word' id='word_1_514' title='bbox 1575 3725 1895 3795; x_wconf 70' lang='lat' dir='ltr'><strong>conscripta:</strong></span> <span class='ocrx_word' id='word_1_515' title='bbox 1992 3723 2115 3784; x_wconf 74' lang='grc' dir='ltr'><strong>υυει</strong></span> <span class='ocrx_word' id='word_1_516' title='bbox 2151 3724 2319 3781; x_wconf 67' lang='lat' dir='ltr'><strong>Pauca</strong></span> <span class='ocrx_word' id='word_1_517' title='bbox 2351 3728 2364 3763; x_wconf 73' lang='grc' dir='ltr'><strong>ε</strong></span> <span class='ocrx_word' id='word_1_518' title='bbox 2399 3727 2417 3759; x_wconf 68' lang='grc' dir='ltr'>ί</span> <span class='ocrx_word' id='word_1_519' title='bbox 2442 3706 2498 3762; x_wconf 71' lang='lat' dir='ltr'><strong>Si</strong></span> <span class='ocrx_word' id='word_1_520' title='bbox 2522 3705 2643 3776; x_wconf 75' lang='lat' dir='ltr'><strong>‘1&quot;is</strong></span> <span class='ocrx_word' id='word_1_521' title='bbox 2679 3718 2809 3775; x_wconf 70' lang='lat' dir='ltr'><strong>ergo</strong></span> <span class='ocrx_word' id='word_1_522' title='bbox 2841 3699 3243 3795; x_wconf 54' lang='lat' dir='ltr'><strong>mesumpsefi‘</strong></span> <span class='ocrx_word' id='word_1_523' title='bbox 3268 3704 3421 3752; x_wconf 63' lang='lat'><strong>“&quot;3</strong></span> <span class='ocrx_word' id='word_1_524' title='bbox 3450 3708 3626 3795; x_wconf 53' lang='lat' dir='ltr'><strong>uim“</strong></span> 
     </span>
    </p>
   </div>
   <div class='ocr_carea' id='block_1_45' title="bbox 304 3781 1932 3891">
    <p class='ocr_par' dir='ltr' id='par_1_45' title="bbox 304 3781 1897 3886">
     <span class='ocr_line' id='line_1_45' title="bbox 304 3781 1897 3886; baseline 0.008 -26"><span class='ocrx_word' id='word_1_525' title='bbox 304 3817 456 3873; x_wconf 87' lang='lat' dir='ltr'><strong>sunt,</strong></span> <span class='ocrx_word' id='word_1_526' title='bbox 478 3807 641 3877; x_wconf 88' lang='lat' dir='ltr'><strong>iuxta</strong></span> <span class='ocrx_word' id='word_1_527' title='bbox 676 3811 965 3879; x_wconf 90' lang='lat' dir='ltr'><strong>septimum</strong></span> <span class='ocrx_word' id='word_1_528' title='bbox 992 3781 1264 3869; x_wconf 77' lang='lat' dir='ltr'><strong>decimum</strong></span> <span class='ocrx_word' id='word_1_529' title='bbox 1290 3824 1455 3885; x_wconf 89' lang='lat' dir='ltr'><strong>caput</strong></span> <span class='ocrx_word' id='word_1_530' title='bbox 1483 3815 1727 3886; x_wconf 84' lang='lat' dir='ltr'><strong>Apestoli</strong></span> <span class='ocrx_word' id='word_1_531' title='bbox 1780 3781 1897 3872; x_wconf 68' lang='lat' dir='ltr'><strong>haec</strong></span> 
     </span>
    </p>
   </div>
   <div class='ocr_carea' id='block_1_46' title="bbox 1968 3781 3596 3891">
    <p class='ocr_par' dir='ltr' id='par_1_46' title="bbox 1994 3781 3596 3891">
     <span class='ocr_line' id='line_1_46' title="bbox 1994 3781 3596 3891; baseline -0.009 -34"><span class='ocrx_word' id='word_1_532' title='bbox 1994 3781 2214 3858; x_wconf 82' lang='lat' dir='ltr'><strong>stolicos</strong></span> <span class='ocrx_word' id='word_1_533' title='bbox 2240 3798 2463 3855; x_wconf 88' lang='lat' dir='ltr'><strong>ordines</strong></span> <span class='ocrx_word' id='word_1_534' title='bbox 2489 3803 2669 3851; x_wconf 89' lang='lat' dir='ltr'><strong>motus</strong></span> <span class='ocrx_word' id='word_1_535' title='bbox 2691 3793 2982 3865; x_wconf 88' lang='lat' dir='ltr'><strong>quemdam</strong></span> <span class='ocrx_word' id='word_1_536' title='bbox 3031 3802 3308 3845; x_wconf 88' lang='lat' dir='ltr'><strong>sacrorum</strong></span> <span class='ocrx_word' id='word_1_537' title='bbox 3358 3781 3596 3891; x_wconf 41' lang='lat' dir='ltr'><strong>pre‘shye</strong></span> 
     </span>
    </p>
   </div>
   <div class='ocr_carea' id='block_1_47' title="bbox 309 3875 1937 3976">
    <p class='ocr_par' dir='ltr' id='par_1_47' title="bbox 309 3875 1896 3976">
     <span class='ocr_line' id='line_1_47' title="bbox 309 3875 1896 3976; baseline 0.008 -28"><span class='ocrx_word' id='word_1_538' title='bbox 309 3875 538 3953; x_wconf 80' lang='lat' dir='ltr'><strong>dicunt:</strong></span> <span class='ocrx_word' id='word_1_539' title='bbox 570 3916 589 3950; x_wconf 76' lang='grc' dir='ltr'>ι</span> <span class='ocrx_word' id='word_1_540' title='bbox 621 3875 946 3971; x_wconf 81' lang='lat' dir='ltr'><strong>Episcopum</strong></span> <span class='ocrx_word' id='word_1_541' title='bbox 992 3910 1049 3956; x_wconf 89' lang='lat' dir='ltr'><strong>et</strong></span> <span class='ocrx_word' id='word_1_542' title='bbox 1096 3875 1468 3976; x_wconf 75' lang='lat' dir='ltr'><strong>presbyterum</strong></span> <span class='ocrx_word' id='word_1_543' title='bbox 1499 3875 1555 3961; x_wconf 74' lang='lat' dir='ltr'><strong>et</strong></span> <span class='ocrx_word' id='word_1_544' title='bbox 1608 3907 1896 3962; x_wconf 85' lang='lat' dir='ltr'><strong>diaconum</strong></span> 
     </span>
    </p>
   </div>
   <div class='ocr_carea' id='block_1_48' title="bbox 1957 3875 3585 3976">
    <p class='ocr_par' dir='ltr' id='par_1_48' title="bbox 1998 3875 3585 3956">
     <span class='ocr_line' id='line_1_48' title="bbox 1998 3875 3585 3956; baseline -0.013 -6"><span class='ocrx_word' id='word_1_545' title='bbox 1998 3878 2234 3950; x_wconf 73' lang='lat' dir='ltr'><strong>terarum</strong></span> <span class='ocrx_word' id='word_1_546' title='bbox 2266 3897 2321 3945; x_wconf 91' lang='lat' dir='ltr'><strong>et</strong></span> <span class='ocrx_word' id='word_1_547' title='bbox 2350 3889 2703 3944; x_wconf 88' lang='lat' dir='ltr'><strong>diaconorum</strong></span> <span class='ocrx_word' id='word_1_548' title='bbox 2752 3885 2970 3956; x_wconf 88' lang='lat' dir='ltr'><strong>privare</strong></span> <span class='ocrx_word' id='word_1_549' title='bbox 3001 3897 3031 3937; x_wconf 90' lang='lat' dir='ltr'><strong>a</strong></span> <span class='ocrx_word' id='word_1_550' title='bbox 3059 3878 3411 3950; x_wconf 84' lang='lat' dir='ltr'><strong>copulatione</strong></span> <span class='ocrx_word' id='word_1_551' title='bbox 3450 3875 3585 3947; x_wconf 70' lang='lat' dir='ltr'><strong>legi~</strong></span> 
     </span>
    </p>
   </div>
   <div class='ocr_carea' id='block_1_49' title="bbox 310 3972 3583 4069">
    <p class='ocr_par' dir='ltr' id='par_1_49' title="bbox 310 3972 3583 4069">
     <span class='ocr_line' id='line_1_49' title="bbox 310 3972 3583 4069; baseline 0.002 -24"><span class='ocrx_word' id='word_1_552' title='bbox 310 3991 564 4059; x_wconf 88' lang='lat' dir='ltr'><strong>dicimus,</strong></span> <span class='ocrx_word' id='word_1_553' title='bbox 595 3992 686 4063; x_wconf 79' lang='lat' dir='ltr'><strong>qui</strong></span> <span class='ocrx_word' id='word_1_554' title='bbox 728 4009 888 4049; x_wconf 88' lang='lat' dir='ltr'><strong>unam</strong></span> <span class='ocrx_word' id='word_1_555' title='bbox 915 3972 1115 4051; x_wconf 79' lang='lat' dir='ltr'><strong>habent</strong></span> <span class='ocrx_word' id='word_1_556' title='bbox 1140 3972 1384 4061; x_wconf 78' lang='lat' dir='ltr'><strong>uxorem,</strong></span> <span class='ocrx_word' id='word_1_557' title='bbox 1421 3998 1683 4065; x_wconf 87' lang='lat' dir='ltr'><strong>ordinari,</strong></span> <span class='ocrx_word' id='word_1_558' title='bbox 1708 4014 1901 4069; x_wconf 79' lang='lat' dir='ltr'><strong>quam-</strong></span> <span class='ocrx_word' id='word_1_559' title='bbox 1999 3983 2256 4042; x_wconf 59' lang='lat' dir='ltr'><strong>limam“)</strong></span> <span class='ocrx_word' id='word_1_560' title='bbox 2316 3977 2643 4069; x_wconf 42' lang='lat' dir='ltr'><strong>mulier“va</strong></span> <span class='ocrx_word' id='word_1_561' title='bbox 2688 3991 2719 4030; x_wconf 71' lang='grc'><strong>³</strong></span> <span class='ocrx_word' id='word_1_562' title='bbox 2764 3972 3147 4069; x_wconf 25' lang='grc' dir='ltr'><strong>⁶⁰¹¹¹¹¹¹μ¹μ¹¹¹ί⁰¹¹θ</strong></span> <span class='ocrx_word' id='word_1_563' title='bbox 3190 3975 3583 4069; x_wconf 48' lang='grc' dir='ltr'><strong>δθἾξωθέίνθωδ</strong></span> 
     </span>
    </p>
   </div>
   <div class='ocr_carea' id='block_1_50' title="bbox 309 4057 3611 4157">
    <p class='ocr_par' dir='ltr' id='par_1_50' title="bbox 309 4057 3611 4157">
     <span class='ocr_line' id='line_1_50' title="bbox 309 4057 3611 4157; baseline -0.008 -17"><span class='ocrx_word' id='word_1_564' title='bbox 309 4082 392 4137; x_wconf 87' lang='lat' dir='ltr'><strong>vis</strong></span> <span class='ocrx_word' id='word_1_565' title='bbox 420 4057 817 4139; x_wconf 41' lang='lat' dir='ltr'><strong>vivant-eorum</strong></span> <span class='ocrx_word' id='word_1_566' title='bbox 847 4083 1121 4157; x_wconf 76' lang='lat' dir='ltr'><strong>coniuges,</strong></span> <span class='ocrx_word' id='word_1_567' title='bbox 1175 4057 1424 4157; x_wconf 61' lang='lat' dir='ltr'><strong>quamvis</strong></span> <span class='ocrx_word' id='word_1_568' title='bbox 1471 4057 1761 4153; x_wconf 63' lang='grc' dir='ltr'><strong>ἀεςυηέιαξ,</strong></span> <span class='ocrx_word' id='word_1_569' title='bbox 1791 4102 1899 4141; x_wconf 67' lang='lat' dir='ltr'><strong>non</strong></span> <span class='ocrx_word' id='word_1_570' title='bbox 2000 4070 2265 4126; x_wconf 87' lang='lat' dir='ltr'><strong>Similiter</strong></span> <span class='ocrx_word' id='word_1_571' title='bbox 2288 4067 2331 4124; x_wconf 89' lang='lat' dir='ltr'><strong>si</strong></span> <span class='ocrx_word' id='word_1_572' title='bbox 2355 4066 2479 4137; x_wconf 87' lang='lat' dir='ltr'><strong>quis</strong></span> <span class='ocrx_word' id='word_1_573' title='bbox 2501 4065 2794 4157; x_wconf 79' lang='lat' dir='ltr'><strong>presbyter</strong></span> <span class='ocrx_word' id='word_1_574' title='bbox 2810 4062 3180 4157; x_wconf 83' lang='lat' dir='ltr'><strong>autdiaconus</strong></span> <span class='ocrx_word' id='word_1_575' title='bbox 3196 4057 3611 4115; x_wconf 53' lang='lat' dir='ltr'><strong>collactaneam-</strong></span> 
     </span>
    </p>
   </div>
   <div class='ocr_carea' id='block_1_51' title="bbox 314 4152 1942 4246">
    <p class='ocr_par' dir='ltr' id='par_1_51' title="bbox 314 4152 1899 4246">
     <span class='ocr_line' id='line_1_51' title="bbox 314 4152 1899 4246; baseline 0.002 -20"><span class='ocrx_word' id='word_1_576' title='bbox 314 4168 440 4228; x_wconf 68' lang='lat' dir='ltr'><strong>licet</strong></span> <span class='ocrx_word' id='word_1_577' title='bbox 460 4188 557 4230; x_wconf 90' lang='lat' dir='ltr'><strong>eos</strong></span> <span class='ocrx_word' id='word_1_578' title='bbox 583 4181 709 4244; x_wconf 87' lang='lat' dir='ltr'><strong>post</strong></span> <span class='ocrx_word' id='word_1_579' title='bbox 752 4152 961 4231; x_wconf 77' lang='lat' dir='ltr'><strong>manus</strong></span> <span class='ocrx_word' id='word_1_580' title='bbox 1000 4152 1397 4245; x_wconf 68' lang='lat' dir='ltr'><strong>impositionem</strong></span> <span class='ocrx_word' id='word_1_581' title='bbox 1453 4174 1710 4246; x_wconf 89' lang='lat' dir='ltr'><strong>innuptos</strong></span> <span class='ocrx_word' id='word_1_582' title='bbox 1758 4190 1899 4242; x_wconf 90' lang='lat' dir='ltr'><strong>esse,</strong></span> 
     </span>
    </p>
   </div>
   <div class='ocr_carea' id='block_1_52' title="bbox 1999 4152 3627 4246">
    <p class='ocr_par' dir='ltr' id='par_1_52' title="bbox 1999 4152 3627 4225">
     <span class='ocr_line' id='line_1_52' title="bbox 1999 4152 3627 4225; baseline -0.011 -7"><span class='ocrx_word' id='word_1_583' title='bbox 1999 4177 2153 4219; x_wconf 86' lang='lat' dir='ltr'><strong>suam</strong></span> <span class='ocrx_word' id='word_1_584' title='bbox 2203 4160 2495 4216; x_wconf 83' lang='lat' dir='ltr'><strong>occasione</strong></span> <span class='ocrx_word' id='word_1_585' title='bbox 2551 4155 2830 4225; x_wconf 83' lang='lat' dir='ltr'><strong>religionis</strong></span> <span class='ocrx_word' id='word_1_586' title='bbox 2880 4152 3210 4225; x_wconf 87' lang='lat' dir='ltr'><strong>proiecerit,</strong></span> <span class='ocrx_word' id='word_1_587' title='bbox 3267 4156 3627 4221; x_wconf 76' lang='lat' dir='ltr'><strong>separetur;~</strong></span> 
     </span>
    </p>
   </div>
   <div class='ocr_carea' id='block_1_53' title="bbox 317 4248 1945 4347">
    <p class='ocr_par' dir='ltr' id='par_1_53' title="bbox 317 4264 1905 4336">
     <span class='ocr_line' id='line_1_53' title="bbox 317 4264 1905 4336; baseline 0.003 -19"><span class='ocrx_word' id='word_1_588' title='bbox 317 4276 418 4319; x_wconf 89' lang='lat' dir='ltr'><strong>nec</strong></span> <span class='ocrx_word' id='word_1_589' title='bbox 442 4265 664 4335; x_wconf 90' lang='lat' dir='ltr'><strong>insuper</strong></span> <span class='ocrx_word' id='word_1_590' title='bbox 688 4265 755 4320; x_wconf 91' lang='lat' dir='ltr'><strong>ad</strong></span> <span class='ocrx_word' id='word_1_591' title='bbox 781 4265 997 4336; x_wconf 88' lang='lat' dir='ltr'><strong>nuptias</strong></span> <span class='ocrx_word' id='word_1_592' title='bbox 1027 4264 1127 4331; x_wconf 90' lang='lat' dir='ltr'><strong>ire,</strong></span> <span class='ocrx_word' id='word_1_593' title='bbox 1151 4275 1247 4320; x_wconf 88' lang='lat' dir='ltr'><strong>aut</strong></span> <span class='ocrx_word' id='word_1_594' title='bbox 1284 4265 1332 4321; x_wconf 92' lang='lat' dir='ltr'><strong>si</strong></span> <span class='ocrx_word' id='word_1_595' title='bbox 1370 4265 1674 4334; x_wconf 90' lang='lat' dir='ltr'><strong>nupserint,</strong></span> <span class='ocrx_word' id='word_1_596' title='bbox 1698 4264 1905 4322; x_wconf 82' lang='lat' dir='ltr'><strong>alteras</strong></span> 
     </span>
    </p>
   </div>
   <div class='ocr_carea' id='block_1_54' title="bbox 1876 4248 3504 4347">
    <p class='ocr_par' dir='ltr' id='par_1_54' title="bbox 1878 4248 2987 4326">
     <span class='ocr_line' id='line_1_54' title="bbox 1878 4248 2987 4326; baseline -0.012 -14"><span class='ocrx_word' id='word_1_597' title='bbox 1878 4281 1905 4322; x_wconf 70' lang='grc' dir='ltr'><em>ε</em></span> <span class='ocrx_word' id='word_1_598' title='bbox 2001 4268 2354 4326; x_wconf 88' lang='lat' dir='ltr'><strong>perseverans</strong></span> <span class='ocrx_word' id='word_1_599' title='bbox 2387 4258 2566 4307; x_wconf 90' lang='lat' dir='ltr'><strong>autem</strong></span> <span class='ocrx_word' id='word_1_600' title='bbox 2598 4248 2918 4319; x_wconf 70' lang='lat' dir='ltr'><strong>deponatur.</strong></span> <span class='ocrx_word' id='word_1_601' title='bbox 2952 4262 2987 4306; x_wconf 46' lang='lat' dir='ltr'><strong>r,</strong></span> 
     </span>
    </p>
   </div>
   <div class='ocr_carea' id='block_1_55' title="bbox 320 4329 3632 4428">
    <p class='ocr_par' dir='ltr' id='par_1_55' title="bbox 320 4329 3632 4428">
     <span class='ocr_line' id='line_1_55' title="bbox 320 4329 3632 4428; baseline -0.008 -11"><span class='ocrx_word' id='word_1_602' title='bbox 320 4329 590 4428; x_wconf 73' lang='lat' dir='ltr'><strong>amplecti,</strong></span> <span class='ocrx_word' id='word_1_603' title='bbox 620 4358 714 4414; x_wconf 90' lang='lat' dir='ltr'><strong>sed</strong></span> <span class='ocrx_word' id='word_1_604' title='bbox 739 4329 982 4415; x_wconf 74' lang='lat' dir='ltr'><strong>subicere</strong></span> <span class='ocrx_word' id='word_1_605' title='bbox 1004 4329 1139 4428; x_wconf 82' lang='lat' dir='ltr'><strong>quas</strong></span> <span class='ocrx_word' id='word_1_606' title='bbox 1174 4357 1375 4413; x_wconf 74' lang='lat' dir='ltr'><strong>habent</strong></span> <span class='ocrx_word' id='word_1_607' title='bbox 1399 4329 1523 4414; x_wconf 65' lang='lat' dir='ltr'><strong>cum</strong></span> <span class='ocrx_word' id='word_1_608' title='bbox 1567 4357 1634 4414; x_wconf 73' lang='lat' dir='ltr'><strong>ad</strong></span> <span class='ocrx_word' id='word_1_609' title='bbox 1660 4329 1902 4416; x_wconf 56' lang='grc' dir='ltr'><strong>ὀι-δίης...</strong></span> <span class='ocrx_word' id='word_1_610' title='bbox 2076 4344 2235 4401; x_wconf 78' lang='lat' dir='ltr'><strong>XVII.</strong></span> <span class='ocrx_word' id='word_1_611' title='bbox 2283 4342 2433 4400; x_wconf 89' lang='lat' dir='ltr'><strong>Unde</strong></span> <span class='ocrx_word' id='word_1_612' title='bbox 2455 4341 2621 4413; x_wconf 86' lang='lat' dir='ltr'><strong>igitur</strong></span> <span class='ocrx_word' id='word_1_613' title='bbox 2641 4339 2795 4395; x_wconf 85' lang='lat' dir='ltr'><strong>vobis</strong></span> <span class='ocrx_word' id='word_1_614' title='bbox 2817 4346 2873 4394; x_wconf 93' lang='lat' dir='ltr'><strong>et</strong></span> <span class='ocrx_word' id='word_1_615' title='bbox 2892 4351 2958 4392; x_wconf 90' lang='lat' dir='ltr'><strong>ex</strong></span> <span class='ocrx_word' id='word_1_616' title='bbox 2973 4334 3183 4428; x_wconf 65' lang='lat' dir='ltr'><strong>quibus</strong></span> <span class='ocrx_word' id='word_1_617' title='bbox 3225 4333 3308 4389; x_wconf 72' lang='lat' dir='ltr'><strong>ha:</strong></span> <span class='ocrx_word' id='word_1_618' title='bbox 3328 4329 3632 4415; x_wconf 79' lang='lat' dir='ltr'><strong>horibiles__.~</strong></span> 
     </span>
    </p>
   </div>
   <div class='ocr_carea' id='block_1_56' title="bbox 322 4423 1950 4543">
    <p class='ocr_par' dir='ltr' id='par_1_56' title="bbox 322 4448 1950 4543">
     <span class='ocr_line' id='line_1_56' title="bbox 322 4448 1950 4543; baseline 0.003 -41"><span class='ocrx_word' id='word_1_619' title='bbox 322 4448 521 4506; x_wconf 91' lang='lat' dir='ltr'><strong>tionem</strong></span> <span class='ocrx_word' id='word_1_620' title='bbox 544 4461 827 4506; x_wconf 89' lang='lat' dir='ltr'><strong>venerunt.</strong></span> <span class='ocrx_word' id='word_1_621' title='bbox 859 4469 878 4502; x_wconf 76' lang='grc' dir='ltr'><strong><em>ι</em></strong></span> <span class='ocrx_word' id='word_1_622' title='bbox 933 4450 991 4507; x_wconf 88' lang='lat' dir='ltr'><strong>In</strong></span> <span class='ocrx_word' id='word_1_623' title='bbox 1032 4449 1223 4520; x_wconf 86' lang='lat' dir='ltr'><strong>quinto</strong></span> <span class='ocrx_word' id='word_1_624' title='bbox 1279 4458 1591 4506; x_wconf 90' lang='lat' dir='ltr'><strong>sanctorum</strong></span> <span class='ocrx_word' id='word_1_625' title='bbox 1635 4460 1950 4543; x_wconf 61' lang='lat' dir='ltr'><strong>canonum]</strong></span> 
     </span>
    </p>
   </div>
   <div class='ocr_carea' id='block_1_57' title="bbox 1982 4423 3610 4543">
    <p class='ocr_par' dir='ltr' id='par_1_57' title="bbox 1982 4423 3610 4543">
     <span class='ocr_line' id='line_1_57' title="bbox 1982 4423 3610 4543; baseline -0.014 -50"><span class='ocrx_word' id='word_1_626' title='bbox 1982 4435 2357 4523; x_wconf 49' lang='lat' dir='ltr'><strong>lintirmitatcs</strong></span> <span class='ocrx_word' id='word_1_627' title='bbox 2384 4435 2842 4503; x_wconf 83' lang='lat' dir='ltr'><strong>supervenerunt,</strong></span> <span class='ocrx_word' id='word_1_628' title='bbox 2864 4440 2898 4482; x_wconf 89' lang='grc' dir='ltr'>ο</span> <span class='ocrx_word' id='word_1_629' title='bbox 2932 4424 3049 4484; x_wconf 65' lang='lat' dir='ltr'><strong>.viri,</strong></span> <span class='ocrx_word' id='word_1_630' title='bbox 3089 4423 3454 4479; x_wconf 78' lang='lat' dir='ltr'><strong>Romanorum</strong></span> <span class='ocrx_word' id='word_1_631' title='bbox 3504 4433 3610 4543; x_wconf 54' lang='lat' dir='ltr'><strong>sa;</strong></span> 
     </span>
     <span class='ocr_line' id='line_1_58' title="bbox 2047 4508 3610 4543; baseline 0 0"><span class='ocrx_word' id='word_1_632' title='bbox 2047 4529 2060 4541; x_wconf 73' lang='grc' dir='ltr'>ι</span> <span class='ocrx_word' id='word_1_633' title='bbox 2142 4527 2175 4543; x_wconf 77' lang='grc' dir='ltr'><strong>,ο</strong></span> <span class='ocrx_word' id='word_1_634' title='bbox 2243 4528 2254 4540; x_wconf 74' lang='grc' dir='ltr'>ι</span> <span class='ocrx_word' id='word_1_635' title='bbox 2318 4526 2330 4539; x_wconf 73' lang='grc' dir='ltr'>α</span> <span class='ocrx_word' id='word_1_636' title='bbox 2371 4533 2409 4543; x_wconf 67' lang='grc'><strong>-.</strong></span> <span class='ocrx_word' id='word_1_637' title='bbox 2447 4539 2545 4543; x_wconf 51' lang='grc' dir='ltr'><strong>μμ-</strong></span> <span class='ocrx_word' id='word_1_638' title='bbox 2572 4522 2679 4543; x_wconf 78' lang='lat'><strong>:-----</strong></span> <span class='ocrx_word' id='word_1_639' title='bbox 2714 4518 2941 4543; x_wconf 52' lang='grc' dir='ltr'><strong>,πελ-...-</strong></span> <span class='ocrx_word' id='word_1_640' title='bbox 2968 4515 3206 4543; x_wconf 66' lang='grc' dir='ltr'><strong>ηη..ιι...ιη</strong></span> <span class='ocrx_word' id='word_1_641' title='bbox 3231 4508 3554 4543; x_wconf 65' lang='grc' dir='ltr'><strong>..Λῑιῖιῖερῖηιῖ</strong></span> <span class='ocrx_word' id='word_1_642' title='bbox 3608 4535 3610 4538; x_wconf 46' lang='grc'>‹</span> 
     </span>
    </p>
   </div>
   <div class='ocr_carea' id='block_1_58' title="bbox 324 4508 1952 4613">
    <p class='ocr_par' dir='ltr' id='par_1_58' title="bbox 324 4508 1952 4613">
     <span class='ocr_line' id='line_1_59' title="bbox 324 4508 1952 4613; baseline 0.001 -20"><span class='ocrx_word' id='word_1_643' title='bbox 324 4538 401 4593; x_wconf 84' lang='lat' dir='ltr'><strong>ita</strong></span> <span class='ocrx_word' id='word_1_644' title='bbox 456 4539 600 4595; x_wconf 88' lang='lat' dir='ltr'><strong>fatur</strong></span> <span class='ocrx_word' id='word_1_645' title='bbox 654 4541 708 4596; x_wconf 87' lang='lat' dir='ltr'><strong>in</strong></span> <span class='ocrx_word' id='word_1_646' title='bbox 733 4540 769 4596; x_wconf 77' lang='lat'><strong>2</strong></span> <span class='ocrx_word' id='word_1_647' title='bbox 793 4554 911 4611; x_wconf 88' lang='lat' dir='ltr'><strong>cap.</strong></span> <span class='ocrx_word' id='word_1_648' title='bbox 952 4553 968 4594; x_wconf 87' lang='lat'><strong>:</strong></span> <span class='ocrx_word' id='word_1_649' title='bbox 1004 4558 1023 4592; x_wconf 78' lang='grc' dir='ltr'>ι</span> <span class='ocrx_word' id='word_1_650' title='bbox 1050 4508 1354 4610; x_wconf 52' lang='lat' dir='ltr'><strong>Episcopus</strong></span> <span class='ocrx_word' id='word_1_651' title='bbox 1382 4548 1476 4594; x_wconf 91' lang='lat' dir='ltr'><strong>aut</strong></span> <span class='ocrx_word' id='word_1_652' title='bbox 1509 4540 1791 4613; x_wconf 81' lang='lat' dir='ltr'><strong>presbyter</strong></span> <span class='ocrx_word' id='word_1_653' title='bbox 1814 4508 1952 4595; x_wconf 89' lang='lat' dir='ltr'><strong>autl</strong></span> 
     </span>
    </p>
   </div>
   <div class='ocr_carea' id='block_1_59' title="bbox 2008 4508 3636 4613">
    <p class='ocr_par' dir='ltr' id='par_1_59' title="bbox 2011 4508 3636 4599">
     <span class='ocr_line' id='line_1_60' title="bbox 2011 4508 3636 4599; baseline -0.013 -17"><span class='ocrx_word' id='word_1_654' title='bbox 2011 4526 2333 4599; x_wconf 87' lang='lat' dir='ltr'><strong>pientissimi</strong></span> <span class='ocrx_word' id='word_1_655' title='bbox 2359 4533 2416 4580; x_wconf 93' lang='lat' dir='ltr'><strong>et</strong></span> <span class='ocrx_word' id='word_1_656' title='bbox 2439 4522 2681 4579; x_wconf 84' lang='lat' dir='ltr'><strong>omnium</strong></span> <span class='ocrx_word' id='word_1_657' title='bbox 2713 4518 2941 4583; x_wconf 82' lang='lat' dir='ltr'><strong>aliarum</strong></span> <span class='ocrx_word' id='word_1_658' title='bbox 2966 4515 3208 4585; x_wconf 83' lang='lat' dir='ltr'><strong>gentium</strong></span> <span class='ocrx_word' id='word_1_659' title='bbox 3231 4508 3592 4568; x_wconf 88' lang='lat' dir='ltr'><strong>nobilissimi?</strong></span> <span class='ocrx_word' id='word_1_660' title='bbox 3608 4530 3636 4542; x_wconf 58' lang='grc' dir='ltr'><strong>ιι</strong></span> 
     </span>
    </p>
   </div>
   <div class='ocr_carea' id='block_1_60' title="bbox 325 4608 1953 4703">
    <p class='ocr_par' dir='ltr' id='par_1_60' title="bbox 325 4608 1911 4699">
     <span class='ocr_line' id='line_1_61' title="bbox 325 4608 1911 4699; baseline 0.002 -21"><span class='ocrx_word' id='word_1_661' title='bbox 325 4625 584 4683; x_wconf 88' lang='lat' dir='ltr'><strong>diaconus</strong></span> <span class='ocrx_word' id='word_1_662' title='bbox 604 4644 825 4685; x_wconf 88' lang='lat' dir='ltr'><strong>uxorem</strong></span> <span class='ocrx_word' id='word_1_663' title='bbox 852 4608 1008 4685; x_wconf 82' lang='lat' dir='ltr'><strong>suam</strong></span> <span class='ocrx_word' id='word_1_664' title='bbox 1042 4608 1149 4684; x_wconf 82' lang='lat' dir='ltr'><strong>non</strong></span> <span class='ocrx_word' id='word_1_665' title='bbox 1179 4608 1400 4696; x_wconf 80' lang='lat' dir='ltr'><strong>abiiciat</strong></span> <span class='ocrx_word' id='word_1_666' title='bbox 1441 4608 1911 4699; x_wconf 35' lang='lat' dir='ltr'><strong>obtentu&#39;religio-</strong></span> 
     </span>
    </p>
   </div>
   <div class='ocr_carea' id='block_1_61' title="bbox 1968 4608 3596 4703">
    <p class='ocr_par' dir='ltr' id='par_1_61' title="bbox 2011 4608 3596 4703">
     <span class='ocr_line' id='line_1_62' title="bbox 2011 4608 3596 4703; baseline -0.013 -27"><span class='ocrx_word' id='word_1_667' title='bbox 2011 4619 2244 4675; x_wconf 66' lang='lat' dir='ltr'><strong>Estimo</strong></span> <span class='ocrx_word' id='word_1_668' title='bbox 2269 4617 2411 4689; x_wconf 80' lang='lat' dir='ltr'><strong>quod</strong></span> <span class='ocrx_word' id='word_1_669' title='bbox 2437 4615 2654 4690; x_wconf 68' lang='lat' dir='ltr'><strong>qpidam</strong></span> <span class='ocrx_word' id='word_1_670' title='bbox 2680 4628 2750 4667; x_wconf 82' lang='lat' dir='ltr'><strong>ex</strong></span> <span class='ocrx_word' id='word_1_671' title='bbox 2776 4608 3051 4677; x_wconf 63' lang='lat' dir='ltr'><strong>Judaeian</strong></span> <span class='ocrx_word' id='word_1_672' title='bbox 3082 4616 3325 4676; x_wconf 88' lang='lat' dir='ltr'><strong>tempore</strong></span> <span class='ocrx_word' id='word_1_673' title='bbox 3374 4609 3596 4703; x_wconf 70' lang='lat' dir='ltr'><strong>aposto-</strong></span> 
     </span>
    </p>
   </div>
   <div class='ocr_carea' id='block_1_62' title="bbox 331 4697 1959 4789">
    <p class='ocr_par' dir='ltr' id='par_1_62' title="bbox 331 4697 1911 4789">
     <span class='ocr_line' id='line_1_63' title="bbox 331 4697 1911 4789; baseline 0.002 -20"><span class='ocrx_word' id='word_1_674' title='bbox 331 4716 446 4779; x_wconf 86' lang='lat' dir='ltr'><strong>nis;</strong></span> <span class='ocrx_word' id='word_1_675' title='bbox 475 4715 520 4770; x_wconf 89' lang='lat' dir='ltr'><strong>si</strong></span> <span class='ocrx_word' id='word_1_676' title='bbox 547 4726 724 4773; x_wconf 90' lang='lat' dir='ltr'><strong>autem</strong></span> <span class='ocrx_word' id='word_1_677' title='bbox 776 4719 1052 4789; x_wconf 84' lang='lat' dir='ltr'><strong>abiecerit,</strong></span> <span class='ocrx_word' id='word_1_678' title='bbox 1097 4726 1488 4789; x_wconf 89' lang='lat' dir='ltr'><strong>sequestrctur.</strong></span> <span class='ocrx_word' id='word_1_679' title='bbox 1550 4697 1911 4773; x_wconf 78' lang='lat' dir='ltr'><strong>Perseverans</strong></span> 
     </span>
    </p>
   </div>
   <div class='ocr_carea' id='block_1_63' title="bbox 2010 4697 3638 4789">
    <p class='ocr_par' dir='ltr' id='par_1_63' title="bbox 2010 4697 3638 4775">
     <span class='ocr_line' id='line_1_64' title="bbox 2010 4697 3638 4775; baseline -0.014 -10"><span class='ocrx_word' id='word_1_680' title='bbox 2010 4708 2186 4765; x_wconf 84' lang='lat' dir='ltr'><strong>lorum</strong></span> <span class='ocrx_word' id='word_1_681' title='bbox 2208 4706 2514 4773; x_wconf 81' lang='lat' dir='ltr'><strong>credentes,</strong></span> <span class='ocrx_word' id='word_1_682' title='bbox 2540 4717 2674 4764; x_wconf 76' lang='lat' dir='ltr'><strong>vana</strong></span> <span class='ocrx_word' id='word_1_683' title='bbox 2723 4701 2871 4754; x_wconf 85' lang='lat' dir='ltr'><strong>lucra</strong></span> <span class='ocrx_word' id='word_1_684' title='bbox 2923 4697 3202 4775; x_wconf 64' lang='lat' dir='ltr'><strong>cupientes</strong></span> <span class='ocrx_word' id='word_1_685' title='bbox 3247 4701 3305 4748; x_wconf 90' lang='lat' dir='ltr'><strong>et</strong></span> <span class='ocrx_word' id='word_1_686' title='bbox 3340 4697 3599 4769; x_wconf 84' lang='lat' dir='ltr'><strong>pecunia-</strong></span> <span class='ocrx_word' id='word_1_687' title='bbox 3632 4734 3638 4738; x_wconf 96' lang='lat'><strong>.</strong></span> 
     </span>
    </p>
   </div>
   <div class='ocr_carea' id='block_1_64' title="bbox 330 4780 1958 4884">
    <p class='ocr_par' dir='ltr' id='par_1_64' title="bbox 330 4809 1906 4884">
     <span class='ocr_line' id='line_1_65' title="bbox 330 4809 1906 4884; baseline 0.004 -23"><span class='ocrx_word' id='word_1_688' title='bbox 330 4816 511 4863; x_wconf 89' lang='lat' dir='ltr'><strong>autem</strong></span> <span class='ocrx_word' id='word_1_689' title='bbox 531 4809 849 4880; x_wconf 86' lang='lat' dir='ltr'><strong>deponatur.</strong></span> <span class='ocrx_word' id='word_1_690' title='bbox 881 4832 900 4864; x_wconf 73' lang='grc' dir='ltr'><strong>ι</strong></span> <span class='ocrx_word' id='word_1_691' title='bbox 941 4812 999 4867; x_wconf 94' lang='lat' dir='ltr'><strong>ln</strong></span> <span class='ocrx_word' id='word_1_692' title='bbox 1030 4811 1446 4884; x_wconf 85' lang='lat' dir='ltr'><strong>quadragesimo</strong></span> <span class='ocrx_word' id='word_1_693' title='bbox 1493 4825 1628 4866; x_wconf 86' lang='lat' dir='ltr'><strong>vero</strong></span> <span class='ocrx_word' id='word_1_694' title='bbox 1674 4826 1906 4877; x_wconf 85' lang='lat' dir='ltr'><strong>canone,</strong></span> 
     </span>
    </p>
   </div>
   <div class='ocr_carea' id='block_1_65' title="bbox 1969 4780 3597 4884">
    <p class='ocr_par' dir='ltr' id='par_1_65' title="bbox 2013 4780 3597 4865">
     <span class='ocr_line' id='line_1_66' title="bbox 2013 4780 3597 4865; baseline -0.012 -11"><span class='ocrx_word' id='word_1_695' title='bbox 2013 4815 2132 4854; x_wconf 91' lang='lat' dir='ltr'><strong>rum</strong></span> <span class='ocrx_word' id='word_1_696' title='bbox 2164 4806 2431 4859; x_wconf 83' lang='lat' dir='ltr'><strong>amatores</strong></span> <span class='ocrx_word' id='word_1_697' title='bbox 2452 4791 2670 4865; x_wconf 90' lang='lat' dir='ltr'><strong>reperti,</strong></span> <span class='ocrx_word' id='word_1_698' title='bbox 2709 4788 2951 4851; x_wconf 77' lang='lat' dir='ltr'><strong>volentes</strong></span> <span class='ocrx_word' id='word_1_699' title='bbox 2991 4786 3188 4842; x_wconf 88' lang='lat' dir='ltr'><strong>multos</strong></span> <span class='ocrx_word' id='word_1_700' title='bbox 3209 4780 3447 4838; x_wconf 69' lang='lat' dir='ltr'><strong>fidelium</strong></span> <span class='ocrx_word' id='word_1_701' title='bbox 3471 4782 3597 4842; x_wconf 78' lang='lat' dir='ltr'><strong>abs-</strong></span> 
     </span>
    </p>
   </div>
   <div class='ocr_carea' id='block_1_66' title="bbox 331 4873 1959 4974">
    <p class='ocr_par' dir='ltr' id='par_1_66' title="bbox 331 4873 1913 4974">
     <span class='ocr_line' id='line_1_67' title="bbox 331 4873 1913 4974; baseline 0.003 -22"><span class='ocrx_word' id='word_1_702' title='bbox 331 4897 580 4968; x_wconf 87' lang='lat' dir='ltr'><strong>inquiunt</strong></span> <span class='ocrx_word' id='word_1_703' title='bbox 602 4873 821 4972; x_wconf 79' lang='lat' dir='ltr'><strong>palam:</strong></span> <span class='ocrx_word' id='word_1_704' title='bbox 856 4921 875 4954; x_wconf 71' lang='grc' dir='ltr'>ι</span> <span class='ocrx_word' id='word_1_705' title='bbox 906 4873 1144 4974; x_wconf 69' lang='lat' dir='ltr'><strong>Propria:</strong></span> <span class='ocrx_word' id='word_1_706' title='bbox 1187 4873 1429 4972; x_wconf 79' lang='lat' dir='ltr'><strong>episcOpi</strong></span> <span class='ocrx_word' id='word_1_707' title='bbox 1480 4913 1586 4955; x_wconf 90' lang='lat' dir='ltr'><strong>res.</strong></span> <span class='ocrx_word' id='word_1_708' title='bbox 1616 4914 1640 4955; x_wconf 72' lang='lat' dir='ltr'><strong>s</strong></span> <span class='ocrx_word' id='word_1_709' title='bbox 1693 4899 1762 4954; x_wconf 86' lang='lat' dir='ltr'><strong>Et</strong></span> <span class='ocrx_word' id='word_1_710' title='bbox 1791 4873 1913 4970; x_wconf 82' lang='lat' dir='ltr'><strong>post</strong></span> 
     </span>
    </p>
   </div>
   <div class='ocr_carea' id='block_1_67' title="bbox 1988 4873 3616 4974">
    <p class='ocr_par' dir='ltr' id='par_1_67' title="bbox 2014 4873 3616 4957">
     <span class='ocr_line' id='line_1_68' title="bbox 2014 4873 3616 4957; baseline -0.01 -12"><span class='ocrx_word' id='word_1_711' title='bbox 2014 4891 2329 4947; x_wconf 83' lang='lat' dir='ltr'><strong>trahereex</strong></span> <span class='ocrx_word' id='word_1_712' title='bbox 2368 4882 2680 4957; x_wconf 84' lang='lat' dir='ltr'><strong>Evangelio,</strong></span> <span class='ocrx_word' id='word_1_713' title='bbox 2706 4882 2809 4935; x_wconf 89' lang='lat' dir='ltr'><strong>hoc</strong></span> <span class='ocrx_word' id='word_1_714' title='bbox 2834 4888 2936 4943; x_wconf 81' lang='lat' dir='ltr'><strong>est,</strong></span> <span class='ocrx_word' id='word_1_715' title='bbox 2960 4894 3024 4935; x_wconf 81' lang='lat' dir='ltr'><strong>ex</strong></span> <span class='ocrx_word' id='word_1_716' title='bbox 3048 4875 3170 4936; x_wconf 82' lang='lat' dir='ltr'><strong>ﬁdei</strong></span> <span class='ocrx_word' id='word_1_717' title='bbox 3191 4873 3616 4946; x_wconf 69' lang='lat' dir='ltr'><strong>pnedicatione,,</strong></span> 
     </span>
    </p>
   </div>
   <div class='ocr_carea' id='block_1_68' title="bbox 333 4965 3607 5059">
    <p class='ocr_par' dir='ltr' id='par_1_68' title="bbox 333 4965 3607 5059">
     <span class='ocr_line' id='line_1_69' title="bbox 333 4965 3607 5059; baseline -0.003 -18"><span class='ocrx_word' id='word_1_718' title='bbox 333 4965 503 5058; x_wconf 85' lang='lat' dir='ltr'><strong>pauca</strong></span> <span class='ocrx_word' id='word_1_719' title='bbox 534 5004 549 5044; x_wconf 88' lang='lat'><strong>:</strong></span> <span class='ocrx_word' id='word_1_720' title='bbox 579 4965 706 5047; x_wconf 34' lang='lat' dir='ltr'><strong>«‘Ne</strong></span> <span class='ocrx_word' id='word_1_721' title='bbox 731 4965 1030 5048; x_wconf 42' lang='lat' dir='ltr'><strong>occasione.</strong></span> <span class='ocrx_word' id='word_1_722' title='bbox 1056 4965 1552 5051; x_wconf 76' lang='lat' dir='ltr'><strong>ecclesiasticarum</strong></span> <span class='ocrx_word' id='word_1_723' title='bbox 1592 5001 1772 5044; x_wconf 86' lang='lat' dir='ltr'><strong>rerum</strong></span> <span class='ocrx_word' id='word_1_724' title='bbox 1791 4965 1931 5043; x_wconf 47' lang='lat' dir='ltr'><strong>-ca-.</strong></span> <span class='ocrx_word' id='word_1_725' title='bbox 2015 4979 2287 5050; x_wconf 87' lang='lat' dir='ltr'><strong>corruptis</strong></span> <span class='ocrx_word' id='word_1_726' title='bbox 2312 4979 2438 5035; x_wconf 88' lang='lat' dir='ltr'><strong>dum</strong></span> <span class='ocrx_word' id='word_1_727' title='bbox 2469 4973 2853 5059; x_wconf 62' lang='lat' dir='ltr'><strong>pijmdixissetlt</strong></span> <span class='ocrx_word' id='word_1_728' title='bbox 2870 4969 2975 5039; x_wconf 67' lang='grc' dir='ltr'><strong>εἰς.</strong></span> <span class='ocrx_word' id='word_1_729' title='bbox 2998 4971 3051 5026; x_wconf 67' lang='lat' dir='ltr'><strong>in</strong></span> <span class='ocrx_word' id='word_1_730' title='bbox 3073 4968 3177 5031; x_wconf 74' lang='lat'><strong>110.0</strong></span> <span class='ocrx_word' id='word_1_731' title='bbox 3199 4974 3257 5059; x_wconf 53' lang='lat' dir='ltr'><strong>ﬁt</strong></span> <span class='ocrx_word' id='word_1_732' title='bbox 3281 4965 3607 5059; x_wconf 58' lang='lat' dir='ltr'><strong>Christiani-</strong></span> 
     </span>
    </p>
   </div>
   <div class='ocr_carea' id='block_1_69' title="bbox 334 5054 3686 5153">
    <p class='ocr_par' dir='ltr' id='par_1_69' title="bbox 334 5054 3686 5153">
     <span class='ocr_line' id='line_1_70' title="bbox 334 5054 3686 5153; baseline -0.007 -19"><span class='ocrx_word' id='word_1_733' title='bbox 334 5054 462 5135; x_wconf 79' lang='lat' dir='ltr'><strong>dere</strong></span> <span class='ocrx_word' id='word_1_734' title='bbox 489 5079 800 5152; x_wconf 89' lang='lat' dir='ltr'><strong>episcopum</strong></span> <span class='ocrx_word' id='word_1_735' title='bbox 845 5078 916 5135; x_wconf 91' lang='lat' dir='ltr'><strong>ab</strong></span> <span class='ocrx_word' id='word_1_736' title='bbox 943 5080 1021 5135; x_wconf 89' lang='lat' dir='ltr'><strong>eis</strong></span> <span class='ocrx_word' id='word_1_737' title='bbox 1073 5096 1194 5153; x_wconf 70' lang='lat' dir='ltr'><strong>quae</strong></span> <span class='ocrx_word' id='word_1_738' title='bbox 1222 5086 1350 5134; x_wconf 91' lang='lat' dir='ltr'><strong>sunt</strong></span> <span class='ocrx_word' id='word_1_739' title='bbox 1401 5077 1665 5147; x_wconf 81' lang='lat' dir='ltr'><strong>episcOpi,</strong></span> <span class='ocrx_word' id='word_1_740' title='bbox 1713 5076 1766 5131; x_wconf 91' lang='lat' dir='ltr'><strong>in</strong></span> <span class='ocrx_word' id='word_1_741' title='bbox 1798 5092 1913 5132; x_wconf 82' lang='lat' dir='ltr'><strong>mu-</strong></span> <span class='ocrx_word' id='word_1_742' title='bbox 2019 5080 2103 5142; x_wconf 85' lang='lat' dir='ltr'><strong>tas</strong></span> <span class='ocrx_word' id='word_1_743' title='bbox 2125 5079 2180 5127; x_wconf 88' lang='lat' dir='ltr'><strong>et</strong></span> <span class='ocrx_word' id='word_1_744' title='bbox 2205 5054 2517 5127; x_wconf 81' lang='lat' dir='ltr'><strong>Judaismus</strong></span> <span class='ocrx_word' id='word_1_745' title='bbox 2542 5055 2801 5132; x_wconf 83' lang='lat' dir='ltr'><strong>corrupta</strong></span> <span class='ocrx_word' id='word_1_746' title='bbox 2823 5069 2971 5117; x_wconf 89' lang='lat' dir='ltr'><strong>sunt.</strong></span> <span class='ocrx_word' id='word_1_747' title='bbox 3002 5058 3077 5117; x_wconf 90' lang='lat' dir='ltr'><strong>De</strong></span> <span class='ocrx_word' id='word_1_748' title='bbox 3128 5056 3326 5133; x_wconf 83' lang='lat' dir='ltr'><strong>quibus</strong></span> <span class='ocrx_word' id='word_1_749' title='bbox 3367 5054 3608 5120; x_wconf 73' lang='lat' dir='ltr'><strong>Joannes</strong></span> <span class='ocrx_word' id='word_1_750' title='bbox 3640 5098 3643 5101; x_wconf 47' lang='grc' dir='ltr'>λ</span> <span class='ocrx_word' id='word_1_751' title='bbox 3676 5113 3686 5123; x_wconf 74' lang='grc' dir='ltr'><strong> </strong></span> 
     </span>
    </p>
   </div>
   <div class='ocr_carea' id='block_1_70' title="bbox 337 5152 3608 5242">
    <p class='ocr_par' dir='ltr' id='par_1_70' title="bbox 337 5152 3608 5242">
     <span class='ocr_line' id='line_1_71' title="bbox 337 5152 3608 5242; baseline -0.005 -19"><span class='ocrx_word' id='word_1_752' title='bbox 337 5167 522 5224; x_wconf 88' lang='lat' dir='ltr'><strong>lierem</strong></span> <span class='ocrx_word' id='word_1_753' title='bbox 550 5178 608 5226; x_wconf 89' lang='lat' dir='ltr'><strong>et</strong></span> <span class='ocrx_word' id='word_1_754' title='bbox 644 5183 840 5240; x_wconf 85' lang='lat' dir='ltr'><strong>pueros</strong></span> <span class='ocrx_word' id='word_1_755' title='bbox 865 5178 921 5225; x_wconf 91' lang='lat' dir='ltr'><strong>et</strong></span> <span class='ocrx_word' id='word_1_756' title='bbox 947 5152 1308 5242; x_wconf 83' lang='lat' dir='ltr'><strong>prapinquos,</strong></span> <span class='ocrx_word' id='word_1_757' title='bbox 1332 5182 1399 5222; x_wconf 93' lang='lat' dir='ltr'><strong>ne</strong></span> <span class='ocrx_word' id='word_1_758' title='bbox 1422 5182 1520 5238; x_wconf 89' lang='lat' dir='ltr'><strong>per</strong></span> <span class='ocrx_word' id='word_1_759' title='bbox 1570 5168 1931 5233; x_wconf 34' lang='lat' dir='ltr'><strong>occasionem,</strong></span> <span class='ocrx_word' id='word_1_760' title='bbox 2020 5162 2164 5229; x_wconf 68' lang='lat' dir='ltr'><strong>fatus</strong></span> <span class='ocrx_word' id='word_1_761' title='bbox 2188 5170 2308 5217; x_wconf 91' lang='lat' dir='ltr'><strong>est:</strong></span> <span class='ocrx_word' id='word_1_762' title='bbox 2341 5177 2362 5212; x_wconf 75' lang='grc' dir='ltr'>ι</span> <span class='ocrx_word' id='word_1_763' title='bbox 2390 5158 2473 5216; x_wconf 81' lang='lat' dir='ltr'><strong>Ex</strong></span> <span class='ocrx_word' id='word_1_764' title='bbox 2493 5156 2653 5217; x_wconf 92' lang='lat' dir='ltr'><strong>nobis</strong></span> <span class='ocrx_word' id='word_1_765' title='bbox 2676 5153 2954 5231; x_wconf 81' lang='lat' dir='ltr'><strong>exierunt,</strong></span> <span class='ocrx_word' id='word_1_766' title='bbox 2971 5152 3063 5210; x_wconf 86' lang='lat' dir='ltr'><strong>sed</strong></span> <span class='ocrx_word' id='word_1_767' title='bbox 3091 5164 3200 5205; x_wconf 91' lang='lat' dir='ltr'><strong>non</strong></span> <span class='ocrx_word' id='word_1_768' title='bbox 3226 5156 3383 5242; x_wconf 80' lang='lat' dir='ltr'><strong>erant</strong></span> <span class='ocrx_word' id='word_1_769' title='bbox 3411 5166 3479 5206; x_wconf 83' lang='lat' dir='ltr'><strong>ex</strong></span> <span class='ocrx_word' id='word_1_770' title='bbox 3506 5165 3608 5206; x_wconf 88' lang='lat' dir='ltr'><strong>no-</strong></span> 
     </span>
    </p>
   </div>
   <div class='ocr_carea' id='block_1_71' title="bbox 336 5240 3613 5333">
    <p class='ocr_par' dir='ltr' id='par_1_71' title="bbox 336 5240 3613 5333">
     <span class='ocr_line' id='line_1_72' title="bbox 336 5240 3613 5333; baseline -0.005 -17"><span class='ocrx_word' id='word_1_771' title='bbox 336 5273 548 5326; x_wconf 85' lang='lat' dir='ltr'><strong>eorum,</strong></span> <span class='ocrx_word' id='word_1_772' title='bbox 579 5273 639 5315; x_wconf 87' lang='lat' dir='ltr'><strong>ea</strong></span> <span class='ocrx_word' id='word_1_773' title='bbox 664 5274 786 5333; x_wconf 66' lang='lat' dir='ltr'><strong>quae</strong></span> <span class='ocrx_word' id='word_1_774' title='bbox 811 5240 1062 5317; x_wconf 67' lang='lat' dir='ltr'><strong>Ecclesiae</strong></span> <span class='ocrx_word' id='word_1_775' title='bbox 1079 5240 1207 5317; x_wconf 85' lang='lat' dir='ltr'><strong>sunt</strong></span> <span class='ocrx_word' id='word_1_776' title='bbox 1235 5257 1539 5319; x_wconf 84' lang='lat' dir='ltr'><strong>subtrahat.</strong></span> <span class='ocrx_word' id='word_1_777' title='bbox 1570 5276 1591 5311; x_wconf 72' lang='grc' dir='ltr'><strong><em>ι</em></strong></span> <span class='ocrx_word' id='word_1_778' title='bbox 1622 5259 1689 5314; x_wconf 85' lang='lat' dir='ltr'><strong>Et</strong></span> <span class='ocrx_word' id='word_1_779' title='bbox 1702 5257 1933 5318; x_wconf 58' lang='lat' dir='ltr'><strong>deinde:</strong></span> <span class='ocrx_word' id='word_1_780' title='bbox 2022 5257 2126 5313; x_wconf 91' lang='lat' dir='ltr'><strong>bis.</strong></span> <span class='ocrx_word' id='word_1_781' title='bbox 2167 5252 2224 5316; x_wconf 88' lang='lat' dir='ltr'><strong>Si</strong></span> <span class='ocrx_word' id='word_1_782' title='bbox 2246 5250 2396 5309; x_wconf 90' lang='lat' dir='ltr'><strong>enim</strong></span> <span class='ocrx_word' id='word_1_783' title='bbox 2436 5251 2670 5331; x_wconf 76' lang='lat' dir='ltr'><strong>fuissent</strong></span> <span class='ocrx_word' id='word_1_784' title='bbox 2694 5259 2765 5331; x_wconf 87' lang='lat' dir='ltr'><strong>ex</strong></span> <span class='ocrx_word' id='word_1_785' title='bbox 2813 5242 2997 5333; x_wconf 74' lang='lat' dir='ltr'><strong>nobis,</strong></span> <span class='ocrx_word' id='word_1_786' title='bbox 3040 5240 3476 5333; x_wconf 79' lang='lat' dir='ltr'><strong>permansissent</strong></span> <span class='ocrx_word' id='word_1_787' title='bbox 3504 5243 3613 5319; x_wconf 89' lang='lat' dir='ltr'><strong>uti-</strong></span> 
     </span>
    </p>
   </div>
   <div class='ocr_carea' id='block_1_72' title="bbox 350 5330 1978 5374">
    <p class='ocr_par' dir='ltr' id='par_1_72' title="bbox 350 5347 1914 5374">
     <span class='ocr_line' id='line_1_73' title="bbox 350 5347 1914 5374; baseline 0 0"><span class='ocrx_word' id='word_1_788' title='bbox 350 5367 365 5374; x_wconf 70' lang='lat'><strong>-</strong></span> <span class='ocrx_word' id='word_1_789' title='bbox 401 5348 668 5374; x_wconf 69' lang='lat' dir='ltr'><strong>ﬂ‘:_..:.l.._.</strong></span> <span class='ocrx_word' id='word_1_790' title='bbox 704 5359 821 5374; x_wconf 73' lang='lat' dir='ltr'><strong>__-_-l</strong></span> <span class='ocrx_word' id='word_1_791' title='bbox 850 5348 941 5374; x_wconf 69' lang='grc'><strong>--.2</strong></span> <span class='ocrx_word' id='word_1_792' title='bbox 970 5351 1292 5374; x_wconf 54' lang='grc' dir='ltr'><strong>---ιιιΑ-..ι</strong></span> <span class='ocrx_word' id='word_1_793' title='bbox 1322 5348 1632 5374; x_wconf 61' lang='grc' dir='ltr'><strong>ηΑΑΑ-Ᾱιιιηη</strong></span> <span class='ocrx_word' id='word_1_794' title='bbox 1660 5347 1914 5374; x_wconf 69' lang='grc' dir='ltr'><strong>Ι..-ζιζ.-.ζ...</strong></span> 
     </span>
    </p>
   </div>
   <div class='ocr_carea' id='block_1_73' title="bbox 1998 5330 3626 5374">
    <p class='ocr_par' dir='ltr' id='par_1_73' title="bbox 2026 5330 3626 5374">
     <span class='ocr_line' id='line_1_74' title="bbox 2026 5330 3626 5374; baseline 0 0"><span class='ocrx_word' id='word_1_795' title='bbox 2026 5362 2128 5374; x_wconf 63' lang='grc' dir='ltr'><strong>...ης</strong></span> <span class='ocrx_word' id='word_1_796' title='bbox 2157 5342 2509 5374; x_wconf 47' lang='lat' dir='ltr'><strong>natat-num”</strong></span> <span class='ocrx_word' id='word_1_797' title='bbox 2538 5330 2675 5374; x_wconf 71' lang='lat' dir='ltr'><strong>1mm</strong></span> <span class='ocrx_word' id='word_1_798' title='bbox 2747 5350 2782 5374; x_wconf 84' lang='grc' dir='ltr'>η</span> <span class='ocrx_word' id='word_1_799' title='bbox 2857 5332 2948 5374; x_wconf 71' lang='lat' dir='ltr'><strong>Im</strong></span> <span class='ocrx_word' id='word_1_800' title='bbox 3002 5355 3021 5374; x_wconf 77' lang='grc' dir='ltr'>ι</span> <span class='ocrx_word' id='word_1_801' title='bbox 3079 5333 3148 5374; x_wconf 65' lang='grc' dir='ltr'><strong>ΛΑ</strong></span> <span class='ocrx_word' id='word_1_802' title='bbox 3196 5330 3284 5374; x_wconf 73' lang='lat' dir='ltr'><strong>hia</strong></span> <span class='ocrx_word' id='word_1_803' title='bbox 3329 5332 3424 5374; x_wconf 87' lang='lat' dir='ltr'><strong>nni</strong></span> <span class='ocrx_word' id='word_1_804' title='bbox 3473 5334 3626 5374; x_wconf 58' lang='lat' dir='ltr'><strong>piro:</strong></span> 
     </span>
    </p>
   </div>
  </div>
