4124 5374
305 302 414 360 035

1650 298 1919 358 CONTRA
1955 299 2276 358 NICETAM.

3477 297 3584 356 986

309 418 656 476 veneficium.
687 416 794 472 Sed
841 432 914 469 va:
962 415 1010 469 ei
1039 415 1130 484 qui
1161 424 1310 486 potat
1343 415 1575 471 aruicum
1603 431 1759 472 suum
1794 430 1892 485 pos
1921 415 1969 478 Α
2001 417 2238 473 tenebris
2263 418 2507 474 ambulat
2529 418 2578 490 (I
2607 418 2771 473 loco.
2810 434 2868 482 ll,
2894 417 2970 488 9).
3009 437 3026 468 ι
3060 414 3158 471 llic
3203 413 3363 484 plane
3415 412 3584 486 liquet

263 483 275 527 ³
306 517 462 585 tione
487 510 825 568 turbulenta!
865 507 1038 576 Quam
1062 483 1210 564 ideo
1249 509 1616 564 necessariam
1644 483 1899 565 duximus

267 598 274 605 ’
302 603 580 662 subtiliori
608 603 773 657 linteo
801 601 1037 656 colatum
1068 599 1170 667 ire,
1199 609 1258 655 ut
1308 601 1498 656 modus
1523 599 1895 656 concinuatio-

301 699 400 753 nis
425 695 562 767 ejus,
589 702 644 749 et
678 692 916 766 potentia
967 691 1314 763 aliquatenus
1345 691 1517 762 possit
1544 691 1894 761 deprehendi,

297 801 367 844 οξ
410 788 664 857 deinceps
711 786 912 848 caveri,
946 784 1071 856 quia
1121 784 1424 857 ingreditur
1451 785 1666 850 blande,
1709 785 1801 840 sed
1841 784 1895 838 in

295 876 606 933 novissimo
654 874 926 929 mordebit
977 881 1032 928 ut
1083 873 1330 940 coluber,
1387 883 1441 930 et
1486 873 1631 929 sicut
1679 872 1900 946 regulus

292 987 514 1046 venena
545 969 824 1026 diffundet.

377 1064 441 1120 11.
484 1063 625 1117 Ecce
656 1061 712 1116 in
762 1061 880 1131 ipso
927 1060 1191 1116 livoratus
1215 1061 1291 1116 tui
1339 1059 1607 1116 vestibulo
1640 1060 1740 1116 tria
1771 1074 1897 1131 pro-

294 1155 545 1228 posuisti
581 1173 594 1208 :
623 1155 688 1209 de
718 1169 909 1225 azymo
937 1153 1254 1220 scilicet,de
1277 1153 1517 1210 Sabbato
1541 1163 1597 1210 et
1620 1156 1688 1210 de
1714 1169 1897 1210 sacer-

289 1249 497 1304 dotum
527 1247 746 1317 nuptiis.
780 1245 855 1301 Ex
888 1246 1085 1317 quibus
1127 1255 1204 1302 tot
1230 1254 1285 1302 et
1325 1255 1471 1301 tanta
1497 1247 1805 1309 evomuisti,
1838 1255 1896 1302 ut

287 1341 352 1411 in
393 1339 750 1411 pervertendo
774 1337 985 1394 divinas
1006 1339 1302 1394 sententias
1326 1354 1431 1394 non
1461 1339 1685 1394 inferior
1711 1338 1895 1394 videa-

287 1434 378 1500 ris
409 1433 681 1504 perversis
709 1440 763 1486 et
791 1429 1022 1486 rabiosis
1051 1431 1277 1487 canibus
1304 1430 1522 1487 Iuliano
1548 1440 1597 1487 et
1646 1431 1894 1504 Porphy-

289 1523 408 1597 rio.
440 1522 684 1593 Denique
706 1520 874 1577 divini
904 1521 1106 1591 eloquii
1129 1523 1136 1526 ’
1157 1521 1359 1577 scalam
1389 1522 1456 1577 ad
1506 1521 1674 1576 caelos
1700 1522 1890 1578 subre-

290 1623 475 1682 ,etam,
504 1623 764 1685 quantum
799 1615 851 1669 in
884 1623 935 1670 te
986 1613 1110 1681 fuit,
1141 1616 1408 1671 retorsisti
1454 1617 1520 1671 ad
1569 1616 1796 1684 inferos,
1827 1634 1894 1674 ue

288 1723 428 1775 eum
494 1706 706 1776 angelis
757 1707 1050 1767 scandercs
1103 1707 1171 1762 ad
1224 1709 1559 1775 catholicos,
1621 1710 1714 1765 sed
1768 1725 1890 1766 eum

286 1797 570 1877 apostatis
619 1797 980 1856 descenderes
1022 1797 1089 1852 ad
1120 1797 1424 1854 haereticos.
1450 1797 1577 1854 lude
1610 1809 1693 1856 est
1726 1803 1888 1872 quod,

285 1901 510 1947 sancta:
541 1892 802 1962 Romana:
853 1900 908 1947 et
934 1892 1248 1963 apostolica:
1306 1893 1452 1948 sedis
1494 1893 1765 1950 sacrificio
1801 1895 1894 1950 de-

286 1983 548 2061 trahens,
590 1983 885 2049 falsissime
921 1984 1212 2042 deﬁnivisti
1257 2001 1356 2042 nos
1397 2002 1639 2042 mensam
1683 1986 1893 2043 Jurlzeo-

285 2092 421 2150 rum
456 2077 761 2148 comedere.
795 2076 948 2145 Quod
988 2078 1122 2136 satis
1169 2078 1474 2134 ostenditur
1521 2081 1574 2135 in
1621 2081 1889 2150 superiori

283 2174 485 2232 nostra
515 2168 848 2232 narratione,
881 2167 972 2222 ubi
1028 2169 1351 2224 commentis
1405 2169 1726 2240 complicuru
1777 2181 1893 2225 tuo-

287 2274 446 2323 rum,
480 2258 763 2316 Michaelis
805 2261 1017 2316 scilicet
1060 2260 1646 2331 ConstantinOpolitani
1673 2274 1725 2319 et
1751 2263 1890 2320 Leo-

285 2350 382 2424 nis
434 2349 694 2414 ΑριὶιΙιιιιῑ
755 2351 1022 2405 voluimus
1079 2353 1322 2408 obviare.
1369 2352 1480 2409 Nec
1529 2363 1612 2410 est
1670 2370 1891 2414 necesse

282 2443 491 2508 eadem
542 2462 641 2511 nos
695 2448 853 2504 toties
901 2459 1166 2519 repetere.
1211 2449 1346 2518 Quia
1405 2461 1610 2524 stuppa:
1654 2453 1891 2512 collecta:

283 2546 347 2590 et
379 2537 552 2607 palea;
601 2539 860 2608 coujecrae
909 2541 1242 2614 zizauiisquc
1282 2543 1524 2601 collectis
1567 2563 1672 2601 una
1714 2559 1892 2618 potest

284 2627 521 2703 flamma
545 2629 814 2685 sufficere.
850 2631 1001 2688 Unde
1029 2650 1090 2688 ea
1146 2645 1351 2691 tantum
1394 2636 1739 2695 decrevimus
1761 2642 1893 2695 levi-
1927 2656 1929 2658 ‘

288 2727 385 2795 ter
423 2721 789 2787 succendere,
828 2738 948 2816 qua;
1000 2725 1150 2797 solus
1206 2727 1408 2797 videris
1450 2731 1569 2802 plus
1619 2732 1725 2796 illis
1758 2750 1889 2788 corr-

283 2825 556 2890 gessrsse.

289 2901 293 2905 ’
363 2900 459 2980 Ill.
502 2901 689 2972 Itaque
732 2906 875 2974 quod
923 2905 1104 2962 dixisti
1147 2910 1671 2968 consubstantialem
1704 2924 1761 2970 et
1803 2931 1893 2970 su-

282 2994 814 3063 persubstautialem
848 2997 990 3057 idem
1024 3013 1167 3063 esse,
1195 3002 1420 3061 omnino
1441 3013 1522 3059 est
1551 3003 1725 3060 futile.
1757 3005 1890 3074 Quia

282 3083 566 3148 Dominus
605 3083 782 3154 Iesus,
812 3090 1063 3154 quamvis
1096 3092 1253 3164 nobis
1283 3094 1618 3160 humanitate
1663 3096 1732 3152 sit
1759 3113 1892 3154 con-

283 3177 708 3259 substantialis;
759 3180 836 3234 sic
885 3190 940 3236 et
987 3182 1238 3250 humanae
1288 3201 1489 3242 mensa:
1532 3203 1721 3256 panes,
1769 3189 1894 3245 licet

278 3271 399 3336 sint
421 3269 916 3339 consubstantiales
938 3273 1284 3351 sibi,'rnens:e
1307 3285 1491 3343 tamen
1511 3280 1707 3336 divina:
1732 3283 1888 3352 panis

243 3393 246 3396 ~
279 3360 837 3429 supersubstantialis
859 3373 942 3420 est
963 3365 1060 3424 eis.
1079 3366 1163 3431 Et,
1181 3383 1215 3422 o
1235 3370 1460 3432 mentite
1472 3371 1603 3437 Deo,
1627 3382 1681 3430 et
1706 3387 1892 3446 aperte

285 3451 650 3528 impugnator
698 3455 870 3509 sancti
923 3455 1230 3535 Evangelii!
1267 3460 1354 3514 ubi
1396 3469 1452 3514 et
1502 3463 1720 3531 quando
1753 3465 1892 3521 dixit

280 3542 542 3607 Veritas,
593 3543 804 3609 veracis
845 3545 1025 3616 Patris
1057 3547 1227 3604 Filius
1257 3565 1272 3605 :
1315 3569 1334 3602 ‹
1371 3541 1572 3608 Cavete
1609 3555 1677 3609 ab
1700 3571 1890 3628 azymu

275 3634 566 3708 fermento
587 3635 1022 3714 Pbarismorum?
1053 3659 1070 3692 ι
1107 3638 1301 3712 (Marc.
1337 3659 1454 3709 vrtr,
1497 3645 1608 3718 15.)
1638 3648 1888 3719 Nunquid

276 3743 540 3797 azymum
605 3729 847 3800 quolibet
908 3733 1068 3789 modo
1137 3743 1312 3804 potest
1367 3739 1472 3793 dici
1553 3739 1885 3807 fermentum,

275 3821 514 3888 quando
541 3837 792 3894 azymum
846 3823 1080 3892 dicatur,
1109 3841 1175 3883 eo
1203 3829 1345 3897 quod
1389 3829 1596 3899 absque
1624 3831 1889 3898 fermento

274 3909 386 3974 sit?
415 3919 479 3965 et
523 3911 830 3984 ubicunque
883 3914 1210 3973 fermentum
1243 3917 1430 3984 fuerit,
1474 3936 1695 3978 necesse
1721 3935 1805 3979 est
1831 3935 1888 3979 ut

273 4013 374 4059 aut
406 4004 742 4062 fermentum
774 4007 990 4074 cliiciat,
1042 4019 1134 4064 aut
1161 4009 1487 4067 fermentum
1536 4019 1888 4086 permaneat?

275 4097 416 4163 Cum
464 4115 599 4172 ergo
638 4099 1025 4159 ferruentatum
1055 4117 1160 4156 non
1208 4103 1418 4166 sitsine
1451 4103 1741 4171 fermento,
1786 4125 1888 4164 nec

280 4185 618 4244 fermentum
637 4190 935 4261 aliquando
955 4192 1128 4262 possit
1157 4207 1279 4249 esse
1304 4193 1423 4249 sine
1447 4195 1587 4265 ipso,
1613 4200 1886 4266 quomodo

278 4277 479 4342 saltem
535 4282 809 4353 somniare
849 4299 1016 4352 ausus
1063 4299 1125 4340 es
1180 4300 1433 4356 azymum
1468 4287 1889 4345 fermentatum?»

281 4367 394 4426 Sed
423 4374 676 4447 quamvis
725 4376 852 4449 talia
905 4377 1138 4442 dicendo
1189 4378 1326 4434 telas
1369 4393 1583 4436 araneze
1621 4373 1882 4447 texueris,

1919 3135 1964 3196 ς

282 4476 506 4517 muscas
527 4472 580 4517 et
600 4464 805 4520 culices
830 4481 923 4520 seu
950 4467 1279 4528 vermiculos
1299 4470 1622 4535 aberrantes
1639 4471 1721 4525 his
1746 4471 1882 4526 irre-
1913 4499 1958 4556 ί)

284 4549 391 4626 tire
415 4554 660 4638 poteris;
692 4573 797 4611 nou
849 4567 1030 4614 autern
1061 4561 1342 4634 columnas
1374 4563 1648 4635 simplices
1675 4574 1730 4620 et
1753 4581 1881 4622 oves

286 4655 743 4711 recognoscentes
767 4664 953 4704 vocem
985 4650 1065 4705 sui
1093 4653 1351 4708 auctoris.

359 4730 450 4786 IV.
496 4735 728 4816 Deinde,
781 4755 814 4795 ο
871 4743 1130 4799 subverso
1179 4745 1506 4811 subversor,
1562 4749 1882 4806 subvertere

285 4832 520 4914 conatus
565 4831 888 4906 sententiam
931 4836 1157 4908 apostoli
1197 4834 1681 4914 Joannis‘diceutis
1716 4860 1728 4894 :
1769 4860 1786 4892 ι
1821 4843 1876 4896 Si

286 4907 597 4971 dixerimus
627 4917 752 5000 quia
789 4907 1104 4995 societatem
1153 4907 1430 4982 habemus
1465 4907 1701 4994 cum'eo,
1735 4941 1784 4984 et
1826 4933 1876 4997 iu

289 5004 535 5083 tenebris
579 5011 939 5076 ambulamus,
975 5018 1267 5092 mentimur
1291 5027 1346 5075 et
1375 5035 1480 5095 non
1533 5022 1766 5077 facimus
1789 5003 1883 5088 vc;

285 5095 500 5164 ritatem
532 5101 584 5172 (Ι
610 5102 768 5158 Joan.
797 5122 837 5170 ι,
869 5105 948 5173 6.),
990 5125 1006 5158 r
1038 5118 1091 5164 et
1115 5110 1339 5180 caeteris
1380 5112 1610 5180 nequius
1641 5130 1772 5168 usus
1820 5133 1880 5174 cs

287 5187 391 5280 hoc
432 5191 550 5259 ejus
595 5197 922 5268 testimonio,
979 5213 1136 5272 quam
1187 5199 1407 5274 adulter
1445 5204 1603 5268 oculo
1633 5214 1686 5280 et
1735 5204 1876 5262 latro

285 5276 453 5345 ferro,
498 5298 618 5352 qua:
664 5289 848 5358 utique
896 5288 1033 5364 bona
1059 5299 1210 5347 sunt.
1239 5286 1322 5350 Illi
1365 5293 1508 5347 enim
1541 5276 1735 5356 laedere
1761 5305 1872 5350 ten-

1999 509 2141 580 quod
2171 525 2276 565 non
2302 509 2371 564 ab
2398 510 2644 582 apostolo
2664 520 2873 572 sancto,
2899 509 2994 566 sed
3025 510 3093 563 ab
3115 516 3360 580 apostata
3389 506 3584 579 angelo
3613 511 3618 516 ’

1999 602 2283 672 accepisti,
2314 613 2374 658 ut
2404 603 2616 660 diceres
2649 621 2662 659 :
2697 603 2801 669 Qui
2845 619 2967 674 ergo
3016 619 3202 673 azyma
3254 600 3496 666 comedit,
3522 599 3582 656 in

1997 695 2216 748 tenebris
2257 694 2384 767 legis
2430 694 2687 760 ambulat,
2724 695 2852 765 quia
2891 703 3000 748 tota
3043 692 3270 763 epistola
3323 691 3432 756 illa,
3482 706 3584 746 nec

1999 787 2383 840 fermentatum
2429 801 2532 842 nec
2565 801 2815 858 azymum
2844 794 3256 847 commemorat,
3286 784 3380 838 sed
3407 783 3583 840 solum

1997 876 2338 933 charitatem.

2069 970 2132 1024 γ.
2175 969 2303 1024 Post
2360 971 2476 1025 haec
2506 985 2612 1026 non
2645 968 2842 1025 minori
2892 968 3176 1041 sacrilegio
3229 970 3428 1024 abusus
3475 967 3620 1025 alio

1999 1060 2312 1116 testimonio
2339 1061 2579 1132 ejusdem
2623 1061 2855 1132 apostoli
2895 1061 3128 1117 dicentis
3172 1078 3187 1115 :
3225 1080 3242 1112 ι
3295 1043 3430 1116 Tres
3457 1068 3585 1115 sunt

1995 1153 2086 1226 qui
2118 1155 2491 1209 testimonium
2517 1154 2808 1226 perhibent
2840 1155 2892 1208 in
2941 1163 3106 1218 term,
3156 1150 3412 1222 Spiritus,
3443 1167 3583 1222 aqua

1994 1255 2049 1302 et
2092 1248 2335 1319 sanguis,
2362 1257 2418 1303 et
2447 1247 2501 1303 bi
2536 1256 2644 1303 tres
2693 1263 2861 1302 unum
2907 1257 3035 1303 sunt
3083 1245 3136 1315 (Ι
3175 1245 3334 1301 Jonn.
3363 1261 3416 1308 v,
3444 1245 3520 1314 ἠς
3561 1262 3579 1295 ι

1995 1353 2249 1409 perverse
2269 1340 2486 1396 conaris
2506 1340 2574 1395 ad
2601 1354 2796 1411 panem
2821 1355 3022 1395 mensa:
3037 1339 3235 1395 Christi
3267 1336 3584 1401 transferre,

1994 1429 2136 1502 quod
2155 1430 2243 1486 ille
2266 1431 2333 1487 de
2350 1431 2622 1503 baptismo
2641 1429 2759 1500 ejus
2774 1431 2944 1486 voluit
2964 1432 3231 1486 intimare.
3247 1429 3302 1484 In
3318 1429 3587 1498 baptismo

1995 1523 2263 1594 siquidem
2296 1523 2411 1578 haec
2435 1523 2535 1578 tria
2566 1532 2712 1588 sunt,
2739 1532 2792 1579 et
2825 1539 2990 1578 unum
3018 1523 3288 1592 baptisma
3319 1519 3582 1576 efﬁciunt.

1997 1615 2063 1670 Et
2095 1614 2331 1686 Spiritus
2357 1616 2577 1685 quidem
2615 1615 2943 1682 sanctificat,
2973 1631 3110 1684 aqua
3143 1613 3334 1678 abluit,
3366 1611 3589 1682 sanguis

1997 1708 2234 1763 redimit.
2295 1706 2352 1762 Si
2401 1706 2682 1777 quodlibet
2727 1708 2920 1762 horum
2970 1707 3238 1770 defuerit,
3284 1706 3589 1776 baptismus

1997 1817 2104 1855 non
2151 1801 2276 1866 erit,
2335 1801 2478 1856 sicut
2525 1802 2850 1856 venerabilis
2898 1810 3053 1873 pater
3097 1800 3427 1873 Augustinus
3464 1799 3586 1853 ait:

2002 1916 2018 1947 r
2059 1895 2212 1950 Tolle
2242 1911 2462 1967 aquam,
2512 1913 2621 1951 non
2659 1906 2742 1952 est
2795 1896 3114 1967 baptismus.
3167 1895 3290 1949 tolle
3340 1893 3586 1956 verbum,

1997 2002 2101 2040 non
2125 1998 2210 2042 est
2234 1987 2558 2056 baptismus.
2586 1987 2692 2042 Sed
2745 1985 2958 2042 accedit
3003 1985 3226 2040 venburn
3257 1985 3323 2038 ad
3357 1983 3590 2038 elemen-

1998 2089 2133 2144 tum,
2164 2089 2220 2132 et
2249 2080 2308 2134 fit
2339 2089 2763 2136 sacramentum.
2789 2099 2804 2130 ›
2833 2080 2910 2134 Tu
2937 2089 3117 2134 autem
3144 2094 3374 2147 nequam
3405 2085 3590 2146 pecto-

1996 2181 2131 2234 rate.
2167 2173 2422 2242 nequiter
2449 2172 2856 2243 interpretando
2887 2181 2940 2228 et
2974 2171 3321 2244 depravando
3365 2180 3586 2225 senten-

1997 2262 2126 2316 tiam
2159 2263 2526 2318 recumbentis
2553 2280 2718 2334 super
2743 2275 2934 2334 pectus
2959 2262 3108 2328 Jesu,
3161 2263 3344 2318 dixisti
3380 2281 3393 2315 :
3431 2261 3497 2316 Et
3533 2261 3590 2314 Iri

1994 2365 2097 2407 tres
2129 2372 2182 2408 ιη
2232 2371 2337 2408 uno
2365 2366 2507 2418 sunt,
2552 2339 2762 2410 scilicet
2805 2355 2856 2409 iu
2902 2370 3131 2426 corpore
3183 2353 3405 2419 Christi,
3442 2350 3588 2420 quod

1995 2445 2228 2500 dilectus
2257 2446 2397 2516 ejus,
2428 2463 2528 2502 ucc
2551 2447 2746 2510 sensit,
2778 2463 2877 2502 nec
2908 2446 3143 2518 scripsit,
3184 2446 3297 2511 sed,
3335 2465 3352 2496 ι
3392 2445 3444 2499 hi
3475 2454 3587 2498 tres

1995 2555 2160 2592 utrum
2192 2548 2318 2593 sunt
2351 2538 2403 2610 (1
2427 2538 2592 2594 Joan.
2625 2556 2721 2606 vrr,
2753 2537 2831 2612 8),
2865 2560 2883 2592 ι
2921 2538 3213 2594 secundum
3251 2539 3586 2608 superiorem

1994 2627 2060 2681 dc
2092 2629 2358 2698 baptismo
2386 2644 2623 2684 sensum.

2066 2718 2154 2774 Vl.
2193 2719 2368 2774 Parva
2419 2731 2544 2775 sunt
2590 2723 2706 2776 haec
2751 2731 2805 2777 et
2853 2739 2990 2793 pene
3041 2722 3183 2777 nulla
3207 2723 3272 2776 ad
3299 2735 3583 2792 compara-

1999 2811 2199 2865 tionem
2226 2812 2504 2882 sequentis
2533 2813 2904 2884 blasphemiae,
2933 2831 3036 2884 qua
3068 2830 3313 2870 asserere
3343 2813 3582 2875 laboras,

1996 2901 2142 2972 quod
2169 2909 2414 2972 tempore
2455 2901 2747 2958 Dominica:
2777 2903 3048 2974 passionis
3090 2913 3146 2958 et
3186 2901 3578 2958 erueifrxiouis.

1997 2995 2216 3064 quando
2249 2996 2471 3067 sanguis
2494 3005 2550 3050 et
2571 3013 2706 3066 aqua
2733 2999 2798 3052 de
2820 2997 2986 3052 latere
3010 2996 3126 3064 ejus
3149 2997 3332 3059 exivit,
3360 3005 3586 3051 sanctus

1997 3097 2052 3142 et
2082 3088 2334 3145 vivificus
2358 3090 2584 3161 spiritus
2613 3093 2664 3145 in
2693 3090 2939 3147 deificata
2970 3091 3087 3163 ejus
3111 3106 3273 3145 carne
3298 3091 3581 3144 remansit.

1998 3179 2150 3248 Quod
2186 3180 2230 3235 si
2281 3181 2615 3247 constiterit,
2663 3191 2911 3238 mortuus
2956 3198 3062 3238 non
3093 3183 3210 3238 fuit.
3246 3181 3302 3237 Si
3337 3189 3584 3236 mortuus

1997 3257 2100 3327 nou
2126 3269 2242 3335 fuit,
2277 3289 2451 3344 neque
2486 3275 2803 3329 resurrexit.
2839 3273 2895 3330 Si
2928 3291 3034 3329 non
3059 3274 3376 3342 resurrexit,
3406 3273 3582 3329 inanis

1993 3372 2077 3422 εει
2107 3362 2238 3429 fides
2266 3375 2319 3420 et
2351 3366 2667 3436 praedicatio
2709 3364 2916 3433 nostra,
2947 3367 3071 3438 quia
3123 3383 3223 3423 nec
3271 3383 3369 3422 nos
3405 3381 3584 3421 resur-

1991 3469 2203 3527 gcmus.
2260 3455 2326 3510 Et
2377 3456 2520 3511 sicut
2577 3457 2867 3527 Apostolus
2909 3457 2987 3512 ait
3029 3476 3043 3512 :
3092 3476 3111 3510 ι
3160 3456 3217 3512 Si
3266 3457 3332 3513 ad
3376 3456 3583 3513 bestias

1992 3547 2221 3623 pugnavi
2271 3547 2493 3618 Ephesi,
2542 3548 2672 3618 quid
2727 3549 2856 3605 mihi
2886 3550 3128 3621 prodest,
3158 3549 3200 3605 si
3251 3549 3448 3604 mortui
3474 3565 3578 3602 non

1992 3641 2320 3712 resurgunt?
2355 3661 2374 3694 ι
2409 3641 2460 3713 (1
2488 3640 2612 3696 Cor.
2658 3659 2746 3710 xv,
2779 3643 2893 3715 32.)
2919 3643 2986 3700 Ut
3012 3643 3141 3715 quid
3165 3643 3307 3698 enim
3341 3642 3582 3714 quotidie

1994 3743 2146 3787 tanta
2174 3734 2445 3805 patimur?
2471 3733 2831 3791 Comedamus
2859 3744 2914 3791 et
2942 3735 3191 3791 bibamus
3215 3735 3357 3789 :imo
3379 3734 3583 3789 bestia-

1989 3823 2117 3890 liter
2141 3825 2408 3895 vivamus,
2437 3841 2561 3881 cras
2588 3826 2733 3880 enim
2761 3835 2820 3880 ut
2859 3825 3049 3881 bestiae
3088 3825 3404 3882 moriemur.
3439 3824 3495 3880 Si
3527 3825 3580 3879 in

1988 3918 2091 3973 hac
2123 3919 2230 3972 vita
2263 3928 2473 3973 tantum
2520 3920 2572 3974 in
2599 3920 2819 3975 Christo
2865 3929 3150 3992 sperantes
3180 3935 3389 3981 smnus,
3421 3918 3578 3971 mise-

1990 4007 2275 4068 rabiliores
2298 4007 2551 4073 omnibus
2577 4024 2770 4063 sumus
2810 4008 3148 4077 hominibus;
3179 4009 3273 4063 sed
3316 4007 3455 4076 absit
3477 4007 3583 4061 huc

1987 4098 2056 4152 ab
2075 4097 2222 4154 omni
2246 4114 2448 4170 genere
2471 4099 2747 4154 humano!
2776 4098 2906 4153 Nam
2938 4099 3080 4154 idem
3107 4099 3402 4170 praeclarus
3422 4113 3584 4162 evan-

1985 4189 2198 4263 gelista,
2233 4191 2326 4260 qui
2384 4190 2716 4262 hoc_ipsum
2765 4207 3006 4262 praesens
3063 4191 3218 4258 vidit,
3290 4199 3584 4247 attestatur

1985 4294 2204 4342 carnem
2236 4281 2442 4336 Christi
2493 4296 2618 4337 vere
2665 4284 3032 4337 exanimatam
3085 4283 3136 4337 in
3186 4297 3351 4339 cruce
3388 4284 3580 4347 fuisse,

1985 4370 2174 4429 dicens
2201 4386 2216 4424 :
2247 4390 2266 4423 ι
2299 4371 2366 4426 Et
2393 4371 2656 4428 inclinato
2687 4373 2867 4444 capite
2903 4373 3088 4449 emisit
3118 4372 3367 4444 Spiritum
3396 4371 3578 4443 (Joarr.

1986 4477 2099 4534 ιιξ,
2150 4461 2264 4536 30).
2323 4484 2342 4516 ι
2406 4463 2578 4520 Porro
2615 4463 2830 4519 Marcus
2877 4473 2932 4519 et
2980 4463 3158 4519 Lucas
3216 4463 3402 4520 dicunt
3457 4480 3586 4534 eum,

1984 4555 2293 4626 exspirasse
2347 4554 2543 4628 (Marc.
2601 4572 2692 4619 xv,
2745 4555 2844 4620 59;
2897 4553 3026 4610 Luc.
3078 4570 3241 4620 χχιιι,
3287 4551 3587 4627 46).υιιιιιι

1987 4661 2040 4709 et
2066 4653 2118 4707 in
2142 4651 2388 4723 symbolo
2420 4655 2746 4708 confitemur
2766 4663 3030 4708 mortuum
3061 4665 3106 4708 et
3130 4652 3408 4722 sepultum.
3438 4651 3584 4704 Alio-

1984 4745 2077 4817 qui
2105 4745 2320 4815 sepeliri
2347 4761 2451 4800 non
2478 4746 2688 4812 debuit,
2713 4747 2803 4816 qui
2836 4755 3084 4800 mortuus
3109 4761 3213 4799 non
3243 4742 3587 4814 fuit.Obmu-,

1987 4847 2154 4901 tesce,
2185 4837 2340 4892 canis
2365 4854 2378 4889 :
2406 4836 2668 4908 linguam,
2697 4837 2850 4891 canis
2879 4837 3145 4907 improbe,
3177 4834 3399 4901 morde;
3429 4834 3583 4900 Chri-

1986 4939 2106 4985 stus
2135 4929 2280 4983 enim
2306 4942 2436 4982 vere
2464 4937 2716 4983 mortuus
2750 4936 2838 4982 est
2883 4938 3107 4998 promer
3136 4924 3329 4979 delicta
3376 4934 3583 4993 nostra,

1986 5031 2040 5078 et
2084 5031 2308 5092 propter
2345 5016 2793 5087 justifieationem
2845 5030 3090 5074 nostraru
3137 5015 3315 5088 (Rom.
3365 5035 3444 5086 tv,
3494 5019 3587 5092 23))

1987 5115 2290 5169 resurrexit
2317 5127 2347 5164 a
2375 5113 2608 5168 mortuis
2639 5110 2894 5181 primitia:
2934 5108 3325 5167 dormientium
3372 5111 3424 5185 (Ι
3465 5111 3589 5172 Cor.

1987 5218 2076 5266 xv,
2112 5201 2228 5273 20).

2067 5297 2169 5351 VII.
2215 5300 2376 5364 Ecce,
2404 5298 2667 5368 pestifera
2711 5296 2983 5364 doctrina,
3017 5311 3143 5354 ecce
3173 5294 3444 5354 diabolica
3469 5315 3593 5368 sug-
