4124 5374
536 390 637 463 887

1562 354 1990 467 nummariis
2128 346 2719 481 ιιμιξεςλιωικριιε

3698 381 3814 445 988

538 509 838 565 ferventem
868 504 1132 576 sanguine
1159 504 1276 577 ejus
1320 504 1448 578 jure
1475 481 1724 573 miscere.
1755 486 2115 585 Qandtotum
2145 518 2192 571 Α
2289 510 2383 565 ιχ.
2427 509 2508 566 Τιι
2547 525 2673 571 vero
2707 506 2993 581 maledicto
3030 516 3086 561 et
3126 486 3443 565 mali-dictus
3487 488 3666 560 sermo
3690 499 3813 559 oris

536 601 694 671 longe
718 598 879 654 aliter
904 606 1010 653 est.
1042 595 1176 652 Nam
1229 611 1451 654 veraces
1505 597 1854 675 evavttgelista:
1902 613 2128 675 concor-

535 695 679 750 diter
705 700 931 748 narrant
959 690 1247 748 Dominum
1270 700 1520 747 nostrum
1550 691 1686 748 hora
1720 707 1864 748 nona
1892 692 1943 746 in
1967 707 2129 749 cruce

537 796 833 852 tuorumm,
864 794 920 840 et
963 799 1088 840 sero
1116 800 1148 839 a
1184 783 1421 855 Jasepbo
1460 784 1791 855 postulatum
1823 783 2124 861 depositum

535 881 602 936 de
628 878 775 950 ligno
807 887 858 935 et
892 877 1185 948 sepultum.
1211 876 1331 947 Ipso
1359 875 1505 930 enim
1536 876 1819 931 emittente
1845 876 2122 947 spiritum,

534 968 721 1025 velum
771 967 955 1038 templi
1004 976 1065 1021 et
1110 975 1278 1038 petra:
1319 966 1509 1023 scissa:
1554 974 1702 1034 sunt,
1754 974 1921 1035 terra.
1957 974 2122 1031 mota,

537 1060 887 1114 IttOﬂlltltChla
934 1067 1148 1127 aperta,
1198 1066 1255 1112 et
1303 1055 1471 1113 multa
1528 1071 1760 1127 corpora
1808 1064 2123 1113 sanctorum

538 1154 979 1203 resurrexerunt.
1041 1144 1095 1200 In
1153 1153 1302 1201 tanta
1361 1145 1545 1216 itaque
1599 1146 2006 1219 perturbatione
2068 1153 2125 1201 et

540 1242 699 1307 quasi
747 1236 1031 1307 naufragio
1076 1237 1242 1295 totius
1271 1244 1557 1304 creaturte,
1599 1252 1708 1292 non
1758 1235 1932 1292 solum
1984 1235 2125 1292 latus

542 1330 753 1387 Domini
802 1329 1039 1386 nonfuit
1090 1341 1336 1399 apertum
1388 1328 1601 1392 lancea,
1635 1328 1729 1384 sed
1760 1329 1924 1385 etiam
1950 1328 2003 1383 bi
2033 1327 2125 1399 qui

541 1423 692 1494 prius
715 1423 764 1479 ei
794 1421 1217 1487 insultaverunt,
1241 1431 1296 1481 et
1337 1421 1403 1479 ad
1442 1421 1813 1492 spectaculum
1845 1420 1973 1477 illud
1998 1436 2128 1476 con-

539 1521 823 1578 venerant,
850 1512 966 1568 viso
996 1520 1305 1567 terraemotu
1331 1520 1385 1566 et
1418 1511 1503 1567 bis
1534 1526 1655 1583 qum
1686 1511 1909 1576 ﬂebant,
1940 1520 2131 1581 pectus

540 1620 699 1660 suum
749 1605 1146 1677 percutientes,
1198 1603 1634 1659 revertebantur.
1692 1604 1844 1659 Adeo
1910 1613 1968 1657 ut
2016 1602 2132 1671 ipse

537 1697 808 1763 centurio,
839 1696 925 1753 cui
962 1696 1199 1752 traditus
1243 1694 1423 1753 fuerat
1474 1695 1541 1750 ad
1583 1695 1939 1767 puniendum,
1987 1693 2133 1751 dice-

538 1798 625 1846 ret
657 1807 670 1844 :
704 1807 723 1841 ι
759 1788 900 1846 Vere
930 1788 1024 1845 Dei
1055 1788 1198 1845 illius
1223 1797 1344 1851 erat
1383 1787 1488 1845 iste
1512 1787 1727 1859 (Matth.
1754 1803 1927 1852 xxvii,
1958 1787 2070 1857 54).
2110 1806 2127 1840 ι

2231 603 2330 668 tui,
2366 611 2613 667 sanetam
2656 601 2854 673 legem,
2888 597 3029 656 sicut
3076 597 3420 663 Severianus,
3461 596 3811 653 maledicum

2230 692 2447 771 dixisti.
2467 690 2577 748 Nec
2600 690 2821 758 mirum,
2845 705 2967 747 cum
2995 688 3159 746 etiam
3182 702 3374 759 panem
3406 697 3552 743 tuum
3579 686 3813 742 laudare

2227 770 2390 856 supra
2441 784 2660 845 modum
2708 770 2967 855 cupiens,
3017 782 3242 838 nimium
3287 780 3603 852 vituperasti
3648 770 3811 834 illum

2212 877 2414 939 dicens
2452 890 2519 955 ιι
2543 874 2806 932 Modicum
2840 873 3164 953 fermentum
3204 880 3369 928 totam
3393 885 3626 927 massam
3673 885 3814 926 cor-

2226 969 2449 1041 rumpti,
2479 977 2536 1025 et
2560 967 2719 1041 panis
2747 966 2996 1034 tandem,
3038 980 3145 1023 non
3194 979 3442 1036 azymum
3497 961 3753 1019 eﬂicitur.
3784 981 3807 1014 ι

2223 1062 2336 1121 Deo
2368 1061 2578 1133 gratia,
2605 1060 2733 1133 quia
2784 1074 3033 1134 azymum
3088 1073 3196 1125 non
3236 1044 3467 1113 eﬂicitur
3506 1056 3573 1113 de
3620 1052 3813 1113 massa

2223 1152 2490 1211 fermento
2511 1160 2788 1223 corrupta,
2818 1151 2961 1207 sicut
2983 1159 3105 1205 tuus
3147 1149 3323 1221 panis.
3352 1146 3486 1228 Nam
3524 1146 3812 1218 corruptio

2222 1257 2496 1313 nunquam
2547 1249 2603 1297 et
2654 1255 2919 1311 nusquam
2973 1240 3027 1295 in
3084 1236 3624 1309 bonum'aceipitur;
3673 1236 3812 1308 quia

2225 1335 2532 1407 ubicunque
2550 1332 2850 1404 corruptio,
2881 1331 2953 1387 ibi
2980 1330 3142 1387 etiam
3161 1329 3477 1386 substantia:
3506 1328 3812 1386 deteriora-

2228 1428 2323 1493 tiu.
2377 1427 2686 1497 Quinetiam
2741 1441 2864 1482 eum
2920 1439 3220 1496 exponeres
3273 1424 3598 1482 sententiam
3657 1423 3810 1479 beati

2231 1520 2403 1586 Pauli,
2437 1536 2599 1591 quam
2633 1528 2753 1592 pust
2794 1527 2870 1575 tot
2904 1518 3239 1574 ortbodoxos
3266 1516 3481 1583 Patres,
3525 1516 3682 1571 nobis
3709 1532 3810 1570 no-

2233 1615 2410 1671 lnmus
2439 1613 2507 1668 ab
2539 1611 2806 1668 haereticis
2834 1611 3055 1682 exponi,
3077 1610 3327 1681 quamvis
3343 1609 3529 1665 nolens
3552 1624 3811 1679 azymnm

2232 1703 2461 1758 laudasti
2499 1703 2685 1757 dicens
2713 1715 2726 1756 :
2759 1700 2911 1756 Sicut
2940 1700 3074 1755 estis
3103 1699 3380 1771 baptizati,
3410 1697 3462 1753 id
3491 1709 3595 1764 est,
3628 1699 3811 1769 azymi

2237 1804 2290 1852 et
2355 1794 2497 1867 puri.
2561 1793 2619 1850 Si
2687 1809 2816 1864 ergo
2855 1792 3149 1848 secundum
3207 1801 3352 1846 tuam
3411 1790 3811 1870 confessionem

536 1880 608 1935 At
635 1879 723 1935 ubi
770 1879 1032 1947 tumultus
1083 1881 1271 1936 mundi
1322 1880 1735 1950 conquieverat,
1766 1888 1820 1934 et
1859 1880 2128 1935 securitas

2230 1889 2493 1960 baptizati
2525 1896 2652 1952 sunt
2684 1886 2879 1959 azymi,
2913 1886 3042 1958 quid
3078 1896 3203 1941 sunt
3246 1901 3351 1940 non
3391 1885 3670 1963 baptizali,
3701 1884 3812 1939 nisi

538 1970 719 2042 aliqua
763 1971 949 2038 rediit,
994 1987 1117 2027 cum
1142 1971 1257 2041 jam
1290 1986 1416 2028 sero
1447 1978 1613 2038 esset,
1667 1969 1926 2027 Pbarisazi
1972 1986 2126 2042 roga-

538 2073 733 2119 verunt
764 2062 999 2119 Pilatum
1039 2072 1097 2119 ut
1130 2072 1352 2137 propter
1401 2063 1697 2120 solemnem
1728 2064 1869 2119 diem
1903 2061 2126 2119 Sabbati

536 2154 925 2226 frangerentur
974 2155 1361 2231 erueilisotum
1393 2170 1555 2210 crura
1609 2165 1664 2210 et
1705 2154 2125 2225 deponerentur.

539 2243 694 2301 Tune
716 2261 928 2316 quoque
948 2245 1147 2319 Joseph
1174 2245 1384 2314 rogavit
1415 2242 1648 2301 Pilatum
1678 2255 1736 2301 ut
1776 2244 1985 2301 tolleret
2008 2262 2128 2301 cor-

541 2350 642 2406 pus
665 2334 811 2390 Jcsu.
836 2333 1043 2390 Pilatus
1067 2350 1198 2390 vero
1228 2335 1532 2391 mirabatur
1555 2334 1601 2390 si
1636 2334 1750 2405 jam
1784 2333 2028 2390 obiisset.
2064 2333 2129 2389 Et

548 2427 819 2483 accersito
847 2426 1185 2492 centurione,
1234 2426 1323 2482 ubi
1350 2428 1603 2499 cognovit
1632 2423 1817 2483 Jesum
1843 2425 1951 2496 iam
1984 2441 2127 2480 mor-

496 2556 499 2559 ν
546 2526 723 2584 tuum,
752 2517 978 2574 donavit
1002 2532 1198 2588 corpus
1232 2516 1448 2589 Josepb.
1476 2518 1646 2574 Porro
1673 2518 1875 2574 milites
1902 2517 1968 2573 ad
1992 2534 2130 2589 pne-

541 2619 753 2680 ceplum
810 2610 967 2666 Pilati
1024 2610 1303 2682 fregerunt
1354 2627 1515 2667 crura
1550 2612 1854 2689 priorislet
1901 2609 2129 2680 alterius

542 2702 788 2761 latronis.
816 2702 897 2759 Ad
940 2702 1124 2759 Jesum
1180 2712 1363 2762 autem
1394 2720 1517 2761 cum
1555 2705 1852 2772 venissent,
1890 2713 1953 2761 ut
1975 2702 2125 2760 vidc-

544 2804 669 2851 runt
690 2809 812 2851 eum
832 2796 944 2868 jam
991 2805 1289 2863 mortuum,
1337 2812 1445 2854 non
1473 2797 1757 2870 fregerunt
1797 2798 1913 2871 ejus
1941 2815 2125 2865 crura,

543 2888 637 2969 sed
667 2903 805 2943 unus
836 2887 1067 2959 militum
1117 2888 1301 2968 lancea
1346 2889 1488 2947 latus
1517 2890 1635 2962 ejus
1662 2891 1895 2963 aperuit,
1919 2899 1974 2946 et
1999 2906 2127 2947 eon-

547 2981 695 3061 tinuo
714 2981 880 3039 exivit
909 2981 1128 3054 sanguis
1155 2993 1210 3038 et
1235 2999 1400 3055 aqua,
1421 2984 1620 3056 quibus
1667 2984 1997 3040 l‘ormaretur
2029 2970 2144 3049 Ec:

545 3069 737 3139 clesia,
790 3072 1245 3144 quemadmodum
1302 3088 1369 3129 ex
1426 3084 1576 3130 costa
1622 3073 1752 3129 Adae
1807 3072 2128 3130 dormientis

545 3160 781 3216 formata
809 3162 1053 3218 estEva.
1098 3163 1239 3220 Ecce
1281 3164 1325 3219 si
1355 3165 1486 3220 hora
1518 3181 1658 3221 nona
1702 3162 1857 3232 obiit,
1888 3173 1942 3220 et
1981 3180 2124 3233 sero,

2228 1979 2562 2044 fertnentati,
2598 1979 2648 2034 id
2679 1987 2786 2043 est,
2815 1976 3096 2049 corrupti?
3478 2036 3479 2039 η

2297 2068 2365 2124 x.
2394 2068 2489 2124 Dic
2520 2076 2700 2123 tamen
2743 2067 2829 2123 ubi
2858 2076 2913 2122 et
2940 2066 3210 2138 quomodo
3252 2064 3452 2122 Paulus
3487 2082 3610 2122 cum
3640 2055 3812 2121 unde-

2228 2160 2333 2219 cim
2374 2160 2635 2231 apostolis
2662 2173 2898 2215 canones
2936 2159 3058 2215 illos
3090 2173 3214 2215 eum
3248 2158 3811 2214 excommunicatione

2228 2253 2498 2325 exposuit,
2550 2268 2778 2324 quorum
2834 2261 2888 2315 tu
2940 2252 3095 2308 nobis
3134 2253 3593 2324 septuagesimum
3647 2262 3811 2323 caput

2227 2344 2457 2421 objicis?
2492 2345 2714 2402 omnino
2755 2345 3006 2401 nesciens
3034 2346 3164 2417 quid
3200 2344 3480 2418 loquaris:
3523 2365 3541 2399 ι
3576 2346 3633 2402 Si
3663 2347 3807 2416 quis,

2228 2442 2422 2512 inquit,
2476 2441 2763 2513 episcopus
2793 2450 2885 2496 aut
2910 2440 3196 2513 presbyter
3249 2451 3343 2496 aut
3394 2442 3675 2505 diaconus,
3711 2451 3808 2496 aut

2229 2533 2451 2588 omnino
2472 2548 2536 2589 ex
2572 2547 2801 2588 numero
2825 2531 3144 2588 clericorum
3172 2522 3500 2604 jejunaverit
3537 2522 3667 2588 eum
3696 2532 3804 2587 lle-

2228 2624 2410 2689 braris,
2438 2630 2531 2679 aut
2563 2621 2810 2695 epulatus
2833 2621 2994 2678 fuerit
3033 2639 3153 2701 cum
3188 2625 3292 2688 eis,
3323 2632 3378 2679 et
3410 2624 3677 2696 acceperit
3721 2624 3800 2678 fe-

2228 2715 2528 2772 stivitalum
2552 2700 2740 2771 eurum
2770 2726 3016 2781 munera,
3046 2722 3104 2769 ut
3132 2723 3259 2771 sunt
3294 2730 3507 2786 azyma,
3539 2722 3632 2768 aut
3661 2713 3803 2769 aliud

2229 2805 2559 2876 huiusmodi,
2593 2804 2924 2876 deponatur;
2959 2804 3130 2861 laicus
3159 2814 3338 2861 autem
3370 2815 3754 2875 sequestrelur.
3776 2827 3796 2857 ι

2230 2898 2404 2953 Etiam
2437 2897 2482 2952 si
2514 2897 2615 2952 hoc
2640 2895 2934 2966 capitulum
2967 2911 3034 2952 ex
3071 2896 3223 2953 libris
3258 2896 3588 2952 authenticis
3621 2892 3799 2967 prola-

2232 3001 2343 3047 tum
2373 2999 2537 3054 esset,
2570 2989 2719 3046 nullo
2750 2992 2909 3046 modo
2943 3000 3041 3047 nos
3082 3000 3349 3063 tangeret,
3393 2992 3519 3063 quia
3552 3006 3652 3069 nec
3683 3006 3801 3046 cum

2231 3082 2470 3138 Hebraeis
2509 3082 2838 3155 jejunamus,
2874 3098 2973 3138 nec
3016 3074 3139 3137 eum
3177 3084 3258 3138 eis
3291 3083 3577 3154 epulamur
3605 3092 3697 3137 aut
3724 3081 3803 3137 fe-

2233 3174 2547 3229 stivitatum'
2575 3189 2765 3229 eorum
2805 3187 3028 3228 munera
3077 3175 3268 3255 aliqua.
3311 3174 3624 3253 accipimus.
3654 3173 3803 3243 Quod

543 3253 654 3323 39'“
686 3253 752 3308 de
794 3268 958 3310 cruce
1011 3255 1381 3324 αθνοηθηιιυε.
1431 3256 1617 3311 lancea
1662 3272 1953 3327 Percussus
2000 3255 2129 3321 fu“;
2160 3246 2204 3305 (ἶ
2236 3264 2415 3318 autem
2448 3272 2504 3318 tu
2533 3274 2732 3318 veSane
2765 3263 3042 3334 subjungis
3064 3276 3082 3318 :
3108 3263 3234 3339 Sive
3261 3248 3333 3319 ab
3368 3263 3472 3318 illis
3508 3252 3799 3335 accipiatis,

550 3342 772 3411 sanguis
798 3342 898 3397 fuit
925 3344 1036 3409 ille,
1078 3340 1402 3401 naturaliter
1448 3347 1657 3403 calidus
1707 3363 1811 3401 non
1856 3345 1977 3413 fuit,
2021 3356 2133 3403 toto

486 3491 493 3498 ,
550 3450 780 3507 corpore
804 3434 916 3504 jam
946 3447 1275 3509 praamortuo
1317 3448 1372 3495 et
1403 3438 1617 3510 frigido.
1663 3439 1815 3507 Quod
1863 3441 1908 3495 si
1951 3439 2133 3509 aliquo

553 3516 713 3583 modo
739 3529 909 3587 caluit
941 3548 954 3584 :
987 3526 1340 3603 Evangelium
1365 3548 1533 3604 quare
1577 3542 1786 3588 tantum
1815 3526 2129 3590 miraculum

553 3631 608 3676 et
646 3635 1041 3680 sacramentum
1090 3625 1294 3680 tacuit?
1341 3623 1497 3681 Unde
1542 3640 1639 3680 vos
1676 3627 1798 3680 novi
1826 3618 2135 3698 symmystze

557 3712 802 3791 volumus
828 3715 1023 3771 dicatis
1074 3731 1144 3771 an
1176 3717 1398 3786 sanguis
1448 3708 1675 3782 tantum,
1728 3698 1819 3772 aut
1844 3732 1980 3787 aqua
2015 3727 2132 3770 tan-

485 3856 489 3860 .
557 3814 695 3872 tum,
745 3823 814 3862 an
861 3806 1024 3862 simul
1054 3817 1345 3878 utrumque
1371 3807 1638 3864 caluerit?
1684 3806 1739 3863 Si
1767 3808 1986 3880 sanguis
2018 3817 2135 3863 lan-

559 3908 695 3968 tum,
749 3915 920 3971 quare
969 3915 1164 3970 aquam
1221 3900 1548 3965 ealel’acilis;
1613 3900 1657 3958 si
1715 3896 1853 3971 aqua
1901 3908 2129 3965 tantum,

556 4004 731 4058 quare
789 4006 853 4047 ex
913 4006 988 4064 ea
1043 3989 1341 4048 calefacitis
1403 3983 1729 4062 Sanguinem
1776 3990 2018 4047 Christi?
2076 3991 2132 4047 Si

557 4088 849 4150 utrumque
872 4080 1057 4147 simul,
1083 4096 1251 4151 quare
1276 4074 1574 4151 utrumque
1612 4082 1770 4138 simul
1798 4099 1901 4136 nun
1925 4082 2133 4139 calelit?

559 4166 664 4221 Sed
692 4168 845 4239 cujus
888 4170 1006 4225 visu
1036 4170 1118 4225 vel
1172 4178 1318 4225 tactu
1360 4172 1532 4241 potuit
1571 4172 1823 4237 discerni,
1858 4173 2134 4244 quodlibet

557 4258 751 4313 borum
777 4260 1005 4341 duorum
1033 4277 1097 4317 ex
1124 4278 1231 4319 uno
1258 4260 1478 4319 vulnere
1515 4264 1672 4320 simul
1715 4265 2129 4334 erumpentium,

557 4348 791 4405 calidum
813 4360 907 4406 aut
928 4351 1183 4430 frigidum
1211 4353 1427 4423 fuisse?
1447 4355 1714 4410 Praeterea
1766 4356 1809 4410 si
1857 4371 1994 4423 aqua
2044 4355 2129 4409 illa

556 4440 936 4517 caluit,quare
966 4456 1019 4500 et
1047 4462 1187 4525 aqua
1208 4467 1216 4474 ·
1236 4448 1583 4518 baptismatis
1623 4462 1730 4502 non
1786 4446 1985 4511 calelit,
2013 4464 2134 4501 cum

2235 3359 2349 3412 sive
2378 3357 2521 3412 domi
2563 3355 2797 3422 faciatis,
2849 3372 3037 3428 azyma
3068 3366 3214 3411 sunt.
3246 3356 3298 3411 ιιι
3333 3357 3573 3428 jaculum
3610 3350 3699 3411 tibi
3732 3372 3787 3411 re

2237 3462 2548 3521 torquemus
2585 3451 2828 3507 dicentes
2865 3469 2878 3506 :
2917 3468 2935 3501 t
2975 3450 3101 3506 Sive
3131 3465 3252 3505 eum
3300 3450 3543 3506 llebrteis
3575 3440 3801 3504 Sabba‘to

2234 3540 2550 3616 epulemini,
2610 3544 2724 3599 sive
2778 3542 2941 3605 domi.
2978 3542 3233 3619 ‘epulatio
3287 3549 3387 3598 est.
3450 3560 3469 3593 ι
3527 3540 3671 3596 Sane
3707 3541 3835 3594 hor.

2236 3636 2453 3707 dignius
2480 3641 2669 3707 contra
2714 3648 2809 3687 vos
2842 3631 3189 3709 diligeretur,
3218 3632 3344 3703 quia
3377 3647 3474 3688 vos
3502 3630 3634 3709 nihil
3668 3630 3803 3703 aliud

2237 3728 2290 3782 in
2320 3725 2556 3782 Sabbato
2589 3717 2749 3796 quam
2784 3708 3180 3780 solemnitatem
3220 3708 3551 3789 Iudaeorum,
3590 3708 3691 3778 nos”
3715 3738 3806 3776 au-

2177 3883 2179 3886 ,
2237 3816 2342 3872 tem
2387 3817 2441 3871 in
2477 3831 2667 3887 azymo
2705 3814 2864 3886 longe
2903 3813 3052 3890 aliud.
3085 3821 3484 3868 sacramentum
3512 3812 3805 3867 retinemus

2236 3912 2290 3964 el
2320 3906 2721 3978 amplectimur.
2754 3904 2813 3960 Si
2844 3904 2988 3959 enim
3023 3891 3663 3975 interrogemusJudmos,
3681 3895 3806 3970 quid

2236 3997 2510 4052 celebrent
2549 3995 2604 4050 in
2635 3993 2911 4071 Sabbato?
2954 3982 3379 4064 Respondebunt
3422 4013 3435 4047 :
3484 4012 3503 4045 ι
3548 3988 3805 4062 Requiem

2240 4086 2470 4141 Domini.
2518 4106 2536 4140 ι
2581 4084 2637 4140 Si
2677 4084 2920 4149 Graecos,
2972 4080 3112 4139 idem
3157 4094 3208 4139 et
3254 4100 3359 4138 non
3406 4080 3551 4137 aliud
3607 4084 3802 4137 dicent.

2238 4178 2381 4248 Ergo
2423 4174 2525 4230 sub
2567 4174 2831 4230 servitute
2877 4173 3012 4245 legis
3050 4182 3196 4228 sunt.
3241 4169 3301 4227 In”
3337 4168 3491 4244 cujus
3531 4171 3715 4226 umbra
3751 4179 3808 4224 et

2241 4264 2480 4323 tenebris
2517 4256 2901 4319 consederunt.
2982 4258 2987 4263 “
3025 4277 3029 4281 ’
3835 4332 3847 4347 1

2312 4354 2400 4414 XI.
2442 4356 2645 4413 Deinde
2692 4348 2819 4426 post
2853 4356 3038 4413 inanes
3078 4358 3307 4412 latratus
3344 4370 3507 4427 super
3554 4351 3810 4409 vbeabulo

2238 4450 2416 4524 panis,
2441 4438 2702 4506 reduxisti
2727 4436 2884 4505 nobis
2917 4465 3089 4506 annos
3124 4443 3377 4505 ab'initio
3405 4446 3612 4511 mundi,
3642 4431 3806 4513 usque

558 4535 972 4605 praecipueipsa
1004 4536 1329 4607 baptismum
1350 4535 1738 4607 praefiguravil,
1761 4528 2136 4607 sicutsang‘uis
2241 4546 2306 4600 ad
2337 4543 2643 4616 passionem
2683 4541 2907 4608 Christi,
2948 4541 3165 4612 quando
3198 4539 3496 4597 secundum
3549 4546 3599 4593 te
3629 4534 3808 4608 cyclus

559 4626 1020 4699 redemptionem?
1046 4624 1307 4683 Volumus
1329 4637 1509 4682 autem
1538 4624 1679 4682 seire
1701 4642 1806 4697 qua
1838 4624 2135 4681 intentione

558 4731 761 4776 costam
813 4721 1016 4778 Christi
1063 4719 1465 4790 immaculatum
1517 4720 1756 4776 dixeris?
1792 4717 1848 4774 Si
1882 4733 1979 4790 pro
2005 4734 2133 4774 san-

557 4800 750 4870 ctitate
778 4823 831 4868 et
859 4813 1169 4869 innocentia
1195 4830 1208 4867 :
1233 4814 1467 4883 optime;
1496 4814 1540 4870 si
1570 4822 1751 4868 autem
1778 4814 1875 4883 pro
1900 4810 1965 4870 eo
1993 4815 2136 4885 quod

559 4892 987 4977 impenetrabilis
1035 4905 1179 4960 ferro
1226 4905 1326 4960 fuit
1369 4905 1681 4975 :pessime;
1735 4905 1860 4975 quia
1898 4905 1964 4960 de
2006 4921 2135 4961 vero

559 4995 780 5050 vulnere
826 5012 1037 5063 verum,
1094 5011 1199 5052 non
1228 4996 1650 5067 phantastieum,
1678 4996 2001 5065 sanguinem
2032 5011 2134 5071 pro

2162 4595 2210 4654 Ι)

2239 4634 2433 4692 solaris
2461 4640 2578 4690 erat
2603 4648 2737 4688 xvm
2768 4640 2824 4687 et
2853 4631 2993 4687 lunae
3016 4648 3046 4687 ν
3079 4645 3093 4690 :
3122 4640 3183 4687 ut
3213 4631 3318 4686 hoc
3340 4630 3530 4686 saltem
3559 4628 3806 4700 ﬁgmento

2238 4726 2414 4796 possis
2445 4723 2678 4780 evadere
2723 4738 2847 4779 eum
2885 4722 3150 4778 fermento
3181 4729 3293 4787 tuo,
3320 4719 3472 4792 quasi
3488 4717 3639 4789 juxta
3672 4717 3806 4772 hanc

2237 4816 2673 4888 supputationem
2723 4822 2901 4883 tuam,
2957 4821 3210 4871 occurrat
3257 4811 3313 4868 in
3367 4810 3537 4867 Coena
3597 4806 3802 4865 Domini

2237 4900 2366 4962 luna
2417 4921 2549 4972 xm,
2602 4906 2658 4960 in
2709 4919 2814 4976 qua
2871 4905 3107 4960 nondum
3157 4901 3483 4959 fermentum
3537 4897 3805 4968 abiecerat

2237 4997 2391 5069 plebs
2418 4994 2667 5051 Hebrata.
2706 4994 2811 5049 Sed
2843 5008 2942 5051 nos
2975 4991 3403 5064 chronographis
3430 4998 3487 5046 et
3514 4988 3798 5046 calculato-

561 5085 718 5140 nobis
740 5086 895 5140 l'udit.
928 5085 993 5140 Et
1025 5102 1127 5141 non
1153 5086 1219 5141 de
1247 5095 1420 5153 costa,
1445 5087 1584 5142 sicut
1614 5092 1676 5141 tu‘
1701 5085 1917 5151 scribis,
1948 5086 2041 5141 sed
2066 5085 2134 5140 de
2216 5087 2388 5142 ribus
2411 5084 2537 5139 talia
2568 5083 2959 5154 relinquentes,
2990 5078 3224 5136 maxime
3257 5094 3379 5136 eum
3417 5079 3563 5150 apud
3593 5076 3800 5134 Graecos

562 5172 732 5210 ῈἌ-ἲίοιριι
781 5176 903 5210 ηιιῖη
931 5192 989 5210 ne
1015 5173 1327 5210 σηπίη-ἶνιμῆ
1362 5194 1466 5210 nnn
1491 5176 1618 5210 en‘ol
1648 5178 1897 5210 οηιῖηαιιο
1948 5189 2046 5210 nan
2073 5192 2133 5210 nc

2237 5184 2286 5210 ne
2335 5178 2353 5210 1
2380 5177 2555 5210 ηιῖηηο
2595 5184 2759 5210 ηιηηο
2793 5172 3047 5210 πῶυ-ω.
3093 5172 3320 5210 Λευεὶν-ατη
3356 5172 3432 5210 ΑΔ
3476 5167 3798 5210 Iolnnnrihm
