4124 5374
543 347 640 404 091

1559 349 1986 408 HUMBEBTUS
2026 351 2084 408 S.
2122 351 2189 406 Β.
2233 351 2296 408 Ε.
2337 351 2746 410 CARDINALIS

3713 354 3828 410 991

543 466 772 522 Domino
799 474 986 520 nostro
1008 463 1136 522 Jesu
1164 465 1382 520 Christo
1415 465 1556 519 sicut
1593 467 1712 522 dum
1738 477 1866 520 sunt
1894 476 2122 531 naturze,
2155 471 2194 528 Α
2230 466 2536 526 liramenta.
2575 477 2630 522 ct
2669 484 2787 540 quae
2817 478 2908 524 aut
2938 465 3168 523 ﬁnxislis
3192 470 3447 540 capitula,
3477 481 3604 526 cum
3643 469 3820 522 etiam

545 561 647 614 hoc
697 568 804 621 est,
849 555 942 612 Dei
979 568 1037 613 ct
1073 556 1328 622 hominis,
1358 558 1434 612 sic
1473 559 1635 612 etiam
1674 558 1794 612 dun:
1835 557 2129 612 credantur

540 666 663 708 esse
706 651 1013 707 voluntates
1059 650 1174 706 sive
1213 651 1575 720 operationes.
1624 649 1714 702 Vis
1754 651 1943 704 audire
1985 650 2128 720 quod

533 746 757 801 deitatis
790 745 910 800 est?
943 762 961 796 ι
1000 743 1134 816 Ego,
1176 745 1370 813 inquit,
1415 754 1471 798 et
1519 743 1680 798 Pater
1731 760 1893 797 unmn
1941 760 2128 800 sumus

542 834 724 909 (Joan.
759 853 790 891 x
813 878 826 901 ,
855 836 968 907 30).
1005 855 1026 889 ι
1064 837 1157 890 Vis
1177 835 1366 890 audire
1399 836 1541 905 quod
1571 835 1958 891 humanitatis?
1992 855 2010 886 ι
2035 834 2129 888 Pa-

544 938 629 982 ter
660 927 833 996 major
871 941 958 980 me
1001 934 1087 980 est
1117 924 1298 995 (Joan.
1330 941 1420 978 xtv
1451 965 1466 989 ,
1497 923 1612 995 28).
1655 944 1674 977 ι
1711 925 1883 979 Cerne
1935 940 2129 979 secun-

544 1018 670 1071 dum
705 1016 1096 1071 humanitatem
1128 1030 1250 1070 eum
1293 1015 1344 1070 in
1377 1015 1498 1069 navi
1535 1014 1919 1070 dormientem.
1955 1015 2129 1069 Cerne

543 1107 660 1175 ejus
712 1108 1049 1164 divinitatem
1104 1123 1227 1163 cum
1273 1108 1605 1179 evangelista
1659 1109 1842 1164 dicit:
1893 1129 1911 1161 ι
1975 1108 2128 1165 Tunc

543 1214 772 1271 surgens
806 1199 1091 1270 imperavit
1124 1199 1300 1255 ventis
1343 1206 1398 1254 et
1439 1199 1594 1265 mari,
1618 1208 1673 1255 et
1703 1199 1844 1254 facta
1868 1210 1953 1255 cst
1981 1210 2130 1256 tran-

542 1293 784 1362 quillitas
807 1308 998 1364 magna
1028 1290 1220 1362 (Matii.
1247 1307 1369 1357 th,
1400 1290 1511 1361 26).
1543 1310 1561 1343 ι

616 1383 757 1438 XIX.
792 1385 918 1440 llaec
955 1394 1037 1439 est
1061 1394 1216 1440 sexta
1241 1385 1482 1456 synodus
1511 1385 1840 1441 universalis
1866 1387 2128 1441 Constan-

544 1475 765 1546 tinopoli
817 1474 1087 1530 celebrata
1130 1483 1184 1529 et
1242 1474 1432 1531 Crmco
1487 1491 1740 1530 sermone
1795 1477 2126 1549 conscripta,

545 1569 878 1640 temporibus
900 1583 1051 1638 papa:
1070 1567 1388 1638 Agathonis,
1409 1582 1742 1638 exscquente
1765 1585 1830 1623 ac
1859 1570 2127 1626 residente

543 1659 787 1731 piissimo
816 1657 1060 1728 principe
1087 1657 1446 1714 Constantino
1479 1658 1618 1712 intra
1662 1657 1923 1728 palatium
1945 1674 2123 1724 suum,

541 1749 809 1820 simulque
848 1749 1040 1820 legatis
1085 1749 1396 1820 apostolica:
1434 1751 1578 1806 sedis
1606 1759 1658 1804 et
1696 1749 1966 1821 episcopis
2022 1750 2125 1806 150

542 1841 926 1907 residentibus,
971 1843 1064 1913 qui
1099 1857 1290 1898 omnes
1343 1843 1560 1912 quidem
1605 1842 1856 1898 haeresim
1895 1841 2124 1898 damna-
2154 1827 2198 1889 Β

540 1941 754 1987 verunt.
801 1931 954 1988 Tunc
993 1932 1274 2002 piissimus
1323 1933 1572 2004 princeps
1618 1931 2010 1988 Constantinus
2040 1932 2126 1986 in-

540 2023 838 2093 terrogavit
861 2038 956 2078 eos
999 2022 1230 2092 qualiter
1247 2023 1487 2078 Romana
1514 2022 1755 2078 Ecclesia
1772 2023 1837 2077 de
1861 2023 2128 2078 sacriﬁcio

543 2113 796 2182 corporis
849 2122 905 2168 et
941 2113 1222 2182 sanguinis
1266 2112 1477 2166 Domini
1517 2112 1685 2167 nostri
1747 2111 1874 2168 Jesu
1924 2110 2126 2166 Christi

540 2205 788 2261 ordinem
808 2204 1128 2260 teneret?llli
1148 2205 1544 2274 responderunt
1565 2223 1577 2258 :
1600 2225 1617 2256 ι
1642 2193 1698 2259 In
1726 2204 1895 2259 calice
1918 2202 2126 2258 Domini

543 2313 650 2352 non
683 2295 844 2351 debet
875 2295 1049 2350 solum
1105 2295 1286 2350 oﬁ’erri
1333 2297 1540 2360 viuum,
1576 2296 1669 2351 scd
1706 2311 1846 2366 aqua
1883 2295 2124 2350 mistum.

545 2386 682 2441 Nam
707 2388 753 2441 si
779 2387 950 2441 solum
982 2387 1163 2441 vinum
1191 2386 1436 2451 ollertur,
1463 2388 1684 2458 sanguis
1712 2387 1909 2444 Christi
1943 2387 2131 2458 incipit

545 2496 664 2534 esse
693 2479 809 2534 sine
835 2479 1009 2534 nobis.
1045 2480 1110 2535 Et
1141 2481 1186 2535 si
1213 2496 1349 2550 aqua
1378 2495 1510 2551 pura
1541 2479 1786 2545 oﬁ‘ertur,
1818 2481 1931 2536 sola
1975 2479 2128 2551 plebs

549 2569 734 2640 incipit
770 2585 891 2625 esse
919 2571 1034 2626 sine
1065 2569 1301 2626 Christo.
1343 2569 1572 2637 Quando
1617 2579 1905 2640 utrumque
1957 2569 2130 2624 admi-

547 2667 752 2725 scetur,
801 2659 852 2713 id
899 2669 1010 2723 est,
1044 2659 1228 2714 vinum
1264 2667 1318 2712 et
1357 2675 1517 2729 aqua,
1563 2667 1689 2714 tunc
1728 2667 2126 2714 sacramentum

545 2751 828 2822 spirituale
882 2752 1184 2822 perﬁcitur.
1233 2750 1452 2808 Oblatio
1503 2768 1632 2814 vero
1661 2769 1781 2822 qua:
1830 2752 1882 2806 in
1924 2751 2131 2808 sacriﬁ-

545 2843 689 2898 cium
747 2842 937 2898 altaris
988 2841 1237 2909 offertur,
1287 2844 1490 2897 nullam
1549 2843 1980 2898 commistionem
2036 2852 2130 2897 aut

545 2933 946 3002 corruptionem
996 2932 1244 2990 fermenti
1293 2933 1454 2990 debet
1502 2934 1723 2998 habere,
1775 2935 1917 2988 sicut
1969 2935 2126 2988 beata

547 3026 697 3094 virgo
727 3025 893 3080 Maria
915 3025 1120 3096 absque
1143 3027 1290 3083 omni
1317 3028 1664 3097 corruptione
1698 3027 1976 3082 Christum
2002 3043 2130 3082 con-

545 3116 690 3186 cepit
713 3125 770 3171 et
812 3117 1039 3186 peperit.
1081 3118 1216 3174 llinc
1260 3119 1311 3174 in
1348 3117 1588 3175 Ecclesia
1641 3136 1758 3176 mos
1789 3119 2024 3174 obtinuit
2071 3129 2129 3173 ut

2234 558 2331 626 ipsi
2361 557 2583 612 Domino
2604 558 2727 614 Jesu
2753 569 2805 612 et
2827 559 3084 629 apostolis
3105 560 3218 630 ejus
3241 561 3517 631 impntetis
3533 565 3800 634 ﬁgmenta

2236 647 2389 704 Unde
2414 650 2780 712 nos,scientes
2806 660 3011 705 sextam
3042 652 3302 722 synodum
3325 654 3392 705 ad
3421 650 3823 708 destruendam

2232 744 2479 799 haeresim
2537 743 2847 799 Graecorum
2895 743 3399 811 Monothelitarum,
3457 762 3563 800 non
3628 756 3823 800 autem

2229 835 2296 888 ad
2329 835 2646 889 tradendum
2677 834 2936 890 Romanis
2971 850 3136 890 novas
3172 836 3539 891 institutiones
3581 852 3822 908 congre-

2229 935 2444 996 gatatn,
2499 926 2732 996 capitula
2784 942 2904 998 qua:
2950 927 3107 983 nobis
3163 927 3262 984 sub
3319 927 3436 997 ejus
3484 930 3825 985 auctoritate

2228 1017 2516 1087 opponitis.
2571 1018 2792 1072 omnino
2847 1016 3165 1084 refutamus,
3214 1019 3340 1088 quia
3377 1019 3548 1088 prima
3587 1029 3646 1076 et
3677 1035 3822 1090 apo-

2229 1108 2414 1163 stolica
2447 1107 2627 1174 sedes,
2649 1124 2750 1163 nec
2779 1108 3067 1181 aliquando
3089 1125 3152 1164 ea
3175 1111 3402 1180 accepit,
3427 1127 3527 1166 nec
3557 1111 3830 1167 observat

2230 1199 2524 1263 Ιιιιοιειιιιςς
2571 1207 2627 1255 et
2674 1200 2799 1270 quia
2848 1209 2942 1254 aut
2983 1207 3107 1255 sunt
3158 1201 3340 1265 nulla,
3394 1211 3506 1265 aut,
3541 1213 3599 1256 ut
3657 1203 3828 1257 vobis

2229 1288 2406 1353 libuit,
2457 1290 2749 1362 depravata
2801 1301 2944 1346 sunt.
2991 1291 3333 1362 Depravastis
3373 1290 3600 1347 Joannis
3642 1293 3830 1364 ειη.
3920 1365 3925 1368 ν

2228 1381 2453 1437 sostomi
2494 1393 2654 1452 atque
2682 1380 2926 1454 Gregorii
2968 1383 3198 1454 theologi
3240 1383 3576 1454 aliorumque
3626 1385 3833 1439 ortho-

2227 1475 2487 1530 doxorum
2521 1473 2741 1528 Patrum
2773 1475 2941 1540 dicta,
2984 1483 3038 1530 et
3065 1475 3384 1531 exhibuistis
3413 1476 3464 1530 in
3492 1478 3681 1530 eadem
3722 1492 3826 1547 sy-

2229 1566 2369 1621 nodo
2407 1573 2578 1621 sexta.
2625 1563 2828 1636 Nempe
2865 1581 2895 1619 a
2941 1566 3116 1637 prima
3153 1567 3357 1636 synodo
3396 1565 3607 1621 Nicmna
3642 1582 3828 1636 usque

2229 1657 2294 1710 ad
2335 1657 2472 1711 hanc
2515 1667 2720 1711 sextam
2762 1657 2984 1711 trecenti
3035 1663 3088 1711 et
3128 1657 3357 1726 amplius
3396 1658 3520 1711 anni
3561 1659 3830 1713 dicuntur

2228 1749 2446 1804 evoluti.
2485 1748 2549 1802 Et
2585 1747 2855 1816 quomodo
2895 1748 2946 1802 in
2980 1746 3192 1802 Niczena
3235 1757 3288 1802 et
3325 1746 3548 1818 reliquis
3579 1758 3831 1818 quatuor

2229 1843 2449 1914 synodis
2499 1839 2893 1896 universalibus
2945 1840 3084 1894 nulla
3132 1841 3331 1896 mentio
3368 1839 3426 1894 ﬁt
3465 1841 3528 1895 de
3569 1849 3680 1894 tam
3723 1857 3826 1895 ne-

2229 1934 2481 1990 cessariis
2510 1932 2704 1987 rebus?
2733 1930 2980 2001 Nunquid
3011 1946 3179 2000 usque
3215 1932 3281 1986 ad
3310 1940 3518 1985 sextam
3549 1931 3824 2002 synodum

2229 2026 2404 2082 erci
2433 2036 2487 2080 et
2513 2023 2690 2079 Latini
2722 2023 2984 2078 rationein
3015 2023 3193 2078 missa:
3224 2037 3286 2077 ac
3307 2019 3632 2091 jejuniornm
3669 2022 3825 2090 igno-

2231 2128 2506 2185 raverunt,
2545 2125 2597 2172 et
2633 2131 2728 2186 per
2765 2127 3045 2170 sexcentos
3081 2123 3136 2169 et
3174 2115 3404 2185 amplius
3429 2130 3602 2170 annos
3633 2131 3663 2168 a
3695 2130 3828 2184 pas-

2230 2212 2380 2267 sione
2411 2209 2611 2264 Christi
2654 2208 2706 2261 in
2749 2206 2942 2260 talibus
2980 2205 3266 2260 errarunt?
3303 2204 3382 2259 An
3423 2203 3603 2260 forsan
3641 2203 3824 2258 Grmci

2230 2305 2344 2359 lucc
2396 2309 2692 2366 noverunt,
2740 2309 2794 2353 et
2844 2298 3068 2352 Romani
3125 2296 3544 2368 ignoravcrunt?
3595 2295 3704 2350 Sed
3752 2311 3825 2349 ex

2231 2395 2534 2451 Missalibus
2574 2393 2936 2446 Romanorum
2976 2389 3146 2453 libris,
3180 2390 3247 2443 ab
3271 2388 3416 2443 omni
3443 2387 3685 2442 Ecclesia
3717 2386 3827 2440 0c-

2231 2486 2480 2545 cidentali
2521 2484 2818 2554 antiquitus
2857 2482 3116 2549 receptis,
3158 2481 3435 2538 evidenter
3471 2479 3831 2551 cognoscitur

2230 2593 2392 2649 quam
2433 2576 2698 2632 rationem
2735 2571 2924 2642 jejuuii
2964 2582 3014 2627 et
3055 2572 3233 2627 missae
3271 2570 3561 2626 habuerint
3598 2569 3701 2623 sub
3736 2581 3829 2622 re-

2231 2668 2634 2726 verendissimis
2661 2664 3030 2734 pontiﬁcibus,
3071 2661 3334 2717 Silvestro
3363 2660 3569 2716 scilicet
3594 2667 3827 2713 auctore

2232 2762 2459 2817 Nicaeum
2507 2757 2720 2831 synodi,
2769 2754 2981 2811 Gelasio
3029 2754 3346 2806 damuatore
3392 2751 3554 2806 vestri
3609 2750 3822 2809 Acacii.

2233 2852 2572 2920 maximeque
2599 2847 2861 2918 Gregorio
2891 2844 3122 2915 dialogo,
3160 2852 3437 2912 compatre
3474 2841 3827 2912 imperatoris

2232 2943 2486 2998 Mauritii.
2527 2941 2582 2996 In
2619 2939 2773 3008 cujus
2807 2939 2957 2993 libris
2989 2936 3290 2992 Missalibus
3319 2936 3496 2990 omnis
3527 2935 3642 2990 dies
3672 2933 3825 2999 Qua-

2233 3039 2550 3110 dragesima:
2577 3037 2740 3092 habet
2765 3035 3008 3105 specialis
3031 3035 3204 3088 missa:
3235 3033 3532 3104 plenarinm
3558 3031 3826 3095 oﬁicium,

2233 3138 2326 3193 et,‘
2351 3136 2574 3196 excepta
2604 3125 2904 3190 Dominica,
2939 3124 3118 3180 nullus
3147 3125 3261 3179 dies
3286 3124 3404 3195 ejus
3434 3124 3592 3176 solvit
3629 3137 3824 3176 susce-

549 3206 878 3262 sacriﬁcium
901 3207 1089 3263 altaris
1113 3225 1220 3264 nou
1255 3210 1306 3264 iu
1332 3210 1508 3265 serico
1537 3209 1703 3264 autin
1733 3224 1910 3279 panno
1935 3209 2128 3272 tincto,
2160 3191 2203 3250 (ἶ
2237 3191 2383 3292 prum
2417 3191 2700 3288 jejunium,
2731 3233 2892 3287 quam
2939 3217 3278 3272 traditionem
3309 3191 3353 3271 si
3390 3223 3652 3270 tentasset
3679 3227 3826 3283 papa

544 3301 640 3355 sed
669 3301 721 3355 in
749 3301 859 3356 lino
888 3309 1106 3357 terreno
1131 3303 1462 3369 celebretur,
1497 3303 1638 3359 sicut
1676 3318 1877 3373 corpus
1916 3303 2128 3357 Domini

547 3390 650 3446 fuit
710 3391 764 3446 in
812 3392 1040 3448 sindone
1094 3393 1290 3449 munda
1339 3395 1630 3464 sepultum.
1685 3393 1778 3450 Sic
1823 3402 1877 3448 et
1931 3393 2132 3449 oblatio

548 3479 745 3534 munda
787 3480 950 3536 debet
988 3498 1107 3538 esse
1137 3500 1166 3538 a
1190 3483 1481 3550 fermento,
1503 3484 1657 3552 juxta
1695 3487 1838 3555 quod
1875 3485 1928 3538 in
1966 3485 2133 3555 gestis

549 3572 950 3642 pontiﬁcalibus
989 3590 1018 3628 a
1055 3576 1212 3630 beato
1245 3576 1507 3632 Silvestro
1548 3576 1778 3646 legimus
1815 3591 1935 3632 esse
1962 3584 2134 3630 statu-

548 3675 680 3718 tum.
735 3685 754 3718 ›
806 3663 960 3721 Tunc
983 3666 1184 3736 placuit
1222 3668 1466 3739 piissimo
1501 3668 1728 3740 principi
1769 3667 2130 3724 Constantino

553 3759 667 3814 haec
721 3759 936 3814 traditio
983 3761 1297 3831 apostolica:
1337 3762 1504 3816 sedis.
1553 3761 1693 3816 Ecce
1739 3761 1896 3816 istius
1935 3769 1992 3815 et
2037 3776 2132 3816 sex

549 3860 868 3904 czeterarum
898 3852 1228 3921 synodorum
1261 3851 1512 3907 omnibus
1549 3851 1756 3907 sanctis
1795 3850 2050 3906 Pati-ibus
2076 3859 2132 3904 et

548 3943 865 3998 ortltodoxis
915 3943 1352 4012 imperatoribus,
1411 3959 1508 4012 per
1554 3944 1734 3997 omnia
1763 3943 1966 4012 placuit
2001 3941 2134 3998 ﬁdes

549 4042 600 4088 et
626 4035 848 4088 traditio
869 4035 1179 4104 apostolica:
1217 4033 1382 4089 sedis.
1411 4034 1474 4088 Et
1507 4043 1560 4088 tu
1594 4034 1686 4104 qui
1714 4049 1795 4098 es,
1820 4033 1904 4089 cui
1942 4031 2132 4102 displi-

553 4125 678 4179 cet?
716 4123 823 4180 Sed
864 4125 1112 4180 volumus
1159 4126 1344 4180 dicas:
1378 4125 1673 4180 Videturne
1714 4124 1805 4180 tibi
1837 4137 2132 4194 congruum

554 4225 612 4268 ut
635 4215 782 4268 omni
817 4226 1009 4286 quarta
1035 4225 1089 4270 et
1121 4226 1272 4271 sexta
1306 4215 1440 4270 feria
1461 4214 1676 4285 jejunes
1711 4223 1934 4285 propter
1963 4213 2132 4268 tradi-

552 4309 754 4365 tionem
783 4319 838 4364 et
865 4311 1174 4380 passionem
1205 4311 1430 4376 Christi,
1461 4321 1515 4364 et
1547 4319 1766 4380 propter
1803 4310 2134 4380 sepulturam

552 4399 703 4455 nullo
726 4399 985 4467 Sabbato,
1031 4403 1130 4456 nisi
1168 4403 1317 4456 uno?
1349 4401 1483 4456 Cum
1525 4417 1656 4470 ergo
1680 4401 1828 4456 omni
1858 4400 2135 4456 Dominica

549 4493 792 4549 celebres
842 4496 1312 4558 resurrectionem,
1365 4494 1620 4564 mnniquc
1646 4502 1839 4564 quarta
1885 4505 1943 4547 et
1980 4501 2132 4547 sexta

2235 3311 2442 3383 Agatho
2478 3311 2816 3380 aliquatenus
2857 3323 3132 3364 removere
3160 3307 3436 3370 Romanis,
3467 3321 3574 3360 non
3599 3304 3824 3359 audire-

2237 3414 2323 3459 tur
2348 3403 2414 3458 ab
2435 3402 2533 3458 eis.
2563 3401 2718 3469 Quia,
2739 3400 2993 3470 licetipse
3017 3415 3243 3470 magnus
3268 3397 3558 3461 exstiterit,
3580 3393 3829 3467 prmfatis

2236 3505 2413 3550 tamen
2445 3492 2819 3548 decessoribus
2849 3491 2961 3546 suis
2997 3491 3137 3545 sicut
3178 3499 3443 3558 tempore,
3486 3489 3557 3542 ita
3594 3485 3827 3541 scientia

2233 3593 2286 3639 et
2317 3583 2638 3640 auctoritate
2664 3583 2840 3637 minor
2869 3580 2988 3636 fuit.
3023 3580 3382 3648 Quamobrem
3409 3586 3572 3648 caput
3595 3591 3702 3647 quo
3731 3591 3828 3630 as-

2235 3677 2418 3732 seritis
2445 3690 2568 3730 eum
2597 3672 2967 3744 promulgasse
2996 3681 3051 3727 ut
3081 3671 3125 3726 si
3154 3671 3276 3740 quis
3299 3670 3528 3726 clericus
3554 3667 3834 3739 jejunaret

2237 3765 2532 3821 Sabbatum
2563 3773 2760 3832 pratter
2797 3778 2984 3826 unum,
3019 3761 3398 3832 deponeretur,
3428 3760 3602 3830 magis
3635 3758 3826 3812 dicen-

2237 3859 2361 3910 dum
2392 3864 2474 3911 est
2508 3854 2909 3909 Nazarenorum
2934 3868 3053 3907 esse
3075 3868 3235 3922 quam
3267 3850 3658 3920 apostolorum,
3681 3846 3831 3902 Che-

2238 3949 2362 4003 riuti
2391 3955 2446 4002 et
2483 3945 2736 4000 llehionis
2771 3960 2929 4014 quam
2970 3954 3136 3998 sexus
3175 3941 3364 4011 synodi
3404 3950 3461 3995 et
3498 3955 3649 4010 papa:
3681 3939 3830 4006 Aga-

2239 4038 2438 4092 thonis.
2481 4037 2576 4092 Cui
2616 4051 2746 4090 sane
2785 4033 3017 4102 capitulo
3051 4032 3272 4103 epistola
3299 4031 3447 4087 Pauli
3479 4040 3667 4100 aperte
3693 4043 3832 4082 con-

2238 4127 2472 4191 tradicit,
2504 4126 2592 4182 ubi
2621 4127 2696 4180 ait
2721 4143 2733 4177 :
2765 4143 2782 4176 ‹
2818 4123 2986 4179 Nemo
3010 4138 3102 4177 vos
3125 4122 3327 4193 judicet
3352 4122 3404 4175 in
3429 4122 3556 4176 cibo
3583 4129 3673 4173 aut
3700 4129 3833 4188 potu

2238 4230 2330 4274 aut
2357 4219 2408 4273 in
2447 4226 2600 4288 parte
2629 4217 2732 4272 diei
2761 4215 2903 4278 festi,
2935 4223 2990 4268 et
3023 4214 3318 4268 neomenia:
3357 4221 3412 4267 et
3438 4211 3833 4273 Sabbatorum,

2238 4325 2359 4379 «piae
2383 4316 2510 4364 sunt
2531 4307 2719 4361 umbra
2751 4305 3073 4359 futurorum.
3111 4322 3128 4354 ι
3169 4301 3318 4356 Unde
3350 4301 3584 4356 Romani
3613 4300 3836 4370 prOprio

2241 4398 2444 4454 auctori
2476 4406 2530 4453 et
2566 4397 2820 4466 magistro
2850 4397 3086 4466 gentium
3127 4394 3178 4446 in
3213 4391 3315 4446 ﬁde
3347 4400 3403 4445 et
3433 4391 3666 4445 veritate
3704 4391 3841 4444 ohe-

2242 4491 2471 4552 dientes,
2506 4488 2633 4542 nulli
2676 4486 2911 4541 Sabbato
2941 4484 3133 4539 festum
3173 4483 3253 4537 vel
3286 4483 3456 4536 otium
3497 4482 3835 4552 dependunt,

554 4585 688 4640 feria
732 4584 946 4656 jejunes
992 4593 1212 4656 propter
1265 4583 1607 4638 traditionem
1653 4593 1708 4637 et
1743 4598 1988 4650 crucem;
2035 4599 2134 4638 cur
2167 4565 2379 4638 l)sicut
2420 4595 2521 4635 nec
2562 4577 2863 4640 neomenia,
2905 4575 3030 4645 quia
3073 4573 3318 4643 profecto
3345 4571 3576 4626 Iudaica
3606 4580 3749 4630 sunt,
3783 4579 3841 4624 et

552 4691 658 4730 non
692 4685 748 4730 et
783 4677 930 4731 omni
975 4674 1215 4730 Sabbato
1262 4683 1479 4744 propter
1521 4675 1872 4744 sepulturam,
1905 4691 2027 4730 cum
2065 4674 2132 4729 de

550 4770 876 4826 celebrando
925 4767 1162 4823 Sabbato
1209 4766 1406 4820 nullam
1465 4767 1729 4820 rationem
1789 4775 1994 4830 teneas,
2030 4765 2132 4819 nisi

553 4879 715 4933 quam
759 4861 956 4924 Judmi,
999 4858 1210 4914 sciliiet
1250 4859 1374 4927 quia
1431 4859 1481 4912 in
1533 4872 1599 4912 eo
1647 4857 1911 4926 requievit
1961 4857 2137 4910 Deus?

551 4955 651 5020 Ο.ιί
678 4955 862 5022 utique
893 4953 1146 5021 fatigatus
1184 4966 1287 5004 non
1322 4959 1422 5015 est,
1464 4951 1628 5004 verbo
1654 4965 1847 5004 creaus
1877 4948 2132 5020 quidquid

2235 4673 2420 4740 utique
2449 4669 2637 4724 umbra
2668 4668 2992 4722 futurorum.

2307 4761 2451 4818 XXI.
2470 4760 2640 4815 Porro
2666 4760 2805 4813 unde
2830 4757 3198 4826 acceperimus
3220 4757 3366 4812 omni
3392 4757 3479 4810 die
3499 4754 3834 4825 jojnniorttm

2235 4856 2530 4929 perfectam
2583 4855 2802 4908 missam
2851 4851 3048 4915 facere,
3096 4867 3256 4920 supra
3298 4851 3615 4904 curavimus
3654 4858 3836 4902 osten-

2239 4951 2366 5006 dere
2395 4967 2406 5002 :
2439 4963 2536 5002 nec
2579 4948 2831 4999 timemus
2868 4956 3027 5013 caput
3066 4943 3206 5012 quod
3243 4942 3422 4997 dicitis
3459 4941 3834 5010 apostolorum
