4124 5374
527 243 634 304 995

1553 236 1974 296 uuunsnrus
2012 237 2070 293 s.
2113 237 2174 292 n.
2224 234 2285 292 ιτ..
2325 223 2738 294 canamus

3679 243 3788 298 996

508 361 661 416 .nicaa
687 357 740 414 et
765 358 1160 428 pracipuarum
1192 352 1588 410 solemmtatmn
1613 354 1805 408 missas
1835 353 1966 408 hora
1995 360 2114 406 ter-
2137 358 2178 414 Α
2209 364 2368 404 unam
2398 349 2722 432 oblationem
2763 333 3011 432 videmini
3053 351 3138 432 bis.
3169 352 3384 432 oil'errc.
3429 340 3494 409 Et
3535 370 3633 410 cur
3679 375 3789 424 non

501 453 596 520 ,tia
626 451 926 507 celebrasse
952 448 1162 512 solitos,
1191 454 1412 518 propter
1434 445 1667 516 Spiritus
1691 446 1860 502 sancti
1885 444 2106 500 eﬁusio-

524 556 646 597 nem
688 541 818 596 hora
854 539 1014 593 tertia
1060 538 1114 592 in
1141 535 1456 605 discipulos,
1496 543 1550 588 et
1599 535 1700 589 hoc
1728 534 2010 590 mandasse
2039 535 2105 589 al

522 641 767 703 posteros
809 639 1074 703 quatenus
1138 627 1227 684 illa
1275 627 1434 682 unius
1477 627 1620 682 actio
1668 627 1848 684 missa:
1892 627 2104 696 gemino

520 721 801 792 privilegio
826 718 1209 788 insigniretur:
1233 715 1630 772 resurrectione
1646 714 2106 770 videlicetChristi

520 821 577 866 et
619 812 848 865 adventu
892 807 1178 871 Paracleti,
1218 815 1384 876 utque
1428 815 1652 875 prepter
1684 804 1948 874 gaudium-
1982 804 2106 860 fesfi

521 902 850 973 temporibus
894 900 1268 956 relaxarentur
1305 898 1516 953 cunctis
1565 896 1715 950 frena
1750 895 1964 966 ieiunii.
1999 897 2102 952 Ve-

510 973 823 1046 rumtamen.
851 990 956 1044 alia
985 1004 1147 1044 causa
1174 997 1260 1044 est
1289 981 1580 1042 Dominicze
1605 986 1730 1050 diei,
1757 1002 1822 1043 ac
1847 987 2103 1043 solemni-

519 1091 710 1146 tatum,
745 1080 849 1135 alia
870 1078 1228 1148 ieiuniorum;
1275 1078 1321 1134 si
1351 1093 1481 1149 ergo
1519 1080 1649 1133 hora
1691 1093 1829 1133 nona
1872 1089 1966 1134 aut
2005 1094 2099 1136 ve-

518 1170 764 1241 apertius
785 1170 976 1225 diebus
1016 1168 1368 1239 ieiuniorum,
1416 1167 1653 1237 perfecta
1689 1169 1870 1239 agitur
1913 1170 2097 1233 missa,

520 1264 663 1318 nulla
703 1261 888 1334 procul
918 1261 1083 1316 dubio
1127 1261 1250 1316 inde
1291 1261 1632 1315 contrahitur
1674 1277 1842 1327 noxa,
1887 1263 2010 1330 quia
2044 1273 2099 1318 et

519 1356 777 1410 Dominus
795 1355 851 1408 in
885 1367 1038 1409 canta
1065 1352 1130 1407 ad
1157 1366 1439 1421 vesperum
1465 1351 1694 1420 primam
1721 1361 1775 1406 et
1799 1352 2094 1422 perfectam

517 1445 1034 1501 administrationem
1082 1443 1214 1496 tanti
1255 1443 1581 1497 sacramenti
1632 1441 1909 1514 discipulis
1941 1444 2095 1499 iusti-

515 1538 644 1601 tuit,
685 1547 739 1592 et
777 1539 905 1592 hora
938 1553 1076 1592 nona
1119 1537 1368 1606 spiritum
1402 1537 1620 1592 tradens
1650 1528 1972 1592 sacriﬁcium
2002 1553 2089 1594 ve-

513 1631 809 1701 spertinum
842 1630 1091 1700 expansis
1129 1629 1381 1683 tnanibus
1421 1627 1472 1681 in
1505 1642 1695 1688 cruce.
1732 1637 1787 1683 et
1817 1628 2093 1697 praemissa

2209 441 2514 497 attendistis
2550 442 2603 497 in
2637 427 2859 512 epistola
2901 458 3048 514 papze
3081 427 3394 512 Clementis,
3431 449 3584 519 cuius
3623 451 3791 506 tradi-

2211 530 2407 596 tiones,
2451 541 2509 588 ut
2555 532 2776 602 putatis,
2807 543 2994 589 contra
3043 551 3140 590 nos
3185 537 3490 605 defenditis,
3519 542 3664 611 quod
3713 526 3790 599 ibi

2208 622 2576 690 promulgasse
2608 625 2860 691 putatur?
2892 644 2913 676 ι
2949 624 3360 699 Certe,inquit,
3399 640 3550 686 tanta
3577 633 3629 688 in
3659 632 3798 698 alta.

2207 711 2292 792 rio
2320 704 2630 792 holocausta
2667 714 2912 780 uﬁ'erant,
2951 728 3148 787 quanta
3185 721 3384 790 populo
3418 722 3664 782 sufﬁcere
3699 727 3792 783 deo

2205 789 2388 870 beant.
2416 789 2568 870 Quod
2595 806 2639 859 si
2669 802 3044 875 remanserint,
3075 811 3126 864 in
3155 789 3451 869 crastinum
3479 831 3586 871 non
3614 818 3790 876 reser-

2207 904 2418 961 ventur,
2455 897 2547 951 sed
2577 913 2697 952 cum
2732 887 2922 954 timore
2955 912 3012 957 et
3046 905 3280 960 tremore
3313 889 3632 965 clericorum
3664 926 3764 967 can

2206 985 2309 1066 tela
2335 996 2390 1041 et
2413 986 2687 1058 diligentia
2717 989 3124 1049 c‘omumantur.
3159 1010 3179 1048 ι
3212 983 3293 1052 Ad
3323 986 3438 1056 inec
3469 987 3612 1070 quod
3642 1009 3785 1060 asse-

2205 1074 2296 1137 ris,
2327 1091 2423 1132 vos
2466 1081 2534 1134 ab
2565 1079 2676 1150 ipsa
2707 1091 2891 1137 saneta
2921 1086 3302 1143 communione
3329 1091 3509 1144 statim
3541 1093 3608 1147 ad
3640 1110 3787 1151 conr-

2202 1178 2393 1220 munes
2413 1165 2561 1222 cibos
2586 1158 2836 1236 transire,
2863 1187 2968 1226 non
3001 1174 3081 1229 sic
3102 1175 3336 1232 sensisse
3367 1179 3506 1235 idem
3531 1164 3786 1241 Ciemens

2201 1253 2472 1310 invenitur
2502 1257 2551 1311 in
2584 1257 2803 1328 praefata
2832 1261 3078 1331 epistola,
3108 1255 3196 1322 ubi
3233 1268 3298 1323 de
3328 1269 3412 1324 his
3442 1272 3531 1339 qui
3568 1274 3784 1330 rcsidna'

2199 1346 2450 1402 sacrilirii
2491 1354 2922 1421 consumpserint
2951 1349 3220 1424 subjecit:
3258 1379 3275 1410 ‹
3315 1350 3416 1427 Qui
3459 1374 3664 1429 autem,
3699 1369 3783 1420 in-

2199 1439 2334 1506 quit,
2362 1436 2573 1494 residtia
2598 1442 2840 1512 corporis
2868 1436 3076 1499 Domini
3102 1448 3220 1516 quze
3245 1450 3296 1503 in
3329 1453 3569 1507 sacrario
3598 1444 3780 1511 relicta

2198 1534 2320 1585 sunt
2345 1540 2686 1597 Consumunt,
2723 1551 2824 1589 non
2857 1537 3039 1615 Statim
3077 1539 3143 1594 ad
3170 1542 3484 1599 communes
3511 1547 3781 1618 accipieu-'

2197 1621 2322 1676 dum
2358 1624 2506 1680 cibos
2552 1627 2895 1692 conveniant,
2943 1629 3008 1683 ne
3059 1630 3248 1698 putent
3293 1646 3494 1694 sancta:
3540 1626 3774 1709 portioni

511 1722 755 1778 oratione
783 1722 848 1776 ad
884 1722 1097 1776 Patrem
1129 1718 1541 1774 consummavit.
1581 1710 1873 1788 Propterea
1902 1734 2093 1789 quam-
2130 1695 2170 1753 Β
2197 1730 2316 1771 esse
2342 1717 2765 1773 commiscendos
2791 1720 2939 1775 cibos
2988 1723 3076 1791 qui
3114 1740 3210 1794 per
3241 1695 3778 1805 aqualiculi-egestns

510 1815 592 1869 vis
623 1815 753 1869 hora
786 1814 940 1868 tertia
971 1822 1026 1868 et
1055 1827 1194 1866 nona
1226 1820 1447 1883 propter
1482 1811 1820 1881 supradictas
1856 1811 2094 1867 rationes

510 1906 624 1960 sint
663 1888 898 1975 aptiores
934 1906 1220 1959 missarum
1271 1901 1494 1967 actioni,
1542 1903 1968 1972 quotiescunque
2010 1910 2093 1956 ta-

510 2013 631 2052 men
663 1997 810 2051 horis
839 1995 960 2050 aliis
989 1995 1121 2049 ﬁunt
1151 1994 1505 2064 occupatione
1531 1992 1765 2056 itineris,
1799 2003 1891 2048 au:
1917 1993 2090 2064 gratia

509 2087 792 2155 cujuslibet
818 2087 1138 2142 necessaria:
1161 2085 1263 2149 rei,
1286 2084 1337 2140 in
1363 2083 1677 2139 memoriam
1705 2084 1837 2138 ﬁunt
1859 2083 2087 2148 Christi;

510 2192 610 2232 nec
662 2177 892 2239 violatur
939 2177 1065 2231 inde
1121 2175 1403 2243 integritas
1447 2171 1658 2241 ieiunii.
1709 2172 1859 2240 Quod
1907 2175 2091 2242 utique

509 2267 700 2339 beatus
720 2267 1120 2336 Thelesplmrus
1145 2280 1278 2334 papa
1305 2279 1332 2317 a
1357 2263 1516 2319 Petro
1542 2264 1804 2334 septimus
1828 2256 2086 2330 sentiens,

509 2357 673 2412 etiam
710 2368 868 2414 nocte
895 2356 1202 2412 Nativitatis
1237 2353 1448 2410 Domini
1492 2355 1685 2410 missas
1716 2354 1980 2410 celebrari
2016 2356 2088 2409 in-

507 2449 706 2513 stituit,
751 2464 852 2504 nec
895 2448 1058 2503 ullam
1107 2446 1488 2501 resolutionem
1515 2444 1702 2515 ieiunii
1741 2455 1866 2502 ante
1901 2447 2086 2516 horam

506 2542 720 2595 tertiam
751 2549 806 2596 et
837 2541 1081 2596 diurnam
1113 2539 1328 2594 missam
1361 2538 1482 2592 inde
1515 2538 1652 2604 ﬁeri,
1683 2540 1819 2594 sicut
1849 2556 1942 2596 vos
1971 2555 2087 2610 per-

509 2648 664 2687 verse
694 2634 912 2704 putatis,
945 2633 1143 2689 timuit.
1189 2631 1356 2685 Dicite
1399 2641 1597 2697 autem,
1621 2632 1666 2687 si
1711 2633 1957 2702 potestis,
1990 2649 2087 2688 cur

509 2725 804 2780 Sabbatum
849 2737 901 2781 et
944 2735 1154 2781 uetera:
1195 2735 1346 2779 extra
1385 2725 1717 2781 Dominicam
1763 2725 1911 2782 terim
1955 2725 2108 2782 hora

505 2816 666 2871 tertia
711 2818 930 2873 missam
963 2817 1191 2872 debeant
1234 2817 1453 2885 habere,
1498 2833 1618 2871 cum
1651 2818 1704 2872 in
1739 2818 1819 2873 eis
1853 2817 2086 2889 Spiritus

505 2916 724 2965 sanctus
755 2924 859 2964 non
894 2907 1103 2980 legatur
1139 2907 1500 2964 descendisse.
1538 2908 1725 2980 itaque
1783 2926 1899 2974 nos,
1946 2911 2086 2966 sicut

503 3015 667 3069 supra
694 2999 1018 3064 ostenditur,
1061 2999 1242 3054 divina
1268 2999 1591 3054 auctoritate
1613 3000 1848 3066 subnixi,
1882 3017 1980 3057 nec
2000 3001 2087 3071 ie-

497 3089 648 3160 iunia
678 3090 993 3145 resolvimus
1032 3089 1085 3146 in
1110 3091 1474 3146 celebratione
1504 3090 1679 3146 missa:
1707 3101 2085 3162 quotacunqnc

504 3183 638 3238 hora
679 3183 784 3238 diei
829 3182 914 3248 ﬁt;
949 3197 1048 3237 nec
1079 3182 1130 3236 in
1160 3183 1340 3253 aliquo
1369 3182 1613 3237 natalitio
1644 3190 1962 3254 martyrum,
1993 3183 2084 3238 sed

503 3287 604 3328 nec
627 3274 678 3327 in
702 3273 1122 3328 Annuntiatione
1150 3272 1331 3328 Maria:
1361 3273 1607 3344 virginis.
1639 3272 1710 3327 Et
1737 3273 1856 3328 ideo
1892 3272 2086 3328 nullius

503 3364 824 3420 universalis
871 3365 1059 3435 synodi
1096 3365 1440 3435 percellimur
1483 3366 1846 3420 auatbemate.
1890 3366 2083 3422 Caeteri

501 3463 682 3511 autem
719 3457 962 3526 quamvis
1006 3466 1315 3512 sanetorum
1348 3456 1566 3510 Patrum
1630 3466 1946 3521 conventus,
1981 3457 2083 3513 etsi

500 3557 791 3620 potuerunt
819 3548 884 3604 de
918 3548 1146 3604 utilitate
1173 3556 1228 3603 et
1262 3547 1672 3602 conversatione
1720 3546 2081 3602 Ecclesiarmn

499 3658 718 3698 suarum
754 3652 1010 3710 tractare,
1039 3642 1213 3697 nullas
1239 3650 1416 3695 tamen
1447 3639 1765 3694 traditiones
1793 3637 2081 3694 universali

499 3733 754 3790 Ecclesiae
796 3732 1092 3804 pratﬁgere.
1125 3732 1198 3786 De
1242 3746 1376 3800 papa
1419 3745 1633 3800 quoque
1663 3729 1941 3800 Agathone
1968 3743 2086 3783 om-

499 3825 629 3880 nino
676 3824 877 3879 scimus
939 3822 1064 3892 quia
1115 3835 1213 3877 nec
1261 3831 1426 3874 sexta:
1464 3819 1666 3890 synodo
1709 3835 1807 3891 per
1845 3819 2080 3889 seipsum

501 3916 774 3985 praesedit,
820 3929 921 3969 nec
965 3913 1236 3982 aliquibus
1283 3909 1532 3982 capitulis
1576 3907 1692 3979 eius
1739 3909 2079 3979 subscripsit,

499 4007 602 4061 nisi
630 4023 749 4075 quae
777 4005 1114 4077 promulgata
1159 4003 1376 4059 fuerunt
1405 4002 1662 4058 adversus
1710 4001 2084 4058 Monothelita-

501 4115 619 4152 rum
645 4097 918 4152 hmresim.
954 4098 1062 4151 V’os
1107 4095 1283 4150 videte
1328 4094 1466 4148 unde
1494 4093 1606 4148 haec
1633 4108 1751 4164 qua:
1779 4094 2081 4162 proponitis

498 4189 762 4250 habeatis,
790 4188 912 4256 quia
945 4187 1182 4241 Ecclesia
1214 4185 1455 4241 Romana
1482 4184 1606 4239 talia
1640 4185 1904 4239 hactenus
1931 4184 2080 4254 igno-

500 4280 658 4335 ravit.
699 4278 809 4334 Nec
845 4279 993 4334 credi
1031 4287 1208 4348 potest
1244 4286 1365 4348 post
1405 4286 1483 4331 tot
1510 4291 1681 4331 annos
1712 4275 2079 4330 Romanorum

2194 1804 2247 1859 in
2297 1820 2566 1861 secessum
2606 1807 2921 1863 funduntur.
2976 1809 3032 1864 Si
3086 1813 3248 1884 igitur
3294 1832 3453 1873 mane
3498 1804 3775 1879 Dominica

2193 1897 2369 1966 portio
2399 1898 2451 1952 in
2484 1899 2723 1954 sacrario
2751 1899 2963 1966 edatur,
3014 1904 3183 1972 usque
3215 1903 3267 1966 in
3299 1917 3506 1963 sextam
3528 1911 3776 1982 ieiunent

2191 1989 2423 2044 ministri
2477 1989 2566 2060 qui
2616 1990 2728 2045 lucc
2772 1994 3223 2062 consumpserint.
3272 1996 3336 2053 Et
3382 2000 3429 2055 si
3477 2004 3631 2058 tertia
3684 2000 3776 2059 ant

2191 2088 2403 2148 quarta,
2448 2078 2694 2150 ieiunent
2742 2095 2912 2150 usque
2959 2083 3011 2135 in
3058 2099 3361 2155 vesperum.
3411 2108 3428 2141 ι
3482 2069 3537 2145 in
3582 2093 3777 2163 quibus

2191 2182 2320 2222 sane
2348 2170 2526 2225 verbis
2555 2171 2722 2240 liquet
2774 2172 2916 2241 quod
2950 2189 3052 2228 non
3085 2175 3256 2232 solum
3303 2180 3436 2252 hora
3471 2185 3648 2251 tertia,
3682 2183 3792 2253 sed

2189 2259 2353 2313 etiam
2399 2275 2557 2315 mane
2599 2261 2727 2314 hora
2757 2272 2950 2332 quarta
2983 2265 3176 2322 missas
3205 2269 3316 2325 ﬁeri
3350 2269 3493 2335 licet,
3525 2278 3775 2346 quodque

2189 2362 2256 2406 ex
2286 2351 2551 2406 sacriﬁcio
2569 2350 2830 2423 jejunium
2858 2370 2961 2408 non
2994 2355 3240 2426 solvitur,
3270 2361 3394 2418 dum
3423 2365 3529 2420 illic
3555 2368 3772 2430 dicitur,

2191 2448 2247 2494 ut
2269 2440 2358 2511 qui
2382 2443 2813 2512 consumpserint
2836 2460 3002 2514 usque
3025 2447 3091 2500 ad
3115 2457 3321 2505 sextam
3346 2455 3428 2509 vel
3455 2471 3736 2526 vesperum
3757 2457 3774 2512 ἐ

2188 2529 2384 2599 alioqui
2409 2532 2673 2600 quomodo
2689 2532 3023 2604 ieiunabant,
3052 2537 3095 2592 si
3120 2553 3185 2593 ex
3213 2543 3483 2599 sacriﬁcio
3506 2543 3772 2615 ieiunium

2187 2622 2496 2706 solverunt?
2532 2623 2733 2682 Deinde
2776 2628 3157 2683 abstinentiam
3190 2635 3638 2702 paucissimorum
3679 2644 3774 2692 no-

2187 2719 2269 2775 bis
2313 2721 2691 2790 praedicantes,
2743 2724 2932 2778 tacetis
2981 2724 3269 2794 ingluviem
3323 2727 3636 2798 multorum,
3681 2731 3773 2801 qui

2187 2819 2282 2863 aut
2332 2825 2520 2880 parum
2570 2819 2662 2866 aut
2707 2813 2837 2867 nihil
2877 2813 3370 2888 Quadragcsimalis
3415 2818 3610 2890 ieiunii
3663 2800 3780 2876 Dico

2185 2901 2446 2972 oﬂeruntf,
2483 2903 2607 2957 dum
2654 2919 2682 2958 a
2730 2906 2903 2976 primo
2933 2923 3092 2964 mane
3123 2925 3293 2980 usque
3335 2927 3620 2983 vesperum
3653 2914 3773 2969 cra-

2187 2992 2359 3062 pulari
2399 3009 2504 3047 non
2558 3003 2805 3050 metuunt
2860 3013 2960 3052 nec
2999 2999 3346 3056 erubescunt.
3392 2999 3569 3074 Aliqui
3608 3007 3769 3059 etiam

2185 3083 2253 3137 ad
2299 3082 2592 3139 Ecclesiam
2643 3086 2909 3154 legumina
2947 3098 3000 3142 et
3046 3089 3150 3142 alia
3199 3091 3422 3146 obsonia
3467 3095 3774 3149 deferentes

2188 3175 2315 3230 inibi
2348 3178 2668 3243 comedunt,
2704 3194 2802 3234 nec
2849 3179 3072 3236 Pnulmn
3121 3184 3402 3240 attemlunt
3447 3186 3718 3242 dicentem
3752 3210 3764 3242 :

2191 3285 2210 3318 ι
2248 3267 2346 3335 Qui
2391 3271 2584 3339 esurit,
2620 3270 3073 3330 domimanducel
3101 3275 3152 3347 (1
3179 3277 3299 3331 Cor”.
3330 3294 3406 3342 χι,
3447 3279 3569 3346 54's);
3603 3299 3621 3332 ι
3665 3291 3718 3333 et
3750 3281 3766 3335 ἑ

2192 3381 2210 3416 t
2250 3361 2500 3435 Nunquid
2535 3365 2722 3420 domos
2757 3380 2860 3420 non
2901 3365 3112 3422 habetis
3147 3370 3212 3423 ad
3248 3371 3680 3424 manducandum
3715 3371 3770 3423 et

2183 3457 2509 3512 bibendum?
2553 3467 2641 3512 aut
2679 3453 2975 3514 Ecclesiam
3022 3456 3112 3513 Dei
3159 3462 3524 3527 contemnitis,
3558 3471 3611 3514 et
3641 3477 3769 3515 cou-

2185 3548 2408 3604 funditis
2434 3565 2526 3604 eos
2548 3551 2638 3625 qui
2668 3565 2770 3605 non
2801 3549 3033 3605 habent?
3060 3570 3076 3603 ο
3100 3551 3262 3623 (Ibid.
3283 3553 3480 3620 22.)At
3512 3568 3610 3606 nos
3626 3553 3767 3618 Qua-

2185 3639 2538 3710 dragesimam
2583 3641 2742 3696 unius
2783 3641 3122 3710 septimanae,
3167 3658 3325 3712 quam
3368 3641 3544 3695 dicitis
3590 3640 3764 3694 sancti

2185 3729 2473 3795 Theodori,
2501 3732 2825 3795 nescientes,
2855 3731 3021 3786 solam
3046 3732 3514 3804 Quadrag‘esimam
3545 3729 3764 3785 Domini

2183 3823 2351 3878 nostri
2379 3819 2504 3878 Jesn
2535 3821 2733 3877 Christi
2759 3825 3114 3894 quadraginta
3142 3825 3328 3878 diebus
3355 3821 3638 3892 diligenter
3664 3821 3766 3874 ob-'

2183 3925 2402 3967 scrvare
2431 3911 2828 3976 contendimus,
2853 3927 3011 3982 quam
3039 3921 3095 3966 ut
3123 3912 3337 3981 aliquis,
3361 3918 3587 3980 excepta
3616 3911 3764 3981 gravi

2184 4002 2518 4069 inﬁrmitate,
2550 4003 2602 4060 in
2659 4003 2839 4074 aliquo
2883 4003 3140 4074 infringat
3183 4002 3407 4058 sufferre
3452 4002 3761 4070 nequimus.

2181 4093 2292 4150 Nec
2335 4094 2460 4150 licet
2485 4095 2737 4165 cuiquam
2784 4095 2924 4165 apud
2973 4111 3092 4160 nos,
3137 4095 3277 4150 sicut
3305 4094 3445 4163 apud
3478 4108 3593 4157 vos,
3643 4092 3764 4168 post

2181 4201 2341 4241 unam
2390 4187 2741 4242 refectionem
2779 4185 3071 4255 quidquam
3115 4197 3392 4256 pomorum
3435 4191 3531 4236 aut
3573 4184 3764 4238 herbae

2180 4292 2299 4331 rum
2325 4276 2515 4332 diebus
2533 4275 2858 4346 ieiuniorum
2887 4277 3182 4346 percipere.

499 4369 806 4440 pontiﬁcem
833 4367 1036 4424 Graecis
1063 4366 1433 4438 promulgasse
1461 4365 1670 4434 aliquas
1698 4364 1764 4420 de
1792 4365 1954 4418 missa
1983 4365 2080 4417 ol:-
2109 4388 2156 4447 υ
2251 4366 2417 4421 XXV.
2456 4365 2590 4422 Hinc
2623 4365 3016 4437 perpendentes
3056 4381 3084 4419 a
3130 4375 3180 4420 te
3224 4373 3331 4420 tam
3374 4381 3634 4436 perverse
3675 4366 3763 4421 dce

499 4463 856 4519 servationes.
909 4463 1109 4519 Deinde
1139 4464 1297 4518 ritum
1327 4472 1520 4517 vestrae
1549 4462 1759 4516 discere
1789 4475 1895 4514 non
1922 4475 2079 4514 cura-

501 4571 640 4620 mus,
670 4554 796 4625 quia
841 4554 1118 4609 minimam
1168 4554 1434 4609 cautelam
1481 4561 1537 4607 et
1582 4551 1870 4606 maximam
1915 4549 2079 4619 negli-

500 4647 736 4719 gentiam
781 4647 829 4701 ei
867 4645 1043 4702 inesse
1085 4645 1481 4716 cognoscimus,
1520 4643 1646 4697 dum
1692 4648 1936 4698 sanctum
1983 4655 2079 4711 pa-

501 4754 625 4794 nem
670 4737 972 4808 frangentes
1013 4745 1068 4792 et
1109 4745 1402 4797 sumentes,
1445 4735 1570 4790 hinc
1607 4731 1732 4789 inde
1769 4731 2078 4789 decidentes

498 4829 668 4886 micas
716 4845 820 4884 non
870 4828 1094 4884 curatis.
1145 4825 1296 4893 Quod
1344 4825 1506 4880 etiam
1561 4823 1696 4878 solet
1741 4820 2074 4893 contingere,

499 4923 624 4978 dum
663 4922 876 4993 patinas
917 4929 1134 4977 sanctas
1174 4919 1316 4974 foliis
1352 4916 1652 4988 palmarum
1695 4923 1749 4970 et
1787 4929 2074 4986 parcerem

2181 4454 2324 4509 fendi
2378 4454 2640 4508 adulteria
2685 4454 2863 4526 potius
2928 4471 3086 4526 quam
3133 4455 3347 4524 nuptias
3395 4457 3760 4518 sacerdotum,

2181 4543 2512 4598 arbitramur
2563 4544 2630 4598 ab
2679 4543 2868 4600 inferis
2911 4543 3200 4599 emersisse
3248 4544 3549 4614 principem
3606 4543 3762 4612 huius

2178 4633 2402 4688 haeresis
2430 4632 2722 4688 nefandum
2747 4633 3034 4688 diaconum
3064 4631 3362 4689 Nicolaum.
3403 4633 3479 4687 De
3506 4649 3616 4702 quo
3642 4633 3759 4702 Epi-

2177 4724 2407 4795 phanius
2435 4734 2615 4780 vester
2656 4726 2734 4780 sic
2762 4725 2978 4795 scripsit
3015 4743 3028 4779 :
3069 4743 3088 4776 ‹
3131 4725 3330 4793 Quarta
3373 4723 3762 4780 Nico’laitartnu

2177 4832 2208 4871 a
2238 4814 2458 4873 Nicolao
2487 4817 2707 4872 haeresis
2736 4825 2819 4872 est
2851 4816 3161 4879 adinventa,
3187 4832 3294 4871 uno
3319 4832 3384 4872 ex
3412 4826 3621 4886 septem
3652 4818 3762 4870 dia-

2176 4910 2402 4967 conibus
2426 4911 2494 4967 ab
2516 4910 2774 4982 apostolis
2799 4910 3067 4964 ordinato.
3095 4909 3197 4963 is!!!
3221 4924 3339 4963 eum
3366 4908 3482 4962 zelo
3509 4909 3756 4978 pulcher-
