4124 5374
334 377 439 435 99'!

1686 351 1958 412 CONTRA
1995 305 2317 409 Nicena.

3490 340 3593 396 998

329 486 524 545 Filium
567 480 835 540 castitatis
880 477 1105 551 gloriam
1135 472 1437 539 dedicasse,
1470 487 1616 538 cum,
1644 469 1906 538 virginem
1936 475 1983 533 Α
2012 465 2283 551 apostolos
2343 461 2568 533 legimus
2625 457 2831 528 egisse,
2897 457 3055 514 beato
3102 454 3268 511 Paulo
3320 455 3537 512 dicente
3575 474 3590 512 :

329 580 612 654 possidens
653 585 879 632 ntatrem
921 574 1072 642 virgo
1102 583 1411 632 mansurus,
1445 562 1648 621 nullum
1680 561 1915 630 discipu-

330 650 506 730 lorum
535 685 752 726 suorum
781 663 1158 723 commistione
1187 661 1352 717 etiam
1401 657 1636 729 legitima
1679 650 1915 724 coniugii

330 765 407 820 uti
448 761 720 836 permisit,
748 758 935 813 dicens
965 773 978 808 :
1017 772 1036 806 ι
1071 753 1130 810 Si
1161 751 1282 823 quis
1312 748 1426 806 vult
1451 757 1574 819 post
1598 761 1683 800 me
1704 743 1917 807 venire,

329 860 558 925 abneget
585 852 940 921 semetipsum
980 868 1000 902 ι
1035 844 1175 915 sibi},
1210 865 1229 897 ι
1261 853 1315 899 et
1344 842 1495 898 tollat
1519 853 1734 898 crucem
1762 851 1916 892 suam

328 956 677 1017 etscquatur
715 959 802 1000 me
841 940 1057 1013 (ΜαιιΙι.
1091 953 1202 1003 xvr,
1234 932 1345 1008 24).
1378 955 1396 988 ι
1443 933 1594 990 Unde
1632 929 1771 986 idem
1811 927 1916 986 Ilo-

329 1016 508 1094 minus
570 1035 748 1091 Jesus.
790 1033 842 1088 in
909 1028 1232 1102 Apocalypsi
1295 1027 1614 1098 prmcipiens
1677 1016 1920 1092 apostolo

328 1129 520 1186 Joanni
571 1109 822 1205 scribere
855 1124 1045 1194 angelo
1089 1121 1310 1192 Ephesi,
1359 1121 1500 1174 inter
1544 1113 1650 1190 alia
1701 1113 1914 1185 inquit:

336 1244 354 1276 ι
391 1223 503 1279 IIoc
530 1221 718 1286 habes,
747 1219 872 1290 quia
901 1218 1062 1273 odisti
1088 1215 1230 1273 facta
1268 1213 1656 1280 Nicolaitaru‘m
1675 1250 1690 1276 ,
1718 1223 1838 1280 quae
1866 1216 1921 1264 et

337 1335 354 1366 ι
389 1329 490 1385 ego
527 1313 614 1367 odi
657 1311 843 1383 (Apoc.
886 1325 960 1375 ιι,
1001 1309 1080 1380 6).
1127 1327 1145 1359 ι
1190 1307 1326 1364 Hinc
1359 1306 1526 1361 etiam
1565 1300 1756 1374 angelo
1796 1298 1923 1354 Per-

328 1407 474 1479 gami
505 1406 633 1461 dicit
663 1419 677 1458 :
713 1422 731 1455 ι
767 1403 952 1471 Ilabeo
978 1402 1264 1457 adversum
1296 1407 1350 1455 te
1375 1413 1568 1471 pauca,
1595 1396 1721 1466 quia
1751 1393 1920 1450 babes

338 1519 366 1550 ι
396 1500 520 1554 illuc
547 1505 794 1552 tenentes
815 1495 1118 1552 doctrinam
1148 1492 1391 1568 Baalam,
1423 1489 1515 1563 qui
1553 1489 1777 1543 docebat
1820 1485 1920 1540 Ba-

339 1610 358 1649 ι
394 1591 509 1646 alac
540 1590 753 1644 mittere
793 1587 1105 1644 scandalum
1141 1601 1328 1656 coram
1359 1584 1483 1638 ﬁliis
1517 1580 1728 1650 Israel,
1759 1580 1922 1634 cdere

341 1701 360 1734 ι
395 1695 446 1734 et
475 1680 729 1734 fornicari
773 1693 787 1732 :
829 1679 900 1732 ita
942 1679 1108 1732 babes
1147 1685 1202 1731 et
1239 1687 1293 1730 tu
1337 1681 1578 1730 tenentes
1617 1669 1918 1726 doctrinam

335 1791 357 1822 ι
392 1771 774 1826 Nieolaitarum
805 1768 992 1840 (lbid.,
1024 1769 1110 1829 11,
1146 1767 1250 1837 15),
1293 1785 1311 1817 ι

2023 545 2331 625 (Nunquid
2374 568 2478 606 non
2513 550 2778 604 habemus
2821 554 3178 618 potestatem,
3211 559 3451 600 sororem
3483 561 3600 600 ιιιιι-

2017 647 2204 704 Iierem
2257 640 2740 706 circtumlucendi,
2802 640 2942 695 sicut
3011 637 3208 696 fratres
3264 639 3474 694 Domini
3544 647 3602 696 et

2018 737 2258 810 Cephas"
2287 759 2303 789 ι
2339 735 2395 808 (f
2433 735 2555 788 Cor.
2589 750 2666 799 Ix,
2698 733 2783 803 5.)
2810 731 2946 788 Vide
2993 730 3272 802 insipiens,
3313 730 3437 801 quia
3491 746 3598 786 nou

2019 833 2194 888 dixit:
2253 829 2502 900 Nunquid
2541 844 2644 881 ιιοιι
2688 826 2946 881 habemus
2977 833 3300 895 potestatem
3351 839 3597 878 sororem

2021 923 2299 979 mulierem
2335 918 2727 992 amplectendi,
2771 917 2865 972 sed
2901 913 3364 980 circumducendi,
3393 913 3604 968 scilicet

2019 1026 2080 1071 ut
2127 1018 2192 1071 de
2229 1014 2475 1070 mercelc
2517 1008 2920 1081 praalicationis
2949 1015 3348 1063 sustentaretur
3397 1007 3463 1061 ab
3499 1005 3599 1068 eis.

2022 1124 2121 1162 nec
2171 1117 2347 1160 tamen
2381 1101 2519 1158 foret
2547 1101 2800 1171 deinceps
2840 1101 2981 1155 inter
3024 1114 3117 1154 eos
3163 1095 3380 1153 carnale
3417 1097 3602 1166 conju-

2021 1201 2188 1273 gium.
2237 1197 2505 1253 Praeterea
2557 1211 2654 1251 cur
2685 1194 2877 1263 aliquis
2924 1191 3094 1246 laicus
3135 1198 3395 1244 uxoratus
3449 1189 3606 1244 dubi-

2023 1293 2161 1348 tabit
2209 1290 2273 1346 ad
2327 1289 2725 1345 ecclesiasticos
2770 1285 2968 1358 gradus
3013 1284 3329 1347 ascendere,
3389 1297 3511 1335 cum
3553 1280 3604 1336 ei

2022 1399 2152 1447 una,
2195 1382 2313 1436 sine
2341 1395 2448 1454 qua
2491 1391 2612 1432 esse
2667 1392 2773 1430 non
2825 1373 3003 1440 debet,
3035 1373 3206 1444 possit
3238 1372 3306 1426 ad
3353 1369 3607 1427 carnales

2021 1472 2298 1544 amplexus
2341 1467 2626 1526 sufficere?
2653 1465 2720 1522 Et
2749 1481 2918 1536 quare
2948 1477 3022 1529 tu,
3053 1464 3144 1534 qui
3179 1471 3462 1532 tantopere
3485 1461 3607 1517 Cleo

2024 1553 2219 1622 ruentis
2268 1562 2496 1632 capitula
2544 1560 2815 1632 pr0p0nis,
2868 1557 3153 1627 epistolam
3213 1553 3331 1623 ejus
3389 1555 3454 1608 de
3496 1569 3604 1625 qua

2024 1655 2272 1726 superius
2295 1654 2554 1716 diximus,
2584 1666 2690 1705 non
2719 1647 2989 1703 attendis?
3012 1646 3087 1701 lbi
3119 1646 3263 1701 enim
3288 1643 3358 1699 ita
3377 1644 3602 1700 dici'ur:

2031 1769 2048 1801 ι
2088 1749 2283 1804 Tribus
2314 1747 2568 1818 gradibus
2609 1743 2914 1808 divinorum
2953 1741 3241 1796 commissa
3273 1749 3606 1813 secretorum

361 1924 364 1928 η
404 1861 590 1931 xx“,
640 1831 1224 1928 Suﬂcc'emquuidc..i
1260 1858 1396 1920 tunc,
1443 1870 1476 1908 ο
1525 1853 1786 1908 Νίιιοιειῑια
1819 1851 1914 1906 Ni-
1949 1833 1992 1893 Β
2021 1851 2149 1896 sunt
2191 1845 2554 1902 sacramenta,
2585 1833 2636 1888 id
2667 1843 2773 1899 est,
2804 1832 3156 1904 preslyteris,
3212 1831 3527 1886 diaconibus
3551 1838 3608 1884 et

330 1961 473 2017 ccta,
499 1952 562 2023 ad
595 1949 1018 2021 convincendum
1047 1964 1310 2011 errorem,
1349 1949 1442 2002 sed
1471 1947 1596 2016 quia
1622 1945 1918 2013 canalibus

331 2048 431 2104 sub
456 2046 672 2100 nomine
708 2043 1091 2115 apostolorum
1120 2041 1281 2096 editis
1322 2055 1422 2094 nos
1452 2054 1645 2109 urgere
1676 2037 1915 2092 videris:

328 2150 600 2205 exponere
646 2135 738 2188 tibi
773 2143 860 2186 tua
896 2130 1135 2202 capitula
1169 2127 1820 2198 decrevimus,quatnvis
1855 2141 1922 2184 ea,

332 2211 474 2290 inter
499 2225 806 2296 apocrypha
832 2217 1018 2293 'usque
1065 2237 1206 2291 nunc
1241 2236 1435 2290 magna
1474 2233 1540 2272 ex
1582 2225 1734 2287 parte
1768 2232 1916 2278 com-

332 2319 732 2388 pittavcrimus,
761 2325 819 2369 ut
842 2324 1028 2385 aperte
1060 2321 1422 2384 cognoscatur
1463 2326 1563 2368 nec
1595 2308 1918 2380 apocryphis

331 2426 431 2466 nec
464 2408 786 2464 authenticis
809 2422 900 2462 vos
932 2415 1141 2460 vestras
1166 2403 1396 2473 ineptias
1426 2418 1582 2473 posse
1599 2400 1914 2461 defendere.

330 2501 471 2555 Ante
501 2502 680 2556 omnia
733 2509 908 2555 autem
939 2496 1359 2566 comprobaruns
1391 2503 1442 2548 te
1474 2507 1595 2548 esse
1633 2490 1917 2544 mentitum

336 2595 440 2664 ipsi,
466 2594 702 2655 veritati,
741 2592 794 2645 in
821 2608 884 2646 eo
929 2590 1070 2660 quod
1100 2588 1282 2643 dixisti
1319 2595 1557 2642 nostros.
1581 2583 1731 2654 prius
1767 2581 1918 2636 ordi-

337 2688 478 2746 nari,
517 2685 706 2740 deinde
738 2699 933 2738 uxores
965 2681 1169 2736 sortiri.
1214 2680 1348 2746 Quia
1399 2678 1540 2748 apud
1573 2691 1680 2735 nos.
1717 2690 1815 2728 nec
1849 2674 1920 2729 ad

337 2777 758 2832 subdiaconatus
801 2775 1028 2846 gradum
1075 2755 1362 2841 quisquam
1404 2767 1746 2828 admittitur,
1815 2764 1919 2826 nisi,

334 2876 651 2936 perpetuam
699 2863 1088 2919 continentiam
1137 2861 1300 2917 etiam
1348 2879 1379 2914 a
1431 2858 1645 2930 prepria
1693 2854 1921 2926 conjuge

335 2959 673 3027 profiteatur.
711 2958 816 3014 Nec
853 2965 974 3028 post
1001 2957 1228 3028 gradum
1269 2955 1520 3024 cuiquam
1549 2967 1775 3005 uxorem
1813 2951 1916 3004 duo.

336 3064 463 3103 cere
519 3065 751 3118 unquam
800 3048 1138 3104 conceditur.
1194 3046 1298 3101 Sed
1354 3053 1408 3098 tu
1463 3041 1766 3104 Ecclesiam
1820 3039 1918 3098 Dei

336 3139 524 3195 volens
570 3140 786 3194 eflicere
832 3154 1158 3210 synagogam
1201 3135 1416 3191 Satanae
1458 3142 1514 3189 et
1562 3132 1916 3204 prostibulum

337 3227 557 3284 Balaam
585 3237 638 3284 et
657 3226 896 3292 Iezabel,
929 3245 1050 3283 cum
1080 3226 1302 3283 Nicolao
1325 3225 1458 3284 dicis
1495 3243 1507 3279 :
1545 3243 1563 3276 ι
1601 3224 1920 3293 Episcopum

335 3330 395 3375 et
437 3321 807 3391 presbyterum
861 3328 918 3375 et
967 3320 1252 3375 diaconum
1308 3318 1571 3380 dicimus,
1617 3314 1709 3385 qui
1757 3328 1924 3382 uuam

339 3413 501 3469 habet
529 3429 775 3478 uxorem,
799 3412 1066 3477 ordinari,
1096 3412 1342 3482 quamvis
1369 3410 1551 3464 vivant
1579 3421 1768 3462 eorum
1791 3421 1920 3461 cou-

334 3505 508 3574 juges,
546 3494 791 3574 quamvis
829 3502 1118 3559 defuncta».
1153 3500 1262 3556 Nec
1287 3500 1411 3556 licet
1439 3514 1534 3554 eos
1564 3506 1686 3568 post
1726 3511 1921 3550 manus

337 3593 734 3664 impositionem
763 3596 1018 3666 innuptos
1046 3607 1186 3660 esse,
1217 3608 1316 3648 nec
1348 3592 1567 3660 insuper
1597 3587 1665 3642 ad
1706 3588 1920 3657 nuptias

337 3686 438 3751 ire,
473 3696 582 3751 aut,
612 3688 654 3741 si
687 3687 990 3757 nupserint,
1019 3685 1221 3740 alteras
1247 3682 1522 3752 amplecti,
1553 3679 1647 3736 scd
1676 3678 1920 3734 sufficere

337 3777 419 3832 eis
459 3793 594 3848 quas
627 3778 827 3833 habent
875 3793 998 3832 cum
1034 3777 1100 3831 ad
1134 3773 1533 3831 ordinationem
1569 3778 1853 3828 venerunt.
1893 3789 1913 3822 ι

337 3869 383 3926 0
452 3869 829 3925 abominabilis
883 3867 1115 3940 Cynice,
1166 3866 1436 3937 quomodo
1490 3878 1596 3918 non
1656 3859 1918 3916 erubuisti

341 3968 551 4013 tantum
585 3958 738 4014 nefas
763 3959 1049 4014 evomere?
1075 3959 1222 4030 Ergo
1253 3972 1357 4010 non
1384 3954 1511 4010 licet
1535 3954 1768 4023 aliquem
1798 3960 1920 4023 post

339 4065 529 4104 manus
579 4050 978 4120 impositionem
1029 4051 1146 4105 sine
1184 4063 1352 4103 uxore
1397 4047 1554 4102 esse?
1606 4046 1664 4100 Si
1697 4046 1767 4099 ita
1808 4053 1914 4110 est,

339 4140 456 4210 ipse
499 4139 736 4195 Joannes
781 4139 1058 4211 apostolus
1117 4147 1171 4194 et
1211 4136 1408 4192 Paulus
1454 4145 1510 4189 et
1560 4133 1838 4187 Barnabas
1867 4141 1920 4187 et

339 4233 514 4288 omnis
541 4232 826 4288 continens
863 4232 914 4285 in
961 4230 1128 4303 gradu
1161 4227 1533 4285 ecclesiastico
1563 4225 1618 4280 in
1652 4224 1807 4295 culpa
1839 4231 1922 4278 est

338 4323 526 4396 procul
559 4325 741 4380 dubio.
787 4323 938 4380 Unde
984 4337 1207 4378 necesse
1246 4329 1420 4377 estut
1453 4319 1667 4374 futurus
1711 4316 1922 4387 episcoé

338 4431 472 4495 pus,
518 4416 836 4488 presbyter,
893 4414 1154 4471 diaconus
1209 4421 1265 4490 et
1324 4411 1721 4475 subdiaconus,
1774 4409 1922 4478 prius

2020 1931 2455 1989 subdiaconibus.
2485 1947 2502 1980 ι
2531 1927 2594 1982 Et
2614 1937 2734 1998 post
2762 1926 3016 1980 nonnulla
3051 1943 3064 1978 :
3095 1944 3112 1976 ι
3159 1923 3391 1994 Ministri
3418 1923 3606 1999 altaris

2019 2027 2086 2082 ad
2113 2024 2390 2080 Dominica
2426 2021 2559 2076 tales
2580 2021 2853 2092 eligantur
2874 2017 3074 2082 oflicia,
3109 2018 3198 2088 qui
3228 2025 3353 2071 ante
3384 1995 3605 2090 ordinm-:4

2023 2123 2222 2178 tionem
2261 2118 2515 2190 conjuges
2565 2124 2855 2181 noverunt,
2889 2115 3100 2170 scilicet
3123 2113 3167 2168 si
3194 2127 3407 2182 semper
3433 2109 3605 2166 conti-

2020 2231 2151 2270 nere.
2177 2212 2471 2267 voluerint.
2492 2209 2642 2276 Quod
2673 2207 2716 2261 si
2742 2215 2862 2277 post
2887 2205 3282 2261 ordinationem
3320 2201 3607 2273 contigerit

2021 2304 2327 2359 ministrum
2354 2298 2862 2372 proprizcinvadere
2892 2296 3067 2351 cubile
3091 2295 3299 2358 uxoris,
3323 2292 3606 2368 secretarii

2021 2413 2124 2451 ιιοιι
2170 2401 2308 2450 terat
2358 2392 2574 2454 limina,
2623 2385 2722 2444 nec
2778 2387 3026 2442 sacrificii
3079 2389 3307 2458 portitor
3355 2386 3474 2452 fiat,
3507 2399 3607 2440 nec

2019 2487 2190 2542 altare
2221 2483 2520 2552 contingat,
2556 2496 2654 2535 nec
2691 2480 2759 2534 ab
2788 2479 3145 2534 offerentibus
3179 2477 3493 2533 holocausta
3520 2474 3604 2550 vel

2019 2575 2319 2633 oblationes
2361 2572 2638 2640 suscipiat,
2674 2561 2774 2625 nec
2812 2570 2878 2624 ad
2903 2568 3166 2646 Dominici
3199 2567 3445 2638 corporis
3480 2583 3609 2642 pore

2023 2671 2220 2726 tionem
2257 2665 2498 2723 accedat.
2530 2664 2739 2734 Aquam
2772 2650 3119 2718 sacerdotum
3148 2662 3394 2732 porrigat
3429 2657 3607 2714 mauio'

2019 2762 2142 2826 bus,
2168 2758 2305 2813 ostia
2354 2756 2654 2812 forinsecus
2684 2752 2934 2820 claudat;
2968 2755 3180 2808 minora
3214 2762 3420 2808 tantum
3453 2759 3608 2823 gerat

2020 2852 2126 2908 offi.
2149 2853 2218 2914 ia,
2251 2863 2470 2903 urceum
2508 2860 2636 2900 sane
2660 2845 2725 2898 ad
2759 2844 2935 2899 altare
2961 2860 3068 2898 non
3099 2852 3373 2915 suggerat.
3413 2862 3432 2895 ι
3537 2909 3540 2911 Α

2037 2943 2042 2948 ’
2090 2945 2320 3001 XXVIII.
2350 2943 2516 2999 Porro
2556 2938 2792 3008 synodus
2846 2936 3062 2992 Nicaeua
3117 2937 3341 2994 omnino
3377 2949 3608 2991 venera-

2021 3038 2228 3094 biliset
2254 3038 2588 3103 authentica,
2626 3038 2706 3092 sic
2735 3037 2802 3091 de
2837 3035 2949 3091 suis
2972 3018 3138 3097 actis,
3181 3030 3234 3084 id
3280 3037 3398 3100 est,
3421 3027 3608 3082 subin-

2027 3131 2288 3186 trodnctis
2311 3131 2472 3186 habet
2503 3148 2516 3184 :
2554 3149 2571 3182 ι
2607 3128 2948 3186 Omnimodis
2984 3124 3260 3181 interdicit
3289 3130 3479 3180 sancta
3513 3134 3609 3190 sy-

2026 3225 2220 3290 nodus,
2263 3234 2320 3280 et
2361 3239 2535 3295 neque
2564 3224 2834 3294 episCOpo,
2870 3233 3044 3292 neque
3069 3215 3403 3289 presbytero,
3433 3226 3610 3282 neque

2022 3316 2268 3381 diacono,
2335 3330 2510 3386 neque
2575 3313 2666 3368 ulli
2700 3313 2933 3376 omnino
2960 3309 3284 3366 clericorum
3337 3301 3608 3374 permittit

2022 3397 2222 3462 habere
2248 3423 2430 3462 secum
2465 3406 2745 3462 mulierem
2795 3413 3138 3468 extraneam,
3168 3399 3272 3454 nisi
3313 3395 3455 3452 forte
3489 3412 3604 3450 ma-

2024 3509 2106 3556 ter
2124 3501 2216 3565 sit,
2233 3514 2455 3554 sororve
2477 3509 2566 3554 aut
2595 3499 2785 3553 amita.
2814 3497 2869 3552 In
2896 3497 2987 3551 bis
3015 3508 3248 3564 namque
3279 3489 3529 3562 personis
3553 3495 3608 3540 et

2022 3593 2213 3648 horum
2251 3591 2516 3647 similibus
2537 3591 2714 3646 omnis
2736 3589 2973 3660 suspicio
3008 3586 3334 3642 declinatur.
3363 3582 3464 3652 Qui
3504 3595 3606 3634 au-

2023 3674 2129 3740 tem
2158 3683 2486 3754 prreteragil,
2518 3683 2912 3754 periclitabitur
2936 3680 3004 3736 de
3046 3678 3238 3734 ordine
3263 3691 3383 3732 suo.
3415 3693 3434 3726 ι

2093 3773 2284 3829 XXIX.
2336 3773 2536 3829 Beatus
2586 3790 2805 3843 quoque
2849 3787 2986 3843 papa
3041 3767 3389 3824 Innocentius
3445 3763 3608 3817 latius

2024 3867 2147 3922 hinc
2176 3865 2422 3921 scribens
2466 3865 2767 3936 Exsuperio
2800 3866 3055 3935 episcopo
3102 3861 3370 3916 Tolosano
3414 3857 3545 3930 dicit
3587 3873 3602 3909 :

2027 3980 2044 4012 ι
2081 3957 2415 4029 Proposuisti
2454 3959 2584 4028 quid
2637 3959 2704 4012 de
2746 3957 2832 4012 bis
2881 3955 3162 4012 observari
3212 3951 3425 4010 debeat,
3466 3963 3606 4019 quos

2021 4051 2600 4142 diaconiiministerio,
2641 4059 2734 4104 aut
2777 4049 2829 4104 in
2875 4047 3056 4104 officio
3106 4046 3312 4117 positos
3363 4043 3600 4098 incentio-

2022 4154 2211 4198 nentes
2233 4159 2354 4198 esse
2379 4153 2471 4196 aut
2495 4134 2660 4198 fdisse
2684 4140 2925 4212 generati
2955 4140 3050 4194 lilii
3085 4138 3392 4211 prodidere.
3423 4134 3499 4189 De
3521 4134 3606 4189 his

2021 4241 2076 4287 et
2105 4229 2405 4286 divinarum
2433 4232 2606 4303 legum
2647 4241 2731 4288 est
2762 4230 3070 4302 disciplina,
3103 4243 3153 4285 et
3196 4230 3368 4284 beatae
3415 4241 3605 4282 recor-

2022 4324 2260 4400 dationis
2290 4325 2387 4379 viri
2413 4324 2592 4402 Siricii
2624 4323 2863 4396 episcopi
2915 4322 3117 4392 monita
3145 4322 3417 4376 evidentia
3445 4335 3601 4375 com-

2024 4405 2298 4485 mearunt,‘
2344 4425 2401 4471 ut
2454 4417 2855 4473 incontinentes
2886 4417 2939 4471 in
2968 4412 3162 4470 officiis
3219 4413 3416 4468 talibus
3441 4410 3602 4483 positi

341 4524 563 4567 uxorem
620 4509 900 4572 sortiatur,
948 4521 1070 4576 qua:
1135 4506 1236 4561 sibi
1296 4504 1544 4560 sufficere
1607 4503 1802 4558 debeat
1856 4499 1918 4555 ad

2023 4510 2170 4566 omni
2202 4510 2408 4564 honore
2439 4507 2810 4563 ecclesiastico
2839 4509 3204 4578 privarentur,
3255 4519 3355 4558 nec
3404 4503 3604 4559 admit-

337 4601 584 4658 carnales
611 4599 921 4671 amplexus?
951 4596 1200 4667 Nunquid
1232 4597 1384 4653 laicis
1413 4611 1519 4652 non
1541 4593 1748 4650 sufticit
1777 4593 1920 4647 una?

340 4693 442 4746 nisi
467 4693 605 4745 forte
646 4691 925 4760 discipulis
962 4688 1182 4761 maligni
1218 4687 1526 4752 Muhamed,
1549 4685 1702 4755 cujus
1735 4684 1923 4746 farina:

343 4791 487 4838 totus
532 4797 610 4836 es.
659 4782 737 4836 Tu
773 4798 986 4852 quoque
1008 4783 1131 4852 quia
1165 4782 1446 4852 presbyter
1469 4795 1553 4844 es,
1601 4779 1721 4834 sine
1753 4789 1923 4831 uxore

341 4886 461 4951 esse
489 4888 592 4926 non
628 4870 806 4935 debes,
839 4872 1129 4928 secundum
1158 4870 1483 4927 assertiones
1504 4879 1642 4924 tuas.

412 4962 625 5018 XXVII.
659 4961 766 5018 Sed
802 4961 915 5041 jam
943 4963 1222 5020 videamus
1267 4960 1497 5031 capitula
1543 4959 1739 5036 quibus
1765 4968 1924 5027 putas

340 5070 498 5127 posse
527 5055 740 5111 defendi
778 5056 1042 5112 adulteria
1083 5051 1464 5120 'sacerdotum,
1507 5069 1613 5108 non
1645 5050 1920 5121 conjugja.

348 5165 364 5174 ο
409 5147 699 5174 ιἈξρΑΑλ.ιιι
740 5147 955 5174 ἓνεκα--.η
1007 5147 1392 5174 νι-ηοιιανιιιυιαιιο
1425 5144 1678 5174 δίκαιε-ωηο
1697 5153 1918 5174 ..κῆνο-νδ

2027 4611 2268 4659 terentur
2292 4603 2550 4658 accedere
2595 4601 2662 4656 ad
2709 4600 3068 4655 ministerium
3096 4597 3242 4668 quod
3283 4595 3397 4649 sola
3428 4594 3602 4649 conti-

2025 4696 2206 4750 nentia
2244 4687 2458 4766 Oportet
2507 4693 2738 4763 impleri.
2766 4711 2784 4744 ι
2837 4693 2981 4747 Idem
3029 4691 3096 4745 ad
3127 4687 3440 4743 Victricium
3483 4685 3601 4756 epi-

2025 4800 2244 4855 scopum
2277 4801 2292 4838 :
2339 4805 2358 4836 ι
2393 4783 2662 4839 Praeterea
2703 4782 2845 4851 quod
2892 4781 3115 4852 dignum
3179 4787 3233 4832 et
3259 4777 3512 4848 pudicum
3547 4783 3605 4830 et

2024 4875 2312 4930 honestum
2347 4882 2529 4929 tenere
2554 4871 2791 4928 Ecclesia
2829 4871 3143 4926 omnimodo
3182 4868 3362 4934 debet,
3410 4877 3470 4922 ut
3517 4880 3604 4923 sa-

2022 4965 2272 5021 cerdotes
2315 4971 2372 5018 et
2419 4962 2597 5019 levitas
2645 4977 2766 5017 cum
2815 4961 3079 5018 uxoribus
3122 4958 3236 5016 suis
3258 4973 3362 5012 non
3388 4966 3602 5025 coeant,

2024 5058 2151 5129 quia
2183 5056 2471 5112 ministerii
2491 5052 2787 5129 quotidiani
2810 5053 3227 5110 necessitatibus
3251 5063 3604 5122 occupantur.

2027 5148 2300 5174 Ω-..2.ιι..-η
2326 5149 2562 5174 ΑησΑιιξ-υι
2587 5165 2601 5174 .
2633 5163 2650 5174 ι
2676 5143 2858 5174 ull-10.:
2879 5152 3052 5174 ΔοΙΑοΛ
3091 5140 3344 5174 ηιιΛΙιῖηηι
3370 5157 3472 5174 Anz.
3487 5161 3579 5174 an“
