4124 5374
564 352 667 408 999

1581 345 2008 417 ttuuunn‘rcs
2060 363 2117 417 s.
2172 365 2234 418 ιι.
2277 365 2338 418 ιε.
2383 350 2790 424 canamus

3683 341 3827 438 iano

557 472 705 525 dare.
764 470 975 534 Quanto
1009 469 1206 540 magis
1241 471 1306 526 hi
1328 475 1639 530 sacerdotes
1693 475 1773 531 vel
1832 477 2006 531 levitac
2037 494 2132 548 [ιιι-
2169 485 2207 538 Α
2253 475 2624 534 benedictione
2673 473 2993 537 sacerdotali
3030 486 3292 554 permittit
3335 506 3348 541 :
3397 498 3500 545 Leo
3524 504 3701 547 autem
3735 499 3821 547 vi-

535 553 795 616 dicitiam
822 575 886 615 ex
942 563 1028 616 die
1078 565 1438 620 ordinationis
1502 583 1613 621 sua:
1667 584 1886 623 servare
1912 570 2127 632 debent,

553 651 749 722 quibus
771 653 1132 708 sacerdotium
1149 655 1230 708 vel
1259 657 1619 730 ministerium
1650 659 1766 713 sine
1789 663 2131 715 successione

550 751 656 807 est,
693 757 791 797 nec
817 745 1055 811 pr:.r.terit
1092 739 1207 800 dies
1255 761 1360 816 qua
1399 747 1483 803 vel
1534 765 1563 802 a
1607 751 1893 807 sacrificiis
1933 752 2130 807 divinis

551 841 645 886 aut
678 834 1016 903 baptismatis
1039 835 1221 891 officio
1270 841 1498 894 vacent?
1543 840 1677 895 Nam
1723 842 1765 896 si
1809 842 2010 898 Paulus
2064 848 2129 900 ad

553 921 863 982 Corinthios
885 927 1098 994 scribit,
1135 930 1321 986 dicens
1353 949 1364 984 :
1402 951 1419 983 ι
1459 932 1743 988 Abstincte
1774 951 1868 989 vos
1898 937 1964 990 ad
1989 945 2127 990 tcm-

556 1031 576 1065 α
613 1029 728 1082 pus,
760 1025 817 1069 ut
868 1020 1069 1073 vacetis
1099 1024 1330 1077 orationi
1363 1023 1416 1091 (I
1441 1024 1563 1079 Cor.
1598 1041 1694 1091 vn,
1727 1027 1814 1097 5);
1856 1048 1873 1079 ι
1919 1036 1971 1082 et
2025 1029 2130 1082 hoc

549 1106 735 1175 utique
787 1108 938 1164 laicis
987 1115 1271 1184 prmccpit;
1339 1117 1506 1170 multo
1557 1119 1729 1189 magis
1791 1121 2124 1185 sacerdotes,

549 1196 743 1264 quibus
770 1206 820 1252 ct
850 1203 1035 1255 orandi
1078 1212 1129 1256 et
1167 1203 1506 1261 sacrificandi
1547 1207 1675 1278 juge
1725 1209 1963 1266 oflicium
2017 1223 2124 1276 est,

549 1304 759 1362 semper
789 1293 1055 1350 debebunt
1087 1297 1154 1351 ab
1181 1298 1479 1366 huiusmodi
1507 1303 1779 1358 consortio
1802 1305 2076 1381 abstinere
2108 1322 2122 1358 :

547 1379 640 1448 qui
685 1381 728 1434 si
772 1386 1172 1441 contaminatus
1219 1387 1382 1442 fuerit
1413 1392 1621 1446 carnali
1679 1379 2123 1465 Concupiscentia

546 1475 787 1528 exaudiri
819 1493 978 1547 posse
1010 1495 1066 1533 se
1097 1481 1306 1535 credit?
1356 1498 1477 1538 cum
1505 1484 1707 1539 dictum
1732 1487 1801 1541 sit
1828 1505 1841 1540 :
1877 1506 1894 1537 ι
1929 1487 2122 1543 Omnia

548 1583 568 1615 ι
605 1566 799 1620 mumla
829 1568 1069 1634 mundis;
1123 1572 1490 1643 coinquinatis
1516 1585 1696 1630 autem
1730 1589 1784 1632 et
1817 1577 2124 1634 infidelibus

541 1655 672 1708 nihil
704 1659 958 1712 mundum
993 1659 1117 1730 (Tit.
1147 1679 1186 1728 ι,
1238 1662 1350 1733 I5).
1385 1684 1404 1717 ι
1441 1665 1547 1721 Sed
1576 1663 1805 1722 fortasse
1829 1670 1930 1724 hoc
1960 1668 2122 1724 licere

543 1747 734 1810 credit,
794 1750 920 1818 quia
973 1752 1231 1822 scriptum
1280 1763 1364 1809 est
1417 1772 1431 1807 ε
1491 1774 1508 1807 ι
1562 1755 1731 1812 Unius
1793 1760 1978 1815 uxoris
2042 1761 2122 1814 vi-

2237 567 2397 621 duam
2422 579 2474 621 et
2498 575 2859 640 repudiatam;
2896 575 3018 646 quia
3053 590 3272 646 propter
3309 581 3410 636 hoc
3437 583 3606 636 solum
3661 585 3822 639 dein-

2236 671 2363 726 ceps
2421 673 2519 713 nec
2576 660 2644 714 ad
2693 664 3136 720 subdiaconatum
3163 669 3384 737 provehi
3413 680 3680 740 poterunt,
3712 691 3813 728 nec

2234 750 2400 807 laicus
2431 770 2537 808 non
2572 757 2838 828 virginem
2873 762 3098 815 sortitus
3125 777 3383 829 uxorem,
3422 776 3512 819 aut
3567 766 3815 836 higanms

2233 840 2299 895 ad
2331 842 2669 900 clericatmn.
2714 848 2866 914 Quod
2913 850 2957 904 si
3005 851 3124 920 quis
3158 853 3500 921 praefuturum
3556 859 3807 912 ordinum

2232 923 2503 987 desiderat
2523 935 2590 989 ad
2619 937 3064 994 subdiaconatum
3089 944 3404 1007 ascendere,
3445 946 3683 1014 nequihit
3705 948 3811 1002 tm:

2231 1020 2346 1076 sine
2371 1032 2635 1080 censensu
2668 1027 2850 1084 uxoris
2872 1045 3005 1096 sum,
3031 1040 3090 1087 ut
3111 1033 3177 1088 de
3206 1035 3408 1090 carnali
3436 1036 3688 1108 deinceps
3713 1037 3808 1093 liat

2231 1111 2539 1185 eonjugium
2590 1119 2892 1188 spirituale.
2942 1125 3161 1179 nemine
3187 1140 3281 1180 eos
3319 1128 3385 1180 ad
3429 1128 3531 1184 hoc
3555 1133 3802 1201 cogente:

2231 1202 2337 1258 Nec
2367 1208 2694 1276 permittitur
2715 1220 2899 1280 postea
2925 1227 3060 1268 uxor
3087 1215 3241 1286 iungi
3282 1218 3452 1272 eidem
3485 1235 3583 1274 suo
3608 1223 3805 1274 marito

2229 1297 2532 1361 carnaliter,
2594 1305 2693 1354 nec
2741 1303 2992 1373 cuiquam
3031 1307 3236 1362 nubere
3288 1309 3340 1363 in
3393 1311 3500 1365 vita
3554 1323 3645 1366 aut
3681 1325 3803 1381 post

2230 1392 2454 1443 mortem
2484 1388 2642 1457 illius,
2672 1391 2870 1462 alioqui
2897 1397 3404 1453 anlthematiZamla
3435 1411 3518 1454 est
3547 1420 3561 1456 :
3591 1405 3722 1457 sicut
3749 1416 3797 1457 et

2226 1475 2502 1542 diaconus,
2528 1487 2584 1533 et
2603 1481 2987 1551 subdiaconus,
3011 1499 3065 1540 et
3087 1490 3372 1559 presbyter
3393 1503 3483 1544 aut
3510 1493 3795 1564 episcopus

2227 1563 2569 1634 deponendus
2601 1570 2752 1622 suam
2784 1581 3052 1641 repetens,
3098 1585 3192 1630 aut
3237 1588 3549 1634 extraneam
3578 1563 3797 1647 ducens,

2217 1653 2370 1724 juxta
2399 1657 2541 1726 quod
2571 1658 2632 1712 in'
2655 1658 3075 1720 Neaeresarie'nsi
3098 1669 3327 1723 concilio
3353 1672 3641 1728 orthodoxi
3667 1689 3800 1728 san-

2223 1759 2350 1798 xere
2378 1745 2586 1802 Patres.
2827 1759 2834 1762 ”

541 1851 658 1889 rum
691 1837 742 1906 (Ι
773 1837 932 1906 Tim.,
970 1857 1049 1907 ιιι,
1079 1842 1154 1914 2).
1199 1863 1217 1895 ι
1253 1844 1368 1900 Non
1423 1857 1641 1919 propter
1688 1852 2114 1919 permanentiam
2152 1853 2192 1912 Β
2291 1836 2524 1894 XXXII"
2551 1837 2772 1896 Talibus
2815 1857 2943 1914 "5°
2989 1847 3368 1906 "almo‘ﬁbus
3421 1868 3588 1923 ““l'm
3635 1858 3778 1910 πίητε

537 1925 592 1981 in
622 1931 1378 2005 concupiscentiagenerandi
1429 1939 1530 1995 hoc
1559 1940 1713 2008 dixit,
1769 1943 1862 1997 sed
1900 1954 2120 2014 propter

533 2023 924 2080 continentiam
957 2025 1213 2084 futuram.
1240 2030 1426 2102 Neque
1446 2034 1590 2088 enim
1623 2035 1862 2108 integros
1889 2055 2118 2107 oorpore

540 2132 644 2171 non
692 2118 926 2186 admisit,
984 2122 1074 2192 qui
1129 2123 1244 2177 ait:
1282 2143 1300 2176 ι
1343 2126 1540 2182 Vellem
1575 2140 1754 2183 autem
1784 2147 1972 2186 otnnes
1999 2149 2118 2189 esse

535 2209 680 2264 sicut
714 2218 766 2264 et
821 2226 921 2282 ego
968 2213 1020 2278 (Ι
1051 2215 1296 2284 Cor.vtt,
1356 2219 1433 2282 7).
1481 2221 1546 2274 Et
1581 2226 1823 2292 apertius
1875 2225 2117 2280 declarat

539 2299 724 2354 dicens
755 2316 768 2352 :
799 2318 816 2350 ι
847 2301 946 2368 Qui
976 2313 1153 2358 autem
1183 2307 1234 2361 in
1259 2324 1421 2364 carne
1450 2320 1598 2375 sunt,
1630 2311 1738 2368 Deo
1765 2313 1980 2384 placere
2009 2333 2114 2370 non

543 2408 562 2440 ι
600 2401 840 2458 possunt.
871 2391 976 2449 Vos
1000 2397 1308 2465 autemjam
1336 2417 1441 2455 non
1471 2404 1603 2459 estis
1639 2405 1689 2459 in
1725 2421 1910 2473 carne,
1935 2408 2028 2464 sed
2061 2410 2113 2464 in

540 2497 559 2530 ι
592 2479 779 2548 Spiritu
813 2480 984 2552 (Rom.
1020 2502 1134 2552 vnt,
1159 2488 1235 2560 8).
1269 2509 1286 2541 ι
1317 2490 1385 2546 Et
1431 2493 1719 2549 habentem
1773 2496 1966 2566 filium,
2009 2515 2113 2555 nou

532 2577 880 2644 generantem
906 2577 1058 2633 dixit.
1095 2599 1112 2632 ι
1192 2617 1212 2636 .

608 2663 775 2720 XXX.
803 2667 865 2722 Et
923 2673 1244 2726 venerabilis
1300 2690 1436 2745 papa
1485 2676 1758 2733 Siricius:
1798 2700 1814 2731 ‹
1861 2680 2113 2738 Feminas

533 2771 636 2811 non
683 2759 816 2814 alias
864 2777 982 2818 esse
1029 2767 1265 2836 patimur
1317 2769 1367 2823 in
1443 2771 1692 2827 domibus
1752 2773 2106 2844 clericorum,

529 2846 637 2900 nisi
676 2863 766 2902 eas
795 2858 1001 2905 tantum
1031 2869 1167 2924 quas
1201 2867 1420 2926 propter
1471 2859 1614 2915 solas
1646 2864 2108 2921 necessitudinum

527 2953 722 2994 causas
781 2941 1025 3002 habitare
1064 2962 1184 3003 cum
1217 2949 1404 3006 iisdem
1436 2955 1669 3024 synodus
1716 2953 1928 3012 Niczeua
1982 2975 2107 3029 per-

531 3029 697 3083 misit.
737 3048 755 3081 ι

605 3121 797 3176 XXXI.
826 3123 1056 3181 Sanctus
1086 3128 1280 3186 deinde
1304 3131 1413 3188 Leo
1457 3151 1591 3206 papa
1625 3138 1888 3194 mirabilis
1921 3141 2110 3196 doctor

2221 1935 2408 1981 sancta
2437 1927 2678 1984 Remana
2732 1932 2968 1989 Ecclesia
3015 1947 3070 1991 et
3120 1943 3413 2008 apostolica
3451 1945 3606 2000 sedes
3645 1947 3796 2001 enini

2221 2017 2421 2072 mundo
2458 2018 2685 2086 refulsit,
2731 2037 2831 2078 nec
2878 2024 3168 2096 aliquando
3213 2025 3453 2087 .Iudaieis
3517 2034 3710 2090 fabulis
3743 2048 3799 2091 et

2217 2110 2540 2181 apocryphis
2564 2113 2848 2184 scripturis
2884 2122 3173 2188 acquievit,
3203 2124 3298 2179 sed
3326 2132 3418 2196 p‘er
3447 2129 3647 2196 primos
3670 2143 3798 2200 apo-

2219 2199 2477 2255 stolorum
2505 2201 2556 2256 in
2585 2203 2698 2273 ipso
2726 2221 2938 2262 summo
2965 2213 3210 2283 angulari
3242 2215 3420 2285 lapide
3453 2219 3669 2274 Christo
3703 2199 3794 2276 le-

2219 2301 2282 2342 su
2314 2289 2558 2357 fundata,
2589 2294 2749 2350 nullis
2779 2298 3078 2358 luercsibus
3103 2305 3300 2370 cessit,
3331 2324 3428 2363 nec
3459 2311 3733 2378 prohibuit
3761 2324 3790 2367 a‘

2217 2379 2467 2450 coniugio
2493 2379 2659 2438 Iaicos
2689 2402 2705 2439 :
2739 2389 2831 2441 sed
2869 2392 3008 2444 scncri
3059 2392 3251 2448 altaris
3289 2398 3562 2454 ministros
3583 2411 3634 2455 et
3661 2418 3788 2472 apo-

2215 2469 2459 2525 stolicam
2484 2473 2866 2541 perfectionem
2896 2481 3170 2550 professos
3195 2491 3510 2545 tuouachos.

2288 2560 2524 2619 XXXIV.
2575 2565 2668 2621 Illa
2727 2578 2905 2626 tamen
2959 2573 3223 2644 Ecclesia,
3275 2596 3436 2650 quam
3483 2583 3643 2640 Arius
3671 2604 3788 2640 cur-

2215 2653 2378 2722 rupit,
2435 2655 2778 2714 Macedonius
2827 2665 3120 2732 prostituit,
3172 2684 3289 2738 qtae
3331 2673 3601 2741 genitniua
3648 2676 3789 2746 \ipe'g

2215 2759 2422 2810 rarum,
2470 2747 2522 2801 id
2551 2757 2655 2812 est,
2706 2749 3038 2821 Nestorium,
3069 2757 3368 2829 Eutychen,
3417 2762 3682 2820 Mouothel
3709 2777 3786 2821 tas

2212 2844 2266 2890 et
2314 2838 2738 2910 'I‘heupaschitas
2784 2855 2837 2899 et
2894 2847 3131 2920 reliquas
3181 2855 3556 2913 lnercticorum
3613 2873 3784 2930 pcStes

2213 2929 2441 2998 peperit,
2469 2931 2648 2988 adlmc
2680 2950 2709 2988 a
2756 2933 2959 2992 Nicolai
3011 2942 3386 3002 haresiarchaa
3413 2929 3779 3020 complexibus

2207 3017 2450 3074 abstrahi
2481 3037 2585 3076 non
2615 3026 2808 3094 potuit,
2854 3030 2988 3087 adeo
3038 3037 3184 3089 utad
3209 3039 3350 3092 sacri
3389 3017 3583 3097 altaris
3625 3045 3777 3097 έιιίιιὶι

2209 3111 2433 3166 sterium
2465 3115 2795 3174 ordinandas
2833 3121 3129 3196 interroget
3174 3144 3241 3183 an
3301 3130 3536 3188 habeant
3569 3150 3775 3190 uxores.

525 3218 586 3265 et
612 3222 811 3267 sancta:
832 3214 1283 3278 Chalcedonensis
1304 3228 1489 3295 synodi
1516 3238 1727 3295 auctor,
1754 3247 1968 3288 omnem
1993 3250 2106 3287 am-

2216 3201 2312 3269 Qui
2337 3208 2724 3275 respondentes
2751 3227 2808 3267 se
2855 3231 2958 3268 non
3005 3217 3203 3276 habere
3238 3226 3633 3295 compelluntur
3677 3230 3779 3298 pri-

532 3302 849 3373 biguitatem
883 3309 1040 3377 hujus
1085 3313 1162 3368 rei
1194 3315 1518 3374 abscindens
1564 3323 1680 3376 ait:
1717 3343 1734 3373 ι
1782 3323 1887 3379 Lex
1938 3328 2108 3382 conii-

531 3397 733 3451 uentia:
776 3401 962 3456 eadem
994 3413 1073 3460 est
1123 3407 1308 3465 altaris
1358 3413 1641 3479 ministris,
1685 3431 1803 3486 quae
1839 3421 2106 3492 episcopis

543 3495 706 3557 atque
735 3492 1082 3564 presbyteris.
1130 3498 1226 3566 Qui
1259 3515 1380 3555 cum
1405 3515 1588 3559 essent
1612 3505 1756 3575 laici,
1791 3510 1904 3565 sive
1935 3510 2104 3567 lecto-

533 3591 646 3643 ues,
691 3579 836 3636 licite
878 3592 932 3638 et
977 3602 1170 3644 uxores
1212 3591 1407 3649 ducere
1435 3606 1492 3650 et
1525 3596 1664 3653 filios
1693 3615 1979 3669 procreare
2009 3619 2105 3674 po-

528 3677 770 3726 tuerunt.
821 3672 926 3731 Sed
968 3692 1089 3733 cum
1138 3683 1204 3736 ad
1242 3687 1528 3753 przedictos
1555 3705 1856 3759 pervenere
1879 3672 2102 3764 gradus,

523 3773 814 3831 cmpcrunt
846 3767 924 3822 eis
954 3785 1059 3825 non
1090 3771 1252 3829 licere
1279 3792 1398 3846 qua:
1447 3778 1733 3838 licuerunt.
1771 3784 1923 3841 Unde
1951 3799 2008 3842 ut
2040 3793 2105 3844 de

521 3857 727 3911 carnali
761 3857 854 3915 flat
910 3863 1186 3934 spirituale
1240 3869 1571 3941 conjugium,
1626 3886 1839 3948 Oportet
1883 3896 1978 3936 eos
2005 3897 2105 3938 nec

525 3947 796 4006 dimittere
835 3969 1050 4022 uxores,
1075 3966 1128 4013 et
1154 3951 1306 4030 quasi
1338 3980 1443 4020 non
1473 3947 1711 4024 habeant
1736 3970 1816 4026 sic
1839 3973 2042 4029 habere
2086 3994 2100 4030 :

516 4058 631 4112 quo
657 4053 712 4098 et
759 4047 904 4102 salva
950 4050 1022 4104 sit
1072 4053 1310 4111 eharitas
1340 4061 1758 4127 concubitum,
1797 4073 1852 4119 et
1889 4077 2104 4121 cessent

524 4148 690 4204 Operti
724 4140 1053 4208 iutptiarum.
1088 4164 1106 4197 ο
1159 4145 1296 4202 Ecce
1319 4149 1407 4204 isti
1434 4168 1555 4207 cum
1601 4153 1767 4212 Petro
1794 4167 1848 4212 et
1876 4173 1973 4228 per
2001 4159 2105 4215 Pe-

520 4234 670 4281 trum
714 4229 890 4286 effecti
941 4235 1195 4308 clavigeri
1231 4243 1381 4312 regni
1413 4245 1698 4315 caelorum,
1757 4250 1830 4305 ita
1862 4253 2102 4307 confrin-

523 4325 664 4385 gunt
699 4333 888 4375 omnes
942 4323 1234 4383 claviculas
1289 4331 1632 4391 infernalium
1688 4350 1994 4410 portarum,
2044 4355 2102 4399 ut

522 4405 670 4460 nulla
687 4407 800 4478 jam
825 4417 1057 4482 supersit
1083 4417 1304 4476 hteresis
1332 4405 1739 4484 Nicolaitarum.

597 4516 810 4638 XXXII.
843 4519 946 4577 Sed
973 4541 1042 4580 ne
1076 4529 1204 4597 quid
1253 4532 1428 4591 minus
1469 4536 1674 4638 factum
1725 4542 1897 4610 dicas,
1927 4562 2097 4603 serta-
2130 4577 2180 4638 ι)

521 4602 620 4660 tim
653 4615 706 4660 et
741 4620 927 4678 aperte
958 4630 1366 4688 prosequemur,
1393 4627 1520 4694 quid
1551 4627 1796 4687 Romana
1857 4602 2099 4696 Ecclesia

519 4699 580 4754 in
605 4701 860 4770 gradibus
897 4705 1218 4768 clericorum
1245 4727 1388 4788 agat.
1422 4721 1660 4781 Clericos
1697 4736 1908 4786 tantum
1932 4737 2099 4790 ostia-

523 4789 656 4856 rios,
687 4791 934 4864 lectores,
962 4804 1280 4873 exorcistas,
1322 4813 1692 4887 «tacolythos,
1727 4822 1772 4876 si
1819 4835 1975 4882 extra
2002 4845 2090 4884 vo-

520 4892 637 4939 tum
671 4894 726 4940 et
754 4887 992 4946 habitum
1027 4899 1273 4954 monachi
1317 4901 1666 4964 inveniuntur
1705 4923 1762 4968 et
1802 4917 2093 4974 continen-

518 4975 650 5030 tiam
677 4976 918 5049 proﬁteri
948 4983 1157 5056 nolunt,
1187 5005 1410 5050 uxorem
1442 4998 1707 5062 virginem
1740 5005 1942 5062 dueere
1964 5026 2087 5062 eum

2210 3313 2357 3352 mum
2397 3299 2597 3356 ducere
2620 3344 2633 3368 ,
2665 3313 2717 3360 et
2743 3307 2822 3360 sic
2847 3308 3206 3379 impositionis
3246 3333 3462 3372 tltattttm
3495 3323 3776 3393 accipere:

2209 3398 2269 3444 ut.
2301 3391 2422 3446 novi
2471 3395 2672 3460 mariti,
2703 3406 2757 3451 et
2799 3402 2999 3455 recenti
3051 3407 3234 3460 carnis
3263 3407 3537 3481 voluptate
3577 3391 3668 3467 toti
3699 3429 3777 3467 re-

2210 3479 2369 3536 soluti
2402 3493 2458 3537 et
2491 3485 2738 3551 mareidi,
2793 3497 2846 3542 ct
2902 3491 3042 3547 inter
3079 3506 3265 3551 sancta
3321 3479 3587 3557 sacrificia
3635 3504 3789 3576 cogi--

2210 3579 2388 3627 tantes
2431 3575 2701 3642 quomodo
2753 3579 2999 3647 placeant
3055 3588 3349 3655 uxoribus,
3380 3575 3769 3648 immaculatum

2208 3661 2409 3718 Christi
2463 3679 2660 3734 corpus
2719 3676 2952 3725 tractent
3001 3683 3162 3744 atque
3213 3679 3409 3748 popqu
3437 3682 3768 3742 distribuant.

2207 3751 2446 3824 indeque
2473 3757 2847 3814 sanctificatas
2869 3777 3056 3818 manus
3084 3767 3148 3818 ad
3173 3770 3511 3825 tractandum
3540 3773 3768 3826 membra

2208 3842 2645 3900 muliebria'mox
2692 3849 2950 3914 referant,
2983 3863 3035 3907 et
3069 3856 3138 3910 sit
3165 3857 3302 3913 sicut
3335 3861 3557 3930 populus
3597 3862 3671 3916 sic
3713 3871 3769 3916 et

2206 3935 2482 4000 sacerdos,
2515 3946 2570 3992 et
2602 3939 2816 3994 tandem
2850 3945 3026 4012 populi
3057 3947 3197 4002 sicut
3223 3955 3531 4008 sacerdotes
3558 3953 3698 4008 mali.

2281 4023 2493 4081 XXXV.
2527 4027 2866 4101 Quapropter
2893 4037 3098 4103 parcite
3136 4039 3249 4109 jam
3279 4043 3450 4107 vobis,
3504 4053 3558 4100 et
3617 4045 3772 4101 nolite

2205 4118 2480 4172 attendere
2509 4120 2788 4188 spiritibus
2820 4127 3024 4182 erroris
3058 4139 3112 4183 et
3159 4131 3544 4190 dtemoniorum
3581 4138 3771 4192 doctri-

2205 4207 2309 4274 nis,
2349 4216 2408 4260 ut
2434 4210 2712 4265 nobiseum
2758 4213 2824 4268 de
2855 4230 2979 4271 rera
3026 4233 3182 4288 pace,
3229 4235 3348 4292 quae
3389 4223 3640 4282 Christus
3664 4236 3770 4290 est,

2203 4296 2291 4352 h'ie
2321 4308 2375 4353 et
2409 4299 2463 4353 in
2514 4301 2696 4356 futuro
2722 4303 3018 4374 gaudeatis.
3060 4309 3138 4365 'I‘u
3167 4327 3325 4379 vero,
3352 4316 3654 4374 miserrime
3683 4319 3768 4372 Nis

2204 4397 2346 4454 ceta,
2372 4390 2542 4447 donec
2566 4395 2871 4465 resipiscas,
2905 4399 2980 4455 sis
3002 4403 3309 4471 anathema,
3349 4409 3417 4462 ab
3439 4412 3586 4466 onini
3621 4410 3769 4466 Chri-

2203 4481 2269 4534 sti
2302 4481 2563 4549 Ecclesia,
2593 4500 2713 4540 cum
2743 4489 2994 4546 omnibus
3021 4495 3114 4564 qui
3175 4495 3270 4551 tibi
3321 4501 3670 4570 acquiescunt
3718 4503 3767 4557 in

2206 4571 2314 4626 tam
2339 4587 2592 4642 perversa
2622 4576 2889 4636 doctrina.
2915 4581 3046 4638 Nam
3081 4587 3266 4644 volens
3293 4605 3412 4646 esse
3462 4592 3597 4663 legis
3643 4595 3770 4649 divi-

2210 4680 2291 4718 na:
2337 4665 2543 4728 doctor,
2598 4684 2703 4724 non
2763 4673 3022 4746 intelligis
3052 4693 3170 4748 qua:
3198 4679 3467 4751 loqueris,
3497 4701 3670 4756 neque
3707 4685 3769 4741 de

2205 4754 2403 4822 quibus
2433 4756 2694 4826 allirmas,
2743 4770 2800 4817 et
2839 4764 3037 4823 stultus
3069 4769 3202 4839 ipse,
3237 4773 3530 4842 sapientior
3553 4754 3648 4832 tibi
3697 4777 3770 4831 vi-

2205 4841 2351 4897 deris
2385 4854 2588 4915 septem
2633 4848 2766 4906 viris
2799 4851 3136 4924 loquentibus
3178 4841 3481 4930 parabolas.
3538 4865 3642 4922 Sed
3671 4867 3768 4922 sal-
3811 4856 3814 4859 ’

2203 4939 2318 5032 tetu
2336 4933 2626 5005 aliquando
2645 4939 2792 4998 disce
2820 4951 3018 5013 tacere,
3043 4949 3131 5018 qui
3164 4967 3435 5024 nunquam
3457 4955 3603 5024 loqui
3637 4958 3767 5013 didi-
3793 5029 3797 5032 _

2197 5020 2318 5062 riui
