4124 5374
315 247 355 339 .s
373 240 480 309 cut

1095 250 1188 313 et:
1225 252 1471 313 casus
1507 253 1937 315 uenenum
1966 256 2159 331 mon.
2201 259 2411 319 PONT.
2440 262 2504 317 In
2538 250 2722 322 unus
2760 265 2864 323 cr.

3468 264 3627 333 £002

622 404 652 434 ,ἰ
724 403 751 434 .,
1066 406 1125 411 -ν
3488 431 3610 489 -Ἵ

1850 562 2097 621 INCIPIT

740 715 1170 825 BREVIS
1249 716 1401 823 ET
1486 667 2134 828 SUCCINCTA
2230 725 3209 836 COMMEMORATIO
3302 826 3305 829 .

1859 943 2080 987 εοιιοιί

387 1085 555 1162 Qum
582 1091 924 1167 gesserunt
954 1085 1322 1178 apocrisarii
1356 1091 1590 1178 sancti?
1616 1076 2018 1178 Romanae-et
2047 1089 2414 1178 apostolica;
2444 1090 2618 1178 sedis
2659 1089 2723 1152 in
2763 1092 2932 1178 regia
2976 1094 3161 1171 urbe,
3198 1100 3260 1159 et
3294 1095 3588 1178 qualiter‘

1055 1165 1575 1229 anathematizati
1614 1172 1767 1229 sunt
1796 1160 2263 1230 Michael'cum
2313 1170 2706 1250 sequacibus
2738 1160 2898 1233 suis.

1798 1334 2156 1352 -ῌ

387 1449 439 1517 Ι.
468 1457 625 1515 Anno
649 1445 937 1516 undecimo
960 1456 1171 1526 imperii
1192 1448 1530 1514 Constantini
1556 1444 1896 1517 Menemachi
1924 1460 1975 1521 Δ
2001 1455 2277 1528 pulverem
2303 1455 2498 1526 pedum
2538 1471 2761 1513 suorum
2788 1473 3078 1516 excussere
3119 1459 3175 1518 in
3220 1464 3599 1524 testimonium

301 1546 628 1607 indictione
674 1565 782 1614 vu,
834 1548 953 1619 ipso
999 1547 1088 1603 die
1142 1547 1444 1603 nativitatis
1493 1548 1638 1604 beati
1685 1547 1940 1607 Joannis-
2012 1546 2137 1612 illis,
2166 1546 2371 1602 dictum
2413 1547 2695 1619 Evangelii
2744 1550 3192 1621 proclamantes:
3242 1552 3423 1610 Videat
3456 1556 3601 1616 Dm

298 1635 598 1715 Baptistae,
628 1641 1040 1699 advenientibus
1067 1656 1098 1695 a
1125 1640 1354 1696 Domino
1380 1656 1516 1711 papa
1546 1641 1728 1698 Leone
1766 1658 1909 1700 nono
2007 1646 2057 1691 et
2071 1636 2302 1706 judicet.
2337 1635 2475 1694 Hinc
2503 1639 2772 1696 ordinatis
2808 1639 3066 1697 Ecclesiis
3107 1642 3423 1702 Latinorum
3454 1647 3600 1707 intra

298 1720 673 1805 apocrisariis
701 1742 904 1790 sancta
936 1733 1192 1789 Romana:
1220 1733 1397 1798 sedis,
1429 1732 1728 1794 llrunherto
1756 1735 1904 1790 scili-

294 1833 402 1882 cet
433 1826 698 1881 cardinali
721 1827 974 1897 episcopo
996 1823 1158 1881 Silva:
1180 1824 1434 1881 Candida:
1460 1835 1513 1880 et
1535 1824 1697 1881 Petro
1724 1826 1906 1881 Amalo

295 1916 665 1985 pltitanorum
688 1918 1116 1989 archiepiscopo,
1139 1916 1420 1973 Friderico
1440 1932 1655 1988 quoque
1677 1918 1904 1974 diacono

296 2016 362 2061 et
393 2007 751 2075 cancellario,
780 2009 847 2064 ad
880 2009 1272 2065 monasterium
1300 2008 1476 2065 Studii
1517 2009 1660 2063 intra
1709 2010 1901 2065 urbem

292 2097 990 2171 Constantinopolitanam.
1055 2099 1243 2157 Niceta
1292 2102 1627 2169 menachus,
1693 2102 1784 2173 qui
1844 2111 1902 2159 et

292 2189 659 2258 l’ectoratus,
690 2202 816 2249 ante
850 2194 1197 2265 prmsentiam
1227 2194 1439 2266 praefati
1470 2196 1818 2266 imperatoris
1842 2205 1899 2252 et

288 2296 599 2351 procerum
625 2285 765 2355 ejus,
797 2285 1173 2342 insistentibus
1201 2286 1334 2357 ipsis
1374 2288 1582 2344 nuntiis
1608 2288 1893 2357 Romanis,

288 2376 797 2432 anathematizavit
822 2378 1093 2449 quoddam
1125 2379 1389 2450 scriptum
1420 2381 1520 2437 sub
1548 2394 1647 2436 suo
1675 2382 1898 2438 nomine

286 2471 500 2517 cutura
564 2465 750 2519 sedem
814 2466 1169 2537 apostolicam
1229 2476 1286 2523 et
1357 2483 1575 2524 omnem
1641 2468 1893 2525 Latinam

291 2552 613 2608 Ecclesiam
642 2556 868 2621 editum,
910 2566 965 2613 et
993 2557 1381 2627 prmtitulatum
1411 2577 1426 2615 :
1468 2560 1544 2615 De
1572 2575 1796 2632 azymo,
1828 2561 1895 2618 de

292 2642 574 2712 Sabbato,
610 2647 679 2702 de
704 2649 906 2719 nuptiis
932 2650 1301 2707 sacerdoutm.
1331 2652 1557 2724 Insuper
1578 2654 1894 2710 anathema-

288 2734 499 2792 tizavit
544 2748 792 2806 cunctos,
840 2741 930 2811 qui
963 2741 1136 2812 ipsam
1169 2753 1414 2798 sanctam
1452 2744 1751 2800 Ecclesiam
1784 2745 1892 2800 Ro-

2009 1730 2184 1802 ipsam
2208 1731 2754 1805 Constantinopolim,
2777 1745 2832 1790 et
2851 1736 3200 1793 anathemate
3230 1739 3356 1793 dato
3385 1741 3597 1797 cunctis

2006 1822 2099 1893 qui
2121 1821 2376 1893 deinceps
2403 1824 2871 1880 communicarent
2899 1840 2965 1881 ex
2996 1842 3157 1881 manu
3185 1826 3358 1884 Graeci
3390 1827 3594 1886 Roma;

2005 1927 2133 1967 num
2148 1913 2872 1986 sacrificiumvituperantis,
2899 1916 2951 1971 in
2974 1916 3162 1973 osculo
3189 1918 3342 1989 pacis
3363 1926 3590 1992 accepta

2002 2004 2291 2061 orthodoxi
2319 2004 2661 2076 imperatoris
2690 2003 2907 2062 licentia
2930 2007 3192 2078 donisque
3218 2006 3593 2078 imperialibus

2001 2105 2194 2153 saneto
2228 2095 2393 2152 Petro
2421 2105 2476 2154 et
2498 2095 2624 2162 sibi,
2667 2097 2875 2153 alacres
2904 2112 3120 2169 erepere
3145 2100 3341 2156 reverti
3374 2115 3442 2155 xv
3463 2099 3586 2156 Kal.

1997 2185 2258 2260 Augusti;
2277 2187 2370 2244 sed
2397 2187 2564 2242 nimia
2589 2187 2844 2243 instantia
2870 2204 3091 2259 precum
3116 2188 3396 2247 Michaelis
3421 2182 3588 2262 spon-

1998 2277 2177 2335 dentis
2202 2287 2334 2335 tunc
2360 2279 2578 2334 demum
2610 2294 2671 2335 se
2699 2278 3077 2336 conﬂicturum
3118 2296 3245 2337 cum
3280 2282 3392 2349 eis,
3419 2282 3589 2355 impe-

1996 2376 2149 2424 rator
2182 2367 2496 2439 compulsus
2525 2383 2556 2422 a
2586 2367 2888 2424 Solemhria
2919 2369 3121 2427 litteris
3162 2371 3275 2427 suis
3303 2386 3397 2428 eos
3426 2387 3586 2430 revo-

1995 2458 2141 2513 cavit
2166 2472 2266 2512 χιιι
2304 2457 2421 2513 Kal.
2466 2457 2716 2530 Augusti.
2746 2457 2864 2526 Quo
2908 2460 3074 2516 etiam
3124 2461 3211 2515 die
3260 2460 3586 2522 festinantes

1995 2549 2229 2620 regressi
2257 2549 2591 2604 devenerunt
2613 2550 2678 2603 ad
2701 2550 2956 2620 palatium
2977 2551 3116 2621 Pigi.
3151 2550 3299 2619 Quos
3321 2553 3585 2624 praefatus

1993 2638 2222 2696 Michael
2275 2642 2595 2697 hmresiarca
2645 2643 2990 2714 comperiens
3034 2644 3287 2715 rediisse,
3327 2649 3482 2719 quasi
3510 2653 3581 2706 ad

1992 2731 2287 2787 concilium
2315 2734 2619 2788 conabatur
2645 2734 2915 2792 adducere
2944 2736 2997 2791 in
3027 2736 3328 2793 Eeclesiam
3362 2738 3589 2798 Sancta

287 2833 526 2882 manant
590 2839 853 2900 negarent
910 2832 1141 2901 primam
1197 2835 1439 2890 omnium
1515 2835 1879 2894 Ecclesiarum

1990 2816 2229 2896 Sophim,
2286 2827 2533 2895 sequenti
2576 2827 2697 2893 die,
2742 2838 2803 2882 ut
2842 2836 3061 2885 ostensa
3117 2829 3339 2897 charta,
3395 2846 3563 2901 quam

284 2931 444 2983 esse,
470 2926 527 2974 et
550 2919 643 2990 qui
667 2920 809 2977 illius
841 2921 1000 2978 ﬁdem
1033 2938 1250 2995 semper
1272 2926 1637 2982 orthodoxam
1677 2940 1884 2998 przcsu-

287 3016 516 3064 merent
540 3009 593 3065 in
633 3010 814 3081 aliquo
854 3013 1269 3085 reprehendere.
1304 3014 1432 3071 Post
1473 3016 1588 3072 haec
1614 3017 1797 3089 statim
1829 3019 1882 3073 in

283 3109 592 3171 conspectu
615 3104 881 3170 omnium,
905 3105 973 3159 ad
993 3105 1393 3177 suggestionem
1420 3110 1735 3165 eorumdcm
1750 3126 1875 3167 nun~

285 3192 499 3249 tiorum
551 3192 953 3263 Romanorum,
995 3194 1159 3269 jussit
1211 3199 1354 3256 idem
1400 3201 1739 3259 orthodoxus
1780 3203 1882 3263 im-

286 3293 526 3355 perator
571 3287 858 3358 praefatum
912 3289 1131 3348 incendi
1181 3293 1481 3365 scriptum,
1530 3294 1720 3365 sicque
1777 3294 1882 3352 fuit

283 3371 617 3433 discessum.
854 3412 859 3419 -
1028 3382 1051 3400 '
1534 3452 1535 3455 η
1576 3422 1586 3430 υ

356 3464 425 3523 ΙΙ.
460 3466 723 3539 Sequenti
753 3470 1063 3543 autemrdie
1085 3473 1376 3545 praedictus
1410 3474 1599 3533 Niceta
1628 3475 1762 3532 urbe
1792 3488 1879 3533 est

279 3569 576 3628 egressus:
628 3561 770 3618 ultro
809 3562 943 3619 adiit
988 3562 1195 3633 legatos
1244 3565 1392 3636 ipsos
1428 3568 1571 3624 intra
1614 3568 1876 3639 palatium

278 3640 427 3719 Pigl.
455 3650 502 3704 A
544 3651 745 3721 quibus
788 3652 1064 3725 accipiens
1093 3656 1388 3726 perfectam
1416 3672 1635 3714 suarum
1681 3673 1876 3730 propo-

283 3741 548 3799 sitionum
573 3744 918 3812 solutionem,
946 3747 1142 3803 iterum
1169 3748 1874 3819 sponte’anathematizavit

282 3834 468 3889 omnia
517 3835 660 3891 dicta
701 3845 757 3891 et
785 3835 929 3892 facta
965 3836 1052 3892 vel
1085 3846 1289 3895 tentata
1339 3841 1602 3897 adversus
1638 3826 1870 3912 primam

283 3926 637 3994 apostolicam
689 3929 895 3985 sedem.
948 3929 1047 3984 Hic
1089 3930 1158 3985 ab
1210 3932 1292 3987 eis
1334 3932 1389 3987 in
1435 3933 1870 3989 communionem

283 4027 564 4089 receptus,
588 4018 815 4076 eﬂ‘ectus
830 4028 912 4077 est
935 4037 1125 4077 eorum
1151 4022 1435 4080 familiaris
1458 4024 1683 4080 amicus.
1699 4023 1872 4081 Porro

1987 2919 2210 2974 omnino
2230 2928 2552 2989 corruperat
2574 2918 2974 2987 transferendo,
2995 2922 3351 2979 obruerentur
3369 2920 3573 2980 ibidem

1984 3026 2014 3064 a
2037 3010 2255 3082 populo.
2284 3010 2440 3080 Quod
2464 3011 2703 3083 prudens
2741 3013 3036 3083 imperator
3060 3030 3374 3085 praecavens
3399 3016 3575 3073 noluit

1984 3102 2175 3159 haberi
2221 3102 2441 3174 alintod
2484 3104 2771 3160 concilium
2805 3105 2939 3178 (12),
2974 3106 3075 3161 nisi
3110 3116 3168 3162 et
3205 3107 3320 3178 ipse
3348 3109 3568 3165 adesset

1981 3207 2247 3265 przesens.
2272 3193 2517 3265 Cumque
2538 3196 2641 3252 hoc
2666 3196 2716 3250 ei
2745 3197 3071 3254 omnimodis
3092 3197 3320 3254 Michael
3351 3210 3573 3256 contra-

1981 3285 2210 3352 diceret,
2232 3285 2397 3358 jussit
2418 3287 2695 3358 Augustus
2721 3289 2868 3359 ipsos
2894 3289 3115 3345 nuntios
3158 3287 3444 3346 confestim
3474 3306 3565 3347 ar-

1979 3376 2160 3448 ripere
2204 3378 2330 3434 iter.
2376 3377 2530 3446 Quod
2578 3386 2635 3434 et
2687 3378 2887 3434 factum
2941 3387 3047 3437 est.
3100 3379 3273 3438 Porro
3329 3389 3568 3440 chanus

1979 3464 2212 3523 Michael
2241 3466 2430 3524 dolens
2468 3484 2603 3523 suas
2623 3484 2731 3525 non
2766 3470 3064 3540 procedere
3098 3472 3348 3540 insidias,
3375 3473 3564 3530 conci-

1980 3558 2114 3614 tavit
2155 3559 2469 3630 imperatori
2516 3548 2661 3633 vulgi
2699 3562 3021 3618 seditionem
3067 3564 3383 3629 maximam,
3411 3565 3563 3620 velut

1973 3648 2180 3704 nuntiis
2209 3659 2494 3719 cooperata
2522 3648 2689 3706 fuerit
2726 3652 2843 3725 ejus
2882 3653 3154 3710 voluntas.
3199 3653 3353 3710 Uttde
3389 3654 3559 3726 impe-

1976 3748 2195 3809 perator
2229 3750 2451 3796 coactus
2473 3781 2488 3807 ,
2516 3742 2843 3813 interpretes
2877 3743 3198 3800 Latinorum
3229 3745 3458 3800 Paulum
3487 3761 3554 3801 ac

1976 3828 2145 3884 ﬁlium
2176 3830 2294 3902 ejus
2329 3829 2686 3902 Smaragdum
2713 3846 2887 3888 ctesos
2925 3843 2981 3889 et
3015 3834 3270 3890 detonsus
3305 3833 3553 3891 Michaeh’

1973 3921 2229 3987 tradidit;
2270 3922 2458 4014 sicque
2502 3922 2768 4014 twnultus
2816 3922 2907 3979 ille
2962 3924 3292 3996 conquievit.
3348 3925 3548 3981 Verum

1972 4007 2273 4079 imperator
2304 4000 2453 4081 'post
2505 4000 2751 4067 .Euutios‘
2801 4012 3077 4069 Romanos
3135 4013 3359 4070 directis
3406 4016 3551 4079 suis,

285 4104 431 4163 dicta
482 4109 568 4164 νει
613 4111 817 4182 πτερω
877 4111 1192 4167 earumdem
1242 4114 1554 4170 ηυηιίοτιηη
1609 4114 1869 4170 adversus
1895 4159 1940 4187 ρ
1970 4100 2252 4171 exemplar
2272 4100 2853 4156 excommunicationis
2884 4102 3230 4187 verissimum
3265 4118 3295 4157 a
3329 4104 3554 4159 civitate

284 4194 533 4255 diversas
580 4159 879 4257 calunznias
920 4202 1268 4270 amcorum,
1297 4214 1354 4259 ει
1394 4205 1631 4261 maxime
1674 4216 1863 4263 οοηιηι
1894 4159 1940 4223 c
1969 4190 2589 4247 [iussorum-remissum
2629 4192 2731 4247 sibi
2764 4193 3014 4276 accepit“
3056 4192 3371 4264 civibusque
3406 4194 3553 4249 exhi-

286 4288 489 4361 scripta
546 4292 823 4351 Michaelis
878 4294 1465 4367 Constantinopolitani
1519 4299 1765 4370 episcopi
1807 4309 1866 4356 et

286 4375 484 4438 Leonis
524 4384 779 4441 Acridani
820 4388 1222 4457 metmpolitani
1248 4389 1523 4460 sepiscOpi,
1546 4399 1602 4445 et
1640 4392 1865 4463 saepedi-

290 4469 362 4523 cti
391 4468 594 4530 Nicetes
624 4478 897 4542 monachi,
940 4476 1096 4546 jussu
1144 4480 1488 4550 imperatoris
1527 4482 1579 4537 in
1611 4482 1861 4540 Graecum

289 4554 438 4614 fuere
468 4564 759 4630 translata,
789 4576 846 4622 et
868 4568 920 4622 in
953 4568 1143 4624 eadem
1175 4572 1311 4625 urbe
1335 4570 1601 4626 hactenus
1642 4587 1862 4630 conser-

283 4659 342 4699 va
352 4656 399 4702 ta
406 4688 420 4702 .

347 4734 433 4791 lll.
460 4741 708 4798 Tandem
750 4743 1010 4802 Michaele
1051 4748 1393 4818 praesentiam
1444 4750 1759 4806 earumdem
1803 4760 1861 4805 et

286 4826 608 4900 colloquium
661 4835 967 4902 devitante,
998 4848 1157 4909 atque
1186 4839 1238 4893 in
1270 4838 1497 4893 stultitia
1541 4854 1636 4893 sua
1671 4854 1859 4910 perse-

282 4929 518 4986 verante,
547 4924 755 4994 praefati
787 4927 959 4982 nuntii
1007 4945 1113 4986 xvtt
1164 4929 1286 4985 Kal.
1327 4928 1556 5000 Augusti
1604 4930 1861 4987 adierunt

289 5008 572 5071 Ecclesiam
612 5017 826 5075 Sanctae
867 5019 1113 5089 Sephiaz,
1156 5033 1215 5078 et
1269 5036 1435 5092 super
1483 5021 1856 5078 obstinatione

288 5098 424 5157 illius
445 5111 746 5179 conquesti,
784 5108 932 5164 clero
955 5125 1019 5164 ex
1047 5128 1198 5169 more
1227 5112 1295 5165 ad
1331 5116 1528 5167 missas
1549 5121 1854 5183 pneparato

279 5186 386 5256 iam
418 5195 544 5253 hora
573 5204 729 5259 tertia
767 5201 875 5256 diei
908 5199 1155 5270 Sabbati,
1193 5202 1441 5257 chartam
1473 5203 1849 5260 excommuni-

1966 4285 2106 4354 buit,
2138 4299 2202 4341 ac
2229 4284 2445 4339 tandem
2469 4282 2783 4340 Michaelem
2812 4284 3040 4341 falsassc
3067 4287 3313 4341 chartam
3342 4286 3551 4357 legato-

1966 4392 2086 4430 rum
2134 4375 2403 4446 compcrit
2451 4383 2616 4445 atque
2662 4376 2918 4431 convicit.
2976 4375 3161 4446 Itaque
3212 4387 3546 4436 commotus.

1966 4469 2173 4524 amicos
2197 4478 2254 4524 et
2281 4467 2469 4525 afﬁnes
2505 4468 2673 4540 ipsius
2699 4469 2995 4525 honoribus
3021 4471 3263 4539 privatos
3290 4484 3322 4523 a
3344 4469 3550 4539 palat’o

1965 4561 2293 4629 eliminavit,
2327 4570 2627 4633 contraque
2657 4564 2830 4633 ipsum
2858 4578 3030 4632 usque
3053 4578 3195 4617 nunc
3217 4577 3409 4632 graves
3438 4564 3551 4619 iras

1967 4652 2213 4705 retinuit.
2244 4653 2484 4723 Denique
2508 4654 2790 4726 exemplar
2825 4654 3032 4709 chartae
3060 4654 3547 4710 excommunicato-

1969 4744 2063 4798 ri:c
2092 4751 2175 4798 est
2205 4744 2311 4797 tale
2336 4761 2350 4797 :

2043 4853 2061 4885 α
2096 4831 2459 4899 Huuasnvus,
2514 4833 2609 4888 Dei
2670 4832 2841 4903 gratia
2913 4830 3216 4887 cardinalis
3270 4829 3559 4904 episcopus

1966 4935 2170 4980 sancta:
2222 4936 2462 4978 romana:
2508 4922 2790 4987 Ecclesiae;
2834 4920 3055 4978 PE'rttus
3102 4917 3563 4983 Antaltit‘auorum

1963 5013 2433 5085 archiepiscopus;
2478 5014 2831 5079 FRIDERICUS,
2877 5011 3144 5069 diaconus
3197 5015 3255 5060 et
3287 5014 3570 5072 camena.

1961 5106 2097 5172 rius,
2135 5103 2391 5161 omnibus
2420 5104 2703 5161 catholicae
2727 5102 2994 5161 Ecclesia:
3021 5104 3171 5159 filiis.

2029 5220 2049 5253 ι
2091 5199 2293 5254 Sancta
2343 5206 2399 5253 et
2438 5196 2680 5252 Romana
2720 5197 2900 5268 prima
2948 5208 3006 5253 et
3057 5188 3358 5265 apostolica
3405 5199 3575 5258 sedes

283 5282 496 5342 cationis
524 5290 1004 5364 superprincipale
1031 5293 1206 5348 altare
1237 5294 1654 5359 posueruntsuh
1674 5291 1848 5349 oculis
1951 5293 2019 5349 ad
2074 5304 2240 5364 quam
2294 5299 2553 5363 tauquam
2613 5292 2681 5345 ad
2727 5295 2896 5359 caput
2948 5281 3266 5347 sollicitudo
3317 5290 3576 5348 omnium
