4124 5374
608 206 749 274 10οξ

1666 200 2022 259 IlUilBERTI
2070 203 2126 257 S.
2195 201 2259 256 η.
2304 201 2365 256 E.
2426 200 2838 258 CARDINALIS
2933 274 2942 278 _

3734 204 3882 262 £005

607 332 663 380 et
692 321 939 377 utilitatis
978 319 1148 392 gratia
1173 319 1238 375 ad
1271 318 1412 375 hanc
1442 301 1646 391 regiam
1674 320 1864 376 urbem
1905 335 2006 376 nos
2048 333 2180 389 apo-
2209 324 2253 380 Α
2283 315 2481 372 domini
2534 317 2701 372 nostri
2746 316 2896 388 papa:
2938 313 3140 373 Leonis
3193 316 3500 373 admonitus
3550 298 3882 389 resipiscere

609 415 865 472 criSarios
917 426 1044 470 suos
1096 414 1276 469 facere
1323 413 1541 484 dignata
1581 422 1698 478 est,
1749 422 1812 468 ut
1851 412 2012 482 juxta
2035 412 2185 482 quod

609 507 870 578 scriptum
900 514 998 569 est,
1036 504 1490 560 descenderemus
1545 513 1602 558 et
1648 504 1958 559 videremus
2007 513 2184 557 utrum

607 611 774 668 opere
821 595 1120 665 completus
1164 594 1234 649 sit
1265 594 1491 657 clamor,
1519 595 1608 662 qui
1640 595 1755 648 sine
1786 594 2187 648 intermissione

607 705 674 743 ex
711 696 860 744 tanta
890 688 1027 744 urbe
1065 687 1382 743 conscendit
1422 689 1487 740 ad
1512 686 1626 754 ejus
1664 703 1848 749 aures.
1876 697 1970 745 aut
2003 689 2045 742 si
2080 704 2185 742 non

610 790 698 838 est
745 780 852 845 ita,
900 789 960 834 ut
1022 779 1208 834 sciret.
1263 778 1624 846 Quamobrem
1675 787 2007 851 cognoscant
2062 789 2188 834 ante

611 871 791 928 omnia
820 870 1041 941 gloriosi
1087 871 1444 940 imperatores
1467 911 1480 935 ,
1523 871 1729 936 clerus,
1767 880 1986 927 senatus
2011 882 2063 927 et
2091 886 2186 943 po-

609 961 774 1033 pulus
810 959 970 1030 hujus
1016 959 1625 1029 Constantinopolitanm
1679 961 1856 1025 urbis,
1907 971 1962 1016 et
2012 961 2190 1017 omnis

611 1053 858 1110 Ecclesia
885 1049 1149 1107 catholica
1177 1066 1276 1104 nos
1298 1051 1383 1104 hic
1405 1050 1739 1120 persensisse
1767 1045 2019 1122 magnum
2051 1051 2190 1105 unde

611 1145 964 1199 vehementer
990 1142 1040 1196 in
1080 1141 1307 1196 Domino
1349 1141 1646 1210 gaudemus
1677 1141 1903 1206 bonum,
1936 1151 1992 1216 et
2021 1142 2191 1196 maxi-

615 1249 760 1290 mum
788 1233 928 1288 unde
958 1231 1334 1286 miserabiliter
1362 1232 1750 1287 contristamur
1769 1273 1781 1295 ,
1812 1232 2027 1287 malum.
2053 1231 2189 1287 Nam

614 1329 877 1393 quantum
921 1321 986 1374 ad
1035 1318 1318 1374 calumnas
1370 1319 1582 1390 imperii
1632 1329 1686 1374 et
1734 1321 2027 1376 honoratos
2075 1321 2190 1392 ejus

614 1413 761 1467 cives
810 1409 1084 1479 sapientes
1133 1407 1596 1464 Christianissima
1657 1418 1713 1463 et
1765 1409 2063 1464 orthodoxa
2109 1421 2193 1467 est

613 1499 824 1554 civitas.
884 1497 1156 1565 Quantum
1214 1507 1397 1553 autem
1466 1497 1532 1552 ad
1596 1497 1908 1554 Michaelem
1969 1501 2192 1556 abusive

612 1595 812 1649 dictum
862 1592 1262 1664 patriarcham,
1289 1600 1345 1646 et
1375 1591 1490 1664 ejus
1520 1591 1761 1647 stultitiae
1807 1592 2078 1659 fatttores,
2111 1595 2192 1650 ni—

615 1685 724 1740 mia
751 1683 959 1740 zizania
988 1684 1267 1740 haereseon
1299 1683 1542 1754 quotidie
1567 1684 1904 1740 seminantur
1935 1685 1986 1740 in
2016 1685 2190 1742 medio

611 1775 748 1845 ejus.
806 1775 942 1844 Quia
998 1776 1137 1830 sicut
1193 1775 1485 1830 Simoniaci
1525 1776 1722 1831 donum
1773 1778 1865 1832 Dei
1919 1778 2184 1845 vendunt;

613 1874 754 1928 sicut
790 1871 988 1928 Valesii
1026 1872 1266 1942 hoSpitcs
1304 1887 1432 1928 suos
1462 1880 1723 1940 castrant,
1769 1883 1825 1928 et
1869 1891 1975 1930 non
2017 1877 2190 1933 solum

613 1961 681 2017 ad
721 1960 1038 2016 clericatum
1079 1962 1172 2015 sed
1215 1962 1435 2032 insuper
1469 1963 1536 2017 ad
1573 1963 1943 2034 episcopatum
1976 1979 2191 2037 promo-

611 2060 767 2119 vent;
816 2053 954 2107 sicut
996 2053 1182 2106 Ariani
1238 2053 1577 2124 rebaptizant
1625 2055 1678 2109 in
1733 2057 1952 2112 nomine
1993 2071 2192 2114 sancue

615 2145 899 2200 Trinitatis
956 2146 1290 2215 baptizatos,
1338 2155 1392 2201 et
1444 2147 1677 2202 maxime
1748 2146 1999 2213 Latinos;
2054 2149 2191 2204 sicut

617 2235 910 2289 Donatista:
961 2234 1252 2300 affirmant,
1283 2247 1509 2307 excepta
1557 2236 1868 2292 Grmcorum
1923 2239 2186 2302 Eetlcsia,

621 2327 914 2383 Ecclesiam
941 2327 1140 2382 Christi
1171 2338 1225 2382 et
1255 2345 1442 2383 verum
1474 2329 1801 2384 sacrificium
1830 2340 1992 2401 atque
2019 2331 2192 2401 bapti-

615 2438 791 2478 smum
854 2438 922 2477 cx
979 2431 1089 2479 toto
1139 2425 1338 2478 mundo
1397 2424 1656 2494 periisse;
1719 2426 1855 2480 sicut
1914 2423 2191 2480 Nicolaitzn

614 2529 674 2568 ca
685 2512 863 2567 rnalcs
885 2512 1099 2582 nuptias
1119 2515 1424 2569 concedunt
1445 2525 1497 2570 et
1525 2516 1818 2571 defendunt
1838 2516 1977 2570 sacri
2005 2513 2192 2569 altaris

616 2603 912 2669 ministris;
947 2603 1086 2660 sicut
1126 2603 1404 2661 Severiani
1447 2605 2190 2675 maledictamdicuntlegem

613 2693 844 2765 Moysis;
876 2694 1016 2750 sicut
1045 2693 1523 2750 Pneumatomachi
1552 2696 1631 2750 vel
1665 2695 1994 2751 Theumacbi
2022 2695 2193 2752 absci-

612 2785 809 2856 derunt
847 2799 876 2838 a
927 2784 1170 2856 symbolo
1219 2784 1454 2856 Spiritus
1491 2786 1666 2855 sancti
1707 2787 2109 2856 processionem
2160 2801 2192 2840 a

610 2875 782 2942 Filio;
823 2877 966 2932 sicut
1001 2876 1280 2932 Manichaei
1312 2877 1454 2931 inter
1481 2877 1610 2944 alia,
1651 2876 1928 2948 quodlibet
1957 2875 2194 2932 fermen-

615 2981 783 3027 talum
848 2972 1088 3030 fatentur
1143 2974 1446 3029 animatum
1502 2989 1660 3041 esse;
1722 2975 1862 3030 sicut
1923 2973 2191 3030 Nazareni

610 3063 885 3118 carnalem
943 3063 1248 3120 Judaaorum
1295 3065 1612 3120 munditiam
1666 3065 1802 3121 adeo
1837 3077 2078 3133 servant,
2129 3076 2187 3123 ut

613 3155 866 3222 parvulos
893 3156 1187 3212 morientes
1229 3164 1353 3212 ante
1378 3166 1629 3213 octavum
1655 3173 1683 3213 a
1725 3158 2010 3214 nativitate
2044 3159 2186 3215 diem

614 3247 877 3315 baptizari
905 3249 1308 3315 contradicant,
1341 3258 1395 3304 et
1423 3249 1676 3305 mulieres
1705 3250 1760 3304 in
1802 3259 2080 3306 menstruo
2104 3248 2190 3306 vel

613 3336 668 3389 in
693 3345 846 3406 partu
893 3338 1261 3407 periclitantes
1309 3340 1721 3407 communicari,
1764 3341 1848 3396 vel
1877 3341 1923 3397 si
1967 3355 2188 3412 pagana:

611 3424 816 3481 fuerint
862 3425 1125 3497 baptizari
1163 3429 1507 3498 prohibeant,
1547 3440 1601 3486 et
1651 3430 1872 3501 capillos
1899 3431 2097 3502 capitis
2125 3446 2189 3488 ac

611 3515 794 3571 barbae
814 3517 1114 3574 nutrientes
1139 3535 1234 3575 eos
1261 3519 1352 3591 qui
1385 3535 1596 3576 comam
1624 3524 1876 3589 tondent,
1909 3530 1969 3576 et
1999 3537 2192 3579 secun-

613 3613 739 3668 dum
762 3613 1154 3672 institutionem
1175 3615 1435 3673 Romanae
1474 3617 1728 3674 Ecclesiae
1752 3617 1950 3676 barbas
1974 3618 2191 3684 radunt,

615 3705 667 3758 in
693 3706 1072 3763 communione
1103 3722 1209 3763 non
1241 3708 1529 3780 recipiant.
1560 3707 1666 3766 Pro
1696 3710 1892 3780 quibus
1915 3709 2195 3766 erroribus

613 3805 668 3850 et
716 3796 836 3853 aliis
882 3797 1125 3868 pluribus
1169 3797 1326 3856 factis
1370 3799 1506 3866 suis,
1562 3798 1676 3871 ipse
1711 3799 1943 3857 Michael
1994 3798 2193 3855 litteris

693 3955 804 4026 tl!)
833 3951 946 4040 _Qui
979 3957 1189 4049 azymis
1215 3959 1270 4016 in
1299 3957 1569 4018 sacriﬁcio
1590 3957 1667 4015 uti
1701 3967 1980 4029 respuunt.

2292 410 2642 480 contempsit.
2671 409 2898 480 Insuper
2923 408 3080 466 nobis
3111 409 3317 465 nuntiis
3351 409 3518 475 illius,
3543 425 3706 466 causa
3747 423 3879 467 tan-

2290 510 2466 554 torum
2502 501 2763 556 malorum
2805 503 3196 558 rationabiliter
3225 501 3519 572 reprimere
3543 501 3879 570 volentibus,

2289 592 2636 660 pnesentiam
2686 607 2838 647 suam
2869 602 2924 648 et
2964 593 3292 663 colloquium
3343 591 3652 662 denegavit,
3682 600 3735 648 ct
3765 593 3878 646 Ec-

2290 684 2488 739 clesias
2528 685 2594 738 ad
2623 685 2817 740 missas
2840 687 3104 756 agendum
3135 685 3433 751 interdixit,
3469 687 3606 741 sicut
3633 695 3685 740 et
3721 687 3880 756 prius

2291 774 2607 829 Latinorum
2675 775 2947 831 Ecclesias
3007 775 3311 841 clauserat,
3358 783 3413 831 et
3465 789 3561 830 eos
3607 775 3884 847 azymitas

2292 883 2524 933 vocans,
2557 869 2735 923 verbis
2770 879 2826 924 et
2867 869 3022 923 factis
3063 870 3263 939 ubique
3291 875 3612 938 persecutus
3647 867 3829 924 fuerat
3861 885 3879 924 :

2293 959 2345 1014 in
2381 969 2622 1024 tantum,
2663 972 2717 1014 ut
2757 962 2806 1015 in
2843 961 2966 1016 ﬁliis
2993 963 3106 1016 suis
3136 961 3651 1018 anathematizasset
3687 959 3882 1017 sedem

2292 1052 2668 1120 apostolicam,
2701 1063 2885 1106 contra
2918 1067 3080 1122 quam
3110 1067 3166 1106 se
3207 1053 3380 1108 adhuc
3409 1052 3600 1108 scribit
3635 1066 3887 1108 cacume-

2293 1144 2471 1197 nicum
2501 1145 2891 1212 patriarcham.
2917 1143 3072 1199 Unde
3097 1158 3194 1198 nos
3214 1143 3433 1214 quidem
3456 1152 3660 1198 sancta:
3684 1142 3888 1213 prima

2293 1235 2601 1305 apostolicae
2627 1236 2772 1289 sedis
2799 1235 3094 1289 inauditam
3121 1234 3501 1290 contumeliam
3543 1244 3598 1290 et
3622 1235 3888 1307 iniuriam

2293 1345 2399 1382 non
2457 1327 2716 1393 ferentes,
2757 1327 3190 1398 catholicamque
3235 1327 3394 1383 [idem
3442 1328 3629 1384 subrui
3693 1328 3892 1382 multis

2293 1417 2466 1471 modis
2492 1419 2859 1482 attendentes,
2898 1419 3452 1488 auctoritatesanctx
3485 1424 3542 1471 et
3585 1415 3888 1470 individua:

2295 1505 2580 1562 Trinitatis
2633 1516 2796 1578 atque
2836 1507 3148 1577 apostolicae
3192 1507 3357 1573 sedis,
3393 1506 3550 1577 cujus
3587 1506 3886 1591 "legatione

2263 1593 2588 1669 "futtgimur,
2631 1607 2685 1652 et
2727 1610 3043 1654 cunctorum
3087 1594 3512 1658 orthodoxortim
3544 1597 3773 1654 Patrum
3811 1613 3887 1655 ex

2225 1669 2264 1726 η
2296 1691 2540 1746 conciliis
2594 1700 2800 1762 septem
2853 1700 3014 1761 atque
3063 1694 3228 1748 totius
3284 1692 3542 1747 Ecclesiae
3593 1681 3884 1747 catholica:

2293 1786 2803 1856 anathemati,quod
2832 1786 3509 1841 nostcrrevcrendissimus
3527 1800 3661 1856 papa
3691 1786 3881 1840 itidem

2292 1879 2537 1936 Michaeli
2582 1888 2637 1936 et
2670 1880 2783 1936 suis
2811 1880 3155 1950 sequacibus,
3205 1881 3307 1936 nisi
3338 1881 3742 1950 resipiscerent,
3783 1881 3881 1934 dc-

2293 1970 2580 2035 nuntiavit,
2621 1971 2690 2026 ita
2722 1971 3136 2027 subscribimus.

2369 2075 2387 2106 ‹
2427 2055 2651 2113 Michael
2686 2057 2936 2112 abusivus
2967 2057 3271 2127 patriarcha
3301 2058 3641 2128 neophytus,
3672 2068 3726 2112 et
3761 2058 3883 2110 solo

2295 2147 2529 2202 humano
2555 2147 2744 2202 timore
2776 2147 3015 2202 habitum
3043 2147 3431 2202 monachorum
3459 2148 3708 2216 adeptus,
3735 2162 3883 2200 nunc

2293 2241 2454 2294 etiam
2512 2239 2828 2293 criminibus
2873 2239 3122 2310 pessimis
3162 2236 3492 2304 diﬂ'amatus,
3533 2247 3700 2308 atque
3751 2255 3878 2293 cum

2294 2347 2358 2384 co
2393 2330 2496 2383 Lco
2536 2329 2837 2384 Acridanus
2883 2330 3167 2399 episcopus
3205 2330 3400 2395 dictus,
3448 2340 3502 2384 et
3559 2330 3882 2384 sacellarius

2295 2425 2462 2494 ipsius
2491 2422 2786 2483 Michaelis.
2813 2422 3218 2487 Constantinus,
3245 2423 3336 2494 qui
3361 2423 3676 2478 Latinorum
3701 2423 3879 2476 sacri-

2295 2514 2472 2568 ﬁcium
2492 2511 2734 2584 prol‘auis
2747 2512 3080 2568 conculcavit
3099 2512 3322 2583 pedibus
3342 2521 3597 2568 etomncs
3612 2526 3880 2581 sequaces

2294 2619 2482 2657 eorum
2529 2605 2580 2658 in
2633 2602 2872 2672 praefatis
2915 2602 3191 2658 erroribus
3237 2611 3293 2658 et
3336 2603 3877 2674 praesumptionibus.

2295 2696 2402 2751 sint
2421 2695 2707 2749 anathema
2730 2693 3062 2758 Maranatha,
3086 2709 3207 2749 cum
3230 2691 3575 2758 Simoniacis,
3606 2693 3878 2753 Vallesiis,

2294 2785 2544 2851 Arianis,
2579 2784 2908 2849 Donatistis,
2943 2783 3254 2850 Nicolaitis,
3305 2783 3617 2840 Severianis
3641 2823 3656 2848 ,
3693 2781 3876 2836 Pneu-

2296 2878 2652 2933 matomachis
2699 2887 2753 2932 et
2793 2875 3136 2942 Manichaeis,
3180 2886 3234 2930 et
3275 2875 3604 2943 Nazarenis,
3643 2883 3698 2930 et
3754 2887 3876 2928 cum

2299 2972 2550 3026 omnibus
2578 2970 2866 3035 haereticis,
2897 2969 3007 3024 imo
3034 2984 3154 3023 cum
3182 2968 3396 3024 diabolo
3423 2979 3478 3023 et
3508 2967 3712 3039 angelis
3737 2965 3879 3036 ejus,

2302 3063 2402 3118 nisi
2437 3061 2576 3116 forte
2605 3059 2952 3133 resipuerint.
2977 3057 3171 3119 Amen,
3202 3072 3380 3117 amen.
3405 3072 3581 3112 amen.
3613 3075 3632 3108 ι

2305 3221 2446 3299 ltem_
2483 3219 2591 3299 alia
2635 3219 3100 3299 excommunicatio
3147 3218 3337 3299 ibidem
3382 3217 3525 3298 facta
3565 3217 3619 3270 in
3649 3230 3882 3281 presen—

2407 3293 2480 3346 tia
2513 3293 2838 3362 imperatoris
2863 3301 2911 3345 et
2949 3291 3258 3361 Optimatum
3284 3290 3418 3359 ejus,
3451 3290 3564 3342 viva
3599 3301 3716 3340 voce
3749 3301 3768 3337 :

2377 3444 2396 3478 ‹
2425 3425 2745 3498 Quicunque
2775 3425 2896 3482 lidei
2931 3395 3141 3482 sancta?
3158 3424 3416 3479 Romamn
3449 3428 3502 3475 et
3556 3415 3884 3488 apostolicae

2299 3522 2442 3578 sedis
2481 3520 2704 3590 ejusque
2756 3519 3026 3575 sacriﬁcio
3055 3515 3410 3588 pertinaciter
3457 3508 3881 3568 contradixcrit,

2299 3611 2699 3677 sitanathema,
2733 3609 3072 3676 Maranatha,
3114 3624 3214 3664 nec
3243 3607 3508 3662 habeatur
3526 3599 3883 3660 Christianus

2300 3704 2626 3771 catholicus,
2651 3703 2743 3760 sed
2771 3702 3067 3774 prozymita
3097 3700 3206 3774 (15)
3231 3693 3700 3762 ὶιιηι-ειὶθυε,ῐι“ἰει,
3733 3689 3838 3744 ﬁat
3863 3727 3886 3754 ,

2300 3795 2412 3850 ﬁat.
2446 3815 2464 3849 ι
