4124 5374
575 331 730 409 ᾳοοτη

575 517 1931 542 mm

1257 620 1721 740 INCIPIT
1792 652 2428 747 PBAEFATIO
2524 656 3161 751 HUMBEBTI

1642 337 2019 401 ,HUMBERTI
2055 343 2112 399 S.
2145 343 2314 401 ΚΕ.
2353 344 2761 405 CARDl-NALIS

3690 352 3859 422 ICDS

2627 532 3712 561 .‘m—W

1358 858 1731 901 CARDINALIS
1766 859 2043 903 EPISCOPI
2090 859 2344 904 SANCTIE
2390 860 2670 905 ROMANIS
2715 863 3025 912 εοαιεεηιῑ

1606 1001 1673 1055 In
1723 1002 2057 1072 responsione
2097 1019 2196 1059 sua
2226 1015 2407 1058 contra
2460 1005 2810 1065 Sim‘oniacos.

2088 1163 2256 1180 ———

637 1266 719 1323 Ne
752 1264 857 1322 sibi
885 1254 1107 1337 sapiens
1134 1264 1410 1330 videatur,
1453 1266 1776 1335 respondere
1803 1268 1968 1323 stulto
1996 1269 2146 1342 cogi-
2176 1275 2221 1334 Α
2252 1285 2363 1326 sua:
2405 1286 2568 1342 super
2597 1274 2783 1329 sellam
2829 1277 2881 1332 in
2931 1278 3145 1335 excelso
3191 1281 3340 1340 urbis
3385 1284 3533 1352 loco,
3583 1297 3643 1344 ut
3686 1300 3845 1351 vocet

564 1373 693 1419 ras:
733 1359 846 1429 qui,
899 1356 1054 1414 titulo
1097 1356 1293 1413 frontis
1337 1366 1565 1423 tractus,
1615 1358 1723 1414 into
1764 1360 1992 1417 latratus
2037 1362 2161 1432 sui,

565 1464 744 1517 eraso,
773 1448 1098 1519 nomineque
1121 1463 1428 1520 suppresso,
1460 1446 1798 1519 impudenter
1829 1451 2155 1521 persuadere

565 1550 796 1598 conatur
833 1555 939 1596 non
978 1541 1336 1610 separandum
1380 1556 1409 1594 a
1447 1540 1539 1595 vili
1577 1542 1893 1612 pretiosum,
1927 1557 2026 1599 nec
2058 1544 2155 1599 ali-

566 1633 697 1705 quid
750 1633 966 1690 dill'crre
1015 1641 1263 1689 sanctum
1311 1643 1365 1688 et
1419 1633 1741 1704 profanum,
1791 1636 2049 1692 mundum
2099 1647 2154 1694 et

563 1722 926 1781 immundum.
966 1724 1030 1779 Et
1073 1725 1504 1796 quandoquidem
1547 1727 1687 1781 inter
1728 1726 1931 1796 lcpram
1974 1738 2031 1783 ct
2074 1727 2154 1784 le-

562 1833 716 1892 pram
767 1818 853 1874 lex
898 1818 1078 1874 divina
1134 1818 1443 1873 nonnullam
1494 1818 1624 1877 facit
1664 1819 2013 1887 distantiam,
2063 1821 2153 1878 hic

561 1911 904 1983 prodigiosus
941 1911 1321 1981 tergiversator
1360 1920 1415 1966 et
1459 1911 1819 1968 dmmoniosus
1865 1928 2151 1985 argumen-

565 2011 727 2070 tator,
769 2002 912 2059 velut
946 2002 1084 2059 alter
1115 2001 1433 2058 Jovinianus
1481 2011 1536 2059 et
1580 2004 1853 2061 redivivus
1894 2004 2156 2071 Stoicus,

563 2106 727 2148 unam
779 2091 1134 2163 eamdemque
1188 2093 1472 2148 catholicis
1520 2101 1575 2148 et
1614 2094 1886 2152 luereticis
1932 2105 2153 2152 conten-

563 2185 641 2239 dit
686 2183 864 2238 iuesse
903 2192 958 2237 et
1010 2184 1289 2253 cooperari
1343 2184 1611 2255 gratiam,
1660 2185 1900 2256 nihilque
1944 2185 2152 2245 referre

563 2282 746 2327 utrum
797 2283 976 2337 extra,
1023 2289 1090 2328 an
1128 2273 1269 2328 intra
1310 2273 1974 2333 catholicam'Ecclesiam
2023 2290 2155 2335 cono

565 2364 735 2433 tingat
765 2363 881 2419 ﬁeri
922 2373 1016 2420 aut
1058 2364 1242 2420 haberi
1285 2366 1648 2435 quorumlibet
1689 2379 2151 2427 sarramentorunt

561 2454 763 2511 Christi
793 2455 1336 2522 administrationem,
1369 2473 1491 2513 cum
1551 2459 1689 2515 intra
1728 2462 1812 2517 vel
1843 2472 1996 2517 extra
2031 2478 2150 2520 eam

565 2547 934 2605 indilierenter
972 2558 1027 2604 et
1065 2549 1347 2620 aequaliter
1390 2552 1603 2618 operari
1650 2561 1869 2608 censeat
1915 2552 2150 2624 Spiritus

2258 1371 2600 1421 transeuntes
2642 1379 2738 1436 per
2775 1368 2916 1423 viam
2945 1377 2999 1425 et
3039 1381 3327 1443 pergentes
3357 1376 3545 1435 itinere
3574 1394 3677 1438 suo
3698 1398 3715 1439 :
3736 1381 3846 1455 Qui

2254 1460 2336 1506 est
2364 1453 2618 1522 parvulus
2643 1454 2875 1512 declinet
2904 1459 2971 1513 ad
3015 1475 3119 1515 me.
3154 1462 3219 1516 Et
3249 1466 3457 1521 vecordi
3489 1466 3673 1528 locuta
3707 1453 3795 1531 est
3826 1492 3843 1527 :

2254 1545 2421 1613 Aqua:
2452 1542 2665 1601 furtiva:
2710 1548 2978 1607 dulciores
3026 1562 3183 1619 sunt,
3212 1564 3268 1611 ct
3309 1558 3463 1627 panis
3491 1562 3846 1621 absconditus

2256 1635 2493 1691 suavior.
2525 1636 2590 1693 Et
2617 1639 2937 1710 ignorabunt
2966 1647 3107 1715 quod
3136 1647 3377 1719 gigantes
3406 1651 3477 1707 ibi
3508 1664 3657 1720 sunt,
3700 1663 3762 1712 et
3788 1657 3845 1710 in

2253 1723 2534 1793 profundis
2578 1727 2774 1786 inferni
2820 1735 3059 1791 conviva:
3087 1736 3207 1808 ejus
3234 1738 3417 1810 (Prov.
3463 1759 3535 1800 vn
3565 1787 3581 1811 ,
3626 1746 3841 1811 1042;

2253 1830 2329 1882 lx,
2370 1818 2576 1890 15:18).

2322 1910 2365 1965 Α
2404 1910 2559 1981 cujus
2587 1911 2891 1973 fornicarim
2917 1918 3161 1987 delubro.
3201 1923 3307 1979 imo
3334 1927 3637 1997 volutabra,
3665 1933 3839 2003 pesti-

2254 2004 2482 2073 nacique
2509 2007 2838 2075 procacitate
2859 2015 3152 2083 et'procaci
3179 2020 3500 2085 pertinacia,
3529 2022 3602 2078 uil
3623 2034 3709 2080 est
3728 2038 3843 2099 quo

2252 2093 2430 2163 aptius
2461 2105 2515 2151 et
2558 2098 2771 2154 cautius
2810 2113 3023 2158 nostros
3065 2107 3315 2174 parvulos
3361 2093 3839 2173 tlcterrcatnus‘et

2255 2201 2572 2244 revacemus
2615 2205 2774 2260 quam
2814 2193 2899 2249 his
2934 2194 2986 2248 in
3034 2206 3189 2253 utero
3238 2203 3558 2259 sanetiticati
3588 2205 3840 2263 Ieremia:

2255 2272 2650 2335 invectionilms
2678 2295 2770 2337 seu
2810 2282 3270 2355 increpatmttilms
3300 2306 3314 2345 :
3345 2310 3362 2340 ε
3397 2290 3550 2350 Nunc
3576 2296 3705 2365 quid
3739 2297 3834 2351 tibi

2253 2367 2335 2423 vis
2371 2369 2421 2424 in
2467 2371 2549 2427 via
2601 2374 2971 2446 Assyriorum.
3016 2386 3075 2433 ut
3118 2378 3274 2436 bibas
3311 2397 3506 2453 aquam
3558 2385 3836 2443 ﬂuminis?

2254 2460 2381 2529 quid
2415 2462 2505 2517 tibi
2533 2463 2584 2518 in
2618 2464 2701 2519 via
2732 2466 2949 2538 Egypti
2982 2479 3041 2524 nt
3071 2471 3446 2547 hihasaqnatn
3482 2478 3781 2533 turbidam?
3808 2498 3829 2531 ι

2255 2547 2391 2619 (Jer.
2420 2567 2481 2618 tt,
2511 2552 2616 2624 18.)
2659 2554 2727 2610 Et
2761 2557 2906 2613 vasis
2948 2559 3246 2630 electionis,
3276 2563 3414 2620 beati
3444 2566 3617 2633 Pauli,
3640 2568 3837 2625 talibus

562 2640 734 2695 sancti
774 2640 1161 2710 plenitudinem
1186 2680 1201 2707 ,
1252 2657 1350 2698 nec
1394 2657 1552 2713 posse
1583 2642 1781 2715 aliquid
1816 2644 2049 2703 conferri
2081 2647 2149 2703 ad
2182 2630 2224 2691 Β
2252 2640 2680 2703 dissensionibus
2708 2664 2722 2702 :
2750 2667 2769 2701 ί
2804 2647 2919 2705 Νοη
2947 2652 3170 2721 potestis
3200 2668 3397 2711 mensa:
3423 2657 3633 2713 Domini
3663 2661 3833 2730 parti-

561 2729 885 2785 catholicam
936 2730 1202 2797 reversis,
1250 2746 1351 2787 nec
1392 2731 1593 2788 auferri
1641 2735 1710 2791 ab
1760 2734 1876 2807 ipsa
1919 2737 2147 2795 aversis.

559 2818 850 2891 Quodlibet
877 2836 1007 2894 ergo
1029 2821 1100 2879 sit
1127 2822 1426 2879 acerrimus
1450 2824 1553 2880 iste
1572 2825 1871 2896 conjector,
1901 2828 2152 2886 inimicus

562 2920 743 2968 tamen
772 2912 864 2967 Dei
894 2927 1018 2968 esse
1043 2912 1401 2981 convincitur,
1422 2914 1634 2972 etiamsi
1666 2915 1719 2971 in
1749 2914 2016 2988 aliquibus
2035 2917 2151 2987 ejus

562 3001 815 3058 videatur
841 3002 1115 3068 defensor,
1144 3003 1291 3073 quia,
1324 3003 1621 3060 secundum
1646 3005 1994 3077 Apostolum,
2048 3009 2149 3064 ha-

559 3093 654 3165 bet
686 3093 903 3164 quidem
945 3094 1180 3164 speciem
1226 3094 1482 3165 pietatis;
1527 3095 1779 3153 virtutem
1819 3110 1999 3156 autem
2034 3099 2151 3169 ejus

560 3184 795 3254 abnegat
838 3181 924 3253 (II
983 3181 1118 3236 Tim.
1166 3199 1244 3247 Ill,
1282 3182 1359 3255 5),
1402 3184 1676 3242 aestimans
1718 3196 1983 3256 quantum
2029 3203 2150 3245 esse

563 3274 816 3340 pietatem
856 3272 906 3345 (ι
938 3272 1071 3327 Tim.
1120 3289 1209 3339 vt,
1255 3274 1333 3343 5).
1385 3273 1510 3342 Qui,
1561 3276 1664 3331 etsi
1702 3278 1946 3347 qumdam
2002 3288 2150 3335 recte

563 3363 852 3431 aliquando
874 3360 1086 3427 oll‘eral,
1120 3362 1172 3417 in
1203 3378 1269 3419 eo
1294 3372 1473 3420 tamen
1497 3365 1637 3436 quod
1664 3381 1769 3423 non
1795 3379 1937 3424 recte
1960 3370 2150 3427 dividit

564 3453 960 3524 peccat,Caina
986 3454 1364 3510 maledictione
1389 3464 1446 3511 et
1463 3458 1731 3513 sententia
1756 3459 2146 3530 percellcndns,

563 3555 617 3601 et
650 3559 682 3600 a
710 3543 849 3600 facie
882 3554 1072 3609 terras,
1103 3544 1355 3600 videlicet
1380 3544 1659 3601 catholica:
1688 3547 1962 3613 Ecclesiae,
1978 3549 2144 3621 proji-

561 3635 806 3700 ciendus,
834 3634 1097 3705 siquidem
1137 3635 1205 3690 ad
1245 3649 1396 3689 suam
1443 3642 1498 3689 et
1520 3635 1807 3691 multorum
1832 3638 2144 3708 pusillorum

558 3725 760 3786 Christi
787 3728 1165 3797 perditionem,
1198 3735 1416 3782 sanctas
1440 3724 1776 3798 Seripturas,
1804 3740 2144 3791 sanctorum-

556 3836 666 3894 que
680 3822 901 3877 Patrum
926 3829 1100 3876 rectas
1120 3820 1419 3876 sententias
1439 3822 1845 3890 contorquendo
1862 3822 2142 3893 depravat,

556 3913 765 3984 aliquas
792 3913 1006 3984 quidem
1036 3911 1302 3979 decertat,
1336 3910 1546 3983 aliquas
1566 3922 1747 3967 autem
1787 3927 1880 3968 sua
1913 3914 2140 3969 dicendo

2253 2731 2399 2803 cipcs
2425 2748 2543 2790 esse
2579 2747 2635 2793 et
2668 2752 2867 2795 mensae
2895 2741 3300 2800 dmmoniorum.
3336 2746 3712 2824 Nonpotestis
3743 2767 3836 2808 cao

2252 2822 2409 2880 licem
2434 2823 2644 2885 Domini
2672 2828 2878 2897 bibere,
2900 2840 2955 2887 et
2973 2832 3195 2888 calicem
3219 2822 3607 2895 daemoniorum
3635 2839 3687 2912 (1
3709 2840 3831 2897 Cor.

2253 2930 2306 2982 .v,
2338 2914 2429 2981 20,
2458 2916 2570 2990 9.1).
2610 2937 2629 2972 ι
2669 2920 2729 2976 Et
2756 2938 2770 2976 :
2805 2941 2823 2975 ι
2856 2921 3030 2979 Nolite
3051 2924 3239 2996 jngunt
3267 2928 3466 2984 ducere
3493 2945 3615 2985 eum
3649 2932 3833 2988 inlide-

2252 3004 2410 3061 libus.
2440 3008 2568 3075 Quae
2587 3009 2730 3066 enim
2760 3013 3340 3086 participatiojnsdtize
3360 3036 3482 3076 cum
3511 3021 3834 3093 iniquitate?

2228 3107 2342 3155 .aut
2382 3114 2501 3169 qum
2530 3102 2761 3160 societas
2792 3104 2895 3161 luci
2926 3107 2992 3161 ad
3024 3109 3279 3166 tenebras
3302 3112 3325 3165 ἲ
3352 3128 3472 3182 qua:
3497 3123 3677 3169 autem
3705 3130 3833 3171 con-

2248 3192 2427 3246 ventio
2455 3193 2654 3250 Christi
2684 3197 2751 3251 ad
2779 3196 2987 3255 Belial?
3015 3210 3107 3256 aut
3132 3217 3250 3273 quae
3279 3219 3404 3275 pars
3439 3207 3582 3263 lidcli
3605 3225 3726 3265 cum
3756 3209 3835 3264 in-

2250 3280 2391 3337 fideli
2413 3283 2437 3337 ?
2461 3282 2562 3351 Qui
2595 3294 2775 3341 autem
2807 3302 3105 3347 consensus
3133 3295 3330 3364 templo
3362 3295 3454 3352 Dei
3484 3313 3604 3353 cum
3634 3298 3833 3355 idolis?

2253 3369 2356 3427 Vos
2382 3374 2524 3451 enim
2554 3375 2690 3432 estis
2717 3378 2969 3449 templum
3000 3379 3092 3437 Dei
3138 3382 3282 3451 vivi,
3314 3385 3455 3441 sicut
3488 3387 3622 3443 dicit
3649 3389 3786 3445 Deus
3807 3408 3825 3444 ε

2248 3450 2855 3528 ρυοιιῑειιιι“ίιιιιειι›ίωιιο
2880 3468 2931 3522 in
2962 3468 3067 3525 illis
3093 3480 3150 3535 οι
3174 3450 3519 3531 inatnbulabo
3545 3477 3689 3533 inter
3709 3493 3826 3546 eos,

2246 3562 2301 3607 et
2327 3567 2423 3609 ero
2449 3554 2660 3611 illorum
2688 3558 2849 3625 Deus,
2871 3569 2923 3615 et
2949 3561 3047 3632 ipsi
3076 3576 3234 3620 erunt
3260 3568 3388 3623 mihi
3414 3570 3661 3640 populus.
3692 3570 3828 3628 Pro-

2246 3653 2365 3714 pter
2385 3646 2525 3716 quod
2551 3649 2695 3706 exite
2715 3649 2782 3707 de
2806 3652 2981 3709 medio
3007 3668 3215 3723 eorum,
3243 3668 3297 3714 et
3323 3663 3669 3731 scparamini,
3694 3661 3825 3720 dicit

2247 3736 2526 3804 Dominus,
2564 3750 2618 3796 et
2666 3741 2998 3800 immundum
3031 3761 3099 3802 ne
3142 3748 3447 3820 tetigeritis,
3477 3761 3534 3809 et
3562 3769 3662 3825 ego
3689 3755 3825 3810 reci-

2246 3827 2387 3898 piam
2417 3844 2530 3895 vos,
2560 3841 2615 3885 et
2645 3847 2740 3888 ero
2770 3834 2922 3891 vobis
2948 3838 3000 3891 in
3043 3848 3270 3908 patrem,
3297 3850 3353 3896 et
3381 3858 3479 3898 vos
3509 3845 3657 3898 eritis
3684 3844 3818 3899 mihi

2249 3918 2300 3975 in
2330 3919 2699 3995 ﬁliosetﬁlias,
2724 3924 2853 3981 dicit
2873 3927 3128 3984 Dominus
3141 3932 3712 4007 omnipotens(llCor.
3731 3949 3818 4013 v1,

556 4004 861 4076 prolongat.
904 4002 1253 4074 Tandemque
1296 4000 1559 4059 violenter
1586 4001 1800 4059 intenso
1823 4018 1954 4095 arcu
1983 4019 2141 4074 para-
2165 3987 2212 4052 C
2244 4012 2455 4084 14-18).
2492 3987 2612 4067 »ξι-ι
2644 4016 2751 4073 llas
2782 4018 2943 4089 igitur
2973 3987 3357 4090 promissione:
3393 3987 3673 4095 habentes,
3686 3987 3821 4086 clla:

553 4092 638 4152 vit
666 4096 890 4166 sagittas
921 4110 1053 4151 suas
1078 4095 1128 4148 in
1158 4096 1435 4164 pharetra,
1473 4102 1533 4149 ut
1569 4093 1789 4164 sagittet
1817 4096 1870 4150 in
1908 4094 2140 4151 obscuro

557 4196 738 4242 rectos
774 4187 939 4242 corde
969 4186 1137 4257 (Psal.
1173 4202 1224 4249 x,
1254 4185 1330 4257 5),
1368 4194 1442 4253 et,
1482 4185 1624 4257 quod
1654 4187 1828 4244 adhuc
1872 4196 1955 4242 est
1991 4187 2140 4242 dotes

556 4278 692 4339 rius,
723 4276 1028 4346 arrogantia
1055 4276 1295 4331 scientia:
1328 4291 1422 4332 seu
1449 4275 1837 4347 qualiscunque
1863 4278 2140 4333 continen-
2172 4352 2176 4356 θ

558 4367 646 4422 tia:
673 4381 784 4420 sua:
806 4366 979 4421 elatus
1004 4374 1058 4421 et
1079 4374 1329 4429 czecatus,
1363 4365 1535 4420 zelum
1570 4368 1785 4436 quidem
1817 4369 1931 4433 Dei,
1963 4381 2020 4423 ut
2046 4386 2140 4440 pu-

561 4466 729 4521 tatur,
761 4457 987 4522 habens,
1010 4457 1103 4511 sed
1126 4470 1231 4511 non
1255 4456 1547 4511 secundum
1569 4458 1849 4513 scientiam
1874 4460 2050 4531 (Nam.
2079 4477 2135 4527 κ,

553 4547 634 4620 2),
686 4560 743 4602 se
791 4546 1108 4617 obsequium
1152 4555 1410 4616 prmstare
1456 4545 1568 4602 Deo
1615 4548 1913 4603 arbitratur
1953 4550 2134 4621 (Joan.

554 4656 671 4706 xvi,
700 4637 757 4710 2)
781 4680 796 4704 ,
830 4637 876 4693 si
924 4637 1068 4693 velut
1095 4652 1295 4693 cancer
1329 4635 1598 4707 pestiferis
1644 4640 1982 4696 sermonibus
2023 4655 2137 4697 ser-

552 4730 728 4803 pendo
756 4728 985 4794 iuiiciat,
1015 4736 1347 4799 corrumpat,
1371 4737 1426 4784 et
1449 4745 1479 4782 a
1508 4730 1777 4796 castitate,
1822 4747 1943 4803 qua:
1971 4740 2055 4788 est
2082 4735 2135 4790 in

552 4822 789 4888 Christo,
813 4812 1137 4892 simplicium
1160 4820 1601 4893 fratrumsensus
1618 4822 1880 4880 abscidat.
1911 4824 2135 4897 Nempe,

550 4912 809 4972 derelicto
830 4912 981 4970 fonte
1004 4929 1159 4985 aqua:
1175 4913 1337 4980 vivae,
1364 4914 1496 4969 fodit
1521 4915 1621 4970 sibi
1642 4916 1927 4984 cisternas,
1951 4920 2138 4974 cister-

548 5016 655 5061 nas
682 5003 994 5075 dissipatas,
1024 5020 1149 5075 quae
1168 5005 1447 5060 continere
1471 5022 1578 5061 non
1599 5005 1779 5061 valent
1804 5022 1974 5077 aquas
1997 5007 2132 5080 (Jer.

545 5106 612 5162 tt,
662 5093 797 5164 l3);
848 5110 949 5151 nec
994 5103 1150 5150 curat
1191 5094 1260 5149 de
1297 5095 1473 5166 puteis
1520 5110 1656 5165 quos
1695 5096 1941 5153 foderant
1983 5099 2131 5167 pueri

551 5183 703 5239 lsaac
734 5183 886 5255 (Gen.
930 5199 1079 5251 xxvi,
1108 5184 1293 5256 15—29)
1338 5200 1535 5257 aquam
1577 5186 1753 5242 vivam
1781 5185 1993 5251 eil'errc,
2040 5189 2133 5244 sed

2241 4103 2464 4171 rissimi,
2490 4109 2808 4165 mundenms
2830 4125 2929 4167 nos
2956 4114 3023 4168 ab
3044 4116 3189 4169 omni
3214 4117 3625 4188 inquinamento
3644 4120 3825 4176 cantio

2241 4204 2296 4251 et
2321 4195 2565 4267 spiritus,
2614 4200 2955 4269 perﬁcicnles
2999 4207 3484 4265 sanctiﬁcationem
3534 4212 3589 4267 in
3633 4213 3822 4269 timore

2240 4285 2333 4342 Dei
2354 4287 2439 4358 (II
2467 4290 2590 4346 Cor.
2617 4308 2717 4360 vn,
2740 4294 2814 4365 l).
2845 4314 2866 4348 ι
2892 4295 2948 4350 In
2974 4298 3169 4368 quibus
3195 4316 3325 4358 sane
3352 4302 3597 4375 Apostoli
3622 4307 3820 4373 verbis.

2238 4379 2337 4433 etsi
2372 4378 2677 4450 coniugium
2700 4393 2757 4438 et
2779 4385 3022 4453 copulam
3045 4390 3314 4445 carnalem
3341 4391 3461 4450 luce
3484 4395 3691 4453 clarius
3709 4410 3822 4453 mo-

2240 4483 2430 4522 nemur
2476 4481 2785 4542 separatum
2827 4475 2894 4530 iri
2941 4477 3010 4532 ab
3057 4478 3379 4550 infidelibus,
3425 4487 3598 4542 multo
3625 4489 3822 4560 'magis

2239 4559 2595 4628 Spiritualem,
2628 4579 2729 4620 nec
2769 4566 3102 4623 immundum
3135 4578 3374 4643 tangere,
3407 4585 3467 4633 ut
3496 4576 3610 4635 Deo
3638 4559 3821 4636 nostro

2236 4648 2587 4707 exhibeamus
2625 4654 2985 4725 nosmetipsos
3006 4658 3293 4728 gloriosam
3337 4663 3638 4723 Ecclesium
3664 4708 3684 4735 ,
3714 4683 3820 4725 non

2239 4738 2522 4796 habentem
2547 4744 2810 4801 maculam
2832 4757 2926 4801 aut
2948 4762 3159 4820 rugam,
3189 4761 3283 4808 aut
3318 4754 3523 4826 aliquid
3550 4759 3817 4829 ejusmodi

2236 4828 2450 4902 (Epltes.
2481 4850 2535 4901 ν,
2568 4836 2662 4908 27)
2688 4854 2703 4903 ;
2734 4839 2935 4928 utiipse
2972 4841 3026 4897 in
3070 4847 3226 4901 nobis
3262 4847 3553 4919 inhabitet,
3584 4828 3661 4910 et
3707 4856 3819 4928 ipse

2236 4934 2334 4974 nos
2384 4923 2638 4993 recipiat,
2686 4927 2973 4995 perficiens
3016 4934 3503 4994 sanctificationcm
3552 4923 3814 4998 nostram.

2239 5012 2405 5069 Porro
2430 5016 2670 5073 inﬁdeles
2698 5033 2821 5074 cum
2848 5022 3024 5087 audis,
3058 5040 3164 5080 non
3194 5027 3366 5087 solum
3396 5046 3639 5102 paganos
3665 5036 3825 5089 iutel~

2234 5098 2356 5170 Iige,
2390 5105 2483 5157 sed
2510 5115 2563 5157 et
2593 5107 2890 5173 hmreticos,
2913 5126 3049 5178 quos
3068 5114 3280 5183 pejores
3300 5098 3525 5189 paganis
3549 5131 3607 5176 et
3629 5122 3815 5177 beatus

2233 5188 2592 5261 Hieronymus
2619 5198 2903 5267 omnisque
2942 5212 3250 5270 sanctorum
3293 5207 3577 5266 doctorum
3617 5214 3815 5269 chorus
