4124 5374
367 302 500 365 1009

1019 297 1385 355 ADVERSUS
1420 297 1826 354 SIMOMACOS
1861 295 2040 351 LIBRI
2076 295 2275 352 TRES.
2313 326 2387 338 —
2421 291 2623 352 LIBER
2662 293 2942 350 PRIMUS.

3447 281 3606 348 ¹1010

363 414 449 468 ubi
477 411 748 467 obstinate
771 417 825 464 et
853 408 1290 465 irrationabiliter
1313 424 1467 466 sensa
1497 425 1593 466 sua
1615 411 1696 466 vel
1721 410 1927 479 npiuio-
1955 412 2000 468 Δ
2033 409 2262 464 ﬁliorum
2310 408 2401 464 Dei
2431 449 2445 474 ,
2488 411 2744 480 Apostolo
2786 399 3118 479 praetonante
3143 423 3155 459 :
3185 397 3202 459 ὰ
3238 404 3336 463 Ubi
3373 407 3607 477 Spiritus

363 517 458 559 nes
487 500 800 558 defenderit.
831 501 894 554 Et
927 501 1044 554 ideo
1073 516 1193 555 mox
1227 501 1564 566 devitandas,
1590 511 1650 556 ut
1681 501 1818 556 idem
1855 502 1931 556 ait

360 591 645 662 Apostolus
671 609 685 645 :
716 610 733 642 ‹
772 589 1095 644 Ινιειξιτριίςυηι
1122 591 1392 645 hominem
1426 601 1545 661 post
1574 605 1734 644 unam
1763 600 1818 646 et
1849 606 1932 646 se-

361 682 588 736 cundam
621 681 1011 751 correptionem
1057 681 1186 735 vita.
1236 681 1536 737 Subversus
1561 693 1644 736 est
1671 682 1812 736 enim
1837 679 1928 749 qui

358 771 616 842 ejusmodi
643 780 743 834 est,
772 780 825 825 et
854 771 1118 842 delinquit
1147 771 1583 841 propriojudicio
1607 771 1931 826 condemna-

361 871 446 916 tus
469 861 596 933 (Tit.
620 876 703 926 tu,
734 861 817 925 l0,
845 861 952 932 ll).
985 881 1002 914 ι
1033 862 1185 928 Quod
1208 862 1250 914 si
1275 877 1395 916 cum
1418 861 1509 915 tali
1531 860 1928 914 abominatione

355 960 412 1006 et
439 960 545 1006 tam
575 952 848 1021 repentina
880 951 1346 1006 animadversione
1365 951 1695 1005 damnandus
1715 960 1770 1004 et
1797 950 1930 1018 abji-

353 1041 581 1097 ciendus
606 1051 688 1097 est
717 1042 1019 1105 haereticus,
1047 1042 1296 1096 defensor
1319 1042 1436 1110 ejus
1478 1041 1604 1110 quid
1650 1041 1930 1096 meretur?

352 1128 456 1195 Qui
489 1131 632 1185 enim
661 1131 886 1186 aliorum
915 1147 1156 1187 errorem
1185 1130 1445 1197 defendit,
1472 1132 1641 1186 multo
1667 1141 1751 1186 est
1779 1131 1930 1184 dant-

350 1221 587 1276 nabilior
610 1231 664 1277 et
685 1223 969 1278 notabilior
994 1224 1118 1288 illis,
1144 1226 1270 1294 quia
1299 1239 1401 1278 non
1424 1223 1594 1278 solum
1625 1223 1736 1292 ipse
1759 1231 1924 1286 errat,

349 1313 449 1368 sed
477 1313 599 1369 aliis
630 1314 946 1370 offendicula
989 1316 1193 1372 erroris
1226 1324 1497 1388 praeparat
1534 1325 1588 1370 et
1619 1315 1920 1372 conﬁrmat.

352 1402 530 1470 Unde,
553 1404 677 1473 quia
707 1407 962 1476 magister
985 1407 1210 1470 erroris,
1247 1421 1352 1460 non
1386 1414 1589 1460 tantum
1621 1404 1924 1469 bzereticus,

345 1495 448 1548 sed
483 1493 840 1551 Incrcsiarcba
868 1513 1081 1567 quoque
1111 1498 1204 1568 qui
1232 1496 1493 1566 ejusmodi
1525 1507 1606 1551 est
1628 1506 1777 1552 recte
1798 1496 1929 1550 dici-

348 1593 461 1645 tur,
486 1593 669 1652 utpote
697 1585 748 1640 iu
776 1601 962 1641 errore
993 1588 1218 1656 primus.

426 1672 661 1729 Viderint
688 1674 864 1744 itaque
876 1676 1302 1733 Simoniacorum
1320 1677 1504 1748 utique
1519 1677 1922 1746 discipulorum,

2035 497 2265 561 Domini,
2291 497 2360 552 ibi
2384 497 2600 552 libertas
2620 497 2701 570 (11
2723 497 2942 563 Coum,
2968 494 3074 568 l7).
3106 513 3125 549 ι
3152 496 3218 552 Et
3241 505 3304 553 τ’(
3334 495 3607 566 Quotquot

2033 587 2234 658 Spiritu
2261 587 2351 642 Dei
2381 598 2640 657 aguntur,
2669 589 2719 642 hi
2751 587 2841 642 filii
2866 598 2988 644 sunt
3017 587 3108 642 Dei
3139 586 3598 659 (Rom.vnt,l4),i

2030 682 2074 735 si
2105 682 2214 750 ipse
2239 679 2612 734 nummulariis
2634 689 2690 734 et
2718 681 2889 734 servis
2923 694 3243 735 mammona:
3277 693 3469 735 servus
3511 680 3606 732 ad-

2030 771 2206 825 dictus
2235 786 2314 833 es,
2354 778 2407 823 et
2436 779 2513 832 tu,
2539 769 2818 834 columba,
2859 771 3179 824 necessitate
3213 778 3305 824 aut
3335 769 3606 824 voluntate

2033 871 2084 916 te
2115 863 2280 932 ipsam
2314 861 2620 916 laniandam
2652 861 2828 916 milvis
2864 862 3108 932 praebes?
3133 862 3283 929 Quod
3319 863 3363 917 si
3391 863 3458 916 ad
3495 870 3603 915 tam

2031 965 2256 1020 nequam
2281 965 2558 1005 servorum
2580 961 2634 1006 et
2655 951 3006 1020 pessimorum
3033 960 3391 1007 mercatorum
3414 961 3604 1006 nutum

2029 1044 2426 1099 sanctilicandis
2453 1044 2718 1099 creaturis
2749 1042 2983 1099 illaberis
3022 1052 3114 1097 aut
3159 1042 3454 1098 infunderis
3479 1081 3496 1107 ,
3523 1041 3604 1096 di-

2029 1133 2254 1188 cendum
2284 1143 2366 1188 est
2400 1145 2472 1202 te,
2507 1143 2599 1188 aut
2629 1134 2820 1188 timore
2849 1133 3034 1187 talium
3065 1134 3428 1197 dominorum,
3458 1131 3604 1187 velut

2026 1225 2249 1280 offensis
2278 1225 2568 1295 emptionis
2595 1235 2695 1279 tua).
2721 1225 3095 1280 instrumentis
3114 1236 3170 1280 et
3197 1225 3426 1290 chartis,
3455 1226 3520 1278 ad
3552 1223 3601 1278 id

2029 1317 2290 1371 violenter
2317 1317 2452 1385 cogi.
2505 1323 2618 1378 aut,
2642 1324 2788 1370 certe
2816 1315 3296 1370 concordissimum
3335 1324 3390 1370 et
3413 1311 3611 1370 unani-

2031 1423 2169 1463 mem
2200 1407 2466 1478 perversis
2497 1407 2728 1462 dominis
2755 1405 3028 1470 effectura,
3063 1422 3246 1461 amore
3272 1415 3326 1461 et
3356 1401 3608 1462 reveren-

2030 1498 2100 1551 tia
2126 1500 2354 1566 quadam
2381 1497 2618 1567 pecunia:
2637 1496 3026 1551 delectabiliter
3048 1496 3182 1550 trahi
3209 1513 3223 1562 ;
3251 1505 3304 1550 et
3328 1496 3407 1551 sic
3433 1495 3604 1564 gratia

2022 1585 2132 1654 jam
2165 1602 2266 1640 non
2295 1596 2378 1641 est
2407 1587 2596 1657 gratia,
2636 1587 2759 1656 quia
2798 1602 2904 1640 non
2935 1585 3101 1654 gratis
3128 1595 3368 1656 accepta.
3398 1586 3452 1641 Si
3477 1599 3606 1655 ergo

2029 1678 2222 1733 timore
2266 1677 2506 1748 cogeris,
2551 1678 2937 1747 omnipotentia
2978 1687 3064 1732 tua
3113 1687 3168 1734 et
3197 1677 3416 1732 libertas
3443 1677 3603 1747 perit.

339 1762 434 1816 vel
459 1764 768 1833 sequacium
799 1765 1034 1821 Simonis
1066 1766 1222 1837 Magi,
1254 1767 1456 1823 scilicet
1486 1767 1644 1837 primi
1682 1777 1801 1837 post
1841 1783 1927 1822 re-
1956 1751 2004 1812 Β
2032 1769 2156 1838 quia
2203 1767 2316 1838 jam
2356 1783 2459 1823 non
2493 1768 2667 1838 spiras
2702 1769 2790 1840 ubi
2823 1776 2877 1824 et
2925 1769 3140 1838 quando
3188 1765 3380 1836 vis._Si
3425 1775 3603 1820 autem

337 1852 578 1910 velatam
617 1854 846 1924 gratiam
892 1856 1152 1922 hceretici,
1202 1857 1550 1928 pertinaciter
1593 1857 1926 1922 defensores,

337 1953 514 2012 quoto
538 1946 727 2015 gradu,
760 1957 855 2000 aut
875 1962 984 2017 quo
1007 1950 1220 2004 nomine
1249 1948 1478 2004 habendi
1507 1948 1614 2004 sint
1635 1949 1774 2003 inter
1799 1949 1928 2004 ﬁde-

343 2034 448 2090 les.
482 2036 551 2089 At
580 2052 722 2093 nunc
756 2037 891 2106 jam,
940 2028 1172 2110 Spiritus
1221 2040 1381 2105 alme,
1427 2041 1570 2106 veni.
1621 2050 1929 2111 nostraeque

343 2125 643 2196 adjuugere
671 2130 807 2184 voci.
835 2130 1262 2201 Correptionem,
1281 2141 1356 2197 et,
1381 2132 1424 2186 si
1452 2131 1564 2186 fieri
1589 2141 1785 2202 potest,
1809 2147 1932 2187 cor-

341 2217 644 2272 rectionem
688 2219 884 2276 adhibe
929 2219 1249 2285 Simoniacac
1278 2222 1512 2278 vesania:
1539 2223 1590 2277 in
1623 2233 1675 2278 te
1703 2224 1924 2278 verbum

338 2309 570 2374 dicenti,
611 2321 664 2365 et
687 2321 736 2367 te
771 2312 1181 2382 hlasphemanti,
1213 2322 1268 2369 et
1297 2330 1394 2385 per
1423 2330 1530 2381 me,
1565 2323 1713 2370 tuum
1739 2315 1926 2384 subju-

338 2399 464 2471 gale
493 2409 720 2469 mutum,
747 2405 1038 2459 secundum
1067 2405 1513 2476 omnipotentiam
1543 2415 1714 2473 tuam,
1741 2405 1793 2462 iu
1825 2405 1925 2461 ho,

340 2490 509 2544 minis
540 2505 670 2546 voce
704 2493 770 2546 de
797 2493 934 2548 coelo
963 2493 1214 2564 loquens,
1243 2495 1468 2564 prohibe
1499 2496 1931 2565 pseudoprOphe.

340 2590 522 2635 tarum
553 2583 1041 2654 insipientiam,qui
1067 2585 1310 2641 volentes
1339 2600 1460 2641 esse
1487 2585 1620 2657 legis
1653 2586 1924 2651 doctores,

340 2685 454 2725 non
469 2671 794 2743 intelligunt,
810 2690 985 2744 neque
1001 2690 1122 2744 qua:
1137 2674 1637 2746 loquuntur,noque
1651 2677 1716 2731 de
1729 2677 1928 2747 quibus

339 2758 614 2817 aﬂizmant
636 2762 684 2832 (I
712 2762 843 2817 Tim.
868 2781 906 2829 ι,
939 2766 1015 2836 7).
1046 2766 1300 2832 Defende,
1329 2783 1360 2821 ο
1394 2766 1666 2821 liberrime
1686 2767 1927 2822 omnium

340 2854 512 2920 Deus,
543 2863 596 2908 et
635 2855 854 2910 Domine
901 2857 1186 2927 comqualis
1216 2874 1309 2926 per
1355 2859 1558 2922 onmia,
1600 2868 1760 2928 atque
1789 2871 1927 2913 eoa:-

340 2953 500 3000 tcrne
531 2947 636 2999 Dio
665 2945 809 3002 Patri
832 2957 883 3002 et
912 2948 1069 3012 Filio,
1107 2959 1249 3002 tuam
1275 2948 1600 3018 singularem
1625 2949 1926 3006 libertatem

339 3053 370 3092 a
414 3039 692 3110 sacrilegis
741 3042 1166 3111 negotiazorihus
1193 3081 1208 3107 ,
1245 3057 1274 3095 a
1329 3041 1566 3097 Simonis
1612 3039 1922 3096 Satnardaei

338 3129 650 3195 pecuniosis
695 3131 1018 3196 haeredibus,
1064 3146 1129 3186 ne
1176 3140 1360 3186 contra
1393 3131 1714 3186 sententiam
1747 3131 1927 3203 magni

339 3217 581 3272 Simonis
612 3220 777 3285 Petri,
808 3222 859 3275 in
892 3223 1021 3292 ipsis
1058 3238 1272 3294 quoque
1309 3221 1784 3277 Christianissimis
1817 3223 1926 3293 pri-

337 3310 566 3363 mordiis
598 3313 776 3364 datam
804 3353 817 3376 ,
852 3313 1176 3368 inducantur
1212 3313 1264 3368 in
1311 3323 1419 3368 tam
1452 3313 1809 3382 perniciosum
1840 3329 1927 3368 er-

338 3415 518 3454 rorem
546 3401 749 3468 parvuli
775 3413 828 3458 et
852 3405 1124 3474 simplices
1148 3405 1243 3470 tui,
1261 3413 1322 3458 ut-
1343 3404 1682 3475 aliquatenus
1703 3406 1926 3462 credant

334 3495 418 3548 vel
444 3495 462 3561 (
469 3497 611 3564 quod
637 3495 964 3553 tolerabilius
985 3499 1226 3570 putawr)
1254 3499 1552 3564 aestiment,
1575 3506 1627 3557 te
1651 3512 1926 3553 summum

335 3593 389 3638 et
427 3585 852 3656 incomparabile
879 3587 972 3643 Dei
997 3589 1192 3644 donum
1217 3589 1444 3660 pecunia
1468 3588 1731 3660 possideri
1759 3590 1923 3661 (quod

333 3674 482 3728 dictu
512 3676 678 3730 etiam
709 3678 882 3733 scelus
909 3680 1010 3751 est)
1059 3690 1314 3750 tanquam
1349 3695 1562 3734 servum
1597 3681 1923 3751 emptitium,

333 3775 428 3819 aut
458 3767 650 3824 venale
682 3770 1008 3840 jumentutn,
1053 3772 1248 3826 servile
1292 3771 1640 3842 mancipium.
1669 3771 1736 3832 Et
1763 3786 1925 3842 quor.-

333 3871 452 3910 sum
482 3860 695 3914 accidet
722 3861 809 3916 illa
837 3873 1018 3917 nostra
1051 3862 1292 3925 libertas,
1321 3864 1386 3918 de
1413 3879 1516 3934 qua
1546 3872 1601 3917 et
1621 3863 1722 3921 insi
1751 3878 1844 3933 per
1873 3870 1924 3916 te

327 3939 442 4014 iam
485 3953 864 4020 praesumimus
892 3956 944 4009 in
990 3971 1140 4026 Spem
1171 3967 1224 4010 et
1251 3957 1546 4026 gloriamur
1577 3957 1629 4010 in
1672 3955 1926 4011 libertate

2032 1875 2218 1914 amore
2253 1859 2500 1923 traheris,
2526 1859 2637 1927 jam
2671 1874 2774 1914 non
2811 1859 2977 1923 beati,
3009 1858 3103 1914 sed
3136 1857 3314 1912 miseri
3345 1870 3608 1927 pauperes

2029 1949 2248 2020 spiritu,
2287 1951 2540 2019 quoniam
2581 1959 2634 2004 tu
2681 1950 2923 2020 pecuniae.
2952 1950 3196 2020 pertinax
3241 1957 3476 2020 sectator
3516 1945 3611 2004 de;

2031 2039 2402 2108 prehenderis,
2433 2054 2594 2108 quam
2621 2041 2891 2094 contemni
2933 2050 2986 2094 et
3025 2040 3254 2110 dispergi
3283 2021 3402 2093 sine.
3428 2037 3608 2109 aliqua

2029 2129 2209 2184 futura
2236 2129 2588 2184 retributione
2624 2131 2757 2184 falso
2785 2131 3052 2201 prmcipis.
3087 2130 3190 2184 Sed
3212 2130 3348 2185 absit
3379 2127 3484 2186 tale
3509 2127 3607 2184 alio

2028 2225 2155 2295 quid
2187 2223 2270 2280 vel
2301 2222 2490 2278 leviter
2521 2222 2781 2290 suspicari
2811 2223 2876 2278 de
2906 2230 2977 2286 te,
3019 2236 3051 2275 ο
3094 2220 3413 2275 inviolabilis
3439 2228 3494 2276 et
3527 2219 3604 2275 ir-

2031 2315 2468 2388 reprehensibilis
2501 2312 2742 2368 veritatis
2782 2327 2946 2365 verax
2986 2311 3242 2380 Spiritus,
3271 2325 3430 2379 quem
3463 2309 3609 2364 dedit

2029 2408 2185 2464 nobis
2211 2405 2350 2462 Deus
2388 2405 2508 2460 ﬁdei
2551 2412 2605 2460 et
2634 2403 2746 2474 Spei
2773 2403 2987 2472 pignus,
3034 2410 3091 2455 ut
3122 2401 3360 2472 pecunia:
3389 2401 3610 2471 pignore

2028 2497 2296 2569 obligatus
2324 2494 2644 2550 Simoniacis
2662 2535 2676 2560 ,
2707 2507 2811 2548 non
2838 2492 3096 2547 Dominus
3126 2492 3486 2556 dominorum,
3511 2489 3607 2544 sed

2024 2588 2135 2658 jam
2174 2586 2332 2641 tertio
2359 2585 2524 2655 gradu
2558 2581 2779 2638 inferius
2807 2591 2898 2636 aut
2918 2583 3079 2636 etiam
3108 2580 3392 2635 millesimo
3421 2595 3610 2634 servus

2030 2676 2385 2746 pessimorum
2425 2688 2706 2728 servorum
2748 2673 2946 2743 pejoris
2993 2670 3237 2734 domini,
3283 2684 3608 2723 mammona:

2030 2766 2255 2831 scilicet,
2294 2763 2622 2836 praedicetis.
2653 2762 2801 2818 Unde
2823 2761 2934 2828 jam
2961 2775 3097 2814 nunc
3121 2756 3610 2827 blaspbcmantiutn

2031 2867 2104 2923 te,
2141 2867 2195 2912 et
2224 2856 2515 2911 indebitmn
2551 2854 2650 2910 sibi
2683 2853 3043 2908 sacerdotium
3087 2849 3362 2905 vindicare
3401 2862 3612 2918 prtesuo

2031 2949 2292 3004 mentium
2315 2947 2456 3002 dicta
2483 2946 2639 3001 dictis
2662 2943 2967 3000 refellamus
2996 2941 3188 3004 obviis,
3217 2939 3605 3011 praegredinnte

2033 3043 2157 3112 igne
2183 3049 2274 3103 tuo
2299 3048 2353 3096 et
2380 3037 2694 3094 temerarios
2722 3035 3091 3098 comburente,
3122 3049 3206 3098 ac,
3239 3033 3452 3086 demum
3483 3030 3607 3101 igne

2029 3146 2215 3187 eorum
2239 3129 2413 3186 alieno
2441 3129 2545 3184 huc
2578 3127 2810 3196 illucque
2839 3126 3099 3195 disperso.
3127 3137 3276 3178 aznea
3313 3119 3604 3186 thuribula,

2030 3231 2090 3278 ut
2116 3231 2240 3294 puta
2273 3221 2534 3276 mortibus
2557 3228 2898 3289 peccatorum
2919 3214 3273 3275 sanctificata,
3301 3213 3352 3266 in
3379 3211 3610 3266 laminas

2027 3315 2393 3385 producantur
2429 3322 2486 3368 et
2535 3311 2689 3366 altari
2721 3309 2928 3364 Domini
2983 3305 3298 3378 alligantur,
3344 3311 3610 3374 quatenus

2026 3406 2346 3475 exipsorum
2369 3402 2726 3466 sermonibus,
2755 3400 3027 3456 vocalibus
3048 3399 3264 3468 quidem
3297 3397 3390 3451 sed
3418 3397 3610 3450 ohscu-

2031 3498 2125 3563 ris,
2154 3496 2364 3567 eloquia
2408 3493 2618 3550 Domini
2645 3503 2794 3549 casta
2822 3493 2975 3561 quasi
3004 3498 3286 3561 argentum
3318 3497 3372 3541 et
3395 3501 3617 3546 aurum,

2029 3605 2095 3646 ex
2123 3585 2523 3658 comparatione
2553 3585 2700 3656 ejus,
2754 3585 2959 3636 notiora
3010 3580 3160 3642 ﬁant,
3203 3577 3507 3644 clariusque
3555 3583 3612 3628 et

2030 3676 2707 3737 evidentiusiunotescant.
2743 3691 2761 3724 ι
2794 3671 3018 3742 Oportet
3049 3670 3193 3724 enim
3217 3668 3449 3722 haereses
3469 3678 3606 3724 esse.

2027 3773 2101 3827 ait
2130 3769 2441 3842 Apostolus,
2487 3776 2547 3822 ut
2587 3765 2795 3837 probati
2833 3761 3104 3818 manifesti
3137 3760 3264 3816 fiant
3295 3759 3346 3814 in
3378 3754 3528 3810 vobis
3556 3750 3609 3822 (ι

2026 3863 2144 3920 Cor.
2171 3877 2247 3929 xt,
2278 3861 2386 3932 l9).
2419 3879 2437 3912 ι

344 4165 3593 4215 WWm

1542 4327 1938 4390 meremur
1973 4325 2406 4408 ι(ιΑΡιΤωιΑ

476 4523 537 4581 ιιι
593 4525 786 4582 librum
836 4522 1118 4580 llumoerti
1147 4521 1441 4578 cardinalis
1489 4522 1728 4592 episcopi
1779 4528 1987 4646 ssanet'e.
2019 4517 2278 4572 Romamn
2313 4515 2562 4573 ecclesia:
2606 4515 2662 4572 in
2709 4525 3060 4584 responsrone
3104 4525 3201 4566 sua
3249 4511 3451 4566 contra

1827 4604 2141 4646 nnomacos.

1827 4604 2141 4646 IIDOIIIGCOS.

327 4881 365 4929 I.
411 4875 532 4932 lure
544 4881 643 4933 ctio
680 4880 926 4935 adversus
963 4889 1320 4950 corruptorem
1349 4893 1571 4948 arguens
1613 4895 1730 4934 eum
1760 4893 1908 4932 men-
1937 4882 1988 4942 ι)
2014 4877 2103 4931 Vl.
2132 4876 2206 4930 De
2220 4874 2516 4946 sti/ferentia
2537 4871 3166 4943 pseudoepiscoporumct
3191 4865 3609 4926 ordinationibus

391 4966 532 5019 dacii
549 5006 564 5021 .
2089 4983 2288 5021 eorum.

330 5058 394 5114 ll.
424 5059 497 5131 De
522 5063 1000 5132 pseudocpiscopis,
1021 5079 1150 5132 quos
1174 5070 1319 5119 notat
1335 5061 1599 5122 ,decretale
1623 5059 1912 5134 capitulum
2021 5059 2132 5118 VII.
2167 5057 2240 5111 De
2267 5051 2496 5126 capitulo
2517 5053 2686 5106 sancti
2712 5050 2950 5120 Gregorii
2967 5049 3262 5120 prohibenti
3283 5047 3615 5118 reordt'nari,‘

303 5167 323 5210 ε
404 5152 586 5209 Leonis
607 5173 779 5225 papa'.
2096 5150 2180 5203 ubi
2209 5148 2364 5202 etiam
2401 5144 2638 5199 concedit
2657 5142 2980 5199 Simoniacos
3001 5140 3187 5194 saltent
3213 5138 3424 5194 Ariani:
3452 5146 3644 5217 (equi-‘

339 5242 419 5298 lll.
450 5243 601 5311 Quod
630 5247 920 5302 Simoniari
943 5247 1140 5316 pejores
1167 5247 1380 5304 Ariani:
1402 5256 1450 5301 et
1474 5249 1584 5320 ipso
1609 5267 1703 5305 suo
1740 5249 1912 5320 magi-
