4124 5374
554 293 682 348 "III

1621 291 1981 349 HUMBERTI
2019 294 2078 351 S.
2120 294 2188 351 Β.
2232 295 2292 351 Ε.
2333 293 2745 356 CARDINALIS

3669 304 3820 364 1012

543 403 616 464 Χ.
644 405 720 462 De
748 401 1136 476 imperfectione
1177 401 1504 474 baptismatis
1533 405 1898 460 Iwreticorum
1927 417 2130 462 senten-
2157 410 2206 471 Α
2233 408 2395 466 XVII.
2443 409 2830 482 Recapitulatio
2875 386 3014 468 unde
3048 389 3228 487 supra.
3275 415 3478 474 Deinde
3525 421 3658 474 beati
3704 423 3744 474 ,4
3757 439 3818 476 u-

616 499 704 555 tiw
730 509 1028 554 sanctorum
1066 497 1310 559 Patrum.

544 591 636 649 XI.
668 589 773 650 Ubi
817 603 1118 648 sanctorum
1157 590 1379 647 Patrum
1406 593 1674 648 sententia:
1717 603 2047 656 promuntur,
2074 594 2128 648 in

615 682 801 754 quibus
830 685 932 738 sint
959 685 1190 739 hcet-elici
1228 684 1448 738 vitandi.

544 772 656 830 XII.
710 772 790 830 De
837 776 1255 830 ordinationibus
1292 775 1674 841 haereticorum,
1715 776 1874 846 juxta
1918 775 2128 830 beatum

612 864 999 921 Innocentium.

541 955 677 1012 XIII.
713 955 864 1012 Unde
888 975 1070 1028 supra,
1105 959 1388 1012 secundum
1412 960 1616 1014 beatum
1655 957 1982 1028 Gregorium.

542 1047 680 1104 XIV.
735 1046 1122 1119 Recapitulatio
1175 1050 1502 1121 superiorum
1558 1051 1931 1106 sententiarum
1991 1050 2127 1106 beati

611 1138 853 1212 Gregorii
876 1151 1059 1196 contra
1090 1141 1254 1211 falsos
1281 1152 1754 1211 argumentatores.

537 1231 660 1290 XV.
700 1233 778 1288 De
801 1235 1026 1304 propriis
1052 1244 1100 1288 et
1126 1234 1425 1306 impropriis
1453 1235 1797 1300 dictionibus,
1823 1245 1870 1290 et
1900 1236 2126 1290 vanitate

607 1319 1052 1382 Sitnoniacorum.

542 1415 682 1474 XVI.
713 1415 982 1474 Sententia
1010 1417 1179 1474 sancti
1204 1419 1467 1474 Ambrosii
1496 1419 1561 1474 de
1589 1419 2006 1494 ordinationibus
2036 1417 2128 1482 εῖτ

613 1510 989 1568 moniacorum.

570 1691 1733 1720 Μ

2301 501 2497 568 gustini
2526 502 2826 574 sententiaJ

2235 589 2417 646 XVIII.
2448 591 2526 646 De
2544 593 2891 648 mercantibus
2917 595 3317 651 ecclesiasticam
3347 597 3650 668 dignitatem
3687 616 3792 656 sats

2300 695 2501 738 ctorum
2527 682 2746 742 Patrum
2775 691 3061 744 sententia’.

2239 773 2376 830 XIX.
2420 775 2664 847 Repulsio
2691 793 2872 833 eorum
2903 781 2992 850 qui
3019 781 3201 834 dicunt
3231 779 3562 838 Simoniacos
3585 784 3817 864 gratim

2301 867 2492 922 habere
2517 885 2547 921 a
2576 885 2679 940 qua
2704 870 3051 939 deponantur.

2237 956 2352 1015 XX.
2397 959 2550 1025 Quod
2587 959 2879 1016 Simoniaci
2900 963 3013 1017 sine
3041 963 3144 1032 ﬁde
3165 964 3292 1030 sint,
3313 965 3551 1038 quodque
3571 966 3669 1023 sibi
3686 980 3816 1026 eca-

2299 1051 2576 1105 sentientes
2605 1052 2710 1121 ﬁde
2736 1053 2958 1121 privent.

2236 1142 2375 1200 XXI.
2415 1143 2659 1212 Repulsio
2689 1161 2868 1199 eorum
2898 1146 2988 1216 qui
3015 1146 3193 1201 dicunt
3221 1147 3404 1203 haberi
3431 1157 3478 1202 et
3499 1146 3642 1217 juste
3661 1164 3820 1214 posse

2303 1238 2424 1292 dari
2455 1236 2706 1308 Spiritum
2736 1249 2975 1293 sanctum
3005 1240 3070 1292 ab
3099 1257 3158 1293 eo
3185 1242 3274 1311 qui
3297 1241 3488 1310 injuste
3517 1242 3744 1313 accepit.

2233 1328 2540 1400 Erpliciunt
2570 1330 2801 1420 capitula
2829 1330 2946 1385 libri
2975 1332 3131 1414 primi
3158 1334 3588 1404 Antisimoniaci‘

1301 1721 1819 1863 'INCIPIT‘
1885 1721 2465 1860 LIBELLUS
2570 1771 3019 1860 PRIMUS
3103 1721 3106 1724 ’

535 1935 736 1996 Contra
761 1939 1047 2000 hteretteos
1075 1953 1130 2000 et
1155 1944 1391 2017 maxime
1415 1943 1774 2008 Simiacos,
1809 1946 1978 2000 instar
2019 1943 2227 2017 dialogi
2272 1944 2372 2017 sub
2423 1945 2641 1999 nomine
2685 1945 3035 2017 (lorrnptoris
3059 1956 3113 2002 et
3140 1946 3508 2017 Correptoris,
3535 1945 3716 2006 editus
3744 1943 3815 2008 ait

1325 2013 1640 2083 Humberto,
1675 2027 1874 2073 sancta:
1907 2017 2164 2070 Romanae
2189 2014 2444 2083 Ecclesiw
2468 2016 2727 2070 cardinali
2763 2013 3036 2086 episcopo.

1939 2151 2187 2170 '—-_a-—

1057 2239 1285 2299 CAPUT
1322 2241 1610 2299 PRIMUM.

608 2334 959 2389 (lenaee-ron.
1001 2331 1056 2387 In
1099 2333 1216 2404 ipso
1259 2333 1642 2388 controversiae
1677 2347 1789 2387 sure
1825 2330 2121 2396 vestibulo,

537 2423 774 2495 prtelixis
805 2424 1011 2494 aliquot.
1049 2423 1116 2478 ad
1149 2423 1515 2479 defensionem
1555 2423 1634 2478 sui
1676 2438 2005 2495 suorumque
2033 2438 2125 2479 ca-

541 2511 757 2580 pitulis,
801 2512 957 2582 quasi
991 2512 1314 2582 quibusdam
1346 2512 1662 2584 muscipulis
1689 2515 1884 2583 aptatis
1916 2524 2009 2569 aut
2037 2530 2126 2570 ca-

541 2605 693 2660 sibus
715 2606 780 2660 ad
809 2605 1209 2676 illaqueandum
1234 2606 1478 2662 incautos
1505 2607 1786 2677 prietensis
1805 2607 2125 2673 ,subversus

538 2698 831 2752 subversor
870 2707 1032 2768 atque
1061 2698 1318 2757 seductus
1348 2698 1629 2764 seductor,
1662 2701 1879 2755 tandem
1914 2701 2123 2755 violen-

539 2796 625 2840 tus
665 2789 732 2842 ab
770 2787 1086 2843 insidiarum
1119 2789 1385 2844 cuniculis
1421 2791 1680 2860 emergit,
1723 2801 1884 2862 atque
1924 2792 1975 2846 itt
2010 2793 2125 2847 bare

537 2888 853 2948 argumenta
877 2877 942 2933 ad
971 2877 1338 2934 suilecandum
1363 2880 1598 2935 irretitos
1620 2892 1837 2952 repente
1852 2883 2085 2952 erumpit
2109 2901 2120 2936 :

607 2967 951 3029 Couuuerou.
990 2987 1008 3019 ι
1041 2967 1135 3023 llis
1159 2982 1288 3039 ergo
1315 2969 1526 3026 rell-etis
1547 2971 1818 3041 capitulis,
1846 2987 1878 3026 ο
1898 2971 2125 3040 Ῑηδιίίῑςη

539 3059 846 3123 dilectores,
889 3059 1144 3132 liquidius
1167 3061 1394 3116 audistis
1418 3063 1564 3133 quod
1589 3078 1618 3117 a
1649 3063 2126 3134 pseudoepiscopis

537 3153 814 3208 ordinatio
840 3152 976 3207 facta
1002 3163 1179 3222 posset
1212 3163 1326 3208 rata
1354 3155 1671 3210 consistere.
1705 3173 1723 3207 s

604 3249 948 3305 Conamen.
982 3246 1355 3302 Venelicorum
1395 3257 1476 3302 est
1520 3249 1783 3304 mortiferi
1815 3249 1989 3321 poculi
2027 3264 2122 3304 ora

540 3339 876 3411 aiiquantulo
907 3339 1077 3395 melle.
1101 3340 1375 3405 imbuere,
1419 3350 1478 3395 ut
1519 3350 1844 3412 praegustata
1896 3342 2125 3397 dulcedo

540 3433 920 3486 ineunctauter
979 3429 1142 3485 faciat
1204 3431 1494 3487 absorberi
1549 3433 1808 3504 quidquid
1877 3445 2125 3506 superest

539 3518 757 3576 tethale.
787 3519 938 3586 Quod
968 3518 1453 3600 islecalumuiator
1474 3521 1666 3578 fecisse
1693 3523 1968 3594 arguitur,
2001 3527 2120 3590 ubi,

540 3610 760 3666 ordiens
787 3609 1086 3665 teudiculas
1111 3591 1468 3680 capitulorum
1488 3653 1503 3677 ,
1536 3627 1656 3682 qua:
1683 3591 2120 3684 quaquaversum
2152 3591 2197 3654 ε

539 3718 697 3756 emen
721 3702 934 3758 iicaudo
957 3712 1010 3757 et
1032 3719 1142 3758 suae
1162 3703 1543 3774 disputationis
1566 3705 1770 3762 foribus
1796 3707 2124 3778 prteﬁgendo

539 3804 894 3865 corruperat,
927 3794 1066 3849 iniit.
1811 3782 1820 3787 ⁷

608 3884 954 3942 Cottnup'rou.
989 3905 1006 3936 ‹
1037 3886 1247 3943 Abhinc
1275 3887 1530 3957 pneclara
1557 3899 1857 3961 sequuntur
1883 3892 2125 3948 testimo-

541 3980 664 4046 nia,
694 3979 892 4050 quibus
913 3995 1066 4050 papae
1094 3981 1337 4036 Formosi
1365 3982 1636 4042 ordinatio
1659 3993 1776 4039 rata
1808 3994 1862 4040 et
1885 3983 2123 4056 legitima

539 4085 661 4127 esse
692 4079 866 4126 IIOIISI
877 4079 993 4124 ratu
1002 4087 1044 4124 Γ.
1078 4089 1097 4123 ι

612 4163 959 4218 (Σοιιιιπρτοιι.
991 4161 1142 4218 lianc
1167 4164 1545 4220 sententiolam
1573 4182 1758 4233 suam,
1782 4175 1847 4221 ut
1869 4171 1917 4223 ei
1952 4168 2128 4222 mari.

543 4270 690 4307 mum
733 4243 1047 4311 conciliaret
1087 4252 1360 4319 favorem,
1399 4263 1454 4310 et
1484 4257 1736 4312 omnibus
1773 4257 2009 4312 ediceret
2038 4273 2125 4311 re-

539 4345 831 4400 verendam
881 4347 963 4401 vel
1008 4363 1074 4403 ex
1115 4348 1348 4404 maxime
1385 4358 1439 4404 et
1482 4350 1658 4419 primo
1702 4351 1896 4421 synodi
1937 4362 2128 4406 aucto-

542 4436 736 4500 ritate,
767 4437 906 4494 laIso.
929 4439 1279 4508 prietitulavit
1307 4454 1372 4494 ex
1399 4441 1631 4494 concilio
1657 4440 1893 4495 Niceno.

618 4529 671 4582 lu
695 4544 798 4599 qua
827 4532 1023 4600 utique
1039 4531 1458 4600 praesumptione
1479 4531 1654 4600 qualis
1676 4531 1981 4586 habetur-in
2005 4532 2130 4586 sub-

541 4619 905 4688 sequentibus
951 4621 1218 4685 innotuit,
1268 4621 1359 4690 qui
1417 4621 1586 4688 ipsam
1634 4637 1746 4677 sua:
1797 4623 2130 4678 narrationis

540 4708 764 4783 ianuam
813 4714 1127 4779 mendacio,
1175 4714 1305 4784 quin
1354 4717 1532 4783 potius
1562 4715 1882 4786 sacrilegio,
1917 4715 2138 4785 polluit.-

547 4803 731 4876 Neque
757 4804 903 4860 enim
932 4806 1224 4876 capitulum
1251 4805 1380 4860 illttd
1411 4821 1676 4875 primum,
1704 4815 1796 4860 aut
1833 4806 2131 4863 versiculus

547 4898 602 4953 in
625 4905 738 4951 toto
760 4895 979 4951 Nicmuo
1003 4897 1092 4952 veI-
1113 4898 1166 4952 in
1206 4897 1388 4968 aliquo
1417 4906 1538 4967 post
1567 4897 1740 4967 ipsum
1776 4897 2008 4952 concilio
2045 4898 2130 4952 in-

543 4992 792 5056 venitur;
831 5007 931 5047 nec
965 4993 1031 5047 de
1072 5008 1220 5058 papa:
1260 4992 1502 5048 Formosi
1547 4993 1922 5054 ordinatione,
1952 5003 2132 5046 utrum

551 5092 667 5138 rata
700 5100 769 5138 an
800 5085 952 5138 irrita
977 5084 1082 5139 bab
1116 5086 1218 5138 uda
1241 5086 1346 5150 sit,
1378 5087 1670 5156 quidquam
1698 5085 1748 5140 in
1778 5085 1992 5140 Μαιηιο
2013 5126 2026 5148 ,
2052 5084 2134 5138 vel

543 5173 606 5229 in
631 5173 811 5242 aliquo
832 5181 954 5243 post
978 5175 1150 5243 ipsum
1177 5175 1404 5230 concilio
1430 5183 1720 5238 tractatur,
1749 5185 1843 5230 aut
1866 5183 2134 5229 monstra-

549 5270 644 5320 tur
659 5303 674 5326 ,
703 5278 824 5316 cum
847 5265 1010 5317 etiam
1032 5264 1116 5316 vel
1140 5263 1326 5318 leviter
1350 5263 1454 5318 tale
1474 5264 1600 5332 quid
1622 5265 1882 5334 suspicari
1909 5266 2134 5320 inﬁnitae

1025 5361 1111 5374 ι--.-
1157 5350 1285 5374 λτ----
1313 5353 1386 5374 ε...

740 5367 798 5374 ιι...
830 5367 958 5374 -.ι-ι..

2159 2240 2203 2300 Β
2232 2236 2410 2292 nuII‘us
2433 2253 2462 2292 a
2479 2235 2671 2292 Caroio
2689 2234 2878 2306 Magno
2902 2235 3223 2307 imperatore
3244 2249 3589 2308 computatur
3607 2251 3814 2307 sextusl

2228 2329 2612 2399 autseptimus.
2628 2328 3142 2396 Quodsi-capitulum
3169 2330 3294 2384 illud
3324 2332 3524 2385 idcirco
3545 2347 3613 2386 ex
3635 2335 3809 2388 concio

2229 2417 2300 2473 lio
2329 2417 2544 2472 Nica'no
2575 2419 2780 2489 putavit
2808 2420 3261 2489 prtetitulandum,
3284 2423 3409 2491 quia
3447 2422 3647 2492 aliquot
3671 2423 3809 2494 capi-

2229 2509 2336 2564 tula
2361 2526 2548 2566 eorum
2583 2527 2704 2582 qua:
2739 2512 3050 2582 sulijunxit,
3083 2528 3147 2566 ex
3183 2514 3272 2567 illo
3302 2515 3534 2568 concilio
3563 2515 3699 2580 sint;
3729 2513 3809 2569 ve‘

2228 2605 2538 2661 admonitus
2561 2615 2848 2677 cognoscat
2865 2606 3066 2660 nullum
3093 2606 3220 2660 inibi
3240 2621 3296 2661 se
3316 2607 3610 2676 subiecisse
3622 2617 3808 2677 praeter

2226 2697 2399 2753 solum
2452 2697 2517 2752 de
2568 2697 2816 2752 Catltaris
2867 2696 3181 2767 capitulum.
3242 2697 3376 2751 II'inc
3420 2713 3548 2768 ergo
3595 2706 3811 2768 apparet

2226 2799 2461 2860 quantus
2511 2789 2581 2844 sit
2621 2789 2981 2844 calumniator
3029 2789 3156 2858 qui,
3205 2789 3380 2843 victus
3415 2804 3631 2852 errore,
3667 2803 3806 2855 men;

2228 2881 2408 2936 tiendo
2443 2895 2658 2951 quoque
2693 2890 2879 2935 contra
2917 2881 3209 2934 maximum
3241 2888 3294 2934 et
3316 2881 3459 2934 omni
3495 2880 3693 2933 mundo
3721 2895 3787 2932 no

2229 2973 2494 3026 tissimum
2526 2971 2942 3040 vcnerabiieque
2967 2972 3276 3037 concilium,
3305 2972 3645 3042 impudenter
3669 2971 3808 3025 labo-

2228 3072 2315 3118 rat
2340 3077 2602 3133 apparere
2632 3064 2828 3118 victor.
2861 3062 2965 3118 Sed
2987 3063 3099 3134 jam
3129 3062 3271 3117 dicta
3299 3062 3439 3117 illius
3467 3062 3811 3118 eventilando

2228 3153 2620 3209 discernantur.

2858 3243 3086 3302 CAPUT
3125 3245 3185 3300 II.

2297 3338 2582 3394 Praemisso
2610 3337 2803 3392 Leonis
2828 3353 2978 3408 papa:
3004 3339 3145 3392 beati
3170 3347 3218 3391 cl
3255 3337 3431 3406 magni
3465 3337 3700 3391 doctoris
3725 3351 3786 3390 ca

2228 3432 2426 3503 pitulo,
2470 3446 2712 3486 errorem
2757 3446 2911 3484 suum
2952 3431 3312 3483 corroborarc
3351 3437 3584 3483 conatur
3616 3443 3679 3482 ex
3713 3443 3807 3490 eo,

2229 3524 2381 3594 quasi
2421 3524 2486 3577 de
2515 3521 2839 3577 Simoniacis
2879 3530 2969 3574 aut
2999 3531 3151 3576 certe
3184 3522 3250 3574 de
3275 3521 3392 3574 aliis
3423 3519 3691 3573 haereticis
3716 3518 3785 3571 ali

2229 3614 2354 3684 quis
2377 3613 2482 3667 illic
2502 3613 2551 3667 ei
2577 3612 2738 3666 fuerit
2761 3627 2968 3673 sermo.
2998 3622 3053 3666 et
3076 3627 3180 3666 non
3209 3612 3386 3681 potius
3418 3612 3484 3666 de
3508 3609 3805 3673 catholicis,

2233 3705 2439 3775 siquos
2463 3703 2599 3758 forte
2621 3703 2890 3774 prtepositi
2913 3703 3166 3757 Ecclesiae
3193 3703 3496 3774 ignorantia
3513 3743 3528 3768 ,
3561 3717 3650 3756 seu
3676 3714 3803 3772 pra)-

2233 3795 2544 3866 sumptione
2565 3835 2578 3860 ,
2609 3795 2694 3849 vei
2729 3794 3055 3849 necessitate
3096 3809 3199 3858 non
3229 3794 3523 3848 secundum
3553 3789 3805 3846 subtilita-

2231 3895 2339 3940 tem
2357 3901 2625 3942 canonum
2643 3895 2985 3950 consecrant,
3004 3895 3096 3940 aut
3111 3884 3487 3940 consccrariut
3505 3879 3809 3953 aliquandm

2230 3978 2373 4033 Fieri
2405 3979 2546 4033 enim
2578 3978 2771 4048 potuit,
2798 3986 2850 4031 et
2879 3978 3110 4047 poterit,
3141 3987 3197 4030 ut
3228 3986 3320 4030 aut
3345 3991 3541 4041 unum,
3566 3973 3646 4029 vel
3671 3974 3806 4040 duo,

2232 4069 2502 4124 autsimul
2533 4069 2645 4123 haec
2670 4067 2771 4122 tria
2796 4067 3028 4138 capitula
3053 4067 3386 4122 consecratis
3406 4065 3607 4129 desint,
3633 4063 3684 4118 id
3707 4070 3809 4128 est,

2233 4170 2290 4214 ut
2325 4172 2422 4213 nec
2462 4173 2490 4212 a
2521 4157 2731 4213 clericis
2760 4158 2872 4212 sint
2897 4157 3074 4222 electi,
3108 4173 3207 4212 nec
3232 4173 3259 4209 a
3290 4155 3535 4226 plebibus
3560 4154 3810 4225 expetiti,

2231 4267 2332 4306 nec
2373 4267 2400 4304 a
2447 4250 2869 4322 provincialibus
2916 4249 3183 4320 episcopis
3236 4263 3361 4303 cum
3419 4244 3809 4316 metropolitani

2226 4343 2430 4412 judicio
2468 4342 2804 4406 consecrati;
2849 4339 3044 4410 quibus
3089 4349 3265 4394 tamen
3310 4337 3656 4394 consecratio
3709 4351 3811 4391 non

2235 4434 2418 4498 deest,
2471 4435 2595 4504 quia
2653 4433 2770 4487 sine
2825 4434 3136 4500 pecuniaria
3187 4431 3477 4487 venalilate
3537 4429 3680 4498 facta
3735 4438 3814 4484 est

2235 4525 2488 4594 quamvis
2513 4540 2576 4579 ex
2621 4525 2793 4578 tribus
2828 4525 3154 4594 supradictis
3186 4523 3438 4593 capitulis
3477 4538 3615 4593 vaga
3648 4530 3701 4576 et
3737 4520 3815 4574 iu-

2235 4617 2448 4672 stabilis
2489 4616 2710 4671 ﬂuctuet
2751 4626 2804 4671 et
2849 4617 3084 4671 aberret.
3131 4615 3416 4687 Alioquin.
3470 4614 3516 4669 si
3566 4613 3711 4668 nulla
3759 4611 3812 4666 in

2235 4709 2316 4782 eis
2367 4717 2511 4762 esset
2559 4709 2794 4778 episcopi
2846 4707 3218 4772 consecratio,
3276 4706 3416 4760 nulla
3467 4720 3655 4761 eorum
3701 4715 3814 4758 ca:-

2238 4801 2365 4853 uiuo
2416 4807 2566 4863 esset.
2607 4798 2910 4865 ordinatio,
2961 4797 3209 4868 quamvis
3262 4797 3491 4853 clericos
3531 4795 3586 4851 in
3634 4793 3814 4850 Eccle-

2238 4893 2362 4958 siis,
2403 4908 2523 4962 quae
2559 4891 2624 4945 ad
2653 4889 2900 4960 proprios
2941 4891 3225 4961 episcopos
3262 4888 3641 4959 pertinebant,
3685 4900 3813 4942 eon-

2240 4993 2396 5040 sueto
2419 4982 2626 5051 judicio
2667 4982 3068 5053 praesidentium
3089 5021 3103 5046 ,
3133 4991 3190 5034 ut
3221 4981 3295 5035 ita
3323 4980 3566 5044 dicatur,
3593 4975 3810 5033 ordina-

2240 5085 2381 5129 rent.
2415 5074 2597 5144 Neque
2625 5074 2772 5127 enim
2808 5072 3058 5130 euadibet
3094 5071 3365 5135 Ecclesia,
3402 5085 3502 5125 nec
3542 5065 3812 5139 quodlibet

2231 5165 2494 5234 judicium
2520 5165 2694 5219 eidem
2733 5162 3132 5234 praesidentium
3157 5161 3331 5232 potuit
3359 5168 3449 5212 aut
3483 5159 3683 5225 poterit
3720 5155 3808 5210 alio

2239 5255 2456 5324 quando
2495 5251 2709 5308 edicere
2749 5261 2809 5306 ut
2852 5250 3048 5322 aliquis
3088 5251 3262 5320 possit
3296 5249 3454 5304 alicui
3504 5248 3640 5303 dare
3678 5245 3821 5315 quod

2241 5346 2624 5374 ηΛ-νιη-ΑΙιι-ιιι-ιι
2663 5346 2776 5374 :nnn
2809 5343 2954 5374 nlliln
2992 5345 3148 5374 mntlan
3176 5343 3378 5374 lus-Ib.an
3449 5337 3810 5374 annona-polin.
