4124 5374
251 333 344 390 101
353 331 389 388 ὖ

906 333 1274 396 ADVERSUS
1313 337 1720 396 SIMONIACOS
1757 339 1936 395 LIBRI
1974 339 2174 396 TRES.
2215 369 2286 380 —
2321 338 2523 397 LIBER
2558 338 2836 398 PRIMUS.

3365 342 3502 398 {0H

251 451 294 508 si
329 447 446 505 solo
473 447 684 522 judicio
718 451 1095 524 episcoporum
1139 454 1381 511 ecclesiis
1420 457 1822 527 praesidentium
1852 460 1902 521 Α
1930 455 2212 523 munione,
2241 456 2367 514 licet
2398 473 2490 514 eos
2513 458 2714 530 jugiter
2743 458 3069 513 admoneant
3089 454 3271 516 facere
3295 457 3504 513 fructus

253 540 599 608 posset-dare
629 557 790 611 quam
823 544 964 612 quod
997 558 1100 598 non
1139 544 1336 600 habet?
1363 545 1494 601 Nam
1525 547 1692 604 laicus
1724 563 1821 603 no-

252 639 383 692 ster,
401 632 445 684 si
472 634 765 706 necessitas
783 636 1039 703 postulat,
1068 638 1119 691 in
1139 639 1460 696 remissione
1477 650 1822 711 peccatorum

253 736 346 790 per
372 721 630 791 Spiritum
653 736 902 781 sanctum
927 727 1165 798 baptizat
1183 771 1196 794 ,
1229 731 1369 800 quod
1395 731 1680 788 hzereticus
1700 734 1823 804 qui-

253 811 268 866 l
294 813 382 866 bet
403 815 615 870 etiamsi
638 818 920 887 episcopus
945 820 1186 886 dicatur,
1216 823 1346 877 nulli
1377 822 1664 893 aliquando
1692 841 1826 894 pra:-

253 912 381 955 stat.
423 902 576 969 Quod
617 907 730 976 ipse
769 908 956 964 beatus
994 909 1134 975 Leo,
1186 912 1239 966 in
1289 912 1408 968 aliis
1460 913 1828 972 Decretalibus

253 992 398 1056 suis,
442 995 521 1050 sic
569 997 860 1066 proﬁtetur
901 1010 959 1055 ut
997 1002 1172 1072 ipsum
1212 1017 1426 1072 quoque
1456 1005 1725 1075 baptisma
1761 1006 1828 1062 ab

236 1084 520 1142 .luereticis
557 1087 611 1142 in
651 1091 868 1144 nomine
907 1102 1110 1148 sancta:
1153 1092 1435 1150 Trinitatis
1474 1096 1687 1161 datum,
1723 1096 1830 1151 for-

253 1191 398 1231 mam
441 1185 646 1234 tantum
688 1182 936 1252 baptismi
979 1184 1098 1239 sine
1135 1185 1580 1242 sanctificationis
1633 1189 1832 1245 virtute

243 1266 456 1322 habere
484 1280 764 1337 protestet.
803 1291 821 1323 ‹
853 1271 915 1326 lli
935 1314 950 1338 ,
981 1275 1258 1344 inquiens,
1292 1278 1384 1346 qui
1415 1278 1738 1348 bapzismum
1764 1280 1832 1334 ab

253 1355 524 1412 haereticis
556 1372 910 1430 acceperunt,
951 1378 1072 1417 cum
1109 1365 1366 1434 baptizati
1399 1376 1525 1422 ante
1557 1383 1662 1423 non
1702 1367 1832 1424 fuis-

251 1458 374 1504 sent
402 1451 514 1506 sola
547 1455 716 1508 sancti
747 1454 980 1526 Spiritus
1010 1459 1374 1525 invocatione,
1411 1476 1508 1530 per
1535 1462 1832 1532 impositio-

251 1553 379 1594 nem
411 1556 702 1608 manuum,
733 1545 1088 1602 conﬁrmandi
1119 1557 1275 1614 sunt,
1310 1551 1435 1620 quia
1464 1551 1692 1607 formam
1720 1563 1838 1609 tan--

255 1638 371 1685 tum
402 1631 686 1701 baptismi,
719 1636 834 1690 sine
863 1639 1311 1696 sanctiﬁcationis
1337 1643 1558 1708 virtute,
1588 1659 1834 1716 sumpse-

253 1730 403 1778 runt.
437 1741 458 1776 ι
507 1723 576 1779 Et
610 1726 750 1782 hanc
790 1728 1064 1798 regulam,
1105 1741 1170 1788 ut
1203 1733 1386 1800 scitis,
1420 1738 1740 1791 servandam
1782 1739 1836 1792 in

1924 546 2115 618 dignos
2151 546 2514 616 pmnitentize,
2557 556 2610 602 et
2638 547 2808 602 solam
2838 546 3227 620 indulgentiam
3259 562 3505 618 qumrcre

1924 648 1978 695 et
2003 647 2361 710 exspectare”

2535 729 2760 788 CAPUT
2797 731 2878 786 lll.

1999 824 2055 880 Si
2080 838 2209 892 ergo
2234 824 2452 880 Cathari
2477 839 2576 895 pro
2621 825 2723 881 boc
2767 825 2988 879 minimo
3012 838 3196 880 errore
3216 866 3230 892 ,
3260 824 3369 880 imo
3407 837 3510 896 pro

1925 915 2029 972 hac
2057 915 2281 971 nimium
2310 931 2493 972 severa
2519 923 2574 971 et
2605 916 2783 970 minus
2815 915 3052 970 discreta
3083 916 3353 971 sententia
3385 931 3508 983 sua,

1931 1006 2234 1077 computati
2275 1014 2402 1060 sunt
2437 1006 2712 1070 lueretici,
2745 1022 2868 1062 cum
2902 1007 2954 1060 in
2991 1006 3138 1061 nullo
3164 1005 3270 1061 alio
3295 1006 3508 1062 dissen-

1933 1099 2069 1154 tiant
2098 1113 2128 1152 a
2155 1097 2383 1153 veritate
2419 1097 2699 1154 cathOlica:
2725 1098 2880 1163 ﬁdei,
2915 1112 3012 1153 nec
3039 1098 3156 1152 sine
3187 1113 3382 1152 manus
3406 1097 3514 1151 im-

1931 1189 2198 1260 positione
2239 1196 2459 1259 possent
2506 1189 2573 1244 ad
2625 1187 2830 1244 clerum
2887 1186 3216 1243 catholicum
3265 1186 3508 1252 admitti,

1933 1286 2180 1348 potestne
2211 1285 2304 1331 aut
2333 1278 2530 1347 poterit
2572 1276 2836 1347 majorum
2872 1285 2926 1332 et
2957 1274 3199 1347 pejorum
3231 1275 3515 1331 bmrctico-

1935 1387 2056 1427 rum
2104 1369 2403 1436 ordinatio,
2441 1379 2567 1433 aut,
2621 1378 2681 1425 ut
2725 1369 2954 1435 dicitur,
3002 1367 3340 1424 consecratio
3395 1375 3512 1420 rata

1936 1463 2157 1528 haberi,
2189 1478 2348 1534 quam
2381 1471 2712 1518 revertentes
2734 1461 2955 1516 Cathari
2980 1461 3096 1515 sine
3126 1474 3317 1514 manus
3345 1458 3517 1528 impo-

1937 1555 2134 1611 sitione
2179 1569 2285 1608 non
2321 1562 2546 1624 possunt
2583 1551 2840 1624 adipisci,
2875 1551 2958 1606 vel
2998 1550 3232 1605 retinere
3261 1549 3394 1614 sibi,
3423 1557 3515 1611 et,

1939 1657 1995 1702 ut
2034 1647 2344 1718 expressius
2374 1647 2550 1701 dicam
2571 1687 2585 1712 ,
2626 1661 2654 1698 a
2705 1643 3027 1700 Simoniacis
3058 1641 3434 1697 ordinationes
3463 1647 3522 1693 et

1942 1740 2382 1796 consecrationes
2421 1745 2762 1809 praesumpta:
2809 1736 2926 1790 sine
2975 1734 3155 1804 aliqua
3207 1730 3522 1788 consideras

250 1815 509 1872 omnibus
545 1816 799 1874 Ecclesiis
831 1821 1214 1890 praedicamus,
1259 1835 1316 1879 nt
1359 1826 1628 1884 lavacrum
1674 1830 1840 1884 semel
1873 1820 1914 1880 Β
1945 1833 2092 1887 tione
2119 1841 2172 1887 et
2206 1830 2589 1885 retractatione
2631 1829 2682 1883 in
2712 1828 3032 1883 catholicam
3067 1824 3364 1880 Ecclesiain
3401 1836 3521 1878 sus-

249 1906 450 1961 initum
482 1907 625 1964 nulla
673 1909 962 1968 iteratione
999 1914 1262 1981 violetur,
1297 1917 1510 1974 dicente
1539 1920 1836 1990 Apostolo:

256 2017 274 2048 ι
308 1995 465 2055 Unus
512 1999 680 2066 Deus,
735 2018 841 2058 una
891 2003 1053 2072 ﬁdes,
1106 2023 1270 2063 unum
1314 2010 1581 2080 baptisma
1623 2012 1837 2085 (Ep/tes.

230 2105 325 2178 av,
384 2091 464 2160 5),
501 2111 518 2144 ι
568 2095 722 2164 cujus
761 2096 968 2152 ablutio
1009 2099 1153 2154 nulla
1194 2101 1482 2158 iteratione
1533 2109 1839 2161 temerenda

249 2191 353 2246 est,
389 2183 503 2249 sed,
539 2193 596 2238 ut
619 2185 854 2244 diximus
885 2189 994 2244 sola
1026 2193 1382 2249 sanctiﬁcatio
1405 2197 1577 2251 smcti
1607 2197 1841 2268 Spiritus

253 2271 558 2328 invocanda
589 2287 700 2342 est,
731 2289 790 2332 ut
819 2282 962 2350 quod
994 2284 1062 2338 ab
1092 2284 1362 2342 hmrcticis
1397 2302 1557 2344 nemo
1587 2289 1786 2360 accipit
1812 2305 1843 2345 a

253 2363 546 2420 catholicis
572 2369 945 2427 sacerdotibus
972 2385 1356 2445 consequatur.

325 2453 524 2525 Liquet
548 2474 708 2530 ergo,
743 2477 806 2517 ex
838 2464 920 2518 bis
945 2466 1244 2523 beatissimi
1275 2468 1473 2526 Leonis
1496 2473 1683 2540 dictis,
1714 2474 1845 2546 bap-

252 2544 422 2602 tisma
453 2549 830 2607 hzeretieornm
861 2554 1088 2612 formam
1120 2567 1324 2614 tantum
1351 2562 1433 2615 vel
1465 2565 1700 2634 speciem
1731 2544 1844 2620 veri

251 2633 608 2706 baptismatis
658 2641 888 2710 habere,
942 2656 996 2702 et
1038 2648 1314 2705 lavacrum
1360 2653 1474 2708 sive
1515 2655 1844 2712 ablutionem

251 2730 586 2799 corporibus
618 2733 985 2803 solummodo,
1024 2756 1129 2794 non
1169 2743 1332 2797 etiam
1366 2745 1683 2812 animabus,
1712 2765 1845 2820 prte-

251 2830 445 2891 stare,
485 2825 610 2894 quia
647 2829 765 2883 sine
801 2833 1244 2894 sanctiﬁcationis
1291 2839 1491 2896 virtute
1535 2851 1626 2896 aut
1674 2845 1847 2900 sancti

253 2911 500 2982 Spiritus
529 2918 959 2979 sanctiﬁcatione
986 2924 1145 2980 datur
1168 2937 1222 2982 et
1249 2930 1546 3001 accipitur;
1577 2935 1720 3003 quod
1753 2935 1850 2990 nti-

253 3019 367 3073 que
410 3006 479 3060 ab
522 3007 792 3066 haereticis
825 3029 982 3070 nemo
1023 3018 1222 3087 accipit
1256 3021 1338 3075 vel
1378 3026 1747 3096 consequitur.
1791 3026 1849 3083 Si

255 3106 444 3152 autem
471 3098 796 3169 baptismum
836 3103 1045 3162 Domini
1075 3108 1230 3177 Jesu,
1264 3114 1557 3170 secundum
1601 3117 1851 3188 Baptistae

252 3187 332 3282 sit
361 3190 734 3248 testimonium
769 3195 821 3250 in
852 3197 1055 3268 Spiritu
1087 3213 1302 3269 sancto,
1337 3205 1397 3262 ﬁt
1435 3216 1488 3263 et
1517 3211 1629 3282 egit
1652 3187 1710 3265 ut
1735 3227 1853 3267 om-

256 3284 412 3335 nium
471 3284 718 3341 remissio
763 3299 1108 3359 peccatorum
1152 3312 1218 3352 ex
1263 3298 1351 3353 illo
1391 3301 1567 3358 valeat
1608 3303 1758 3370 ﬁeri,
1799 3314 1856 3361 et

258 3383 420 3430 vetus
459 3377 622 3435 homo
658 3391 839 3438 noster
870 3391 1152 3455 renovari,
1188 3405 1412 3464 apparet
1442 3397 1711 3466 baptisma
1739 3400 1852 3456 ba:—

254 3468 592 3538 reticorum,
636 3477 760 3545 quia
798 3477 916 3534 sine
959 3483 1130 3538 sancti
1164 3484 1396 3555 Spiritus
1425 3489 1854 3548 sanctiﬁcatione

255 3573 502 3629 constat,
531 3567 732 3623 nullam
759 3575 961 3641 peccati
993 3577 1395 3645 remissionem,
1426 3581 1626 3637 nullam
1656 3585 1854 3648 veteris

251 3650 507 3708 hominis
537 3662 970 3728 renovationem,
995 3666 1089 3720 sed
1120 3667 1287 3723 solam
1320 3670 1586 3726 visibilem
1616 3673 1852 3730 ablutio-

255 3760 384 3801 nem
412 3750 654 3816 operari.
687 3751 839 3817 Quod
867 3766 1015 3812 certe
1070 3774 1174 3812 non
1208 3771 1426 3832 pr0pter
1461 3764 1698 3833 aliquam
1729 3781 1856 3821 san-

254 3837 514 3894 ctitatem
563 3842 645 3898 sui
693 3844 774 3900 vel
821 3850 1182 3904 reverentiam
1219 3853 1470 3909 catholici
1503 3871 1607 3910 non
1657 3857 1856 3912 iterare

255 3943 695 3998 consenserunt,
731 3935 822 3988 sed
852 3939 1162 3992 scandalum
1194 3944 1544 4000 contentiosae
1574 3955 1627 3999 et
1666 3946 1858 4015 ineptae

260 4017 638 4076 multitudinis
691 4026 982 4093 prudenter
1031 4029 1357 4098 devitantes,
1415 4044 1473 4088 ut
1534 4051 1858 4105 quocunque

262 4110 434 4164 modo
474 4110 693 4168 Christo
741 4116 921 4185 plures
962 4120 1314 4189 reducerent,
1355 4123 1629 4180 lavacrum
1668 4143 1857 4182 eorum

261 4213 330 4253 ex
387 4201 606 4257 meliori
655 4208 840 4275 utique
888 4219 1040 4278 parte
1079 4213 1451 4282 imperfectum
1498 4218 1860 4286 permiserunt

263 4306 394 4347 esse
428 4303 639 4360 ratum;
673 4297 751 4350 sic
784 4306 959 4355 tamen
994 4312 1100 4356 uta
1138 4304 1419 4362 catholicis
1455 4309 1857 4375 sacerdotibus,

261 4397 368 4452 per
388 4398 650 4439 manuum
681 4388 1152 4457 impositionemet
1175 4397 1348 4450 sancti
1373 4396 1606 4468 Spiritus
1635 4400 1858 4453 invoca-

1942 1922 2240 1992 cipientur,
2281 1936 2416 1990 quos
2452 1917 2664 1989 pejores
2699 1917 2916 1972 Arianis
2943 1915 3172 1985 septima
3211 1922 3264 1968 et
3302 1911 3522 1967 univer-

1943 2013 2072 2069 salis
2123 2011 2359 2082 synodus
2420 2011 2474 2064 in
2526 2007 2750 2080 epistola
2818 2005 3140 2077 patriarcha:
3195 2001 3405 2057 Tarasii
3455 1999 3524 2055 ad

1943 2105 2240 2159 Adrianum
2292 2117 2482 2172 papam
2537 2100 2907 2155 indubitanter
2953 2096 3239 2153 difﬁnivit?
3281 2093 3526 2164 Denique

1943 2196 2130 2250 Ariani
2154 2190 2468 2266 quanquam
2493 2193 2543 2247 in
2569 2193 2670 2246 hoc
2697 2191 2930 2245 maxime
2953 2199 3137 2244 errent
3161 2187 3303 2259 quod
3327 2185 3522 2240 Filium

1946 2287 2211 2341 minorem
2241 2285 2401 2340 Patre
2437 2292 2493 2339 et
2543 2292 2846 2337 creaturam
2879 2296 2998 2337 esse
3038 2289 3321 2339 asserunt,
3355 2277 3524 2348 Spiri-

1947 2389 2059 2436 tum
2089 2393 2302 2450 quoque
2325 2386 2569 2432 sanctum
2604 2376 2866 2430 minorem
2896 2373 3056 2428 Patre
3080 2383 3134 2427 et
3161 2371 3327 2436 Filio,
3363 2380 3526 2439 atque

1943 2480 2289 2535 creaturam;
2317 2468 2442 2522 dum
2473 2478 2652 2523 tamen
2681 2477 2968 2534 utrumque
2991 2462 3210 2526 dicunt,
3244 2472 3526 2516 neutrum—

1946 2575 2053 2630 que
2080 2572 2264 2614 eorum
2301 2555 2393 2610 ulli
2417 2549 2643 2611 omnino
2670 2563 2956 2618 creaturae,
2981 2552 3080 2606 nisi
3112 2550 3338 2606 Domino
3360 2547 3526 2612 Patri,

1937 2647 2194 2704 Creatori
2232 2645 2524 2701 visibilium
2564 2645 2804 2700 omnium
2846 2652 2898 2698 et
2929 2641 3314 2706 invisibilium,
3355 2637 3527 2706 subji-

1948 2753 2072 2794 cere
2108 2736 2466 2793 contendunt.
2515 2735 2586 2789 At
2629 2733 2961 2798 Simoniaci,
3016 2731 3236 2785 minime
3286 2729 3531 2784 contenti

1952 2838 2100 2886 tanto
2155 2827 2480 2882 Arianorum
2526 2825 2840 2895 sacrilegio,
2890 2825 3314 2891 omnipotentem
3360 2819 3534 2888 Spiri-

1951 2932 2063 2978 tum
2095 2929 2344 2977 sanctum
2375 2935 2478 2974 non
2521 2926 2729 2973 tantum
2767 2916 3032 2971 minorem
3073 2914 3232 2968 Patre
3271 2922 3327 2967 et
3363 2911 3532 2974 Filio.

1951 3026 2045 3067 seu
2073 3007 2373 3080 subjectum
2398 3008 2495 3064 soli
2518 3008 2663 3080 Patri
2687 3005 3017 3070 etFilio,scd
3042 3005 3202 3059 etiam
3230 3002 3535 3072 semetipsis

1954 3074 2268 3161 inferiorem
2289 3142 2305 3171 ,
2340 3110 2501 3174 atque
2529 3074 2882 3170 sibimetipsis
2919 3097 3198 3152 subditum
3218 3137 3232 3162 ,
3278 3104 3536 3166 tanquam

1955 3193 2232 3265 quodlibet
2253 3192 2446 3248 venale
2465 3201 2518 3247 et
2541 3192 2646 3246 vile
2674 3190 3001 3260 mancipium
3029 3189 3272 3251 credunt,
3301 3195 3381 3252 ut,
3408 3185 3540 3242 velit

1955 3287 2121 3353 nolit,
2152 3286 2369 3343 obediat
2395 3285 2765 3341 voluntatibus
2788 3291 2844 3338 et
2868 3282 3092 3337 vocibus
3118 3296 3304 3334 eorum
3324 3321 3338 3345 ,
3372 3289 3537 3347 atque

1956 3377 2210 3434 funiculis
2244 3375 2487 3447 pecunia:
2525 3383 2794 3429 attractus
2824 3382 2916 3426 aut
2947 3371 3095 3425 velut
3133 3368 3315 3422 aureis
3345 3382 3534 3421 eorum

1955 3469 2163 3527 catenis
2202 3468 2483 3540 alligatus,
2528 3465 2864 3537 plenitudine
2899 3478 3011 3517 sua:
3046 3457 3498 3516 sanctiﬁcationis
3520 3497 3534 3521 ,

1957 3570 2011 3617 et
2040 3560 2229 3633 gratiae
2255 3558 2534 3631 sacrilegis
2564 3559 2802 3628 ipsorum
2834 3553 3062 3620 ofﬁciis,
3096 3561 3150 3606 et
3182 3548 3538 3606 exsecrandis

1957 3653 2456 3712 consecrationibus
2501 3650 2872 3714 administrct,
2923 3660 3218 3715 eorumque
3257 3639 3536 3697 venalitati

1948 3763 2051 3804 seu
2083 3747 2379 3819 Operationi
2425 3753 2763 3815 cooperetur.
2797 3742 2948 3808 Quod
2994 3749 3052 3794 ut
3097 3739 3163 3794 ad
3204 3744 3534 3792 momentum

1958 3841 2252 3905 aestimare,
2270 3838 2625 3894 intolerabilis
2647 3846 2730 3892 est
2756 3845 2809 3890 et
2827 3834 2965 3889 forte
2990 3829 3379 3886 irremissibilis
3403 3827 3539 3881 blas-

1960 3932 2210 4004 phemim,
2238 3930 2365 3999 quia
2399 3930 2450 3983 in
2485 3927 2745 3998 Spiritum
2771 3934 2854 3980 est
2880 3936 3105 3994 peccare
3130 3932 3220 3974 aut
3247 3927 3395 3974 certe
3419 3934 3539 3972 ver-

1958 4025 2087 4078 bum
2113 4021 2166 4074 in
2189 4035 2311 4075 eum
2338 4019 2534 4074 dicere.
2560 4016 2673 4084 Qua
2698 4017 2810 4071 sola
2838 4015 3192 4070 aestimatione
3215 4010 3401 4065 Simon
3426 4009 3538 4076 ille,

1960 4119 2122 4167 sectae
2141 4125 2326 4165 eorum
2343 4109 2547 4178 primus
2569 4117 2759 4162 auctor
2777 4119 2831 4161 et
2852 4105 3075 4175 signifer
3096 4120 3124 4157 a
3141 4119 3246 4174 quo
3263 4111 3315 4157 et
3339 4101 3436 4170 ipsi
3454 4115 3544 4170 ag-

1963 4204 2334 4266 nominantur,
2351 4198 2846 4270 irrecuperabiliter
2868 4197 3156 4250 dantnatns
3180 4202 3283 4249 est.
3311 4191 3411 4259 Qui
3442 4189 3546 4245 uti-

1964 4309 2069 4365 que
2087 4309 2301 4364 quoquo
2324 4293 2481 4349 modo
2492 4291 2932 4362 possetexcu‘sari
2952 4284 3542 4358 velreligiouisnuvita-
3617 4355 3622 4359 ᾗ

1968 4395 2040 4451 te,
2065 4384 2150 4440 vel
2173 4382 2474 4454 ignorantia
2500 4381 2600 4437 sub
2623 4389 2769 4434 tanta
2795 4378 3031 4449 Spiritus
3053 4375 3227 4433 sancti
3246 4371 3545 4438 evidentia,

266 4476 482 4532 limem
505 4520 517 4540 ,
545 4482 810 4549 accipiant
849 4501 1009 4554 quam
1049 4487 1249 4543 nullam
1291 4467 1555 4546 hactenus
1583 4493 1846 4548 habebant

1965 4493 2070 4547 qua
2104 4475 2314 4531 scilicet
2343 4473 2644 4528 delectatus
2675 4479 2766 4525 aut
2797 4467 3234 4538 obstupefactus,
3281 4474 3540 4535 tanquam

264 4566 764 4625 sanctiﬁcationem
807 4573 856 4626 in
897 4585 1272 4643 peccatorum,
1308 4583 1746 4638 cnmndatiunem
1782 4594 1863 4638 at-

267 4671 382 4725 que
403 4662 694 4716 vetustatis
716 4664 1138 4722 innovationcm.
1154 4667 1220 4722 Et
1243 4681 1301 4724 ut
1322 4673 1660 4729 manifestius
1681 4678 1860 4730 anim-

267 4749 628 4806 ailvertamns
667 4765 879 4822 quantm
948 4759 1375 4828 imperfectionis
1419 4765 1734 4833 judicentur
1781 4770 1862 4823 vel

269 4836 619 4907 habeantur,
647 4844 804 4898 etiam
837 4857 952 4914 post
986 4849 1142 4903 istam
1173 4853 1533 4919 receptionem
1560 4871 1712 4909 suam
1744 4857 1866 4910 uni-

270 4926 476 4980 versali
509 4943 715 4988 canone
735 4937 1016 5004 prmﬁxum
1045 4951 1128 4994 est
1157 4950 1213 4995 ut
1242 4957 1400 4996 nemo
1432 4945 1616 4998 talium
1648 4961 1868 5015 pronio-

269 5026 475 5075 veatur
506 5024 575 5078 ad
608 5028 998 5084 catholicorum
1031 5032 1268 5097 clerum;
1305 5042 1356 5086 et
1389 5035 1431 5088 si
1468 5036 1531 5089 de
1559 5037 1738 5104 clero,
1776 5040 1866 5107 qui

263 5111 411 5182 apud
443 5112 733 5174 hmreticos
755 5130 980 5190 putatur
1000 5123 1203 5189 existit,
1230 5122 1365 5175 laica
1393 5134 1601 5179 tantum
1627 5141 1872 5181 commu-

1970 4570 2148 4623 adhuc
2182 4566 2330 4620 rudis
2372 4565 2425 4618 in
2463 4563 2767 4634 baptismo,
2802 4569 2858 4616 et
2894 4559 3130 4614 novitius
3158 4559 3210 4611 in
3246 4555 3369 4610 ﬁdei
3401 4553 3546 4608 noti-

1972 4662 2043 4716 tia
2063 4702 2078 4726 ,
2119 4667 2341 4729 repente
2370 4655 2453 4711 vel
2485 4666 2542 4710 ut
2576 4665 2830 4710 strenuus
2857 4662 2913 4708 et
2939 4651 3230 4722 impatiens
3270 4662 3550 4702 morarum

1970 4749 2294 4821 discipulus,
2351 4756 2459 4800 tam
2509 4744 2882 4801 inmstimabile
2931 4743 3134 4797 donum
3183 4738 3429 4795 scientiae
3483 4738 3550 4792 ab

1969 4842 2280 4899 efﬁcacibus
2315 4837 2592 4908 magistris
2631 4835 2920 4892 aestimavit
2965 4836 3130 4890 etiam
3169 4848 3294 4888 cum
3341 4847 3555 4887 summa

1971 4931 2213 5003 pecuniae
2235 4927 2596 4996 expetendum
2625 4926 2728 4981 sibi
2753 4934 2807 4980 et
2837 4923 3235 4993 accipiendum.
3262 4919 3370 4975 Sed
3397 4919 3556 4976 inex-

1971 5021 2230 5081 cusabilis
2276 5017 2487 5073 exstitit
2531 5017 2708 5074 beatis
2754 5013 3013 5086 apostolis
3040 5013 3203 5070 Petro
3233 5019 3290 5064 et
3327 5009 3562 5082 Joanni,

1973 5119 2105 5173 adeo
2130 5123 2190 5169 ut
2213 5111 2302 5166 ille
2351 5109 2670 5167 mitissimus
2708 5110 2934 5174 Petrus,
2962 5116 3018 5162 et
3055 5107 3161 5159 Bar
3193 5099 3376 5166 Jonae,
3415 5103 3562 5162 idem
