4124 5374
346 293 484 349 1017

1005 295 1372 353 ADVERSUS
1405 295 1816 354 SIMONIACOS
1854 295 2033 350 LIBRI
2069 296 2268 354 TRES.
2308 330 2374 338 —
2419 299 2618 364 LIBER
2655 301 2934 358 PRIMUS.

3454 299 3600 362 1013

343 416 502 474 tatis,
529 419 652 477 qua
671 389 932 462 atrtstus
960 417 1071 474 est,
1112 418 1438 465 sententiam
1472 411 1786 474 credentes,
1822 411 1915 466 do-
1946 418 1986 474 Α
2022 413 2284 476 sacratio,
2309 413 2448 467 sicut
2480 431 2642 486 supra
2675 417 3163 478 satisosteuditur,
3196 417 3291 472 sed
3329 417 3451 489 quia
3480 418 3600 475 sieo

343 506 528 554 centes
547 509 603 553 et
644 495 937 562 facientes,
970 498 1228 568 Spiritum
1260 510 1505 556 sanctum
1538 516 1641 554 non
1672 501 1838 570 gratis
1858 513 1917 556 se

343 587 644 673 accepisse,
679 588 923 642 autdare
949 589 1257 653 confidunt,
1298 591 1409 660 ipsa
1449 591 1688 646 \‘eritate
1725 601 1930 660 protes

343 687 538 741 stante,
571 697 588 729 ‹
621 675 801 732 Gratis
831 678 1129 747 accepistis,
1151 679 1320 749 gratis
1337 681 1460 734 date
1479 679 1696 749 (Matth.
1721 680 1908 752 x,]8).i

344 770 479 825 lliuc
504 785 634 839 ergo
660 779 804 839 patet
827 770 952 838 quia
983 785 1324 840 nequaquam
1369 770 1630 840 Spiritum
1670 771 1916 827 veritatis

343 861 613 930 accipiunt
637 863 725 931 qui
753 876 856 916 non
881 863 1047 930 grazis
1069 863 1313 933 accipere
1337 865 1758 934 quaerunt.Quid
1785 881 1916 937 ergo

351 952 568 1008 tandem
608 951 914 1023 accipiunt?
935 952 1185 1024 spiritum
1225 956 1406 1025 utique
1438 956 1725 1020 mendacii,
1755 971 1915 1026 quem

341 1045 460 1102 sine
473 1045 634 1101 dubio
650 1045 780 1098 dant
807 1047 918 1100 sive
947 1061 1052 1101 non
1077 1047 1245 1117 gratis
1265 1048 1376 1100 sive
1394 1047 1562 1116 gratis
1584 1048 1777 1117 cuique
1801 1063 1917 1101 ma-

340 1153 444 1192 nus
477 1136 788 1206 imponunt;
819 1153 993 1207 neque
1021 1138 1164 1193 enim
1189 1138 1332 1192 aliud
1353 1155 1513 1208 quam
1537 1140 1677 1208 quod
1697 1154 1917 1209 accepe-

341 1233 470 1282 runt
493 1228 622 1281 dare
648 1229 1032 1297 possunt,quia
1059 1244 1231 1300 neque
1253 1230 1318 1282 de
1342 1229 1549 1284 tribulis
1564 1231 1718 1296 ficus,
1743 1246 1918 1300 neque

339 1319 408 1374 de
437 1319 572 1374 rubo
600 1319 966 1374 vindemiatnr
987 1320 1275 1392 aliquando
1296 1338 1417 1375 uva.
1447 1322 1686 1394 [lenique
1709 1325 1911 1394 gratia,

341 1409 443 1468 nisi
471 1409 639 1482 gratis
668 1411 991 1480 accipiatur,
1031 1413 1202 1483 gratia
1235 1429 1339 1467 non
1372 1423 1484 1478 est,
1519 1429 1618 1468 nec
1641 1415 1744 1469 dici
1771 1426 1917 1471 recte

340 1514 537 1574 potest.
567 1503 857 1561 Simouiaci
905 1515 1084 1562 autem
1122 1523 1227 1562 non
1278 1509 1448 1576 gratis
1477 1508 1749 1578 accipiunt
1772 1509 1918 1579 quod

343 1596 635 1666 accipiunt.
674 1595 843 1667 Igitur
876 1597 1108 1667 gratiam
1137 1614 1259 1668 qua:
1296 1599 1530 1654 maxime
1569 1599 1619 1653 in
1656 1600 1917 1655 ecclesia-

340 1689 492 1744 sxicis
515 1689 795 1746 ordinibus
815 1691 1474 1761 operaturnouaccipiuut
1493 1732 1508 1757 ,
1532 1693 1576 1746 si
1602 1701 1782 1747 autem
1810 1708 1915 1747 non

2017 501 2162 555 clero
2183 511 2235 555 et
2257 502 2433 574 plebe,
2457 513 2510 558 et
2533 507 2932 576 metropolitani
2952 507 3296 570 auctoritate,
3315 519 3369 561 et
3393 508 3598 564 ideirco

2018 609 2122 646 non
2151 609 2272 647 esse
2295 593 2651 650 dubitandum
2680 597 2987 668 hujusmodi
3011 599 3290 668 episcopos
3315 600 3594 670 indignos,

2017 682 2211 752 quibus
2239 683 2505 738 tribuatur
2531 687 2674 755 quod
2703 687 2928 741 docetur
2964 703 3068 741 non
3104 687 3269 744 fuisse
3298 689 3422 742 dum
3454 703 3591 744 con-

2019 785 2362 830 sccrareutur
2429 777 2713 843 collatum,
2772 789 2920 844 certa
2984 779 3193 834 scilicet
3262 764 3624 851 propriaque:

2016 867 2300 936 parochia,
2330 877 2384 922 et
2431 879 2611 925 certos
2659 871 3015 941 pr0priosquc
3049 872 3277 926 clericos
3313 868 3600 929 ordinandi

2018 958 2347 1028 auctoritas,
2391 970 2486 1014 aut
2531 962 2980 1030 quemadmodum
3013 963 3080 1016 de
3116 965 3450 1034 presbyteris
3477 963 3598 1020 sino

2019 1047 2236 1103 nomine
2289 1048 2570 1105 titulorum
2627 1052 2892 1107 ordinatis
2940 1052 2993 1107 in
3049 1053 3305 1108 Africano
3367 1053 3597 1110 concilio

2017 1139 2241 1207 legitur,
2276 1157 2540 1211 nusquam
2573 1143 2880 1198 ministrent
2913 1153 3005 1199 aut
3029 1146 3320 1208 ordinent,
3351 1147 3416 1199 ad
3458 1147 3596 1214 inju-

2022 1230 2155 1284 riam
2185 1245 2371 1284 eorum
2405 1232 2494 1300 qui
2530 1233 2661 1286 tales
2699 1249 2802 1286 non
2833 1236 3092 1290 canonice
3122 1235 3458 1289 ordiuaverc.
3494 1234 3598 1290 Ubi

2021 1330 2198 1376 tamen
2228 1332 2282 1376 et
2313 1322 2365 1375 in
2395 1323 2590 1392 quibus
2614 1365 2626 1387 ,
2665 1333 2716 1378 et
2761 1341 2856 1394 per
2899 1342 3062 1396 quos,
3111 1335 3165 1380 et
3192 1327 3423 1396 qualiter
3449 1326 3595 1381 ordi-

2021 1411 2168 1464 natio
2192 1410 2374 1464 talinm
2405 1413 2572 1482 possit
2597 1423 2770 1477 stare,
2795 1415 2846 1468 in
2874 1415 2986 1484 ipso
3011 1416 3244 1485 capitulo
3267 1415 3596 1486 subjungens

2020 1500 2229 1552 curavit
2265 1499 2659 1556 demonstrare.
2711 1503 2766 1557 Si
2819 1503 2911 1571 qui
2957 1515 3137 1559 autem
3163 1505 3342 1559 clerici
3386 1506 3452 1560 ab
3485 1505 3602 1559 istis

2019 1588 2494 1658 pseudocpiscopis
2533 1591 2582 1644 in
2615 1591 2871 1646 Ecclesiis
2907 1594 3140 1647 ordinati
3178 1604 3332 1658 sunt,
3365 1610 3486 1665 qua:
3530 1594 3599 1648 ad

2018 1680 2269 1750 proprios
2299 1681 2583 1750 episcopos
2609 1684 2990 1752 pertinebant,
3022 1694 3077 1741 et
3113 1686 3381 1740 ordinatio
3410 1699 3602 1741 eorum

338 1782 645 1852 accipiam,
676 1799 773 1838 ηερ
805 1784 1039 1849 habent;
1089 1785 1133 1840 si
1181 1801 1284 1840 ηοη
1314 1785 1507 1840 haben.
1529 1824 1544 1849 ν
1577 1799 1676 1839 ηερ
1715 1784 1914 1853 graus;
1949 1765 1992 1824 Β
2020 1779 2283 1824 consueto
2305 1771 2511 1840 judicio
2536 1773 2940 1842 prtesidcutium
2964 1775 3104 1829 facta
3135 1785 3215 1829 est
3236 1816 3250 1840 ,
3281 1786 3455 1846 potest
3484 1784 3602 1832 rata

336 1888 515 1945 neque
538 1891 642 1930 non
672 1877 842 1947 gratis
886 1877 1139 1948 cuiquam
1185 1879 1314 1935 dare
1347 1886 1571 1948 possunt
1623 1878 1766 1948 quod
1814 1893 1919 1932 non

338 1966 560 2020 habent.
586 1966 723 2034 Quid
752 1983 881 2040 ergo
910 1969 1070 2024 dant?
1092 1971 1333 2038 profecto
1359 1971 1499 2039 quod
1534 1969 1753 2026 habent.
1779 1969 1919 2037 Quid

335 2066 520 2111 autem
549 2055 785 2112 habent?
820 2059 1068 2127 spiritum
1101 2059 1287 2129 utique
1322 2060 1610 2116 mendacii.
1638 2059 1922 2128 Quomodo

335 2147 442 2211 hoc
489 2149 817 2218 probamus?
858 2149 992 2216 Quia
1030 2151 1075 2205 si
1113 2149 1350 2220 Spiritus
1374 2151 1649 2215 veritatis,
1687 2159 1922 2206 testante

336 2239 456 2308 ipsa
492 2239 730 2294 \‘eritate
756 2243 821 2296 de
851 2257 955 2311 qua
989 2241 1268 2311 procedit,
1292 2243 1461 2312 gratis
1500 2242 1796 2311 accipitur,
1827 2241 1918 2310 qui

336 2346 446 2384 non
480 2331 649 2403 gratis
683 2333 952 2403 accipitur
978 2333 1165 2404 procul
1193 2333 1359 2390 dubio
1388 2333 1613 2406 spiritus
1649 2331 1918 2388 mendacii

337 2439 459 2479 esse
485 2423 846 2481 convincitur.

967 2517 1194 2576 CAPUT
1233 2520 1297 2572 V.

415 2607 522 2662 Sed
551 2607 674 2662 hinc
692 2605 802 2675 jam
827 2608 894 2662 ad
907 2609 1300 2665 discussionem
1318 2611 1580 2680 prepositi
1600 2610 1819 2680 capituli
1837 2625 1922 2666 re-

339 2705 622 2751 vertamur
641 2737 656 2760 ,
682 2706 736 2752 et
764 2698 980 2753 beatum
1019 2700 1249 2755 Leonem
1269 2741 1282 2765 ,
1308 2701 1414 2755 illic
1439 2701 1923 2771 pseudoepiscopos

341 2799 896 2857 commemorantem,
968 2807 1073 2848 non
1146 2801 1335 2847 contra
1412 2793 1755 2848 Simoniacos
1825 2809 1920 2848 seu

341 2894 695 2949 quoscunque
743 2881 880 2937 alios
933 2882 1250 2946 haereticos,
1299 2883 1393 2938 sed
1437 2892 1627 2939 contra
1656 2884 1920 2954 quosdam

341 2968 638 3026 catholicos
679 2987 801 3027 eum
851 2973 994 3028 illius
1043 2974 1194 3028 modi
1240 2974 1454 3045 regulas
1485 2976 1786 3045 prmfixisse
1829 2977 1922 3032 de-

341 3069 728 3120 monstremus.
782 3062 846 3117 Et
899 3064 966 3118 de
1012 3063 1339 3120 Simoniacis
1373 3066 1626 3134 quidem,
1660 3079 1754 3120 seu
1797 3066 1918 3121 aliis

340 3149 756 3218 quibuscunque
785 3153 1056 3208 baareticis
1080 3168 1184 3207 non
1205 3167 1332 3208 eum
1366 3155 1436 3209 ibi
1478 3155 1715 3210 locutum
1765 3155 1919 3210 suffi-

339 3238 553 3294 cienter
598 3251 681 3296 est
732 3244 984 3312 superius
1031 3247 1492 3311 demonstratum,
1549 3264 1690 3302 nunc
1738 3257 1920 3302 autem

338 3331 487 3401 quod
502 3333 568 3387 de
595 3336 1072 3408 pseudocpiscopis
1090 3379 1104 3402 ,
1130 3347 1308 3394 tamen
1327 3340 1639 3406 catholicis,
1669 3341 1921 3418 loquatur

337 3432 426 3478 est
473 3421 978 3482 demonstrandum.
1029 3430 1350 3501 Quicunque
1397 3444 1750 3487 consecratur
1801 3433 1917 3502 cpi—

337 3528 540 3585 scopus
597 3518 895 3572 secundum
946 3520 1249 3578 decretales
1295 3534 1606 3578 sanctorum
1668 3524 1917 3594 regulas,

337 3609 493 3678 prius
518 3617 602 3662 est
644 3625 673 3662 a
710 3609 857 3666 clero
898 3610 1211 3681 eligendus,
1257 3612 1453 3668 deinde
1498 3631 1527 3668 a
1558 3615 1712 3683 plebe
1755 3630 1920 3684 expe-

342 3699 567 3766 tendus,
615 3702 938 3773 tandemque
983 3719 1012 3758 a
1061 3705 1616 3775 comprovinciaiibus
1648 3708 1919 3779 episcopis

338 3808 466 3848 cum
522 3794 922 3863 metropolitani
978 3795 1184 3866 judicio
1239 3798 1667 3853 consecrandus.
1732 3797 1918 3869 Neque

338 3884 488 3940 enim
511 3885 671 3940 aliter
697 3895 880 3942 certus
927 3898 978 3942 et
1008 3885 1290 3950 fundatus,
1328 3888 1412 3942 vel
1446 3904 1605 3943 verus
1633 3889 1919 3960 episcopus

338 3978 450 4033 dici
479 3979 565 4035 vel
595 3979 781 4034 haberi
829 3981 1060 4050 poterit,
1105 3981 1204 4034 nisi
1238 3991 1445 4036 certum
1492 3982 1697 4038 clerum
1730 3991 1784 4036 et
1819 3999 1918 4054 po-

340 4069 527 4137 pulum
553 4071 750 4141 quibus
773 4071 1266 4140 przesit‘babuerit,
1315 4079 1370 4125 et
1415 4087 1444 4125 a
1489 4073 1919 4145 comprovincia-

343 4158 485 4222 libus
531 4160 643 4215 suis
677 4162 1000 4215 auctoritate
1031 4160 1450 4230 metropolitani,
1497 4162 1563 4216 ad
1591 4177 1751 4232 quem
1801 4163 1918 4216 vice

345 4251 649 4319 apostolica:
679 4252 822 4307 sedis
844 4268 975 4307 cura
1013 4253 1179 4322 ipsius
1207 4253 1500 4322 provincia:
1531 4254 1764 4325 pertinet
1792 4271 1920 4310 con-

344 4345 636 4400 secrandus
679 4344 871 4412 fuerit;
919 4361 1017 4402 nec
1065 4356 1281 4411 certus,
1338 4362 1439 4402 nec
1488 4348 1774 4414 fundatus,
1818 4363 1920 4404 nec

2021 1859 2241 1925 haberi,
2291 1861 2365 1916 ita
2417 1870 2474 1915 ut
2525 1861 2656 1932 ipsis
2704 1862 2961 1919 Ecclesiis
3011 1875 3380 1935 perseverent.
3430 1865 3604 1920 Aliter

2022 1958 2203 2004 autem
2247 1965 2385 2005 vana
2430 1949 2675 2006 habenda
2717 1960 2802 2008 est
2843 1953 3144 2019 ordinatio,
3186 1970 3306 2024 qua:
3344 1968 3444 2009 nec
3484 1953 3605 2010 loco

2021 2045 2243 2101 fundata
2269 2057 2351 2102 est
2374 2063 2477 2104 nec
2505 2049 2827 2104 auctoritate
2858 2051 3083 2104 munita.
3112 2050 3268 2107 Patet
3290 2067 3419 2123 ergo
3440 2051 3602 2121 quia,

2022 2134 2066 2191 si
2093 2137 2318 2193 clericos
2345 2155 2792 2212 quorumcuuque
2824 2141 3203 2212 episcoporum
3233 2142 3481 2213 proprias
3501 2141 3603 2196 Ec-

2022 2226 2216 2282 clesias
2251 2228 2593 2296 habentium,
2622 2230 2829 2301 judicio
2855 2246 3046 2286 eorum
3079 2240 3137 2288 et
3163 2247 3426 2288 consensu
3455 2231 3603 2287 ordi-

2022 2321 2306 2386 naverint,
2333 2333 2448 2378 rata
2478 2324 2957 2380 ordinatiobaberi
2981 2325 3175 2395 possit,
3212 2325 3361 2378 itaut
3391 2336 3605 2394 perma-

2022 2422 2191 2466 neant
2217 2413 2402 2468 clerici
2433 2415 2500 2469 ab
2514 2416 2594 2471 eis
2615 2417 2852 2471 ordinati
2877 2417 2930 2470 in
2954 2403 3174 2471 suorum
3198 2415 3575 2486 episcoporum

2022 2505 2304 2572 Ecclesiis,
2323 2508 2448 2576 quia
2473 2508 2710 2564 istisnon
2731 2519 2857 2565 sunt
2879 2525 3014 2581 quas
3050 2509 3174 2564 dent
3201 2524 3230 2563 a
3263 2524 3321 2565 se
3345 2505 3606 2563 ordinati.

2023 2599 2101 2657 Ita
2162 2600 2305 2654 enim
2370 2603 2710 2658 consecratio
2762 2619 2950 2658 eorum
3020 2603 3284 2657 hactenus
3338 2597 3606 2658 instabili!

2023 2691 2266 2744 munitur
2287 2695 2614 2748 auctoritate
2652 2703 2977 2750 czeterorum
3020 2695 3436 2764 episcoporum,
3481 2689 3606 2748 fun-

2023 2781 2182 2837 datur
2210 2783 2356 2850 loco,
2394 2785 2446 2838 in
2478 2785 2739 2841 Ecclesiis
2769 2787 2977 2841 scilicet
3003 2801 3214 2842 eormn.

2648 2877 2874 2933 CAPUT
2918 2876 3002 2933 Vl.

2095 2965 2229 3021 lliuc
2247 2983 2314 3023 ue
2334 2968 2457 3038 quis
2473 2984 2726 3038 perverse
2747 2971 3036 3026 contendat
3057 2968 3360 3039 bujusmodi
3377 2967 3606 3039 pseudo-

2025 3060 2308 3132 episcopos
2361 3079 2466 3117 non
2525 3078 2681 3132 posse
2720 3062 3010 3132 aliquando
3053 3073 3200 3117 ratas
3236 3060 3416 3116 facere
3459 3060 3605 3115 ordi-

2024 3155 2312 3218 nationes,
2359 3155 2630 3224 quomodo
2675 3169 2774 3209 nec
2817 3155 3160 3209 Simoniacos
3198 3168 3293 3208 seu
3337 3153 3605 3221 quoslibet

2023 3245 2160 3300 alios
2184 3246 2468 3302 haereticos
2493 3265 2508 3314 ;
2548 3256 2640 3302 aut
2671 3258 2820 3304 certe
2851 3247 3194 3304 Simouiacos
3216 3263 3313 3302 seu
3335 3233 3628 3318 quoslibet.

2023 3335 2159 3391 alios
2211 3337 2496 3393 haereticos
2544 3349 2690 3394 ratas
2760 3339 3133 3394 ordinationes
3185 3338 3366 3394 facere
3412 3351 3603 3408 posse,

2021 3427 2293 3495 quomodo
2326 3436 2382 3481 et
2423 3428 2585 3493 istos;
2623 3438 2786 3498 atque
2830 3443 2938 3485 uno
2970 3430 3132 3484 modo
3168 3428 3444 3485 habendos
3471 3427 3605 3482 istos

2021 3527 2076 3572 et
2105 3517 2254 3583 illos,
2286 3527 2344 3572 ut
2372 3527 2501 3588 puta
2522 3558 2538 3583 ,
2569 3520 2826 3589 quoniam
2861 3519 3307 3590 pseudoepiscopi
3349 3519 3604 3574 dicuntur

2021 3612 2110 3668 isti
2175 3613 2334 3668 sicuti
2379 3624 2434 3668 et
2497 3611 2609 3677 illi,
2663 3613 2874 3668 scilicet
2912 3612 3033 3668 falsi
3086 3611 3360 3682 episcopi,
3419 3610 3597 3664 anim-

2022 3705 2303 3771 advertat,
2375 3705 2623 3776 quisquis
2677 3704 2767 3760 ille
2841 3713 2956 3770 est,
3031 3703 3223 3758 falsum
3282 3718 3391 3758 non
3456 3717 3603 3756 sem-

2020 3813 2116 3868 per
2153 3797 2496 3852 uniformiter
2541 3797 2665 3858 dici.
2718 3797 2813 3852 sed
2863 3797 3154 3867 aliquando
3185 3803 3454 3863 exparte,
3505 3792 3601 3844 ali-

2018 3888 2237 3958 quando
2261 3903 2330 3942 cx
2359 3896 2492 3951 toto,
2527 3887 2668 3956 quod
2711 3887 2812 3942 hoc
2839 3887 3152 3957 quotidiano
3175 3883 3431 3940 facillime
3460 3896 3601 3936 como

2019 3978 2277 4047 probatur
2315 3977 2582 4047 exemplo.
2616 3977 2824 4031 Dicitur
2850 3976 3097 4046 equidem
3134 3988 3384 4029 nummus
3414 3970 3603 4039 falsus,

2020 4068 2110 4138 qui
2140 4076 2318 4122 tamen
2344 4067 2502 4122 aliter
2529 4081 2588 4122 se
2625 4068 2789 4122 habet
2814 4067 2962 4121 visus
2982 4081 3012 4121 a
3039 4064 3404 4136 vigilantibus,
3445 4062 3601 4117 aliter

2022 4176 2052 4214 a
2082 4159 2496 4214 dormientibus.
2547 4158 2680 4213 Nam
2709 4159 2806 4222 illi,
2845 4167 2937 4212 aut
2967 4158 3020 4212 in
3052 4169 3378 4228 caragmate,
3423 4165 3518 4211 aut
3549 4156 3603 4210 in

2021 4253 2268 4316 materie,
2299 4261 2392 4306 aut
2415 4260 2563 4308 certe
2603 4261 2810 4306 tantum
2843 4251 2895 4305 in
2929 4251 3166 4320 pondere
3194 4249 3344 4310 fallit,
3376 4250 3478 4305 iste
3507 4265 3601 4304 au-

2022 4350 2127 4397 tem
2175 4343 2227 4397 in
2257 4343 2489 4411 cunctis,
2527 4343 2652 4414 quia
2693 4357 2794 4397 nec
2842 4341 3073 4405 exstitit,
3119 4354 3217 4395 nec
3262 4341 3467 4404 existit,
3502 4353 3603 4395 nec

345 4448 531 4500 verus,
561 4439 652 4492 sed
683 4440 1173 4509 pseudoepisc0pus
1212 4441 1472 4496 dicendus
1499 4451 1582 4496 est
1619 4452 1674 4497 et
1704 4443 1912 4499 baben-
1941 4453 1994 4512 ι)
2017 4437 2236 4502 existet,
2294 4437 2386 4492 sed
2442 4453 2508 4492 ex
2540 4446 2652 4492 toto
2681 4451 2739 4490 se
2783 4434 2974 4491 falsqu
3019 4445 3123 4501 est,
3153 4443 3207 4489 et
3241 4434 3390 4489 nihil.
3422 4433 3602 4489 Unum

344 4524 474 4591 dus,
506 4541 605 4582 nec
630 4528 769 4582 inter
788 4529 1050 4584 canonice
1075 4530 1351 4598 plantatos
1383 4532 1468 4586 vel
1502 4532 1675 4588 factos
1703 4533 1918 4602 episco-

344 4630 444 4686 pos
495 4619 914 4687 coniputandus;
978 4620 1141 4689 quia,
1193 4635 1316 4676 cum
1371 4623 1660 4693 episc0pus
1701 4624 1919 4678 dicatur

343 4708 794 4775 superintendens,
839 4719 933 4765 aut
975 4711 1444 4781 superinspiciem,
1489 4715 1574 4769 cui
1621 4715 1768 4770 clero
1817 4725 1911 4771 aut

344 4796 429 4852 cui
466 4801 656 4869 populo
689 4801 776 4858 bic
807 4802 928 4858 talis
949 4802 1368 4872 superintendit,
1401 4807 1492 4874 qui
1529 4806 1726 4862 nullius
1754 4808 1912 4874 cleri,

347 4888 648 4961 nulliusque
685 4893 862 4964 populi
904 4895 1102 4965 quibus
1137 4893 1546 4964 superintendat
1599 4897 1916 4954 electionem

345 4978 561 5046 habuit,
604 4982 824 5054 insuper
855 4993 909 5040 et
936 4985 1338 5056 metropolitani
1376 4994 1535 5056 atque
1569 4992 1914 5058 comprovin-

342 5069 556 5125 cialium
588 5075 915 5129 auctoritate
936 5075 1142 5130 caruit?
1173 5075 1327 5144 Quod
1349 5085 1528 5132 autem
1557 5078 1609 5132 in
1641 5079 1916 5149 proposito

343 5157 680 5231 subsequitur
705 5165 976 5235 capitulo:
1007 5183 1026 5215 ι
1060 5166 1211 5223 Unde
1251 5181 1378 5220 cum
1409 5182 1551 5239 saepe
1587 5170 1814 5241 quaestio
1849 5173 1916 5228 de

345 5249 480 5290 Innlo
501 5260 718 5290 nhnnnln
741 5257 947 5290 Innnnno
975 5269 1230 5290 ηηιυηιιη-
1294 5257 1412 5290 "nia
1442 5261 1672 5290 ειη-ιιιζιηιι
1714 5277 1883 5290 ..ιιι-...ι

2019 4531 2236 4601 quidem
2259 4530 2357 4586 etsi
2409 4531 2641 4585 humana
2683 4529 3031 4600 praesumptio
3062 4528 3296 4582 maximo
3326 4537 3419 4580 ant
3443 4526 3602 4580 mini-

2020 4638 2110 4678 mo
2131 4623 2213 4677 sui
2257 4631 2441 4678 tenore
2489 4622 2718 4687 fraudat,
2749 4631 2927 4676 tamen
2968 4619 3050 4674 vel
3082 4633 3272 4689 parum
3315 4624 3410 4670 aut
3433 4615 3602 4686 pluri-

2019 4730 2166 4769 mum
2223 4713 2399 4767 eidem
2452 4713 2564 4766 dat.
2619 4711 2861 4766 Alterum
2914 4709 3175 4764 diabolica
3226 4706 3402 4760 illusio
3436 4704 3604 4758 totius

2017 4806 2302 4877 probitatis
2330 4819 2557 4859 vacuum
2614 4802 2786 4870 fingit,
2841 4801 3024 4869 nilque
3073 4800 3146 4854 illi
3197 4805 3393 4867 prtetcr
3430 4795 3606 4851 solam

2017 4897 2387 4966 deceptioncm
2410 4892 2673 4949 attribuit.
2701 4891 2829 4946 Jure
2848 4904 2978 4959 ergo
2992 4905 3057 4944 ex
3079 4884 3360 4944 catholicis
3381 4883 3608 4953 pseudo-

2016 4991 2302 5060 episcopus
2356 4985 2489 5040 falso
2551 4981 2768 5055 quidem
2813 4995 3038 5034 nummo
3089 4983 3476 5044 comparatur;
3512 4973 3617 5049 sed;

2017 5094 2179 5152 quem
2214 5079 2446 5132 lmmana
2478 5094 2588 5141 ars,
2651 5073 2750 5128 etsi
2805 5073 2858 5126 in
2903 5070 3176 5142 aliquibus
3204 5065 3617 5138 imperfectum,

2017 5173 2071 5227 in
2111 5167 2379 5236 aliquibus
2423 5177 2596 5221 tamen
2629 5163 2924 5234 perfectum
2957 5162 3173 5243 format.
3197 5156 3368 5213 Porro
3410 5175 3485 5219 ex
3507 5165 3626 5225 ιιωο,

2793 5257 2928 5288 1⁸..1οη

2018 5259 2204 5290 _-e:n:n
2257 5259 2743 5288 nan..r.nnn'no.nnnna
2793 5257 2928 5288 ru'on
2966 5257 3149 5288 :I:.'Am
3207 5269 3430 5288 nummis
3495 5258 3620 5286 ζει-Δ
