4124 5374
521 304 658 360 1019

1591 295 1948 353 HUMBERTI
1990 295 2048 351 S.
2092 295 2159 350 li.
2203 295 2264 349 Ε.
2305 294 2716 351 CARDINALIS

3633 305 3783 361 £020

519 421 615 481 rie.
653 427 706 476 et
731 435 797 475 ex
841 425 1184 487 earagmate;
1227 423 1322 469 aut
1374 429 1418 469 st
1453 429 1557 468 non
1584 427 1649 466 ex
1677 411 1884 467 duobus
1919 409 2099 476 simul,
2131 418 2174 476 Α
2207 417 2265 464 ut
2289 410 2522 480 episcopi
2552 409 2967 483 uniuscujusque
2989 403 3237 470 diaecesis
3260 413 3324 470 ad
3353 415 3623 473 Ecclesias
3665 437 3780 477 non

516 529 580 566 ex
607 527 712 566 uno
736 521 912 565 tamen
961 511 1150 564 horum
1192 509 1352 562 triutn
1384 506 1564 578 aliquo
1592 507 1750 561 modo
1779 505 2101 576 approbabi-

519 612 623 657 tur.
666 601 741 657 Ita
793 609 847 656 et
890 610 1077 655 uoster
1112 599 1599 671 pseudoepiscopus
1624 605 2101 668 quantumcunque

519 695 694 748 minus
718 692 942 762 justitia:
991 692 1045 747 in
1077 707 1136 747 se
1180 691 1396 756 habeat,
1449 698 1625 744 tamen
1657 688 1919 758 probatur
1959 687 2099 757 apud

521 787 685 840 Deum
736 793 791 838 et
840 783 1085 837 homines
1129 797 1275 836 sana:
1323 780 1540 840 mentis,
1598 789 1692 833 aut
1742 795 1806 833 ex
1862 777 1983 842 ﬁdei
2014 777 2099 832 vel

517 873 640 926 vitae
680 887 790 926 sua:
836 871 1170 936 sinceritate,
1237 875 1330 925 aut
1377 885 1444 925 ex
1493 867 1604 924 sola
1667 867 2093 932 consecratione,

516 963 763 1032 quamvis
819 961 1138 1031 reprobetur
1191 975 1258 1016 ex
1316 960 1579 1015 electione
1630 959 1996 1014 stertentium.
2029 957 2096 1013 At

517 1051 682 1107 falsus
709 1067 982 1116 nummus,
1003 1061 1432 1122 quantacunque
1455 1049 1798 1119 perfectionis
1820 1058 2094 1119 appareat,

517 1143 588 1198 nil
610 1151 714 1208 est,
745 1143 946 1198 nullius
993 1150 1074 1197 est
1103 1142 1259 1211 pretii
1307 1150 1400 1196 aut
1433 1142 1688 1197 momenti
1722 1142 1774 1195 in
1802 1140 2100 1211 quamlibet

518 1243 728 1303 partem
767 1233 847 1288 sui
872 1241 1082 1299 exstat;
1111 1248 1268 1302 quem
1299 1232 1383 1286 vel
1405 1235 1628 1288 credere
1656 1247 1933 1287 nummum
1954 1248 2091 1297 esse,

519 1326 704 1387 fuisse,
732 1325 815 1378 vel
846 1324 959 1380 fore
985 1365 999 1390 ,
1033 1324 1393 1393 perniciosum
1423 1334 1506 1379 est
1552 1323 1910 1412 mendacium.
1942 1324 2018 1379 lla
2043 1333 2096 1380 et

518 1417 891 1472 luereticorum
923 1415 1434 1486 pseudoepiscOpus,
1461 1425 1894 1486 quantaecunque
1923 1417 2094 1471 conti-

518 1508 736 1570 nentire,
768 1507 846 1561 vel
881 1507 1204 1572 sanctitatis,
1251 1508 1294 1562 si
1327 1506 1429 1562 dici
1454 1507 1919 1574 debet,videatur,
1953 1509 2095 1578 apud

515 1599 680 1650 Urunt
713 1589 889 1650 tanien
918 1606 971 1652 et
993 1598 1235 1652 homines
1265 1597 1540 1668 pervigilis
1569 1599 1748 1653 cordis
1791 1598 1926 1653 nihil
1947 1613 2098 1654 com-

515 1697 755 1756 putatur,
783 1687 907 1757 quia
938 1689 1196 1758 quidquid
1249 1689 1366 1744 sine
1404 1690 1505 1744 tide
1531 1697 1648 1755 est,
1675 1699 1956 1759 peccatum
1987 1699 2090 1745 est.

2201 502 2342 557 irent
2377 511 2683 559 extraneas.
2731 503 2842 560 Hoc
2879 506 3023 562 enim
3065 507 3314 576 primitus
3343 523 3560 580 propter
3589 528 3785 583 persc-

2200 597 2432 652 eutionis
2455 605 2664 668 tempus
2689 598 3056 653 indillerenter
3077 601 3354 670 agebatur,
3391 601 3654 672 siquidem
3673 620 3785 676 pro

2202 683 2382 740 taliter
2423 685 2688 742 ordinatis
2719 686 2879 742 talem
2903 687 3140 760 regulam
3169 689 3272 744 alia
3306 692 3542 762 synodus
3576 709 3785 766 propo-

2198 773 2309 829 suit
2339 791 2354 829 :
2386 793 2404 827 ι
2441 775 2496 831 Si
2539 777 2660 846 quis
2687 777 2971 848 episcopus
3007 778 3288 834 ordinatus
3324 783 3390 834 ad
3438 785 3779 852 parochiam.

2201 863 2254 918 in
2281 879 2387 934 qua
2414 866 2696 921 ordinatus
2731 876 2832 931 est,
2857 867 2989 921 mini
3015 883 3080 922 ne
3116 869 3499 939 proficiscitur,
3536 888 3641 926 non
3675 888 3785 928 sua

2199 953 2374 1024 culpa,
2401 956 2514 1021 sed,
2547 958 2660 1012 sive
2713 957 2907 1028 populo
2947 968 3254 1029 respuente,
3299 969 3390 1015 aut
3427 973 3649 1033 propter
3683 963 3788 1020 ali-

2198 1046 2501 1114 quamlibet
2535 1047 2697 1103 aliam
2745 1063 2989 1116 causam,
3033 1065 3141 1106 non
3180 1053 3503 1108 necessitate
3541 1054 3782 1122 factam,

2199 1140 2342 1194 hunc
2400 1139 2657 1194 honorem
2704 1141 3112 1211 ministerioque
3173 1143 3488 1213 participari
3539 1154 3782 1212 tantum,

2198 1242 2299 1282 nec
2335 1243 2456 1283 eum
2491 1229 2706 1284 misceri
2742 1231 2903 1285 rebus
2962 1230 3238 1298 Ecclesiae,
3269 1232 3319 1286 in
3359 1247 3464 1303 qua
3495 1233 3782 1289 collectam

2197 1316 2431 1372 celebrat
2481 1318 2772 1385 Ecclesize,
2827 1320 2920 1374 sed
2972 1323 3240 1378 sustinere
3291 1322 3432 1392 quod
3487 1324 3788 1394 provincia

2197 1410 2433 1482 synodus
2479 1423 2576 1465 suo
2609 1408 2820 1478 judicio
2843 1412 3231 1467 terminaverit.
3264 1431 3282 1464 ι
3319 1413 3454 1470 l-linc
3483 1430 3612 1485 ergo
3654 1431 3786 1485 pcr-

2196 1501 2464 1572 pendatur
2511 1511 2727 1557 nostros
2755 1504 3052 1560 catholicos
3075 1504 3202 1560 olim
3233 1513 3286 1562 et
3309 1515 3495 1576 postea
3525 1497 3639 1563 sine
3673 1509 3784 1562 tri-

2196 1592 2298 1647 bus
2319 1592 2424 1646 illis
2448 1591 2698 1662 capitulis
2735 1594 3193 1648 consecrationem
3234 1605 3406 1649 ratam
3452 1597 3780 1663 obtinuisse;

2197 1681 2478 1740 haereticos
2524 1699 2654 1738 vero
2695 1699 2906 1749 omnes,
2950 1693 3004 1741 et
3049 1686 3365 1741 nominatim
3404 1688 3781 1752 Simoniacos,

515 1779 684 1845 Quem
742 1780 882 1848 quod
917 1781 1177 1834 hactenus
1217 1783 1438 1835 credere
1483 1780 1794 1851 episcopum
1842 1795 1948 1836 non
1979 1789 2098 1836 tan-

2200 1771 2398 1826 nullam
2453 1772 2676 1828 omnino
2708 1788 2809 1828 nec
2857 1784 3005 1840 tunc,
3049 1788 3151 1830 nec
3188 1783 3392 1846 postea,
3425 1777 3638 1832 etiamsi
3668 1779 3798 1834 illis-

517 1869 791 1923 tummolo
824 1881 1122 1940 peccatum,
1167 1869 1260 1924 sed
1300 1870 1536 1926 immane
1567 1886 1780 1943 quoque
1810 1880 1892 1926 est
1918 1872 2094 1927 sacri-

514 1960 730 2030 legium,
781 1962 906 2016 hinc
955 1962 1020 2015 ad
1068 1971 1265 2018 nostrae
1293 1963 1612 2020 assertionis
1654 1964 2094 2031 aflirmationem,

516 2049 645 2102 libet
681 2051 803 2104 huic
831 2053 1090 2120 opusculo
1137 2052 1440 2124 aliquorum
1493 2055 1735 2110 inserere
1770 2070 2096 2112 commemo-

518 2141 804 2206 rationem,
834 2141 924 2210 qui
953 2157 1050 2197 nec
1094 2157 1122 2196 a
1153 2143 1300 2198 clero
1349 2144 1502 2200 fuere
1533 2145 1715 2211 electi,
1744 2139 1892 2201 nec’a
1923 2147 2096 2218 plebi-

514 2229 617 2284 bus
639 2232 886 2302 expetiti,
919 2248 1019 2288 nec
1051 2234 1673 2304 uictrOpuIitanijudicio
1696 2253 1724 2289 a
1753 2237 2096 2306 comprovin-

516 2322 742 2380 rialibus
781 2324 1045 2395 episcopis
1091 2327 1416 2392 consecrati,
1443 2335 1495 2381 et
1531 2335 1707 2380 tamen
1737 2342 1798 2381 ex
1824 2327 1937 2382 sola
1964 2343 2096 2382 con-

515 2414 816 2470 secratione
841 2426 1003 2470 tanta:
1041 2416 1401 2482 auctoritatis,
1431 2417 1755 2484 sanctitatis,
1779 2417 2098 2474 ctutilitatis

518 2506 723 2563 inventi
755 2495 880 2564 sunt
923 2509 974 2563 in
1007 2509 1244 2566 Ecclesia
1278 2511 1477 2565 Christi
1513 2521 1571 2566 ut
1600 2527 1761 2566 nemo
1793 2513 1893 2566 nisi
1926 2513 2095 2566 sacri-

456 2630 470 2647 .
517 2597 666 2669 lcgus
715 2607 1004 2668 praesumat
1037 2614 1132 2656 eos
1177 2602 1660 2673 pscudoepisc0pos
1687 2603 1739 2657 in
1771 2602 1949 2671 aliquo
1975 2618 2098 2674 pro-

519 2689 681 2742 ﬁteri.
734 2689 798 2742 Et
845 2689 1020 2759 primo
1055 2689 1273 2758 quidem
1306 2692 1646 2747 beatissimos
1674 2691 1946 2761 apostolos
1974 2691 2096 2745 uni-

518 2778 740 2832 versalis
802 2778 1052 2834 Ecclesia:
1103 2780 1418 2836 l‘undatores
1457 2791 1512 2836 et
1563 2783 1834 2853 principes
1880 2783 1932 2836 in
1997 2783 2098 2837 hoc

517 2886 1021 2938 conmemorcmus,
1100 2871 1204 2926 nisi
1267 2871 1630 2942 justissimum
1709 2875 2098 2928 arbitraremur

517 2961 661 3031 leges
698 2973 754 3016 et
781 2971 1000 3018 naturas
1051 2965 1362 3018 necessario
1416 2973 1619 3029 tacere,
1650 2966 1738 3020 tibi
1773 2966 2097 3021 benedictio-

519 3069 662 3116 ucm,
696 3054 922 3124 gratiam
965 3063 1020 3108 et
1047 3053 1277 3124 gloriam
1324 3056 1471 3112 dedit
1501 3057 1772 3128 legislator
1803 3068 1856 3112 et
1879 3067 2095 3112 natura-

519 3159 635 3197 rum
669 3143 942 3198 Dominus.

582 3233 744 3288 Unde
791 3243 938 3288 tanta
980 3234 1275 3307 taliumque
1322 3239 1720 3295 ordinationum
1762 3241 1940 3296 debita
1971 3257 2093 3296 eum

520 3327 818 3380 reverentia
877 3327 1103 3381 salutata
1135 3331 1627 3397 prtetermittentcs,
1659 3347 1758 3386 nec
1784 3346 1888 3386 non
1911 3343 1963 3386 et
2007 3331 2094 3385 illa

519 3431 680 3483 quam
711 3417 806 3486 ipsi
832 3419 970 3472 beati
1002 3421 1225 3488 apostoli
1258 3421 1506 3492 exemplo
1533 3422 1743 3476 Domini
1770 3431 1824 3476 et
1855 3422 2095 3492 magistri

521 3505 602 3558 sui
644 3505 848 3571 Asiam,
889 3509 1176 3580 Europam,
1217 3520 1270 3565 et
1299 3511 1535 3566 Africam
1594 3513 1861 3582 episcopis
1915 3512 2097 3580 hujus-

521 3595 663 3649 modi
694 3594 1051 3664 illustrarunt,
1081 3601 1423 3670 maximeque
1451 3601 1662 3665 Petrus,
1693 3603 1784 3672 qui
1811 3617 1962 3657 suam
1989 3602 2096 3657 Ita-

523 3684 672 3753 liam,
700 3697 754 3742 et
781 3698 1004 3744 cunctas
1029 3689 1230 3745 Gallias
1259 3692 1478 3747 directis
1509 3694 1951 3763 przedieatoribus
1982 3695 2100 3748 tali-

523 3783 606 3829 ter
637 3790 668 3830 a
693 3791 759 3832 se
785 3779 1048 3833 ordinatis
1101 3789 1220 3850 post
1266 3781 1541 3837 Christum
1591 3799 1813 3839 currere
1855 3785 2002 3850 fecit,
2031 3801 2096 3841 ex

520 3866 751 3935 posteris
790 3883 974 3923 eorum
1023 3870 1183 3940 longo
1247 3881 1369 3942 post
1427 3883 1668 3944 tempore
1707 3876 1841 3931 duos
1891 3886 2098 3932 tantum

522 3962 1020 4017 commemorandos
1073 3965 1420 4031 arbitramur,
1478 3968 1569 4037 qui
1595 3966 1706 4035 jam
1747 3969 2100 4040 promulgatis

523 4049 648 4104 inde
675 4053 844 4105 sacris
909 4055 1206 4110 canouibus
1265 4057 1442 4110 taliter
1479 4059 1712 4112 ordinati
1782 4068 2099 4126 noscuntur,

523 4143 665 4198 sicut
713 4146 765 4198 iu
811 4145 1045 4200 Historia
1099 4147 1389 4217 Tripartita
1443 4151 1660 4222 legitur.
1707 4151 1996 4222 Perigenes
2046 4153 2098 4206 in

525 4230 703 4286 Petris
738 4235 1024 4289 ordinatur
1059 4238 1367 4306 episcopus,
1403 4249 1456 4292 et
1486 4242 1739 4310 quoniam
1781 4243 1927 4298 cives
1976 4257 2098 4297 eum

526 4321 803 4393 suscipere
863 4323 1169 4390 noluerunt,
1222 4327 1478 4383 Romanae
1528 4331 1766 4386 civitatis
1819 4334 2102 4403 episcopus

2199 1867 2301 1922 tria
2330 1865 2416 1920 illa
2460 1865 2638 1921 adsint
2666 1866 2920 1936 capitula,
2951 1867 3201 1922 videlicet
3223 1868 3418 1923 electio
3435 1869 3588 1934 cleri,
3617 1884 3786 1941 expo-

2196 1959 2416 2014 stulatio
2443 1957 2642 2030 populi,
2680 1955 3054 2029 iudiciumque
3085 1959 3519 2030 metropolitani,
3541 1961 3663 2029 quia
3696 1962 3784 2014 iu-

2198 2049 2444 2106 fldelibus
2469 2049 2604 2104 nihil
2645 2049 2925 2103 munditia:
2947 2049 3040 2104 vel
3055 2050 3245 2120 gratiae
3277 2059 3453 2121 potest
3477 2052 3783 2119 adhaerere,-

2197 2139 2367 2195 donec
2422 2140 2582 2195 corda
2632 2155 2820 2195 eorum
2887 2139 2992 2194 fide
3035 2141 3386 2195 mundentur.
3430 2140 3554 2196 llzec
3597 2152 3782 2196 tamen

2197 2225 2444 2294 dicendo,
2499 2229 2571 2282 ita
2609 2237 2921 2283 sanctorum
2958 2227 3179 2283 Patrum
3213 2241 3524 2284 nostrorum
3563 2231 3800 2287 ordinao-

2201 2319 2398 2373 tionem
2429 2333 2772 2383 venerantur,
2790 2334 2853 2373 ex
2875 2321 3196 2374 necessitate
3226 2321 3484 2390 temporis
3509 2329 3576 2376 et
3589 2337 3794 2376 eorum

2199 2410 2432 2463 maxima
2461 2409 2879 2476 auctoritate,ut
2905 2410 3136 2478 posteris
3163 2411 3368 2465 nostris
3395 2419 3449 2465 et
3472 2411 3796 2481 nobisipsis:

2197 2516 2295 2570 per
2321 2501 2500 2555 omnia
2527 2508 2892 2555 contestemur
2913 2499 3312 2556 ecclesiasticas
3347 2501 3559 2570 regulas
3587 2502 3779 2555 obser-

2199 2601 2380 2644 vatum
2410 2589 2472 2643 iri
2493 2629 2508 2653 ,
2558 2589 2684 2658 quia
2730 2589 2986 2659 antiquos
3011 2599 3234 2646 excusat
3262 2591 3562 2646 necessitas
3596 2599 3651 2646 et
3679 2606 3798 2646 sua

2200 2679 2456 2744 libertas;
2491 2678 2779 2734 modernos
2815 2688 2994 2734 autem
3021 2689 3240 2735 accusat
3265 2679 3376 2736 sola
3402 2696 3498 2736 sua
3531 2679 3790 2737 voluntas

2199 2780 2252 2827 et
2285 2773 2582 2828 temeritas.

2797 2864 3023 2920 CAPUT
3066 2865 3172 2920 \'ll.

2269 2957 2614 3011 Connurron.
2645 2957 2884 3012 Audistis
2904 2958 3064 3011 etiam
3091 2958 3239 3027 quia,
3268 2958 3406 3013 sicut
3433 2959 3606 3015 denuo
3632 2959 3792 3029 quis-

2199 3061 2358 3115 quam
2395 3048 2654 3117 baptizari
2688 3064 2792 3102 non
2820 3049 3016 3116 debet,
3058 3050 3132 3104 ita
3175 3065 3274 3105 nec
3307 3051 3483 3107 denuo
3509 3052 3562 3105 in
3591 3056 3786 3106 eodem

2197 3140 2383 3194 ordine
2411 3141 2714 3194 consecrari
2747 3150 2938 3208 potest.

2267 3229 2612 3285 Connsrron.
2655 3232 2784 3298 Quis
2818 3233 2951 3287 dicit
2985 3242 3078 3287 aut
3117 3235 3278 3289 sentit
3323 3235 3497 3290 denuo
3543 3234 3778 3305 aliquem

2198 3321 2250 3374 in
2286 3323 2472 3376 eodem
2518 3321 2707 3377 ordine
2740 3325 3043 3378 consecrari
3075 3325 3266 3395 posse?
3310 3325 3469 3380 Absit
3507 3326 3662 3380 nobis
3691 3327 3772 3379 sic

2198 3415 2416 3482 sapere!
2443 3413 2588 3468 Inter
2616 3415 2719 3468 alia
2744 3417 2990 3485 equidem
3017 3433 3137 3486 qua:
3177 3432 3338 3486 super
3375 3419 3477 3473 hoc
3508 3434 3538 3472 a
3580 3418 3776 3472 sanctis

2197 3500 2449 3559 Patribus
2489 3505 2814 3574 accepinms,
2839 3508 3002 3561 etiam
3043 3509 3182 3562 beati
3213 3524 3366 3579 papae
3402 3509 3647 3580 Gregorii
3682 3525 3774 3564 ca-

2199 3595 2424 3663 pitulum
2466 3598 2798 3666 propositum
2829 3599 3008 3653 debita
3039 3601 3388 3656 veneratione
3415 3603 3776 3673 suscepimus.

2203 3687 2354 3742 Sicut
2375 3689 2518 3742 enim
2544 3689 2654 3758 ipse
2685 3690 2880 3743 ibidem
2910 3699 3156 3756 testatur,
3187 3695 3380 3748 merito
3403 3695 3672 3765 judicatus
3693 3703 3775 3748 est

2201 3779 2290 3848 qui
2321 3779 2424 3834 tale
2448 3779 2648 3848 aliquid
2680 3778 2858 3835 facere
2880 3780 2980 3834 fuit
3011 3798 3196 3849 ausus,
3227 3785 3472 3841 videlicet
3498 3787 3616 3857 quia
3641 3785 3772 3840 Pro-

2202 3869 2328 3924 bum
2357 3870 2506 3940 prius
2553 3870 2762 3941 lapsmn
2803 3872 2872 3926 ab
2918 3870 3095 3929 ollicio
3141 3875 3382 3945 deposuit
3414 3887 3469 3932 et
3513 3879 3770 3949 pteniten-

2203 3964 2290 4017 tia:
2339 3964 2648 4032 supposuit;
2699 3978 2803 4032 qua
2865 3963 3100 4035 expleta,
3164 3967 3414 4022 eumdem
3470 3985 3654 4022 rursus
3719 3970 3770 4022 in
3823 4023 3858 4050 .

2201 4057 2386 4110 eodem
2440 4056 2649 4121 ordine,
2702 4055 2855 4124 quasi
2912 4055 3192 4128 presbyter
3237 4074 3508 4128 nunquam
3565 4059 3783 4124 l'uisset,.

2202 4148 2556 4202 consecravit.
2615 4145 2769 4213 Quod
2813 4148 2998 4216 utique
3039 4149 3184 4204 nullo
3233 4149 3394 4204 modo
3429 4149 3531 4204 fuit
3578 4160 3775 4205 autest

2204 4240 2492 4309 agendum,
2542 4239 2635 4294 sed
2679 4241 2725 4293 si
2777 4239 3054 4310 depositus
3103 4242 3331 4311 quisque
3366 4243 3562 4312 injuste
3594 4252 3774 4313 p:-stea

2204 4331 2461 4386 innocens
2486 4331 2805 4402 reperiatur,
2837 4332 2976 4386 sicut
3014 4333 3296 4388 concilium
3327 4333 3642 4389 Toletanum
3669 4344 3774 4388 sta-

522 4411 680 4482 jussit
703 4429 825 4470 eum
855 4415 1202 4470 itilltronizat'i
1230 4420 1280 4471 in
1303 4420 1559 4474 Corintho
1582 4424 1884 4491 metropoli,
1915 4426 2102 4479 deruu-
2132 4459 2182 4520 υ
2207 4422 2326 4484 tuit,
2351 4421 2600 4490 episcopo
2647 4421 2788 4490 virga
2829 4431 2883 4478 et
2913 4424 3160 4489 annulus,
3196 4425 3513 4496 presbytero
3561 4425 3776 4497 planetu

528 4512 615 4558 cto
649 4504 767 4574 ejus
808 4505 1059 4575 episcopo
1088 4547 1103 4572 ,
1141 4508 1318 4578 eique,
1358 4511 1528 4565 donec
1571 4513 1796 4576 advixit,
1851 4515 2102 4569 Ecclesiae

527 4595 761 4667 pmfuit.
814 4599 1083 4655 Sisinnius
1110 4617 1323 4672 quoque
1353 4604 1980 4675 Constantinopolitanus
2007 4623 2105 4662 an-

530 4691 681 4744 tistes
703 4691 951 4747 Proclum
995 4695 1045 4747 in
1074 4694 1262 4750 Cituco
1285 4698 1640 4762 consecravit,
1679 4700 1768 4769 qui
1811 4711 2102 4770 antequam

527 4781 960 4850 proﬁcisceretur
973 4785 1754 4858 Cizieum,civesprocedentes
1781 4790 2102 4845 Dahnatium

530 4873 846 4928 monachum
861 4876 1170 4946 episcopum
1189 4877 1603 4932 sibimetordina
1613 4890 1753 4934 runt.
1772 4880 1964 4934 Mansit
1977 4895 2105 4952 ergo

530 4961 750 5020 Proeliis
786 4984 889 5020 nun
921 4969 1126 5023 habens
1153 4970 1447 5023 Ecclesium
1481 4972 1779 5040 propriam,
1805 4971 1896 5040 qui
1925 4981 2103 5026 tamen

530 5056 585 5110 in
607 5056 851 5112 doctrina
875 5057 1239 5112 Ecclesiarum
1277 5059 1815 5131 Constantinopoleos
1838 5062 1989 5116 valde
2011 5062 2107 5117 llo-

530 5147 712 5209 rebat;
736 5160 919 5214 postea
941 5147 992 5200 in
1004 5146 1596 5217 Constantinopolitana
1620 5152 1747 5205 sede
1773 5153 2108 5207 inthroniza-

535 5247 640 5290 tus.
677 5235 914 5304 Apparet
934 5250 1064 5304 ergo
1094 5247 1340 5292 neutrum
1383 5256 1411 5292 a
1443 5241 1590 5296 clero
1621 5242 1702 5296 Vel
1723 5244 1918 5312 populo
1942 5243 2107 5298 fuisse

531 5323 932 5374 electummuos
955 5340 1058 5374 non
1083 5336 1324 5374 receptos
1345 5339 1429 5374 est
1469 5331 1830 5374 ηιειιιίῑμςιιιηι.
1851 5333 2108 5374 Quum-ine

2204 4520 2256 4565 et
2277 4513 2510 4564 orarium
2555 4513 2768 4577 dantur,
2819 4523 2872 4568 et
2900 4515 2998 4581 sic,
3038 4531 3133 4586 per
3152 4529 3373 4575 caeteros
3398 4521 3636 4588 ordines,
3663 4523 3773 4575 uni-

2204 4607 2396 4676 cuique
2418 4609 2559 4677 quod
2581 4609 2815 4663 ablatum
2835 4609 2955 4677 fuit,
2981 4628 3104 4667 cum
3122 4613 3497 4684 deponeretur.
3528 4615 3778 4671 inventus

2205 4707 2382 4752 autem
2438 4699 2489 4752 in
2523 4698 2702 4768 aliquo
2731 4714 2952 4756 excessu
2983 4701 3193 4769 leviori,
3225 4706 3431 4774 privata
3460 4709 3768 4776 paenitentia

2206 4788 2506 4848 satisfactio
2548 4791 2619 4844 ita
2651 4790 2945 4862 injungitur
2971 4804 3031 4848 ut
3060 4804 3235 4850 tamen
3273 4811 3376 4853 non
3403 4799 3732 4869 deponantur
3751 4839 3766 4864 ,

2207 4880 2299 4932 sed
2326 4881 2546 4935 omnino
2559 4883 2638 4936 eis
2661 4884 2959 4953 ordoquem
2983 4885 3183 4941 habent
3201 4899 3568 4955 conservetur,
3593 4908 3764 4962 quem-

2207 4971 2493 5024 admodum
2535 4972 2649 5042 ipse
2704 4975 2894 5028 beatus
2924 4975 3216 5048 Gregorius
3271 4980 3324 5034 in
3356 4982 3461 5035 fine
3494 4982 3766 5052 praesentis

2207 5061 2425 5130 capituli
2474 5065 2707 5118 sensisse
2740 5068 3122 5135 cognoscitur;
3153 5071 3294 5138 quod
3329 5073 3415 5127 hic
3445 5076 3768 5129 subtraxisse

2207 5156 2587 5222 comprobatur
2628 5157 2779 5210 vafer
2809 5159 2897 5213 ille
2933 5169 2988 5214 et
3026 5161 3288 5230 impurus,
3314 5166 3437 5233 quia
3473 5168 3641 5222 sensit
3665 5167 3766 5223 evi-

2207 5243 2398 5297 denter
2422 5245 2684 5301 obsistere
2728 5249 2842 5302 suis
2897 5250 3344 5308 cavillationibus.
3395 5255 3450 5309 Si
3495 5258 3640 5326 quis,
3691 5259 3765 5311 in-

2208 5332 2400 5374 animi:
2461 5335 2514 5374 in
2569 5335 2668 5374 Ιρνί
2721 5335 2944 5374 fni-cilius
2999 5339 3148 5374 θυι-ν.
3187 5356 3213 5374 α
3256 5345 3556 5374 αηιω-ηιηιιη
3595 5346 3730 5374 ..ρ-..ιι
