4124 5374
231 323 371 382 {021‘

907 311 1275 372 savsusus
1305 274 1713 374 sinosuxos
1752 310 1929 368 LIBRI
1961 308 2162 368 TBES.
2200 340 2271 352 —
2302 309 2503 367 uena
2539 306 2817 367 ennius.

3342 305 3486 363 1022

229 449 351 496 tano
380 448 543 507 supra
583 431 808 497 dicitur;
846 427 991 500 juste
1021 439 1200 486 autem
1240 429 1514 501 depositus
1537 442 1801 500 nusquam
1832 429 1879 488 Α
1908 425 1993 482 isti
2049 423 2165 493 eius
2198 426 2445 498 discipuli
2491 428 2806 498 probantur.
2854 424 2970 493 Qua
3023 431 3172 479 certe
3215 423 3492 492 parilitate

227 539 580 599 etnanquam
636 524 780 580 licite
843 523 1162 578 restituitur.
1226 522 1476 577 inventus
1521 531 1700 578 autem
1749 522 1802 577 in

231 620 406 676 minus
460 615 715 687 gravibus
745 613 1080 677 excessibus,
1115 627 1217 666 non
1255 612 1470 680 quidem
1499 611 1802 680 deponitur,

230 711 320 769 sed
354 708 524 763 eidem
566 720 664 759 suo
693 705 881 758 ordine
922 713 1198 759 reservato
1247 702 1553 772 aliquandiu
1595 702 1662 755 ab
1691 702 1807 771 ipso

230 799 592 868 suspenditur.
641 793 770 864 Quis
807 795 1021 850 tandem
1051 795 1226 850 denuo
1257 809 1283 846 a
1313 792 1595 847 catholicis
1619 807 1810 847 conseo

231 901 412 945 cratus
440 886 716 957 arguitur?
745 883 1034 954 siquidem,
1086 883 1327 953 exceptis
1359 881 1806 953 irreprehensibi-

229 982 294 1036 lis
360 978 480 1032 vitae
534 975 765 1037 clericis,
825 974 1055 1043 amplius
1112 973 1195 1027 his
1250 973 1422 1026 tribus
1489 970 1811 1041 supradictis

231 1072 521 1144 generibus
574 1070 627 1123 in
678 1069 943 1124 catholica
992 1081 1095 1124 non
1129 1067 1490 1138 reperiuntur.
1517 1065 1628 1122 Aut
1665 1065 1808 1119 enim

225 1168 372 1240 juste
402 1164 629 1234 depositi
661 1171 851 1225 erunt,
894 1170 985 1214 aut
1014 1161 1232 1230 injuste,
1276 1167 1368 1212 aut
1417 1165 1564 1213 certe
1587 1172 1692 1211 non
1716 1156 1812 1210 de-

232 1259 429 1331 positi;
456 1267 509 1312 et
539 1257 583 1312 si
613 1259 663 1310 in
701 1254 993 1310 levioribus
1022 1252 1192 1322 Ctllpi‘s
1225 1251 1425 1305 inventi
1447 1249 1558 1318 jam
1590 1249 1818 1318 quicun.

233 1335 338 1422 que
413 1348 532 1419 plus
588 1348 672 1402 his
727 1353 870 1404 sunt.
936 1351 1087 1398 extra
1134 1341 1457 1396 ca'bolicam
1519 1338 1815 1394 Ecclesiam

231 1441 422 1513 procul
457 1439 620 1496 dubio
662 1446 806 1493 sunt.
832 1435 1133 1491 Suntenim
1165 1433 1405 1488 haeretici
1439 1441 1531 1487 aut
1555 1428 1816 1501 episcopi,

234 1542 326 1588 aut
379 1529 695 1601 presbyteri,
739 1542 831 1583 seu
866 1525 1099 1591 diaconi,
1129 1525 1211 1581 vel
1265 1524 1631 1597 cujuscunque
1686 1521 1822 1578 'alte-

234 1623 348 1686 rius
374 1619 568 1690 gradus
593 1617 772 1674 clerici
801 1616 952 1672 dicti.

307 1732 464 1792 Unde
499 1747 558 1788 se
581 1746 793 1802 quoque
827 1729 1039 1785 nolente
1058 1770 1072 1796 ,
1098 1728 1417 1800 Spinosnlus
1443 1727 1554 1799 (ll)
1587 1728 1689 1782 iste
1712 1740 1823 1781 sua:

235 1843 507 1900 perverse
554 1825 866 1880 intentionis
904 1824 1137 1891 initium,
1179 1824 1611 1895 pregressionem
1667 1830 1719 1877 et
1762 1821 1823 1874 fi-

239 1933 361 1972 nem
381 1958 397 1982 ,
435 1915 757 1986 procedente
800 1913 1179 1982 disputatione,
1208 1914 1451 1968 noscitur
1473 1913 1588 1982 jam
1620 1910 1824 1966 revela-

242 2024 321 2072 re,
355 2016 412 2062 et
448 2006 591 2059 velut
621 2005 915 2076 implicitus
944 2006 1141 2060 ericius
1165 2015 1326 2076 caput
1367 2020 1554 2072 suum,
1585 2015 1638 2059 et
1664 2003 1824 2073 pedes

239 2101 600 2170 caudamque,
627 2099 916 2154 accedente
948 2115 1108 2168 aqua,
1139 2099 1349 2167 cogitur
1370 2097 1660 2168 explicare.
1685 2095 1826 2150 Con-

243 2201 350 2246 stat
377 2193 523 2246 enim
567 2206 687 2246 eum
727 2192 1080 2261 pertinaciter
1118 2189 1406 2245 defendere
1455 2189 1524 2243 ab
1559 2184 1827 2242 lucretieis

243 2292 292 2337 et
321 2282 522 2351 special
546 2289 628 2335 tcr
677 2297 706 2335 a
734 2281 1054 2335 Simoniacis
1075 2281 1376 2344 ordinatos,
1410 2279 1531 2348 quia
1561 2277 1613 2332 in
1645 2276 1829 2331 catho-

245 2377 371 2438 lica,
403 2375 542 2430 sicut
573 2375 625 2428 in
657 2374 1025 2445 superioribus
1049 2374 1262 2428 abunde
1291 2379 1642 2432 monstratur.
1664 2367 1831 2424 semel

247 2474 505 2534 acceptus
539 2465 673 2519 ordo
705 2479 810 2519 non
842 2465 1083 2519 iteratur.
1115 2463 1352 2518 Laborat
1391 2475 1606 2530 quoque
1636 2458 1830 2522 variis,

247 2556 348 2609 sed
396 2555 550 2608 vanis
589 2554 924 2625 argumentis
960 2562 1204 2607 astruere
1238 2552 1381 2622 quod
1427 2568 1458 2605 a
1509 2548 1835 2628 Simoniacis

248 2646 489 2700 orlinati
521 2646 636 2700 sine
677 2646 989 2714 poenitentia
1033 2654 1087 2698 et
1128 2659 1319 2698 manus
1371 2641 1712 2713 impositione
1741 2640 1836 2695 de-

250 2739 390 2791 luent
419 2738 470 2790 in
511 2736 656 2791 clero
685 2736 951 2791 catholico
983 2736 1187 2800 haberi,
1219 2745 1275 2789 et
1304 2735 1358 2788 in
1403 2747 1467 2788 eo
1497 2745 1839 2803 permanere,

255 2839 311 2881 ut
358 2837 486 2898 puta
515 2827 712 2898 quibus
743 2828 872 2882 nihil
903 2827 1040 2881 desit
1069 2827 1120 2880 in
1164 2825 1306 2880 nulla
1349 2824 1542 2895 gratia.
1577 2824 1686 2878 Nos
1715 2836 1843 2876 vero

254 2919 654 2974 sufﬁcientibus
684 2929 996 2974 sanctorum
1044 2917 1268 2971 Patrum
1312 2915 1562 2986 superius
1596 2927 1848 2982 compro-

256 3009 510 3064 hat-imus
569 3009 887 3064 testimoniis
929 3008 1267 3063 Simouiucos
1313 3007 1594 3061 haereticos
1637 3006 1848 3076 pejores

1905 532 2189 581 concussa,
2222 532 2441 574 necesse
2481 519 2584 572 erit
2621 517 2957 572 Simoniacos
2981 531 3104 569 eum
3135 514 3235 568 sibi
3271 513 3494 582 paribus

1905 610 2122 665 Arianis
2169 625 2350 680 parem
2403 609 2564 666 etiam
2617 619 2806 663 contra
2845 622 2902 663 se
2929 623 2960 662 a
2987 605 3276 662 catholicis
3302 619 3494 674 exspe-

1908 713 2057 759 ctare
2082 702 2428 758 sententiam.
2459 701 2654 771 .ltaque
2683 697 2792 768 jam
2825 714 2927 752 non
2966 697 3186 761 nostris.
3214 695 3307 752 sed
3350 694 3498 748 anti-

1909 795 2316 866 quissimorum,
2352 802 2407 848 et
2448 807 2543 862 per
2586 792 2766 846 omnia
2803 789 3192 844 catholicorum
3223 796 3277 841 et
3304 787 3496 842 ortho-

1911 887 2172 941 doxornm
2229 884 2450 944 Patrum
2505 884 2834 953 impetantur
2861 879 3082 949 spiculis
3125 879 3502 934 etobruantur

1913 977 2214 1038 sententiis,
2267 986 2348 1041 ut,
2394 975 2688 1032 secundum
2730 972 3037 1028 Salomonis
3083 971 3278 1042 elogia,
3323 969 3415 1040 qui
3442 983 3505 1025 se

1913 1067 2110 1123 divites
2139 1063 2413 1132 all‘ectant,
2445 1064 2580 1120 nihil
2623 1080 2704 1128 se,
2758 1063 2860 1118 nisi
2910 1071 3212 1118 extremam
3243 1059 3501 1130 inopiam,

1914 1161 2116 1215 habere
2163 1156 2346 1230 (Prov.
2387 1173 2481 1222 ιι,
2513 1157 2638 1224 ‘22);
2671 1156 2751 1211 vel
2805 1169 2928 1210 sero
2974 1154 3315 1212 erubescant.
3367 1150 3502 1212 sive,

1909 1252 2063 1322 juxta
2089 1252 2179 1306 Dei
2219 1261 2380 1321 atque
2426 1249 2599 1304 Patris
2619 1247 2733 1316 ejus
2757 1245 3184 1306 attestation‘em,
3215 1242 3305 1297 ubi
3339 1240 3507 1310 evigi-

1921 1347 2149 1401 laverint
2199 1361 2227 1398 a
2258 1358 2448 1399 somno
2497 1359 2596 1397 suo
2629 1355 2818 1396 onmes
2856 1339 2956 1394 viri
2994 1335 3330 1397 divitiarum,
3370 1331 3508 1386 nihil

1921 1441 1974 1494 in
2004 1439 2254 1494 manibus
2305 1437 2438 1501 suis,
2485 1435 2537 1491 id
2590 1443 2671 1489 est
2721 1429 3149 1488 ordinationibus
3199 1425 3512 1482 inveniatur

1923 1529 2096 1601 (Psal.
2125 1545 2283 1592 Lxxv,
2316 1529 2392 1597 6).
2441 1526 2624 1580 Primo
2654 1535 2830 1579 tamen
2869 1523 2958 1578 hic
2993 1519 3272 1575 calumniae
3316 1529 3510 1572 eorum

1925 1635 2131 1677 summa
2187 1616 2484 1686 sulligatur,
2539 1631 2605 1668 ac
2651 1613 2847 1670 deinde
2895 1610 3237 1667 evidentibus
3286 1605 3511 1660 Patrum

1927 1710 2240 1767 fulminibus
2264 1705 2624 1764 confodiatur.

2505 1797 2732 1856 CAPUT
2783 1793 2914 1851 Vill.

1994 1894 2343 1951 Connurron.
2388 1889 2542 1945 Unde
2589 1903 2749 1958 supra
2801 1887 2854 1942 in
2892 1882 3191 1939 canonibus
3241 1875 3514 1950 apostolo.

1928 2004 2070 2052 rum,
2096 2002 2232 2057 quos
2262 1995 2482 2039 sanctus
2527 1983 2768 2037 Isidorus
2793 1979 3128 2048 recipiendos
3163 1989 3284 2029 esse
3312 1969 3515 2028 conﬁr-

1929 2087 2042 2132 mat
2075 2095 2088 2130 :
2121 2097 2137 2128 ‹
2173 2075 2230 2130 Si
2257 2075 2378 2145 quis
2404 2074 2708 2143 episcopus,
2737 2079 2833 2126 aut
2876 2066 3179 2138 presbyter,
3204 2071 3298 2118 ant
3337 2062 3519 2115 diaco-

1929 2185 2032 2226 nus
2078 2167 2368 2224 secundam
2426 2180 2616 2220 manus
2675 2159 3069 2230 impositionem
3132 2154 3403 2222 acceperit
3451 2151 3520 2205 ab

1933 2264 2136 2334 aliquo,
2181 2263 2501 2331 deponatur,
2553 2266 2608 2312 et
2651 2256 2764 2324 ipse
2797 2252 3036 2323 quicum
3060 2248 3313 2302 ordinare
3340 2251 3524 2298 tenta-v

1931 2332 2094 2412 verit.
2125 2353 2259 2409 Nam
2287 2367 2382 2408 eos
2401 2351 2492 2422 qui
2519 2349 2588 2403 ab
2615 2345 2876 2416 ejusmodi
2900 2340 3153 2411 baptizati
3189 2337 3407 2400 fuerint,
3441 2332 3522 2386 vel

1933 2445 2193 2511 ordinati,
2247 2458 2426 2514 neque
2468 2439 2678 2504 fideles,
2729 2451 2904 2506 neque
2931 2433 3161 2488 clericos
3199 2445 3321 2485 esse
3348 2427 3522 2499 possi-

1935 2541 2046 2598 bile
2081 2548 2185 2596 est.
2215 2556 2234 2590 ι

2009 2631 2356 2694 CORBEP‘TOB.
2382 2627 2517 2683 Cum
2543 2625 2696 2690 dicit,
2746 2621 2888 2678 unde
2940 2634 3123 2690 supra,
3172 2624 3318 2688 patet
3373 2612 3518 2681 quoi

1939 2722 2257 2795 praecedens
2285 2726 2448 2789 caput
2478 2716 2652 2772 sancti
2675 2711 2926 2783 Gregorii
2971 2707 3248 2780 supposito
3294 2701 3530 2772 capitulo

1944 2794 2309 2886 apostolorum
2335 2811 2456 2867 ideo
2477 2807 2769 2879 coniungat
2789 2811 2848 2859 ut
2875 2802 2948 2856 nil
2975 2800 3192 2855 differre
3231 2794 3529 2851 catholico-

1945 2922 2066 2961 rum
2119 2912 2174 2961 et
2220 2901 2598 2958 haereticorum
2651 2893 3044 2953 ordinationem
3095 2897 3325 2950 astrnat,
3374 2887 3523 2946 dum,

1948 2995 2090 3066 quod
2123 2995 2180 3050 S.
2211 2991 2506 3063 Gregorius
2531 3002 2694 3059 super
2712 2983 3101 3040 catholicorum
3126 2975 3527 3034 ordinationem

257 3114 382 3154 esse
437 3099 686 3168 pessimis
761 3099 998 3154 Arian’s.
1058 3099 1125 3153 Et
1165 3099 1209 3154 si
1251 3097 1426 3152 adhuc
1474 3073 1754 3151 dubitatur
1781 3109 1846 3149 an
1877 3122 1922 3185 ο
1953 3073 2259 3158 specialiter
2281 3090 2634 3160 protestatur,
2665 3080 2764 3133 iste
2793 3075 2863 3132 ad
2894 3073 3530 3185 luereticorum'.partcni

260 3191 560 3245 Simoniaci
605 3191 712 3246 sint
745 3191 972 3246 habendi
1008 3191 1268 3255 harretici,
1291 3188 1640 3244 revolvantur
1667 3187 1852 3243 catho-

263 3283 494 3336 licorum
549 3281 768 3336 Patrum
817 3283 882 3335 de
925 3282 1153 3337 diversis
1205 3281 1499 3336 lucresibus
1567 3279 1713 3346 libri,
1747 3277 1848 3333 SS.

265 3373 578 3445 lipiphanii,
613 3371 909 3435 Philastrii,
952 3372 1258 3444 Augustini,
1291 3381 1721 3440 eteterorumque
1762 3369 1852 3439 qui

266 3467 394 3520 inde
427 3472 555 3519 sunt
584 3462 823 3518 scribere
861 3463 1064 3527 conati,
1095 3472 1149 3517 et
1190 3463 1241 3516 in
1273 3462 1524 3517 omnibus
1548 3461 1852 3530 deprehen-

268 3557 474 3611 duntur
503 3554 824 3618 Simoniaci,
851 3555 943 3624 qui
973 3564 1025 3608 et
1056 3553 1349 3609 Simoniaci
1376 3553 1430 3606 in
1466 3550 1722 3620 Catalogo
1748 3549 1857 3604 bae-

270 3662 464 3707 reseon
495 3647 749 3715 primum,
799 3661 1027 3715 quormn
1069 3653 1257 3699 auctor
1285 3643 1494 3710 Simon,
1534 3642 1578 3698 si
1609 3640 1856 3697 damnari

267 3748 328 3791 ut
363 3736 687 3792 manifestus
735 3736 1016 3790 haereticus
1050 3735 1267 3800 meruit,
1294 3735 1418 3805 quia
1458 3735 1745 3790 mstimavit
1773 3733 1858 3788 vel

270 3828 536 3900 cogitavit
569 3826 828 3896 Spiritum
864 3837 1110 3882 sanctum
1149 3827 1375 3896 pecunia
1421 3840 1479 3880 se
1516 3839 1674 3896 posse
1717 3838 1860 3878 mer-

270 3929 454 3976 catum
488 3919 577 3984 iri,
605 3920 876 3989 etqnibus
905 3919 1062 3974 vellet
1091 3919 1274 3992 largiri
1301 3936 1317 3987 ;
1351 3919 1566 3974 videant
1601 3917 1701 3987 ipsi
1733 3917 1860 3986 quid

273 4019 594 4065 mereantur
644 4009 772 4078 quia
821 4012 1125 4067 certissime
1173 4012 1404 4066 credunt
1445 4025 1502 4066 se
1547 4010 1858 4080 episcopos,

270 4104 506 4173 pecunia
559 4102 926 4159 intercedente
943 4102 986 4169 ,⁹
1013 4119 1172 4175 posse
1228 4105 1312 4160 vel
1361 4104 1600 4174 potuisse
1642 4105 1778 4170 fieri,
1810 4112 1866 4158 et

273 4193 720 4258 consecrationes
768 4193 850 4248 vel
901 4195 1268 4251 ordinationes
1325 4195 1720 4250 eccwsiasticas
1747 4196 1864 4249 cui-

275 4297 443 4353 quam
476 4283 762 4354 impertiri.
789 4283 903 4338 Nisi
929 4286 1072 4340 enim
1107 4287 1206 4341 hoc
1231 4301 1291 4341 se
1319 4299 1481 4356 posse
1501 4286 1804 4349 crederent,
1836 4301 1865 4339 a

279 4386 430 4432 tanta
461 4377 880 4448 prtesumptioue
928 4393 987 4434 se
1031 4378 1441 4448 suspenderent.
1471 4378 1549 4432 Ex
1586 4392 1690 4447 qua
1719 4386 1868 4432 certe

1953 3181 2276 3255 generaliter
2306 3159 2602 3233 transferre
2627 3178 2879 3233 conatur,
2903 3165 3056 3238 quasi
3084 3159 3312 3233 apostoli
3339 3167 3529 3255 vetue-

1954 3247 2065 3330 rint
2094 3272 2162 3327 ab
2200 3267 2492 3332 lnereticis,
2537 3273 2596 3319 ut
2647 3261 2861 3323 dicitur,
2913 3255 3192 3312 ordinatos
3241 3247 3534 3304 secundam

1956 3378 2149 3420 manus
2188 3357 2585 3429 impositionem
2614 3369 2644 3408 a
2669 3348 2958 3407 catholicis
2980 3343 3249 3413 accipere.
3283 3339 3439 3401 Hinc,
3467 3350 3536 3389 ex

1957 3428 2324 3523 apostolorum
2372 3445 2673 3501 canonibus
2712 3441 2828 3499 sola
2880 3435 3115 3509 capitula
3161 3449 3190 3488 L
3242 3428 3379 3503 (15),
3431 3443 3541 3523 non

1960 3517 2165 3599 tantum
2200 3540 2524 3596 auctoritate
2551 3535 2693 3592 beati
2718 3532 2909 3589 lsidori
2936 3536 3191 3600 quantam
3208 3517 3545 3580 sanctissimi

1957 3651 2108 3708 papa:
2133 3633 2428 3690 Clementis
2481 3639 2538 3686 et
2585 3628 2936 3698 plurimorum
2978 3630 3352 3677 successorum
3402 3613 3542 3682 ejus,

1959 3703 2206 3782 novimus
2233 3722 2430 3778 debere
2469 3718 2670 3789 recipi;
2707 3716 2819 3777 sed,
2851 3713 2990 3768 sicut
3021 3726 3084 3764 ex
3135 3703 3462 3762 authenticis
3487 3709 3545 3756 et

1961 3819 2202 3890 antiquis
2231 3814 2631 3886 exemplaribus
2663 3809 2867 3881 poterit
2893 3803 3133 3878 probari,
3159 3812 3425 3890 praesens
3444 3809 3542 3849 ca-

1960 3886 2188 3982 pitulum
2233 3914 2451 3962 constat
2497 3903 2621 3960 istic
2667 3899 2886 3972 proprio
2925 3910 3090 3951 sensu
3136 3901 3191 3948 et
3237 3886 3556 3982 integritate

1965 3977 2111 4060 circa
2141 4001 2221 4056 sui
2265 4000 2426 4053 finem
2455 3993 2694 4050 fraudari
2721 4000 2779 4046 et
2809 3988 3031 4060 privari,
3078 3993 3134 4040 et
3172 3982 3409 4038 alienum
3451 3977 3550 4048 fig-

1968 4105 2208 4152 mentum
2249 4091 2424 4147 eidem
2475 4084 2779 4158 appositum
2815 4079 2918 4136 sub
2945 4077 3125 4148 specie
3151 4074 3289 4130 veri.
3326 4071 3464 4126 Nam
3488 4067 3550 4123 in

1967 4182 2366 4253 antiquioribus
2393 4187 2447 4234 et
2465 4172 2835 4232 veracioribus
2879 4166 3178 4225 canonibus
3225 4164 3298 4218 ita
3339 4159 3552 4216 iuveni-

1970 4287 2059 4333 tur
2087 4294 2103 4330 :
2141 4294 2160 4326 ι
2199 4273 2256 4329 Si
2281 4272 2402 4342 quis
2427 4265 2723 4326 secundam
2747 4277 2942 4318 manus
2971 4255 3370 4329 impositionem
3399 4262 3554 4309 accc.

1972 4371 2130 4442 perit,
2163 4367 2450 4442 dejiciatu‘r
2478 4363 2614 4434 ipse,
2642 4367 2698 4415 et
2719 4357 2811 4429 qui
2843 4370 2966 4412 eum
3019 4349 3336 4407 reordiuare
3376 4353 3552 4402 tenta-

279 4483 378 4523 sua
405 4468 788 4533 aestimatione,
817 4469 862 4522 si
895 4467 1080 4523 Simon
1124 4468 1212 4523 ille
1238 4467 1488 4538 pessimis
1526 4467 1742 4522 Arianis
1779 4482 1871 4537 pe-
1902 4466 1948 4525 D
1973 4463 2133 4526 verit,
2165 4459 2267 4514 nisi
2298 4435 2441 4511 fort!
2465 4469 2589 4509 eum
2641 4451 2710 4506 ab
2755 4445 3032 4538 luereticis
3061 4441 3369 4538 ordinatum
3392 4451 3554 4538 .com-

275 4560 368 4630 jor
417 4562 697 4617 evidenter
747 4562 1090 4633 praedicatur,
1146 4563 1401 4632 quoniam
1446 4561 1548 4617 sibi
1608 4561 1871 4631 Spiritum

284 4660 536 4706 sanctum
588 4649 858 4720 subjicere
901 4652 1170 4722 quaesivit,
1223 4650 1518 4706 Simoniaci
1571 4650 1707 4719 ejus,
1741 4667 1877 4720 quo-

287 4743 436 4798 niam
481 4744 702 4799 omnino
747 4753 954 4798 tantum
1005 4743 1156 4798 nefas
1222 4744 1470 4809 credunt,
1527 4744 1724 4813 quibus
1763 4742 1874 4812 jam

290 4836 510 4907 pejores
537 4839 726 4892 erunt?
755 4837 938 4908 Neque
967 4838 1110 4894 enim
1141 4838 1354 4908 pejores
1381 4837 1596 4891 Arianis
1627 4837 1678 4890 in
1707 4837 1878 4890 haere-

291 4942 425 4984 seon
457 4924 710 4997 Catalogo
735 4927 1142 5000 dignoscantur.
1162 4926 1344 4980 Palam
1367 4939 1496 4995 ergo
1517 4925 1876 4989 Simoniacos,

292 5017 439 5074 sicut
467 5025 704 5088 tempore
725 5019 796 5074 ita
821 5028 876 5074 et
897 5032 1105 5082 errore,
1135 5015 1358 5087 reliquis
1386 5015 1654 5070 haereticis
1674 5014 1883 5084 priores

291 5127 437 5169 esse.
479 5109 697 5177 Verum,
744 5127 812 5167 ne
841 5127 1002 5181 supra
1032 5111 1246 5166 modum
1275 5107 1600 5178 [inagravari
1633 5122 1692 5162 se
1718 5120 1748 5159 a
1781 5120 1883 5160 no-

292 5205 380 5228 ιε-
411 5210 627 5228 ..λι-αλ-..
688 5219 848 5228 “ι-“Α-
892 5218 979 5228 Αλν.
1254 5201 1468 5228 ΙΑηιΙΑονι
1517 5197 1858 5228 ΔΛηΛΑιιζΜΙὶΩ

688 5219 848 5228 -....--
892 5218 979 5228 ..λη
1017 5204 1039 5228 Δ
1057 5204 1190 5228 ..ΞΑ-ηε

1975 4549 2304 4625 probaverit.
2339 4566 2358 4598 ι
2390 4545 2564 4601 Porro
2612 4540 2754 4612 quod
2799 4551 2970 4607 caupo
3020 4532 3112 4589 ille
3171 4527 3554 4625 nequissimus,

1978 4620 2255 4701 subtracto
2284 4640 2412 4694 vino
2457 4637 2648 4698 Sorec,
2697 4629 2980 4686 admiscuit
3006 4643 3073 4683 ex
3102 4626 3353 4682 cisterna:
3401 4620 3561 4674 dissi-

1977 4746 2118 4806 patae
2139 4733 2318 4802 aquis,
2345 4737 2403 4784 ut
2429 4727 2742 4797 propinaret
2766 4738 2795 4774 a
2820 4736 2878 4775 se
2917 4715 3184 4786 deceptis,
3221 4708 3451 4767 dicendo
3491 4708 3561 4760 ab

1980 4824 2244 4896 ejusmodi
2277 4819 2602 4889 baptizatos,
2628 4813 2709 4868 vel
2737 4811 3043 4873 ordinatos,
3067 4819 3174 4859 non
3203 4816 3360 4872 posse
3385 4811 3562 4868 neque

1983 4919 2172 4975 fideles
2198 4927 2371 4983 neque
2396 4910 2622 4964 clericos
2667 4918 2810 4968 esse,
2864 4916 2968 4955 nec
3008 4901 3062 4954 in
3102 4897 3206 4951 isto
3250 4899 3563 4947 sanctorum

1985 5010 2376 5084 apostolorum,
2427 5017 2529 5058 nec
2581 5002 2634 5054 in
2678 4999 2860 5066 aliquo
2899 4991 3290 5048 catholicorum
3340 4984 3568 5040 Patrum

1986 5080 2264 5163 invenitur
2291 5108 2518 5152 canone.
2544 5093 2602 5146 In
2628 5106 2733 5160 qua
2765 5101 2861 5142 sua
2902 5080 3249 5139 fraudulenta
3301 5092 3571 5146 pratsum-

1987 5201 2172 5228 ﬁt-..“
2225 5190 2305 5228 uol
2344 5185 2582 5228 nrnfnnm
2611 5185 2760 5228 νηοῖς
2791 5179 3048 5228 ιιονίωιε.
3081 5172 3194 5228 sole
3242 5169 3444 5226 clarius
3493 5174 3577 5228 in-
