4124 5374
595 312 735 369 £023

1699 315 2053 374 HUMBERTI
2097 319 2151 374 S.
2192 318 2251 375 S.
2289 320 2348 376 E.
2385 313 2809 381 ,CARDINALIS

3720 319 3882 377 ιθξι

594 429 734 485 teste
757 427 902 487 enim
927 427 1224 500 impugnat,
1248 438 1323 495 et,
1357 437 1616 499 quantum
1643 431 1694 485 in
1726 447 1786 486 se
1836 443 1939 497 est,
1992 444 2172 489 cassat
2200 436 2246 494 Α
2277 449 2420 488 runt.
2465 431 2523 489 Si
2553 450 2682 506 ergo
2736 433 3118 491 haereticorum
3146 450 3339 493 manus
3376 434 3652 507 impositio
3690 451 3881 506 prava

595 528 645 576 et
674 534 938 575 evacuare
967 521 1512 577 contenditsanctam
1559 522 1830 578 Nierenam
1888 526 2171 595 synodum,

595 625 717 679 qua:
739 611 904 665 etiam
933 610 1244 680 capitulum,
1294 613 1439 683 quod
1491 614 1649 669 nobis
1687 615 2033 685 phreneticus
2084 616 2174 672 ille

593 699 800 768 putavit
828 700 895 754 ad
917 700 1289 756 defensionem
1320 703 1403 758 sui
1437 704 1488 757 in
1518 705 1974 775 subsequentibus
2030 706 2171 774 obji-

593 789 865 853 ciendum,
896 790 1175 855 continet;
1211 790 1396 860 inquo
1419 792 1657 858 Cathari,
1691 793 1900 849 scilicet
1950 794 2173 849 vicinio-

595 895 686 937 res
716 882 997 937 catholica:
1024 881 1149 938 fidei
1193 883 1457 967 haeretici,
1488 884 1534 940 si
1568 886 1786 956 quando
1825 884 1892 941 ad
1941 886 2174 942 catholi-

593 984 716 1026 eam
745 970 991 1039 veniunt,
1019 988 1212 1029 manus
1240 974 1637 1044 impositionem
1668 978 1942 1047 accipere,
1982 979 2171 1048 sicque

594 1063 646 1118 in
670 1062 937 1120 catholico
958 1065 1104 1120 clero
1127 1078 1445 1136 permanere
1469 1076 1777 1123 censentur.
1812 1067 1995 1139 Neque
2023 1070 2167 1125 enim

593 1153 891 1222 putandum
908 1163 991 1209 est
1010 1165 1226 1210 stnrtos
1252 1156 1438 1212 Patres
1467 1158 1515 1211 id
1541 1158 1798 1215 statuisse
1823 1159 1889 1214 de
1919 1158 2170 1216 Novatio~

593 1255 788 1296 norum
816 1240 992 1308 laicis,
1032 1244 1122 1313 qui
1173 1244 1370 1299 nullam
1402 1261 1595 1303 manus
1645 1247 2042 1317 impositjonem
2071 1265 2169 1324 pro

594 1332 958 1404 adipiscendis
988 1336 1265 1392 ordinibus
1309 1351 1667 1412 vesperum;
1694 1345 1788 1398 sed
1832 1344 1899 1399 de
1948 1343 2165 1399 illorum

592 1422 819 1485 clericis.
850 1424 1049 1494 quibus
1078 1442 1108 1483 a
1136 1445 1246 1485 sua:
1284 1442 1447 1487 sectm
1485 1434 1788 1504 prmpositis
1826 1448 2019 1489 manus
2066 1434 2170 1489 im-

589 1514 764 1581 posita
794 1512 912 1585 fuit,
936 1528 995 1574 ut
1023 1521 1089 1574 ad
1104 1522 1375 1589 quodlibet
1399 1524 1753 1579 ministerium
1785 1539 2166 1595 promoveren-

593 1612 680 1659 tur
707 1607 913 1663 altaris.
937 1609 1144 1675 Quibus
1168 1612 1234 1666 ad
1268 1613 1590 1668 catholicam
1618 1615 1963 1671 venientibus
1985 1629 2105 1671 cum
2132 1632 2162 1671 a

590 1697 870 1755 catholicis
898 1701 1271 1758 sacerdotibus
1296 1719 1486 1760 manus
1518 1706 1832 1776 imponitur,
1873 1723 2052 1763 nonne
2077 1722 2165 1764 sev

2276 534 2387 590 est,
2419 524 2808 579 catholicorum
2833 534 3010 580 autem
3058 536 3241 591 recta,
3291 536 3438 596 patet
3460 526 3604 581 illam
3633 542 3879 597 pravam

2274 629 2341 668 es
2374 615 2605 684 quadam
2636 625 2783 672 recte
2820 616 3043 671 omnino
3069 633 3211 672 vana
3240 618 3589 675 similitutline
3629 618 3879 674 abusive

2274 702 2383 757 dici
2415 703 2730 770 secundam,
2759 720 2883 760 cum
2913 704 3057 760 nulla
3105 706 3533 762 substantialiter
3578 723 3675 763 seu
3713 704 3876 763 acci-

2273 795 2569 852 dentaliter
2620 798 2688 853 ad
2734 796 2969 854 invicem
3018 797 3253 854 habeant
3293 800 3874 857 connumerationem.

2273 886 2434 953 Nam,
2465 888 2508 944 si
2545 888 2661 945 hare
2685 904 2804 960 qua:
2833 888 3056 945 abusive
3105 889 3305 945 dicitur
3347 889 3605 954 secunda,
3659 888 3871 947 nihilo-

2272 975 2457 1031 minus
2511 990 2676 1046 prava
2705 976 2789 1032 vel
2818 977 3037 1048 pravior
3069 986 3233 1043 esset,
3292 992 3399 1032 non
3438 977 3551 1049 jam
3606 977 3872 1047 abusive,

2270 1065 2364 1120 sed
2399 1080 2524 1121 vere
2549 1067 2823 1122 diceretur
2863 1068 3120 1124 secunda.
3150 1068 3301 1124 Nunc
3328 1084 3477 1134 vero,
3512 1085 3635 1125 cum
3667 1068 3743 1125 sit
3768 1066 3870 1126 illa

2267 1167 2464 1227 prava,
2490 1157 2589 1211 ista
2622 1168 2800 1212 autem
2830 1167 3001 1225 recta,
3055 1167 3270 1214 constat
3302 1158 3356 1213 in
3404 1159 3612 1214 duabus
3667 1158 3866 1225 rebus,

2267 1247 2368 1302 sibi
2410 1247 2633 1303 omnino
2665 1248 2954 1303 contrariis
2985 1256 3040 1302 et
3076 1248 3447 1312 dissimilibus,
3499 1263 3605 1304 non
3652 1249 3870 1305 debere

2269 1337 2373 1393 diei
2404 1335 2636 1408 primam
2663 1347 2717 1393 et
2745 1339 3057 1406 secundam,
3088 1339 3181 1395 sed
3211 1354 3371 1393 unam
3398 1339 3568 1405 illam,
3603 1355 3778 1394 uuam
3803 1347 3869 1396 et

2268 1429 2448 1485 istam.
2478 1429 2773 1485 ldentidem
2813 1430 3154 1486 sentiendum
3189 1439 3243 1486 et
3284 1432 3353 1488 de
3389 1431 3855 1498 ordinationibus,

2266 1520 2397 1582 sive.
2433 1528 2495 1574 ut
2541 1520 2939 1577 obtrectatores
2974 1521 3331 1599 contendunt,
3364 1522 3431 1577 de
3485 1521 3862 1577 reordinatio-

2266 1610 2443 1664 uibus.
2484 1608 2727 1680 Denique
2752 1612 2796 1665 si
2843 1611 3132 1667 htereticus
3175 1620 3297 1681 post
3343 1611 3655 1666 liazreticum
3689 1609 3861 1665 alicui

2266 1716 2458 1756 manus
2489 1700 2751 1771 imponat.
2778 1714 2945 1772 prava
2982 1702 3065 1756 vel
3096 1702 3313 1772 pravior
3353 1711 3439 1758 est
3493 1701 3875 1771 reordinatio,

591 1790 822 1859 couajn
874 1806 1067 1848 manus
1122 1794 1515 1864 impositiouem
1546 1798 1792 1867 accipere
1835 1802 2161 1857 noscuntur?

2267 1799 2323 1843 et
2344 1790 2462 1844 ideo
2493 1806 2593 1845 nec
2627 1791 2923 1855 ordinatio,
2963 1793 3058 1848 sed
3090 1793 3250 1847 unica
3296 1792 3576 1863 purgatio;
3611 1806 3782 1862 quam
3808 1791 3869 1849 si

593 1879 764 1948 Quam
792 1880 912 1943 ideo
936 1898 966 1937 a
998 1884 1281 1941 catholicis
1307 1887 1602 1957 accipiunt,
1643 1889 1769 1959 quia
1800 1891 1867 1945 ab
1894 1891 2166 1950 haereticis

590 1971 824 2026 ordinati
866 1976 1312 2046 comprobantur,
1342 1986 1401 2032 ut
1448 1979 1500 2032 in
1546 1994 1710 2050 supra
1759 1982 1906 2038 dicto
1957 1998 2169 2041 canone

589 2063 956 2131 apostolorum
983 2066 1281 2122 secundum
1313 2068 1592 2138 antiquam
1623 2071 1909 2127 veritatem
1945 2072 2161 2145 legitur,

588 2168 751 2224 quam
779 2155 868 2212 hic
897 2156 1188 2213 mendosus
1218 2158 1537 2215 emendator
1584 2159 1903 2217 subtrahere
1933 2179 2042 2219 non
2076 2180 2173 2221 ve-

590 2249 749 2317 ritus,
782 2249 947 2305 etiam
975 2260 1166 2306 sancto
1194 2250 1415 2308 Nicaeae
1458 2253 1692 2309 concilio
1736 2256 1976 2324 publicas
2026 2256 2167 2326 inju-

587 2338 697 2393 rias
729 2338 1000 2411 irrogasse
1027 2340 1473 2411 deprehenditur.
1514 2342 1654 2411 Quin
1706 2344 1871 2400 etiam
1911 2345 1998 2400 illa
2042 2347 2163 2419 ejus

586 2429 863 2495 conclusio
885 2430 1280 2498 consideretur,
1298 2432 1369 2497 _in
1390 2448 1494 2503 qna
1523 2432 1782 2499 difﬁnivit
1800 2436 1870 2490 ab
1898 2436 2163 2507 ejusmodi

585 2518 904 2587 baptizatos,
937 2520 1020 2577 vel
1046 2522 1325 2580 ordinatos
1352 2540 1453 2580 nec
1475 2525 1659 2581 lldeles
1679 2541 1778 2582 nec
1798 2526 1898 2583 elei
1912 2528 2026 2585 icos
2042 2545 2167 2587 esse

584 2622 761 2676 posse.
792 2608 943 2677 Quod
968 2611 1013 2666 si
1049 2612 1121 2667 ita
1153 2622 1254 2680 est,
1278 2624 1345 2671 'ut
1374 2615 1441 2672 de
1479 2617 1689 2674 caeteris
1721 2617 1939 2675 interim
1985 2631 2163 2679 tacea-

584 2707 701 2783 tur,
746 2710 958 2783 couSIat
1005 2700 1336 2762 Novatianos
1390 2707 1675 2766 haereticos
1726 2710 1794 2765 ad
1833 2712 2159 2770 catholicam

584 2800 941 2857 transeuntes,
983 2797 1136 2866 quasi
1168 2811 1196 2850 a
1234 2796 1374 2855 faeie
1404 2798 1575 2857 leonis
1606 2799 1811 2870 fugere,
1837 2807 1930 2859 sed
1971 2821 2156 2861 ursum

580 2884 661 2939 cis
689 2900 993 2953 occurrere,
1023 2888 1169 2953 dum,
1199 2904 1296 2958 per
1322 2891 1722 2962 impositinnem
1754 2912 1947 2951 manus
1972 2899 2159 2952 catho-

581 2974 669 3029 liei
698 2977 1015 3045 sacerdotis,
1047 2979 1150 3035 hoc
1189 2980 1269 3035 eis
1304 2981 1372 3036 ad
1420 2985 1717 3052 perniciem
1756 2985 2053 3053 confertur,
2087 3003 2157 3043 ne

579 3064 834 3135 deinceps
865 3069 987 3140 ipsi,
1025 3071 1107 3125 vel
1134 3070 1202 3126 ab
1231 3072 1311 3127 eis
1342 3073 1597 3143 baptizati
1625 3085 1719 3131 aut
1745 3079 2002 3143 ordinati,
2027 3096 2158 3151 pos~

579 3160 690 3214 sint
716 3159 900 3215 fideles
927 3173 1022 3217 aut
1053 3164 1235 3233 clerici
1270 3165 1479 3222 haberi.
1508 3168 1654 3225 Sane
1679 3170 1783 3225 hoc
1829 3180 1992 3241 pacto
2023 3174 2159 3228 tole-

580 3250 800 3305 rabilius
832 3252 936 3308 illis
968 3253 1140 3309 fuerat
1169 3255 1249 3311 sic
1279 3271 1601 3326 permanere
1640 3275 1803 3330 quam
1832 3262 1902 3317 ad
1927 3263 2163 3319 catholi-

581 3356 700 3395 cam
733 3344 1012 3410 accedere,
1049 3354 1104 3400 et
1136 3346 1266 3402 inibi
1327 3364 1519 3405 manus
1568 3350 1985 3421 impositiouem,
2034 3363 2158 3425 post

580 3430 726 3485 illam
775 3447 937 3502 quam
990 3451 1021 3490 a
1070 3437 1183 3492 suis
1236 3448 1582 3510 acceperant,
1632 3443 1898 3512 accipere.
1950 3444 2156 3516 Duplici

579 3535 818 3592 namque
843 3525 1171 3583 contritione
1191 3530 1409 3585 contriti
1440 3531 1739 3600 probantur
1760 3548 1994 3604 quorum
2020 3536 2157 3606 bap-

578 3610 740 3668 tisma
787 3615 870 3669 vel
894 3615 1182 3676 clericatus
1208 3619 1282 3675 nil
1327 3620 1440 3692 jam
1467 3628 1587 3681 eSse
1609 3638 1770 3696 posse
1807 3627 2152 3698 praedicatur.

579 3703 685 3758 Sed
709 3704 853 3761 absit
894 3722 925 3761 a
959 3708 1116 3764 nobis
1163 3711 1268 3768 hoc
1316 3712 1400 3769 vel
1434 3713 1628 3771 leviter
1659 3718 1961 3774 aestimaret
2011 3719 2159 3776 Alio-

576 3796 704 3865 quin
743 3806 797 3854 et
823 3798 1041 3858 Nicama
1089 3805 1326 3876 synodus
1376 3808 1720 3865 convincitur
1756 3824 1999 3867 errorem
2046 3826 2154 3868 non

574 3900 904 3959 amputasse,
946 3893 1038 3949 sed
1069 3909 1430 3969 propagasse;
1469 3900 1756 3971 sanctique
1804 3900 2021 3968 Patres,
2050 3918 2154 3958 au-

574 3983 882 4040 ctoritatem
923 3987 1042 4057 ejus
1068 3990 1263 4056 secuti,
1295 3990 1710 4064 quibuscunque
1734 3994 2034 4051 'haereticis
2083 3994 2155 4050 ad

574 4074 894 4133 catholicam
922 4095 1109 4136 eorum
1143 4084 1548 4140 transeuntibus
1578 4100 1771 4141 manus
1821 4086 2150 4157 imposuere,

573 4176 641 4218 ex
682 4165 834 4222 malis
863 4169 1075 4240 pejores
1112 4171 1200 4228 hic
1222 4173 1357 4227 etin
1394 4172 1578 4229 futuro
1617 4172 1868 4231 eﬂ‘ccere.

646 4255 785 4334 llinc
818 4274 957 4330 ergo
991 4262 1353 4320 calumniator
1388 4266 1500 4333 ille,
1555 4266 1601 4322 si
1640 4282 1818 4323 caecus
1864 4268 2153 4338 utrobique

574 4367 680 4407 non
704 4353 949 4423 estnam
973 4358 1254 4415 evidenter
1284 4376 1672 4430 recognoscere
1715 4371 1894 4430 potest
1925 4376 2024 4417 nec
2054 4361 2154 4415 lai-

574 4376 680 4407 non
704 4376 823 4419 aut;
836 4376 949 4423 jam
973 4376 1254 4415 evnttentcr
1284 4376 1672 4430 recognoscere

573 4455 667 4499 cos
696 4442 1070 4503 haereticorum
1098 4449 1163 4503 ad
1195 4451 1655 4515 communionem,
1684 4376 1749 4505 ag

572 4531 778 4586 clerum
818 4534 870 4588 in
898 4536 1164 4592 catholica
1193 4539 1394 4597 debere
1426 4541 1625 4611 suscipi
1654 4541 1773 4596 sine
1802 4541 2149 4612 impositione

571 4636 765 4681 manus
800 4625 1051 4682 catholici
1068 4630 1369 4686 sacerdotis
1416 4639 1542 4700 post
1570 4631 1715 4685 illam
1744 4647 1906 4701 quam
1951 4647 1983 4687 a
2035 4633 2155 4688 suis

570 4714 845 4783 accepisse
864 4716 1132 4773 sciuntur.
1176 4719 1416 4787 Etenim,
1444 4722 1487 4776 si
1514 4722 1639 4777 laici
1665 4722 1889 4790 fuerint,
1920 4738 2019 4793 per
2041 4740 2149 4779 ma-

2267 1878 2565 1935 catholicus
2588 1889 2708 1951 post
2755 1881 3081 1937 catholicum
3108 1882 3305 1953 iterare
3326 1882 3409 1953 (ut
3436 1881 3682 1951 putatur)
3715 1895 3862 1951 prae-

2266 1975 2454 2040 sumit,
2479 1984 2689 2033 rectum
2722 1975 2839 2031 sine
2867 1976 3221 2047 ambiguitate
3250 1988 3420 2045 pravo
3448 1971 3766 2039 confundit;
3799 1979 3862 2031 et

2265 2065 2387 2121 ideo
2409 2080 2514 2121 non
2546 2065 2808 2145 dicendus
2832 2074 2918 2122 est
2950 2066 3311 2130 reordinasse,
3334 2065 3428 2121 sed
3453 2080 3514 2121 se
3541 2076 3599 2121 et
3627 2064 3799 2120 alium
3821 2079 3857 2121 ι

2264 2167 2417 2213 recto
2438 2158 2505 2213 ad
2534 2173 2762 2228 pravum
2811 2158 3092 2215 seduxisse
3144 2158 3230 2214 vel
3256 2158 3569 2214 attraxisse.
3620 2156 3860 2228 Propter

2264 2248 2407 2318 quod
2435 2248 2718 2318 praemisso
2741 2249 3109 2320 apostolorum
3139 2249 3377 2320 capitulo
3412 2248 3693 2319 judicandi
3725 2257 3859 2303 sunt

2264 2339 2446 2406 ambo,
2469 2341 2680 2397 scilicet
2723 2342 3054 2413 deponendi,
3101 2342 3228 2412 quia
3258 2340 3578 2397 catholicam
3628 2340 3857 2395 ordina-

2265 2430 2465 2495 tionem
2496 2433 2795 2488 iterandam
2824 2442 3093 2503 putantes,
3126 2449 3226 2505 par
3254 2432 3552 2504 periculum
3596 2430 3859 2486 incurre-

2263 2532 2407 2580 runt.
2441 2524 2568 2581 liaac
2613 2540 2737 2580 cum
2771 2525 2847 2581 ita
2899 2525 3034 2591 sint,
3063 2526 3196 2581 solis
3248 2522 3576 2580 Simoniaeis
3619 2521 3865 2593 pmfau

2262 2611 2485 2669 Patrum
2531 2615 2715 2686 regula
2763 2614 2818 2671 in
2873 2614 3021 2672 nullo
3070 2624 3294 2686 putatur
3341 2628 3464 2671 esse
3501 2613 3852 2675 necessaria.

2261 2706 2417 2776 quasi
2458 2705 2559 2777 ipsi
2611 2716 2707 2761 aut
2734 2722 2840 2764 non
2867 2707 3216 2777 computandi
3269 2707 3387 2762 sint
3429 2705 3708 2770 haeretici;
3755 2713 3857 2761 aut

2260 2804 2408 2851 certe
2432 2795 2721 2865 ejusmodi,
2750 2796 2947 2870 quibus
2974 2814 3002 2851 a
3039 2797 3309 2853 catholica
3345 2797 3419 2852 nil
3461 2797 3653 2868 gratia:
3688 2795 3841 2866 spiri-

2262 2888 2423 2944 tualis
2451 2890 2621 2959 possit
2648 2888 2904 2953 conferri,
2939 2899 3127 2959 utputa
3161 2890 3363 2960 quibus
3412 2886 3693 2958 plenitudo
3721 2902 3855 2940 san-

2259 2980 2331 3035 cti
2362 2979 2597 3051 Spiritus
2628 2979 2692 3036 ad
2730 2988 2936 3045 votum,
2982 2980 3098 3039 sive
3145 2980 3337 3052 gratis,
3371 2979 3488 3035 sive
3523 2994 3631 3033 non
3674 2980 3853 3050 gratis
3896 2982 3909 2994 '

2261 3086 2383 3127 eam
2417 3072 2601 3143 largiri
2634 3071 2818 3140 velint,
2845 3070 3136 3126 famulatur
3165 3071 3246 3127 vel
3271 3070 3612 3141 obsequitur.

2882 3162 3108 3220 CAPUT
3133 3162 3223 3218 IX.
3323 3171 3331 3177 '

2332 3252 2532 3309 Verum
2562 3254 2689 3325 quia
2715 3269 2745 3307 a
2769 3253 3053 3309 catholicis
3099 3252 3365 3309 adversus
3410 3251 3700 3327 bmreticos
3725 3251 3844 3307 cla-

2259 3356 2460 3411 matur,
2482 3362 2606 3403 eum
2633 3347 2848 3416 utrique
2896 3360 2958 3402 se
3011 3344 3371 3417 proﬁteantur
3414 3344 3735 3410 catholicos,
3788 3352 3846 3399 et

2258 3439 2549 3495 alterutros
2570 3438 2654 3494 vel
2681 3438 2911 3494 invicem
2935 3452 2996 3494 se
3027 3438 3211 3493 dicant
3239 3436 3549 3500 iuereticos,
3578 3434 3653 3490 ita
3682 3444 3762 3500 ut,
3786 3436 3844 3491 in

2258 3529 2421 3600 hujus
2444 3528 2679 3601 plagosm
2700 3527 2918 3601 Egypti
2950 3526 3310 3605 palpabilibus
3337 3526 3441 3581 hoc
3477 3532 3664 3580 nostro
3707 3533 3848 3580 tem-

2256 3632 2389 3688 pore
2421 3618 2676 3683 tenebris,
2709 3633 2818 3673 non
2861 3615 3018 3674 facile
3066 3614 3299 3690 perspici
3332 3616 3506 3687 possit
3534 3615 3658 3687 quis
3685 3614 3849 3685 cujus

2258 3709 2482 3781 spiritus
2526 3709 2617 3775 sit,
2669 3708 3052 3779 praetermissis
3108 3707 3363 3765 omnibus
3396 3706 3483 3763 bis
3537 3707 3605 3763 de
3642 3704 3849 3777 quibus

2258 3806 2742 3876 imprmsentiarum
2773 3804 3007 3862 dubitari
3047 3812 3249 3875 potest,
3284 3803 3540 3860 catholici
3573 3818 3641 3858 au
3673 3802 3849 3858 hete-

2258 3899 2349 3955 tici
2373 3897 2604 3954 habendi
2637 3899 2765 3964 sint,
2794 3896 2860 3953 ad
2895 3897 3031 3953 duos
3059 3902 3270 3951 tantum
3319 3911 3392 3951 ex
3442 3892 3841 3966 antiquissimis

2256 3998 2637 4060 retorqueatur
2660 3987 2851 4061 stylus,
2875 4003 3010 4058 quos
3031 3996 3213 4045 certos
3241 3995 3299 4042 et
3336 3984 3645 4042 ditiamatos
3666 3985 3845 4041 haere-

2256 4084 2411 4150 ticos,
2439 4091 2496 4139 et
2522 4098 2551 4137 a
2591 4080 2797 4138 sanctis
2824 4080 3080 4137 Patribus
3104 4078 3359 4137 cmicordi
3390 4078 3659 4135 sententia
3685 4077 3838 4134 dam-

2254 4184 2414 4229 natos
2436 4173 2507 4229 ab
2557 4172 2716 4228 initio
2770 4170 2940 4228 fuisse
2985 4170 3213 4242 ambigit
3259 4169 3461 4225 nullus.
3491 4168 3560 4224 Et
3597 4168 3834 4240 priorem

2254 4265 2470 4334 quidem
2519 4262 2694 4323 sancti
2725 4261 2974 4333 apostoli,
3006 4261 3237 4318 alterum
3267 4275 3402 4317 vero
3429 4259 3754 4318 detexerunt
3778 4265 3836 4313 et

2253 4356 2646 4411 damnaverunt
2663 4355 2809 4410 omni
2836 4355 3039 4411 mundo
3072 4356 3350 4411 reverendi
3376 4354 3570 4409 Patres
3600 4352 3835 4415 Nicena:

1753 4467 1783 4505 c
1823 4450 2053 4507 clericos
2083 4450 2149 4504 ad
2182 4465 2229 4524 ι)
2254 4445 2465 4517 synodi,
2498 4454 2553 4500 et
2581 4454 2702 4515 post
2738 4460 2831 4500 eos
2867 4454 3134 4516 quotquot
3153 4445 3307 4500 fuere
3349 4444 3433 4500 vel
3465 4453 3593 4499 sunt
3644 4442 3835 4498 catho-

2252 4535 2370 4592 licae
2421 4535 2569 4591 ﬁdei.
2603 4536 2854 4592 Decimus
2904 4547 3088 4592 autem
3136 4536 3410 4592 Simonem
3442 4535 3656 4607 Magum
3708 4547 3833 4589 cum

2251 4626 2362 4681 suis
2386 4625 2733 4692 Simoniauis,
2762 4634 2818 4681 et
2843 4625 3032 4681 Arium
3065 4624 3491 4681 Alexandrinum
3550 4623 3833 4694 presbyte-

2251 4732 2372 4771 rum
2426 4730 2548 4772 cum
2588 4718 2702 4773 suis
2751 4717 2972 4773 Arianis
3003 4734 3018 4772 :
3044 4732 3275 4788 quorum
3328 4716 3480 4786 prior
3524 4714 3770 4785 quamvis
3797 4728 3841 4766 a.

570 4819 672 4873 nus
700 4804 1097 4875 impositionem
1130 4820 1185 4866 et
1217 4813 1530 4871 chrismatis
1551 4814 1882 4869 .unctionctn
1937 4816 1990 4870 in
2043 4816 2147 4872 fide
2248 4808 2452 4864 sanctis
2482 4809 2734 4864 Palribus
2760 4818 3043 4879 repulelul‘
3091 4807 3265 4878 pejor.
3300 4819 3483 4862 tamen
3513 4804 3644 4876 quia
3672 4816 3827 4875 Pam

568 4894 994 4964 confirmantur;
1041 4899 1085 4954 si
1147 4900 1355 4969 clerici,
1405 4903 1757 4961 nihilominus
1809 4920 1907 4975 per
1951 4921 2146 4960 manus

570 4985 968 5030 imnnsiltimmm
992 5003 1317 5030 .nnrmnnnnl
1354 4995 1405 5030 in
1436 4995 1627 5030 nmlinn
1695 5012 1854 5030 nssom
1887 4998 2144 5030 Ιιαηιωη-ι-

2248 4900 2301 4955 in
2334 4902 2527 4956 haeresi
2566 4911 2822 4971 utrosque
2848 4915 2971 4958 esse
3004 4915 3167 4971 supra
3212 4902 3606 4966 concessimus,
3637 4905 3823 4954 contra

2251 4994 2405 5028 Γιιοίιο
2425 5002 2637 5028 εηιιιιιηι
2662 5002 2710 5028 nl
2741 5003 3068 5028 nnmnlnrom
3107 4990 3295 5028 nas-ﬁdi
3324 5000 3372 5026 nl
3401 4988 3625 5026 ιιι)δῖνῖσῖ
3654 4987 3824 5026 ςῖηιη.
