4124 5374
251 358 272 409 f
285 357 400 416 0'25

911 346 1282 409 ADVERSUS
1333 347 1744 406 SIMONIACOS
1793 347 1970 402 LIBRI
2009 345 2209 407 TBES.
2239 379 2305 386 —
2337 347 2535 404 LIBER
2569 348 2847 406 PRIMUS.

3377 352 3518 406 {0‘36

247 485 446 528 noster
472 469 844 525 contradictor
870 465 1197 521 auctoritate
1241 463 1416 518 sancti
1467 461 1657 518 lsidori
1703 475 1838 515 rect-
1867 467 1918 527 Α
1944 460 2394 517 incontinentiam
2423 463 2729 520 hominum.
2783 463 2919 519 Nam
2967 477 3257 521 secundam
3307 467 3525 536 quidem

247 563 486 634 piendos
510 575 631 618 esse
665 559 912 630 superius
949 556 1107 621 dixit,
1134 563 1189 610 et
1226 569 1346 617 nos,
1380 553 1562 624 petius
1603 550 1843 606 auctori-

248 664 373 711 tate
403 653 546 708 beati
580 665 731 721 papae
759 647 1052 704 Clementis
1075 645 1544 715 plurimorumqne
1568 655 1842 696 successo-

247 763 404 812 rum,
442 747 587 802 illius
615 741 871 814 capitula,
905 741 1020 796 haec
1050 739 1156 793 duo
1197 737 1314 793 sine
1362 734 1526 790 dubio
1566 733 1844 803 reperiun-

250 848 375 894 tur.

328 928 622 1002 (Can.47.)
641 947 659 980 ι
680 926 1004 996 EpiscOpum
1037 931 1129 977 aut
1160 921 1539 992 presbyterum
1563 917 1846 972 haeretico-

250 1038 383 1078 rum
432 1021 815 1092 suscipientem
858 1015 1127 1086 baptisma
1173 1013 1422 1068 damnari
1479 1010 1841 1079 pratcipimns.

250 1115 396 1183 Quae
451 1113 596 1168 enim
643 1109 933 1167 conventio
983 1107 1182 1162 Christi
1228 1105 1294 1158 ad
1341 1102 1536 1164 Belial,
1583 1110 1676 1155 aut
1726 1114 1846 1170 qua:

249 1219 392 1275 pars
419 1202 560 1258 ﬁdeli
584 1216 705 1256 cum
730 1197 970 1254 inﬁdeli?
994 1223 1010 1248 ι
1047 1194 1132 1267 (ιι
1157 1193 1283 1249 Cor.
1321 1208 1406 1259 γι,
1434 1192 1546 1261 ιδ.)

331 1293 597 1364 Sequitur
626 1291 856 1346 alterum
886 1287 1151 1358 ejusmodi
1183 1303 1198 1340 :

330 1383 494 1457 (Con.
523 1381 638 1453 48.)
673 1400 690 1432 ι
724 1379 1023 1449 Episcopus
1045 1385 1138 1432 aut
1164 1375 1466 1447 presbyter,
1497 1371 1542 1428 si
1573 1386 1719 1437 eum,
1752 1373 1843 1441 qui

251 1473 564 1534 secundum
595 1471 882 1527 veritatem
908 1469 1236 1540 baptismum
1286 1463 1560 1530 habuerit,
1616 1463 1847 1532 rebaptio

252 1581 395 1624 zare
425 1561 850 1637 pratsumpserit,
877 1568 972 1616 aut
1001 1560 1045 1614 si
1073 1558 1336 1631 pollutum
1368 1557 1438 1612 ab
1467 1553 1646 1625 impiis
1671 1554 1846 1608 haere-

252 1662 393 1718 ticis
418 1675 526 1715 non
554 1656 931 1729 baptizaverit,
971 1654 1272 1725 deponatur
1307 1660 1566 1721 tanquam
1591 1648 1845 1705 deridens

253 1765 481 1808 crucem
507 1749 740 1813 Domini,
771 1762 871 1801 nec
894 1759 1049 1801 veros
1075 1743 1386 1799 sacerdotes
1410 1755 1440 1795 a
1476 1739 1626 1795 falsis
1661 1751 1846 1793 sacer-

248 1841 480 1898 d0tibns
514 1839 735 1893 omnino
777 1835 1113 1892 discernens.
1151 1852 1170 1885 ι

332 1930 470 1998 Quae
529 1929 716 1998 utique
771 1925 978 1997 regula,
1032 1925 1159 1994 qu’a
1205 1921 1372 1978 multa
1425 1920 1506 1976 sui
1554 1918 1852 1976 subtilitate

249 2023 570 2082 oﬂ'endebat
607 2019 870 2092 plurimos
907 2025 962 2072 et
1007 2014 1430 2080 seandalizabat,
1471 2013 1540 2068 ab
1575 2010 1848 2082 apostolo-

258 2134 388 2172 rum
418 2114 824 2172 successoribus
863 2120 946 2166 est
976 2116 1209 2174 remota,
1259 2115 1315 2162 et
1353 2106 1586 2175 quodam
1644 2112 1851 2173 tempe-

255 2218 510 2264 ramento
532 2205 857 2270 eircumlita,
889 2213 948 2260 ut
977 2204 1269 2274 baptisma,
1301 2201 1353 2256 id
1383 2208 1468 2257 est
1495 2212 1650 2269 aqua:
1679 2196 1849 2251 intin-

249 2299 529 2365 ctionem,
573 2297 676 2353 sub
726 2296 1067 2351 invocatione
1125 2292 1406 2348 Trinitatis
1470 2290 1850 2362 permitterent

251 2405 384 2446 esse
410 2399 604 2454 ratam,
665 2386 1124 2455 decernerentque
1167 2383 1474 2438 nullomodo
1516 2380 1842 2446 iterandam,

253 2482 302 2536 si
347 2480 660 2536 constiterit
697 2479 751 2532 in
789 2477 1005 2533 nomine
1031 2476 1273 2546 ejusdem
1305 2482 1507 2529 sanctae
1565 2470 1849 2525 Trinitatis

253 2580 565 2641 peractam.
625 2569 742 2636 Quo
791 2577 941 2623 certe
991 2566 1338 2638 permittendi
1382 2565 1546 2619 verbo
1591 2577 1721 2618 usus
1769 2571 1850 2617 cst

252 2673 316 2718 ct
377 2660 719 2717 beatissimus
747 2659 876 2721 Leo,
925 2675 943 2709 ι
1005 2659 1380 2712 haereticorum
1429 2655 1718 2724 baptisma,
1771 2652 1852 2706 ia-

254 2755 486 2824 quiens,
517 2761 693 2807 ratum
716 2766 837 2806 esse
864 2749 1246 2820 permittimus.
1290 2767 1309 2800 ›
1358 2746 1464 2802 Sed
1502 2755 1557 2800 et
1585 2746 1852 2814 gloriosus

258 2850 477 2913 martyr
523 2851 579 2898 et
618 2841 860 2912 pontifex
889 2839 1191 2910 Cyprianus
1225 2838 1353 2908 quid
1380 2838 1446 2893 de
1473 2837 1851 2891 hmreticorum

256 2930 597 3000 baptismate
662 2929 912 2995 senserit,
950 2943 1020 2984 ex
1067 2927 1296 2983 concilio
1351 2927 1519 2997 ipsius
1573 2925 1854 2981 evidenter

255 3019 522 3092 cognosci
552 3021 769 3090 poterit.
800 3020 1000 3074 Eadem
1023 3018 1168 3074 enim
1197 3025 1384 3072 contra
1411 3016 1543 3072 illud
1589 3031 1712 3071 cum
1743 3015 1854 3071 suis

261 3112 612 3183 coepiscopis
638 3112 820 3166 sanxit
849 3110 996 3182 quod
1022 3119 1077 3165 et
1105 3109 1315 3179 prtefati
1365 3124 1599 3166 canones
1639 3118 1855 3179 aposto-

259 3201 375 3257 lici.
411 3202 517 3257 Sed
545 3199 822 3272 praevaluit
851 3201 1118 3272 posterior
1139 3200 1344 3270 regula,
1392 3199 1520 3270 quia
1569 3209 1626 3254 et
1673 3200 1854 3270 plures

261 3291 578 3359 revocabat,
601 3303 657 3348 et
684 3290 1103 3362 disceptationes
1144 3291 1484 3360 sequentium
1517 3290 1850 3356 removebat,

261 3391 318 3440 et
368 3383 572 3440 indocti
633 3383 776 3455 vulgi
826 3384 1234 3440 animositatem
1285 3383 1633 3453 reprimebat.
1684 3382 1856 3438 Porro

257 3478 408 3548 quod
429 3477 784 3548 permittitur,
803 3475 1051 3546 quamvis
1077 3476 1147 3530 sit
1167 3475 1396 3542 licitum,
1423 3490 1528 3529 non
1560 3483 1740 3530 tamen
1769 3490 1858 3529 us-

261 3582 592 3640 quequaque
634 3576 887 3625 censetur
931 3568 1156 3634 bonum,
1198 3568 1340 3623 sicut
1385 3568 1577 3622 beatus
1620 3566 1857 3622 Joannes

260 3659 710 3732 Chrysostomus,
738 3660 806 3716 de
840 3660 1001 3731 hujus
1029 3660 1183 3714 verbi
1234 3660 1570 3729 proprietate
1598 3659 1653 3715 in
1691 3675 1858 3726 expo-

260 3751 462 3808 sitione
491 3767 656 3822 super
681 3752 989 3820 Matthzeum
1014 3752 1176 3816 latius
1200 3752 1493 3821 disserens,
1517 3752 1588 3806 ait
1614 3769 1627 3805 :
1651 3770 1681 3803 ·‹
1716 3751 1858 3807 Vidit

264 3841 454 3913 itaque
485 3841 698 3900 Judmos
726 3844 936 3915 Moyses
960 3853 1183 3914 propter
1220 3843 1639 3899 delectationem
1667 3859 1858 3898 carna-

262 3932 367 3988 lem
423 3936 571 3990 circa
621 3935 796 3989 studia
849 3935 1237 3990 sacriﬁciormn
1282 3950 1402 3990 esse
1443 3935 1672 4013 deditos,
1718 3943 1772 3990 et
1811 3935 1854 3990 si

266 4025 581 4081 mandasset
604 4027 682 4082 eis
710 4027 964 4082 recedere
992 4043 1020 4080 a
1065 4027 1365 4092 sacriﬁciis,
1394 4041 1499 4081 non
1536 4027 1716 4081 fuerat
1763 4042 1856 4079 au-

267 4115 516 4181 diendus,
547 4119 672 4187 quia
703 4132 906 4172 annosa
952 4118 1132 4187 passio
1179 4117 1576 4172 medicamento
1605 4131 1854 4172 momen-

269 4213 428 4263 taueo
457 4223 564 4262 non
591 4216 841 4273 curatur;
890 4206 1054 4276 jussit
1111 4207 1194 4261 eis
1251 4207 1562 4263 sacriﬁcare
1617 4207 1854 4276 quidem,

267 4301 362 4354 sed
391 4316 498 4354 non
517 4298 630 4368 jam
659 4299 1014 4364 daemonibus,
1058 4297 1200 4353 sicut
1229 4299 1283 4352 in
1313 4297 1571 4370 Egypto,
1620 4297 1714 4354 sed
1748 4297 1857 4352 Deo

266 4387 411 4446 vivo.
446 4391 736 4446 Dimidium
770 4389 896 4444 mali
939 4389 1210 4460 permisit,
1259 4405 1330 4445 ne
1381 4399 1552 4445 totum
1606 4390 1858 4461 perderet

269 4479 491 4538 bunum.
528 4483 637 4538 Hac
667 4483 874 4536 ratione
916 4481 1159 4549 permisit
1190 4481 1294 4536 illis
1321 4483 1482 4536 etiam
1535 4483 1666 4537 dare
1701 4480 1856 4536 libel-
1886 4499 1933 4558 ι)

272 4569 381 4626 lum
408 4573 786 4643 repudii,quia
821 4571 1301 4643 meliusjudicavit
1346 4573 1694 4642 permittente
1739 4571 1856 4644 lege

275 4661 597 4716 matrimonii
623 4662 756 4718 solvi
789 4677 950 4731 quam
978 4663 1102 4716 odio
1130 4662 1479 4733 compellente
1506 4663 1856 4718 homicidium

277 4750 410 4803 ﬁeri.
439 4751 687 4808 Permisit
713 4753 792 4808 eis
815 4753 1013 4807 malum
1040 4752 1236 4816 facere,
1269 4768 1335 4806 ne
1365 4751 1609 4808 facerent
1647 4753 1853 4822 pejora.

279 4840 416 4911 Ergo
445 4842 545 4898 hoc
575 4845 951 4912 permittendo,
982 4859 1085 4899 non
1116 4845 1195 4900 eis
1215 4844 1309 4898 Dei
1332 4845 1598 4914 justitiam
1629 4846 1854 4900 demou-

274 4934 488 5001 stravit,
513 4935 606 4991 sed
648 4949 768 4992 cum
798 4944 1025 5006 peccato
1062 4934 1287 4990 abstulit
1322 4935 1535 5006 culpam
1579 4937 1854 5004 peccandi,

276 5031 356 5086 ut,
382 5024 538 5093 quasi
565 5026 860 5082 secundum
887 5026 1057 5094 legem
1087 5023 1394 5096 agentibus,
1443 5025 1523 5080 eis
1571 5035 1855 5094 peccatum

277 5124 433 5167 suum
462 5129 568 5172 nou
607 5115 856 5170 videatur
881 5127 1000 5168 esse
1026 5122 1336 5183 peccatum,
1361 5123 1421 5168 ut
1454 5123 1584 5185 puta
1639 5114 1685 5168 si
1733 5115 1857 5186 quis

281 5201 376 5224 l‘.-L
393 5212 432 5232 Χο

533 5223 680 5232 κυιο---
715 5206 802 5232 ιιι-ζ
843 5203 1053 5232 ἰι-ιη...-
1092 5214 1138 5232 Α.
1201 5202 1432 5232 ζηΛι-υιζκο
1476 5220 1532 5232 ΑΛ
1605 5205 1822 5232 Λ.ιηοξ.ΙΑ

1946 555 2191 624 accipere
2229 557 2525 611 secundum
2554 568 2879 629 pra-ceptum
2905 560 3146 630 Apostoli
3178 561 3382 614 licitum
3411 571 3525 626 est;

1944 648 2239 702 secundum
2273 655 2454 702 autem
2488 649 2733 702 veritatis
2758 653 3040 714 rationem,
3067 666 3194 706 vere
3237 652 3526 708 loruicatio

1943 747 2046 794 est.
2093 740 2222 805 Sed,
2261 755 2382 795 cum
2440 741 2785 809 permittente
2820 743 2929 799 Deo
2958 745 3171 814 publice
3217 754 3272 799 et
3304 745 3530 804 licenter

1945 832 2323 896 committitur,
2356 831 2418 886 ﬁt
2450 835 2672 886 honesta
2703 834 3008 899 t'ornicatio,
3055 846 3340 906 propterea
3391 841 3528 894 bene

1945 921 2081 976 dixit
2108 921 2386 986 Dominus,
2418 924 2543 992 quia
2576 923 2784 994 Moyses
2814 926 2913 979 hoc
2947 928 3214 996 permisit,
3250 945 3357 983 non
3387 945 3529 998 prm-

1945 1014 2106 1083 cepit.
2153 1013 2310 1067 Aliud
2340 1026 2422 1069 est
2454 1015 2596 1069 enim
2630 1016 2945 1086 praecipere,
3000 1019 3143 1071 aliud
3196 1021 3527 1088 permittere.

1946 1103 2098 1171 Quod
2125 1119 2267 1159 enim
2299 1107 2649 1176 praecipimus
2685 1108 2937 1164 volumus
2968 1128 2978 1162 :
3015 1111 3158 1178 quod
3190 1121 3369 1164 autem
3401 1127 3528 1182 per-

1947 1195 2214 1251 mittimus
2239 1197 2492 1274 uolentes.
2511 1199 2874 1264 nrarcinimns,
2899 1203 3023 1270 quia
3057 1201 3225 1256 malas
3249 1203 3528 1257 hom.num

1946 1286 2250 1342 voluntates
2297 1288 2362 1341 ad
2404 1288 2616 1356 plenum
2667 1290 2954 1358 prohibere
2995 1307 3100 1345 non
3151 1307 3454 1362 possumus.
3507 1314 3526 1344 ι

1949 1375 2062 1432 lluc
2089 1395 2259 1449 usque
2289 1379 2727 1451 Chrysostomus.
2774 1381 2938 1452 Cujus
2967 1383 3166 1453 egregii
3195 1384 3295 1437 viri
3343 1382 3532 1442 clﬁcax

1947 1465 2218 1538 allegatio,
2270 1485 2392 1524 cum
2424 1469 2673 1539 plurimis
2726 1481 2781 1525 et
2829 1472 3084 1526 maximis
3134 1474 3450 1532 auctoribus
3476 1484 3532 1530 et

1949 1556 2276 1621 doctoribus,
2309 1568 2413 1612 tam
2438 1560 2603 1614 etiam
2627 1561 2726 1615 hoc
2748 1561 2858 1630 jam
2887 1563 3014 1618 trito
3040 1567 3327 1634 proverbio
3349 1562 3534 1626 suﬂ‘ule

1947 1647 2093 1703 citur
2119 1667 2132 1704 :
2161 1649 2437 1705 Permittit
2464 1653 2604 1707 Deus
2636 1652 2749 1708 ﬁeri
2781 1655 2925 1724 quod
2954 1669 3061 1711 non
3087 1656 3220 1710 vult.

2569 1785 2793 1842 CAPUT
2833 1786 2899 1842 X.

2024 1898 2219 1953 Verum
2278 1899 2330 1953 in
2384 1901 2839 1969 subsequentibus
2896 1902 3202 1958 evidentius
3251 1904 3536 1974 apparebit

1951 2000 2164 2061 quantae
2204 1991 2630 2062 imperfectionis
2678 1993 3052 2048 haereticorum
3101 1994 3397 2064 baptismus
3444 1995 3535 2051 sit.

1950 2082 2147 2140 Beatus
2167 2100 2302 2154 papa
2326 2085 2572 2156 Syricius
2595 2087 2766 2156 (epist.
2794 2085 2846 2158 1)
2870 2085 3264 2142 Tarraconensi
3286 2089 3538 2159 episcopo

1952 2173 2243 2244 inquirenti
2296 2176 2373 2230 sic
2428 2190 2590 2245 supr
2640 2176 2908 2245 baptismo
2950 2176 3245 2246 respondit.
3302 2196 3320 2226 ε
3355 2176 3536 2242 Prima

1949 2267 2159 2336 pagina:
2215 2275 2320 2320 ture
2373 2264 2553 2319 fronte
2606 2265 2831 2336 signain
2885 2265 3189 2336 baptizatos
3241 2266 3310 2322 ab
3359 2266 3540 2338 impiis

1949 2356 2166 2411 Arianis
2204 2357 2464 2426 plurimos
2496 2356 2563 2410 ad
2605 2356 2764 2411 ﬁdem
2797 2358 3121 2413 catholicam
3162 2356 3447 2425 festinare,
3483 2368 3541 2413 et

1950 2447 2208 2516 quosdam
2251 2447 2320 2501 de
2361 2446 2616 2501 fratribus
2652 2447 2853 2501 nostris
2897 2447 3112 2501 eosdem
3155 2448 3330 2502 denuo
3364 2447 3539 2518 bapti-

1952 2554 2077 2592 zare
2109 2538 2271 2604 velle,
2303 2539 2444 2608 quod
2475 2554 2580 2592 non
2613 2538 2737 2593 licet
2796 2553 2918 2592 cum
2953 2539 3055 2592 hoc
3089 2538 3203 2593 ﬁeri
3232 2549 3284 2594 et
3312 2538 3541 2610 Aposto-

1953 2627 2035 2681 lus
2065 2636 2209 2682 vetet
2235 2637 2289 2681 et
2319 2643 2556 2682 canones
2582 2627 2985 2694 contradicunt,
3014 2637 3088 2692 et,
3116 2637 3238 2697 post
3265 2639 3538 2683 cessatum

1953 2717 2318 2772 Ariminiense
2349 2719 2658 2783 concilium,
2692 2719 2854 2774 missa
2886 2721 2951 2772 ad
2981 2721 3287 2790 provincias
3317 2736 3344 2772 a
3377 2735 3538 2776 vene-

1954 2809 2138 2862 randae
2164 2809 2436 2862 memoriae
2457 2809 2858 2876 przcdcccssorc
2884 2825 3005 2864 meo
3027 2808 3242 2864 Libeno
3268 2811 3538 2881 generalia

1955 2901 2168 2955 decreta
2189 2899 2528 2970 prohibeant.
2552 2900 2698 2967 Quos
2720 2915 2818 2954 nos
2837 2915 2958 2955 cum
2982 2899 3293 2968 Novatianis
3311 2901 3548 2970 aliisque

1954 2990 2226 3045 haereticis
2250 3030 2265 3054 ,
2306 2992 2447 3044 sicut
2487 2999 2570 3044 est
2607 2990 2658 3043 in
2699 2991 2964 3061 synodum
3011 3000 3366 3046 consttutum
3393 3032 3410 3058 ,
3446 3007 3543 3061 per

1954 3081 2349 3136 invocationem
2377 3081 2545 3136 solam
2575 3080 2907 3150 septiformis
2939 3080 3194 3152 Spiritus,
3224 3083 3544 3153 epismpalis

1957 3189 2151 3229 manus
2199 3173 2544 3244 impositione
2589 3173 2979 3229 catholicorum
3029 3175 3316 3230 conventui
3365 3176 3535 3229 socia«

1957 3281 2097 3320 mus.
2126 3264 2277 3332 Quod
2301 3265 2466 3320 etiam
2497 3274 2642 3320 totus
2668 3263 2864 3320 Oriens
2889 3264 3263 3336 Occidensque
3286 3267 3538 3321 custodit.

1955 3356 2000 3411 A
2025 3371 2132 3426 quo
2165 3357 2378 3412 tramite
2417 3372 2512 3412 vos
2537 3372 2752 3426 quoque
2779 3358 3007 3428 posthac
3039 3357 3258 3413 minime
3291 3359 3544 3414 convenit

1956 3446 2196 3513 deviare,
2225 3448 2270 3504 si
2299 3464 2404 3502 non
2437 3448 2595 3503 vultis
2620 3463 2649 3501 a
2682 3459 2865 3503 nostro
2895 3449 3121 3520 collegio
3149 3450 3388 3520 synodali
3419 3465 3543 3506 rn-

1958 3540 2124 3594 tentia
2165 3539 2428 3610 separari.
2460 3557 2479 3590 »
2519 3538 2576 3592 in
2604 3553 2712 3608 quo
2745 3538 2980 3608 denique
3019 3540 3275 3594 decretali
3306 3541 3544 3611 capitulo

1958 3635 2144 3697 aperte
2168 3628 2412 3684 innuitur
2437 3643 2542 3684 non
2574 3627 2919 3694 uuiformem,
2950 3628 3042 3684 sed
3069 3627 3355 3685 biformem
3385 3644 3546 3699 regn-
3593 3615 3601 3626 ’

1957 3720 2062 3788 lam
2108 3737 2272 3790 super
2323 3723 2724 3791 susceptionem
2777 3722 3109 3791 venientium
3159 3722 3228 3788 ab
3274 3721 3546 3777 haereticis

1958 3813 2251 3870 catholicos
2285 3829 2316 3867 a
2360 3823 2601 3884 tempore
2639 3813 3005 3883 apostolorum
3054 3826 3226 3883 usque
3269 3811 3542 3870 Liberium

1956 3922 2150 3978 papam
2188 3907 2504 3971 retinuisse,
2541 3908 2898 3974 eamdemque
2945 3914 3065 3976 post
3106 3912 3379 3959 cassatum
3413 3901 3552 3959 Arn

1959 3999 2200 4053 mincuse
2228 3997 2513 4052 concilium
2548 3996 2782 4066 generali
2833 3998 3052 4050 decreto
3081 3993 3334 4064 primitus
3360 3993 3548 4065 prcbi—

1957 4087 2138 4142 buisse
2167 4102 2234 4142 ne
2265 4088 2333 4141 ab
2360 4086 2578 4140 Arianis
2609 4085 2865 4154 baptizati
2898 4085 3368 4154 rebaptizarentnr
3393 4098 3425 4137 a
3453 4098 3544 4136 ea-

1961 4177 2212 4242 tliolicis,
2261 4177 2355 4231 sed
2404 4192 2499 4245 per
2545 4175 2865 4245 episeopalis
2911 4174 3543 4246 manusjimpositionem

1959 4267 2346 4322 catholicorum
2401 4265 2689 4320 conventui
2744 4266 3119 4330 sociarentur,
3177 4265 3271 4319 sed
3329 4259 3547 4335 quantae

1958 4358 2385 4430 imperfectionis
2428 4357 2479 4411 in
2524 4357 2794 4412 catholica
2831 4358 3129 4426 habeantur
3167 4358 3236 4412 ab
3275 4356 3548 4414 hmreticis

1960 4454 2241 4526 baptizati,
2270 4453 2618 4518 beatissimus
2652 4469 2785 4524 papa
2817 4454 3160 4510 Innocentius
3188 4455 3395 4525 prolata
3425 4471 3549 4510 san-

1958 4558 2058 4603 cta:
2089 4547 2345 4603 Romana:
2375 4545 2633 4601 Ecclesia:
2661 4547 2900 4616 antiqua,
2931 4557 2986 4602 et
3011 4547 3320 4602 authentica
3353 4547 3536 4619 regula

1958 4639 2160 4709 liquido
2188 4639 2425 4694 ostendit
2454 4639 2638 4700 dicens
2663 4655 2675 4692 :

2029 4755 2226 4827 (laaoc.
2257 4755 2405 4823 epist.
2441 4753 2530 4820 29.,
2565 4770 2620 4808 n.
2653 4753 2733 4824 4.)
2770 4771 2788 4805 σ
2821 4752 3029 4808 Nostrae
3058 4753 3141 4808 lex
3180 4761 3262 4807 est
3291 4751 3548 4808 Ecclesiae

1958 4846 2294 4903 venientibus
2338 4847 2407 4900 ab
2449 4845 2717 4900 haereticis
2764 4846 2855 4915 qui
2903 4856 3081 4900 tamen
3136 4843 3245 4899 illic
3289 4844 3550 4913 baptizati

1959 4945 2112 5002 sunt,
2155 4949 2252 5006 per
2289 4950 2480 4989 manus
2523 4935 2920 5005 impositionem
2966 4936 3159 4989 laicam
3202 4925 3410 4988 tantum
3453 4936 3553 4991 tri-

1957 5027 2126 5083 buere
2157 5026 2626 5090 communionem,
2674 5041 2773 5080 nec
2801 5040 2865 5080 ex
2907 5025 2992 5080 his
3021 5025 3256 5093 aliquam
3299 5023 3354 5078 in
3389 5023 3556 5083 cleri-

1958 5128 2112 5175 catus
2161 5118 2422 5171 honorem
2467 5115 2553 5171 vel
2603 5117 2856 5186 cxigunm
2899 5115 3216 5185 subrogare.
3251 5134 3271 5169 ι
3321 5114 3404 5172 Ex
3451 5134 3560 5191 qua

1960 5209 2138 5232 ..ο-.-.1-
2201 5214 2342 5232 “4“...
2394 5205 2519 5232 ηυξ]
2569 5205 2740 5232 anu-nl:
2797 5205 2984 5232 nni-na-
3037 5207 3099 5232 ,³⁸

3154 5204 3441 5232 I.--s!--o2-
3495 5227 3512 5232 -
3528 5211 3553 5232 ι
