4124 5374
531 327 671 385 1027

530 428 704 500 tutum
746 455 908 515 super
955 441 1059 499 hoc
1098 452 1276 497 oeuuo
1317 438 1410 495 hic
1454 428 1696 495 adserere
1739 437 1965 495 minime
2016 449 2114 493 nos
2140 435 2193 496 Α

570 533 726 588 iuuit.

787 620 937 690 epist.
975 617 1100 682 {99,
1128 617 1197 672 ad
1242 617 1504 684 Nicetam,
1535 632 1657 688 cap.
1696 617 1776 690 7δ)
1815 636 1833 668 ί
1872 614 1935 670 Hi
1964 657 1978 681 θ
2023 614 2116 686 qui

529 714 858 783 baptismum
902 709 970 765 ab
1007 710 1280 764 haereticis
1322 717 1645 778 acceperunt
1689 724 1811 764 cum
1862 708 2115 778 haptizati

531 811 657 857 ante
693 816 796 855 non
837 799 1098 865 fuissent,
1142 797 1255 854 sola
1301 799 1472 853 sancti
1505 798 1740 868 Spiritus
1779 799 2117 853 invocatione

536 909 633 962 per
668 891 1067 963 impositionem
1108 905 1366 944 manuum
1409 889 1761 944 conﬁrmandi
1799 897 1952 955 sunt,
1990 889 2117 958 quia

539 985 767 1037 formam
797 988 1004 1035 tantum
1034 979 1283 1050 baptismi
1309 979 1427 1034 sine
1453 978 1898 1034 sanctiﬁcationis
1918 978 2119 1034 virtute

536 1081 904 1143 sumpserunt.
936 1071 1005 1127 Et
1032 1072 1171 1126 hane
1204 1071 1441 1142 regulam
1461 1111 1477 1136 ,
1504 1080 1565 1125 ut
1591 1070 1763 1135 scitis,
1795 1071 2115 1135 servandam

448 1196 463 1211 ο
537 1166 589 1219 in
629 1164 883 1221 omnibus
918 1163 1174 1219 Ecclesiis
1208 1162 1594 1233 praedicamus,
1631 1161 1906 1216 lavacrum
1951 1163 2118 1217 semel

538 1255 732 1314 initum
768 1252 909 1309 nulla
957 1252 1245 1308 iteratione
1279 1250 1530 1317 violetur,
1567 1252 1777 1306 dicente
1814 1250 2070 1321 Apostolo
2100 1267 2113 1305 :

542 1365 562 1408 ς
587 1345 735 1401 Unus
749 1345 1026 1411 Deus,una
1044 1343 1200 1408 ﬁdes,
1215 1358 1378 1398 unum
1400 1343 1662 1412 baptisma
1678 1339 1893 1414 (Ep/tes.
1912 1357 1986 1407 tv,
2001 1342 2115 1413 5).»

536 1434 702 1504 Cujus
725 1434 930 1491 ablutio
960 1434 1106 1490 nulla
1136 1433 1422 1490 iteratione
1461 1433 1770 1488 temeranda
1795 1442 1902 1495 est,
1940 1433 2034 1489 sed
2060 1441 2120 1488 ut

537 1529 791 1594 diximus,
821 1525 935 1584 sola
966 1526 1325 1583 sanctiﬁcatio
1351 1527 1524 1582 sancti
1557 1525 1792 1596 Spiritus
1822 1526 2117 1582 invocanda

540 1631 647 1685 est,
677 1628 737 1674 ut
759 1618 903 1689 quod
930 1619 1000 1674 ab
1028 1617 1303 1674 haereticis
1332 1632 1491 1673 nemo
1518 1618 1742 1688 accipit,
1771 1633 1801 1672 a
1837 1617 2119 1673 catholicis

539 1710 914 1766 sacerdotibus
944 1719 1328 1781 consequatur.
1349 1730 1367 1762 ι
1397 1710 1550 1767 Unde
1579 1726 1738 1779 supra
1768 1710 1906 1765 idem
1930 1709 2121 1764 doctor

539 1802 694 1874 (LEO,
714 1784 912 1875 ι»ρὶδὶεὲ
939 1801 1008 1855 ad
1026 1800 1249 1865 Rustic.,
1279 1816 1396 1872 cap.
1428 1800 1545 1870 18):
1585 1819 1604 1851 «
1637 1801 1772 1856 Sunt
1800 1802 1889 1871 qui
1923 1815 2027 1855 non
2058 1815 2119 1855 se

538 1889 840 1962 baptizatos
880 1892 1160 1958 nesciunt,
1198 1891 1290 1947 sed
1323 1890 1476 1960 cujus
1513 1891 1634 1947 ﬁdei
1669 1891 1869 1947 fuerint
1907 1892 1997 1962 qui
2028 1906 2121 1947 eos

539 1986 950 2054 haptizaverunt
979 2000 1036 2040 se
1072 1986 1284 2041 nescire
1315 1987 1658 2055 proﬁtentur,
1687 1987 1830 2041 unde
1866 1985 2120 2057 qttoniam

539 2075 779 2144 quolibet
808 2075 967 2130 modo
998 2071 1228 2129 formam
1260 2075 1601 2145 baptismatis
1630 2083 1954 2145 acceperunt
1977 2116 1990 2137 ,
2025 2075 2123 2130 ba-

538 2165 778 2234 ptizandi
807 2179 910 2220 non
941 2174 1094 2227 sunt,
1128 2166 1220 2218 sed
1261 2180 1358 2234 per
1386 2181 1577 2220 manus
1616 2166 2009 2236 imposilionem
2042 2167 2123 2221 in-

538 2263 730 2311 vocata
774 2254 973 2310 virtute
1015 2255 1251 2325 Spiritus
1289 2256 1505 2320 sancti,
1551 2270 1710 2324 quam
1746 2256 1815 2311 ab
1854 2255 2124 2311 haereticis

544 2348 794 2419 accipere
821 2363 925 2402 non
954 2357 1264 2419 potuerunt,
1298 2348 1582 2405 catholicis
1610 2348 1895 2419 copulandi
1922 2356 2066 2404 sunt.
2098 2368 2117 2401 ι

545 2439 742 2495 Beatus
771 2455 985 2511 quoque
1011 2440 1275 2496 Eusebius
1305 2440 1519 2511 (Eusea.
1555 2440 1703 2510 epist.
1736 2439 1810 2510 l),
1840 2449 1963 2495 ante
1992 2439 2122 2494 Mel-

543 2530 789 2587 chiadem
813 2540 868 2587 et
899 2530 1239 2603 Sylvestrum
1280 2530 1576 2586 Romanam
1608 2529 1901 2585 Ecclesiam
1938 2529 2127 2599 guber-

540 2637 710 2688 nans,
751 2622 817 2677 de
854 2622 1213 2692 suscipiendis
1259 2620 1526 2677 haereticis
1561 2622 1634 2675 ita
1671 2620 1976 2676 Gallicanos
2012 2621 2126 2690 epi-

548 2728 739 2784 scopos
782 2713 1076 2769 instruxit:
1114 2731 1133 2765 ς
1172 2713 1325 2780 Quod
1366 2712 1710 2782 signiﬁcastis
1742 2712 1869 2783 quid
1905 2711 1971 2767 de
1999 2727 2126 2767 con-

542 2803 718 2858 versis
758 2802 1032 2858 haereticis
1062 2802 1181 2858 ﬁeri
1213 2802 1504 2869 debuisset,
1536 2803 1731 2857 scitote
1776 2816 1875 2858 nos
1916 2816 2009 2857 eos
2034 2801 2125 2873 qui

542 2892 599 2950 in
628 2904 829 2950 sancta:
868 2894 1148 2949 Trinitatis
1184 2894 1289 2949 ﬁde
1326 2892 1585 2964 baptizati
1616 2902 1741 2949 sunt
1775 2908 1870 2963 per
1907 2892 2127 2963 imposi-

546 2988 748 3043 tionem
780 3002 972 3043 manus
1001 2986 1295 3056 suscipere.
1331 3003 1350 3036 ι
1386 2984 1540 3050 Item,
1581 2984 1724 3039 unde
1757 2998 1941 3053 supra,
1970 2981 2127 3038 Cam-

541 3080 718 3152 paniae
752 3087 806 3134 et
840 3078 1050 3134 Tusciae
1093 3076 1362 3148 episcopis
1389 3076 1582 3148 (Epist.
1633 3075 1688 3148 5)
1719 3094 1731 3129 :
1768 3094 1788 3126 ι
1835 3073 2124 3129 Haereticos

544 3182 754 3231 omnes,
786 3167 1096 3238 quicunque
1131 3167 1197 3221 ad
1233 3166 1459 3234 gratiam
1492 3164 1584 3221 Dei
1623 3170 2029 3230 convertuntur,
2072 3170 2127 3218 et

546 3258 602 3312 iu
624 3265 826 3313 sanetae
850 3255 1131 3312 Trinitatis
1152 3256 1371 3311 nomine
1393 3255 1674 3311 credentes
1696 3253 1952 3324 baptizati
1978 3262 2126 3320 sunt,

546 3346 809 3406 Romana:
836 3348 1087 3404 Ecclesiae
1114 3356 1357 3404 tenentes
1384 3346 1623 3418 regulam
1642 3386 1656 3411 ,
1687 3361 1785 3417 per
1808 3360 2001 3401 manus
2028 3345 2128 3399 im-

544 3429 871 3510 positionem
910 3438 1248 3505 reconciliari
1285 3437 1644 3508 praecipimus.
1682 3454 1701 3487 ι
1737 3434 1925 3490 Manus
1958 3435 2129 3505 impo-

480 3584 498 3606 ,
545 3529 763 3586 sitionis
795 3538 1188 3585 sacramentum
1224 3542 1416 3599 magna
1455 3525 1803 3581 veneratione
1843 3524 2127 3580 tenendum

549 3631 655 3679 est.
686 3621 818 3690 Quae
845 3622 913 3679 ah
947 3622 1068 3677 aliis
1098 3620 1282 3693 perﬁci
1322 3635 1427 3675 non
1463 3627 1674 3690 potest,
1706 3618 1808 3673 nisi
1847 3634 1876 3673 a
1905 3617 2129 3673 summis

549 3712 945 3777 sacerdotibus,
968 3727 1067 3767 nec
1091 3719 1331 3782 tempore
1353 3709 1716 3781 apostolorum
1739 3710 1806 3764 ab
1826 3709 1945 3765 aliis
1967 3723 2129 3779 quam

548 3803 621 3860 ah
670 3805 802 3875 ipsis
839 3804 1096 3876 apostolis
1137 3803 1335 3875 legitur
1371 3812 1466 3857 aut
1508 3803 1679 3857 scitur
1714 3813 1932 3872 peracta
1976 3815 2126 3865 esse,

544 3908 728 3967 neque
752 3894 822 3950 ab
850 3895 999 3961 aliis,
1031 3894 1170 3950 sicut
1191 3895 1306 3967 jam
1340 3894 1543 3949 dictum
1572 3900 1655 3948 est
1675 3933 1692 3956 ,
1724 3908 1885 3963 quam
1912 3893 1980 3947 ab
2026 3891 2131 3947 illis

542 3988 645 4059 ‘qui
677 4002 864 4044 eorum
894 3986 1071 4043 loequ
1097 3994 1304 4053 tenent,
1330 4001 1566 4056 unquam
1593 3984 1777 4056 perlici
1808 3991 2012 4055 potest,
2038 3993 2131 4039 aut

548 4080 674 4136 ﬁeri
706 4080 887 4137 debet.
917 4078 1052 4136 Nam
1091 4080 1137 4136 si
1167 4080 1325 4135 aliter
1352 4088 1736 4150 praesumptum
1776 4076 1938 4133 fuerit
1962 4117 1977 4142 ,
2010 4076 2134 4130 irri-

552 4184 671 4225 tum
715 4170 1001 4239 habeatur,
1042 4180 1098 4227 et
1134 4185 1364 4227 vacuum
1389 4211 1402 4234 ,
1451 4184 1549 4225 nec
1588 4169 1730 4223 inter
1767 4165 2130 4223 ecclesiastica

544 4264 793 4334 'unquam
839 4262 1178 4333 reputabitur
1215 4270 1575 4317 sacramenta.
1622 4260 1773 4315 Unde
1820 4274 2013 4329 supra,
2064 4272 2132 4312 ex

558 4352 788 4411 concilio
825 4353 1125 4409 Arelatensi
1164 4351 1318 4422 cujus
1355 4363 1544 4407 auctor
1577 4352 1636 4407 Β.
1683 4366 1818 4422 papa
1858 4350 2134 4422 Sylvester

1653 307 2008 380 IIUMBERTI
2051 319 2108 377 S.
2152 317 2216 374 R.
2257 316 2322 374 Ε.
2363 311 2772 374 CARDINALIS
2858 306 2859 309 “

3651 312 3796 377 1028

2812 425 3047 484 CAPUT
3094 427 3181 484 XI.
3610 430 3633 437 ⁸

2287 519 2553 577 Praeterea
2576 516 2837 587 hinc,jam
2851 518 3075 589 prolatis
3098 518 3220 575 aliis
3242 528 3551 577 sanctorum
3572 520 3795 579 Patrum

2216 611 2447 683 regulis,
2496 622 2800 666 monstrare
2852 610 3216 666 laborabimus
3262 612 3449 684 quanti
3492 615 3798 673 aestimave-

2218 704 2347 769 rint,
2378 703 2492 760 imo
2513 702 2849 759 decreverint
2875 701 3156 757 haereticos
3179 701 3453 760 habendos
3479 692 3800 774 inqualihet

2217 796 2432 852 actione
2458 811 2554 852 sua
2587 795 2668 849 vel
2701 796 3131 862 conversatione,
3161 812 3295 867 quos
3324 796 3534 870 pejores
3569 800 3800 871 paganis

2217 887 2497 944 etJudaais
2531 887 2873 957 judicavere,
2917 888 3055 943 sicut
3083 903 3151 944 ex
3181 888 3244 944 B.
3287 888 3510 947 Joannis
3554 892 3792 964 Chryso-

2218 979 2396 1041 stomi,
2423 993 2586 1049 super
2611 978 2917 1033 Matthaeum
2940 965 3293 1050 expositione,
3318 979 3579 1037 docemur
3597 982 3799 1039 clarin

2220 1070 2358 1126 luce.
2404 1071 2494 1127 Ait
2533 1073 2675 1127 enim
2704 1055 2739 1126 ἐ
2796 1091 2814 1122 ι
2849 1071 2962 1126 Rex
2992 1113 3007 1138 ,
3049 1087 3172 1128 cum
3216 1074 3412 1129 viderit
3456 1075 3509 1129 in
3552 1075 3792 1132 Ecclesia

2218 1161 2419 1217 Christi
2448 1177 2554 1217 non
2582 1162 2836 1217 vestitum
2866 1171 3014 1218 veste
3042 1163 3296 1233 nuptiali,
3324 1164 3376 1220 id
3403 1173 3486 1221 est
3517 1163 3622 1219 ﬁde
3648 1182 3796 1232 vera,

2212 1251 2369 1321 jubet
2393 1253 2670 1325 ministros
2700 1269 2854 1321 suos,
2886 1253 2940 1309 id
2965 1262 3049 1309 est
3078 1255 3250 1311 malos
3276 1256 3498 1326 spiritus
3524 1238 3797 1313 seductio-

2221 1330 2382 1409 num,
2435 1328 2559 1397 nam
2598 1344 2738 1400 mala
2776 1358 2875 1414 per
2919 1344 3091 1400 malos
3119 1344 3345 1415 spiritus
3378 1346 3593 1413 reddit,
3625 1346 3800 1418 qualis

2221 1433 2319 1490 fuit
2361 1436 2583 1505 spiritus
2649 1436 2853 1491 erroris
2908 1450 3067 1507 quem
3112 1437 3259 1492 misit
3300 1437 3441 1493 Deus
3479 1447 3539 1493 ut
3580 1439 3802 1495 seducat

2220 1524 2428 1592 Achab,
2452 1512 2594 1584 sicut
2626 1527 2883 1598 scriptum
2912 1538 2997 1584 est
3026 1528 3080 1583 in
3111 1528 3269 1585 tertio
3302 1528 3439 1585 libro
3467 1529 3797 1602 Regnorum,

2221 1618 2304 1674 vel
2328 1619 2502 1690 qualis
2530 1630 2613 1675 est
2639 1621 2882 1690 operatio
2912 1621 3136 1687 erroris,
3164 1637 3324 1692 quem
3347 1622 3497 1678 dabit
3524 1623 3603 1679 eis
3635 1622 3798 1691 Deus,

2221 1708 2312 1778 qui
2344 1709 2664 1764 cltaritatent
2694 1711 2787 1765 Dei
2815 1725 2918 1765 non
2948 1721 3283 1782 receperunt,
3318 1720 3377 1766 ut
3401 1712 3627 1768 credant
3657 1728 3800 1769 men-

2224 1800 2395 1855 dacio.
2428 1819 2446 1853 ι
2482 1800 2546 1854 Ει
2575 1810 2695 1871 post
2718 1816 2890 1872 pauca
2922 1821 2934 1855 :
2966 1801 3033 1856 Et
3059 1801 3526 1872 apprehendentes
3552 1818 3674 1858 eum
3702 1818 3800 1875 per

2222 1888 2337 1959 ipsa
2372 1904 2574 1960 opera,
2607 1906 2701 1961 per
2747 1891 2858 1960 ipsa
2897 1891 3119 1946 consilia
3151 1889 3267 1962 ejus
3294 1933 3310 1958 ,
3356 1894 3577 1950 mittunt
3617 1910 3711 1951 eos
3744 1896 3799 1951 in

2226 1980 2476 2035 tenebras
2508 1982 2835 2048 exteriores,
2873 1981 2927 2037 id
2966 1991 3051 2038 est
3092 1982 3146 2037 in
3189 1998 3431 2039 errorem
3478 1986 3756 2057 gentilium
3780 2027 3797 2054 ,

2222 2070 2568 2139 .ludaeorum,
2618 2072 2702 2128 vel
2753 2073 3152 2129 haereticorum.
3204 2075 3270 2131 Et
3314 2076 3540 2133 forsitan
3577 2080 3806 2152 ‘propin‘

2225 2161 2444 2232 quiores
2488 2170 2616 2217 sunt
2656 2164 2891 2218 tenebrae
2933 2164 3251 2233 gentilium,
3283 2168 3583 2225 exteriores
3625 2179 3803 2225 autem

2222 2251 2530 2307 Judaeorum
2558 2292 2574 2319 ,
2620 2252 2771 2323 pejus
2814 2262 2992 2309 autem
3041 2258 3341 2315 exteriores
3385 2260 3805 2329 haereticorum,

2225 2343 2480 2412 quoniam
2517 2343 2757 2414 gentiles
2772 2345 3056 2401 veritatem
3089 2358 3353 2418 spernunt
3387 2366 3548 2421 quam
3580 2368 3683 2409 non
3712 2369 3810 2408 au-

2231 2432 2480 2497 dierunt;
2510 2431 2677 2488 Judaei
2711 2442 2889 2489 autem
2915 2451 3075 2505 quam
3103 2450 3209 2491 non
3239 2440 3604 2506 crediderunt,
3631 2442 3806 2497 haere-

2227 2522 2320 2578 tici
2360 2531 2541 2577 autem
2588 2538 2749 2594 quam
2790 2525 3077 2580 audierunt
3111 2536 3168 2582 et
3209 2528 3528 2584 didicerunt.
3561 2530 3809 2600 ipsarum

2227 2631 2440 2686 quoque
2463 2618 2838 2673 haereticorum
2864 2618 3206 2674 tenebrarum
3230 2627 3473 2691 quaedam
3497 2633 3622 2677 sunt
3640 2639 3809 2695 prape

2227 2708 2399 2764 lucem
2438 2710 2681 2765 veritatis
2705 2750 2720 2776 ,
2760 2710 2879 2765 aliae
2914 2720 3091 2766 autem
3132 2712 3342 2785 longius
3379 2730 3407 2769 a
3448 2716 3709 2781 veritate,
3752 2724 3810 2769 et

2227 2799 2351 2855 ideo
2381 2799 2683 2871 nigriores,
2718 2800 2837 2856 aliae
2873 2810 3052 2857 autem
3088 2803 3320 2875 amplius
3356 2805 3548 2877 longe,
3587 2814 3643 2861 et
3688 2806 3808 2861 ideo

2227 2892 2531 2963 pressiores
2567 2904 2621 2948 et
2656 2894 2991 2959 exteriores,
3031 2894 3082 2948 id
3118 2905 3201 2950 est
3245 2896 3297 2950 in
3332 2898 3563 2952 haereses
3597 2912 3810 2967 permer-

2226 2982 2490 3037 sissimas.
2522 3002 2543 3035 ι
2597 2983 2674 3036 Ex
2715 2999 2819 3053 qua
2861 2984 3226 3056 Cbrysbstomi
3277 2988 3540 3041 sententia
3584 2988 3808 3041 convin-

2227 3081 2428 3126 cuntur
2461 3071 2698 3127 hacrelici
2735 3073 2958 3141 paganis
2981 3082 3036 3127 et
3071 3072 3270 3129 Judaeis
3303 3073 3534 3143 pejores,
3561 3077 3809 3145 quamvis

2228 3177 2292 3218 ex
2323 3163 2453 3233 ipsis
2482 3163 2753 3218 haereticis
2778 3164 2886 3219 sint
2910 3164 3129 3234 quidam
3161 3166 3399 3230 veritati,
3428 3167 3479 3221 id
3509 3178 3594 3222 est
3622 3166 3808 3221 catho-

2229 3254 2344 3312 licae
2398 3254 2520 3309 ﬁdei
2580 3255 3034 3325 propinquiores,
3096 3256 3314 3326 quidam
3381 3256 3805 3328 longinquiores.

2229 3346 2398 3402 Porro
2426 3347 2478 3401 in
2510 3346 2705 3416 quibus
2732 3348 2969 3403 haretici
2997 3363 3026 3401 a
3063 3348 3346 3403 catholicis
3374 3349 3483 3402 sint
3510 3348 3805 3413 devitaudi,

2228 3444 2285 3490 et
2326 3435 2473 3491 velut
2515 3437 2709 3507 pagani
2747 3445 2842 3491 aut
2884 3436 3054 3492 Judaei
3103 3438 3289 3508 procul
3335 3438 3610 3506 habendi,
3658 3449 3713 3494 et
3740 3455 3806 3495 ex

2230 3528 2413 3584 multis
2456 3538 2767 3586 sanctorum
2808 3530 3030 3585 Patrum
3068 3530 3324 3595 docemur
3362 3532 3612 3603 scriptis,
3651 3541 3706 3588 et
3740 3547 3814 3589 et.

2228 3622 2486 3692 subjectis
2515 3622 2904 3681 catholicorum
2934 3624 3283 3680 conciliorum
3313 3625 3580 3694 capitulis.

2231 3760 2236 3764 .
2302 3713 2388 3768 Ex
2416 3713 2639 3767 concilio
2679 3714 3011 3782 Laodicensi,
3042 3732 3158 3786 cap.
3198 3717 3250 3769 (3.
3299 3733 3316 3766 σ
3352 3714 3467 3771 l\'on
3509 3717 3810 3773 conceden-

2231 3803 2357 3860 dum
2386 3803 2657 3859 haereticis
2701 3805 2979 3876 ingressus
3008 3806 3201 3861 domus
3232 3805 3324 3860 Dei
3363 3806 3415 3862 in
3460 3808 3651 3864 haeresi
3688 3824 3809 3879 per-

2232 3895 2595 3951 manentibus.
2632 3916 2651 3950 ι

2299 3985 2459 4053 Item,
2498 4003 2563 4042 ea:
2602 3987 2778 4042 eodem
2814 3988 3068 4055 concilio,
3097 4006 3212 4060 cap.
3254 3991 3309 4046 9.
3347 4011 3363 4043 ι
3395 3990 3508 4046 Νοη
3548 3994 3800 4048 acce:!cn-

2234 4078 2358 4136 dum
2389 4079 2455 4133 ad
2491 4080 2803 4135 cmmetcria
2829 4079 2909 4132 vel
2940 4095 3059 4150 quae
3088 4082 3342 4152 martyria
3370 4083 3621 4138 dicuntur
3642 4087 3805 4137 haere-

2237 4170 2466 4229 ticorum
2489 4169 2783 4226 catholicos
2807 4172 3068 4227 orationis
3096 4173 3289 4244 gratia,
3319 4186 3374 4228 ct
3394 4176 3634 4245 petendae
3659 4192 3798 4230 cura-

2236 4259 2401 4314 tionis
2440 4259 2674 4325 intrare,
2720 4261 2816 4315 sed
2860 4268 2914 4315 et
2959 4262 3049 4331 qui
3094 4262 3287 4327 ierint,
3328 4264 3373 4318 si
3417 4275 3544 4319 sunt
3578 4265 3762 4319 ﬁdeles
3792 4306 3808 4330 ,

2234 4350 2767 4405 incommunicabiles
2792 4349 2992 4413 factos.
3029 4353 3094 4406 ad
3137 4354 3506 4423 paenitentiam
3535 4369 3705 4423 usque
3738 4356 3806 4408 ad

546 4443 726 4501 tuisse
749 4443 949 4499 dicitur
991 4443 1173 4513 (Cone.
1202 4443 1553 4498 Arelatucan.
1583 4442 1637 4512 8)
1666 4458 1680 4496 :
1717 4460 1736 4494 ι
1770 4441 1828 4497 Si
1856 4444 1922 4496 ad
1951 4441 2133 4497 Ecele—
2163 4464 2207 4524 ι)
2236 4443 2438 4514 aliquid
2468 4444 2723 4513 temporis
2750 4443 2941 4515 redigi.
2971 4444 3303 4502 Panitcntes
3332 4456 3511 4502 autem
3545 4456 3719 4503 eos‘ct
3748 4462 3811 4502 se

557 4534 696 4590 siam
729 4533 923 4604 liquis
948 4534 1016 4588 ab
1050 4534 1238 4589 haeresi
1269 4535 1514 4599 venerit,
1548 4534 1884 4605 interrogent
1915 4547 2039 4587 eum
2067 4533 2133 4587 de

560 4623 838 4699 symbolo,
868 4634 923 4680 et
961 4626 1006 4681 si
1037 4626 1270 4681 viderint
1302 4642 1424 4681 eum
1464 4626 1517 4680 in
1558 4624 1751 4691 Patre,
1787 4633 1843 4679 et
1884 4623 2049 4688 Filio,
2079 4632 2133 4678 et

560 4716 766 4788 Spiritu
793 4727 981 4775 saneto
1004 4732 1124 4774 esse
1147 4718 1495 4787 baptizatum,
1520 4731 1711 4775 manus
1730 4716 1779 4771 ei
1806 4716 2129 4787 imponatur;

550 4816 771 4873 tantum
807 4816 867 4863 ut
890 4807 1117 4879 accipiat
1147 4808 1406 4878 Spiritum
1435 4816 1697 4864 sanctum.
1732 4825 1752 4860 ι
1787 4806 1881 4862 His
1912 4821 2042 4879 ergo
2079 4815 2134 4861 et

558 4898 992 4970 aliishujusmodi
1008 4909 1319 4957 sanctorqu
1333 4900 1550 4956 Patrum
1568 4900 1818 4971 quatnplu
1828 4901 1976 4955 ribus
1991 4901 2135 4955 testi-

2233 4549 2447 4590 errasse
2474 4533 2749 4591 confessos
2774 4535 2971 4607 suscipi
3002 4545 3274 4603 oportere.
3310 4555 3330 4590 ι

2305 4625 2466 4691 Item,
2494 4642 2560 4681 ea:
2592 4626 2793 4691 eodem,
2824 4644 2940 4697 cap.
2974 4628 3061 4682 l0.
3101 4647 3120 4679 ι
3154 4627 3261 4684 Eos
3285 4628 3375 4698 qui
3416 4627 3482 4683 ad
3513 4627 3809 4684 Ecclesiam’

2233 4716 2508 4787 pertinent
2544 4716 2933 4783 indiﬁ‘erenter,
2976 4717 3114 4774 ﬁlios
3154 4720 3402 4789 proprios
3436 4719 3809 4774 haereticorum

2236 4805 2437 4876 nuptiis
2467 4806 2687 4861 minime
2719 4807 2912 4862 sociari
2940 4806 3154 4861 debere.
3184 4805 3281 4862 Cui
3322 4807 3554 4878 capitulo
3583 4824 3808 4863 concor-

2235 4896 2388 4953 dans.
2448 4896 2874 4967 Carthaginense
2923 4897 3208 4953 concilium
3262 4899 3454 4955 statuit
3505 4900 3646 4970 (cap.
3698 4899 3768 4955 26

562 4992 779 5061 moniis,
806 4992 1090 5051 manifeste
1127 4995 1447 5049 instruimur
1488 4993 1765 5049 catholicae
1792 4992 1911 5048 ﬁdei
1942 4992 2138 5048 funda-
2237 4988 2306 5043 l6
2331 4999 2379 5043 et
2398 4988 2496 5059 ’17)
2522 4998 2580 5043 ιιι
2608 4989 2699 5044 ﬁlii
2727 4990 3043 5045 clericorum
3070 4991 3375 5061 gentilibus,
3403 5001 3496 5047 aut
3521 4993 3787 5049 haereticis

551 5089 713 5155 .tore:
739 5090 795 5138 et.
823 5083 1203 5151 praedicatores
1218 5083 1413 5161 (quanti
1445 5082 1733 5138 habuerint
1760 5082 2133 5137 haereticorum

2234 5088 2330 5134 aut
2368 5079 2755 5147 schismaticis,
2798 5080 3140 5137 matrimonio
3179 5095 3285 5136 non
3316 5080 3724 5154 coniungantur,
3758 5093 3807 5137 et
