4124 5374
329 346 355 400 1
366 343 474 400 020

1003 331 1370 390 ADVERSUS
1407 326 1817 388 SIMONIACOS
1857 323 2037 380 LIBRI
2079 323 2277 380 TRES.
2319 355 2388 364 —
2421 322 2621 380 LIBER
2662 321 2938 378 PRIMUS.

3408 399 3428 423 .
3455 318 3599 387 1,050

397 459 558 521 Item,
595 473 661 512 ex
707 453 885 511 eodem
913 452 1165 524 concilio,
1207 469 1326 522 cap.
1371 451 1463 506 49..
1501 467 1518 500 ι
1555 447 1670 504 Non
1701 451 1911 515 oportet
1937 445 1988 503 Α
2014 441 2284 496 senserint
2335 439 2402 494 de
2452 438 2830 494 haereticorum
2891 435 3202 502 ordinibus,
3260 443 3352 491 aut
3409 446 3595 509 potius

327 549 710 608 haereticorum
755 544 1161 601 benedictiones
1204 542 1289 597 vel
1333 541 1572 611 eulogias
1621 537 1865 606 accipere
1892 575 1908 601 ,

330 641 586 714 quoniam
621 639 738 695 istae
766 635 1173 692 maledictiones
1201 633 1375 704 magis
1404 639 1530 688 sunt
1557 644 1717 701 quam
1748 628 1913 683 bene-

331 731 622 788 dictiones.
654 747 675 780 ι

402 822 572 888 Item,
609 837 673 874 ea:
710 819 887 874 eodem
923 816 1175 882 concilio,
1212 831 1329 885 cap.
1374 813 1464 868 ιθ.
1505 832 1523 864 ‹
1555 811 1669 867 Non
1701 816 1916 882 oportet

330 930 458 972 cum
485 913 754 970 haereticis
778 912 862 967 vel
898 909 1260 967 schismatieis
1287 925 1463 964 orare.
1502 928 1520 962 ι

405 1005 562 1071 Item,
592 1021 655 1058 ea:
679 1004 892 1068 eodem,
938 1019 1052 1072 cap.
1088 1002 1176 1056 47.
1217 1020 1233 1053 ι
1268 1000 1382 1056 Νοη
1412 1007 1622 1070 Oportet
1660 1014 1689 1052 a
1718 998 1917 1054 Judzcis

331 1097 420 1155 vel
446 1095 716 1154 haretieis
745 1093 988 1150 feriatica
1016 1109 1136 1163 qua:
1172 1093 1458 1146 mittuntur
1489 1090 1754 1158 accipere.
1787 1110 1805 1141 ι

407 1185 557 1242 Unde
579 1203 738 1257 supra
757 1226 773 1251 ,
805 1185 861 1239 in
899 1200 1100 1239 canone
1129 1183 1517 1249 apostolorum-
1539 1201 1556 1233 ι
1588 1182 1916 1251 Episcopus,

332 1280 637 1354 presbyter,
668 1288 761 1335 aut
786 1279 1064 1341 diaconus,
1095 1277 1184 1346 qui
1211 1292 1332 1331 cum
1358 1275 1629 1330 haereticis
1657 1275 1915 1339 oraverit,

335 1372 712 1430 tantummodo
731 1370 1109 1428 communione
1135 1369 1394 1438 privetur.
1427 1365 1483 1422 Si
1513 1382 1639 1421 vero
1665 1376 1916 1436 tanquam

335 1464 564 1521 clericos
594 1464 842 1520 hortatus
876 1460 1039 1516 fuerit
1067 1475 1161 1516 eos
1191 1474 1380 1530 agerc,
1421 1457 1505 1513 vel
1543 1472 1731 1523 orare,
1770 1458 1920 1511 dam-

335 1565 518 1612 netur.
551 1574 572 1609 ι

407 1646 558 1704 Unde
576 1666 756 1720 supra,
775 1665 839 1704 ea:
851 1647 1069 1712 decretis
1094 1644 1451 1716 Fabianit'lﬁ)
1475 1660 1645 1715 paptc.
1677 1662 1693 1694 ‹
1719 1643 1918 1698 Omnes

337 1740 428 1810 qui
457 1748 667 1796 rectam
698 1755 804 1795 non
840 1740 1034 1794 docent
1067 1738 1368 1794 doctrinam
1393 1777 1408 1802 ,
1444 1735 1527 1789 vel
1568 1743 1770 1789 rectam
1807 1749 1914 1788 non

2013 531 2466 588 ordinationibus.
2540 544 2544 548 '

2086 624 2170 679 Ea:
2207 624 2426 694 epistola
2460 621 2524 677 Β.
2554 621 2848 676 Innocentii
2879 637 3030 692 papa:
3068 621 3322 691 episcOpis
3352 619 3599 678 Maccdo-

2014 715 2138 772 niae.
2180 714 2378 787 (lvsoc.
2411 714 2558 781 epist.
2591 712 2659 765 ‘22
2681 752 2695 776 ,
2744 729 2798 765 n.
2828 711 2906 780 3.)
2943 713 3235 779 ("Ventum
3268 721 3349 766 est
3383 713 3448 766 ad
3496 724 3601 766 ter-

2016 806 2144 860 tiam
2176 804 2562 876 quaestionem,
2594 819 2712 871 qum
2735 817 2831 871 pro
2856 801 2938 856 sui
2962 799 3271 856 diﬁicultate
3303 791 3602 872 longiorem

2017 902 2185 972 exigit
2208 899 2663 970 disputationem,
2691 913 2811 952 cum
2843 911 2942 952 nos
2969 895 3211 952 dicamus
3239 899 3304 952 ab
3331 897 3601 954 hccreticis

2017 991 2314 1054 ordinatos,
2339 989 2676 1044 vulneratum
2702 1003 2797 1056 per
2820 987 2964 1040 illam
2990 1003 3179 1042 manus
3201 987 3602 1057 impositioncm

2019 1083 2219 1138 habere
2248 1091 2401 1152 caput
2426 1121 2440 1147 ,
2480 1090 2537 1136 ct
2566 1079 2650 1133 ubi
2683 1078 2876 1134 vulnus
2912 1077 3136 1132 inﬁxum
3174 1087 3287 1144 est,
3336 1079 3605 1135 medicina

2019 1173 2321 1229 adhibenda
2363 1181 2475 1237 est,
2523 1182 2580 1225 ut
2627 1171 2913 1225 sanitatem
2962 1170 3134 1239 possit
3183 1170 3444 1240 recipere.
3473 1171 3602 1238 Quae

2017 1261 2225 1320 sanitas
2267 1270 2389 1331 post
2435 1259 2631 1314 vulnus
2669 1269 2852 1313 secuta
2895 1259 3014 1313 sine
3059 1259 3316 1324 cicatrice
3344 1275 3464 1315 esse
3494 1277 3600 1316 non

2017 1352 2238 1422 poterit,
2261 1359 2422 1419 atque
2445 1349 2531 1403 ubi
2557 1347 2892 1418 poenitentia:
2912 1347 3208 1402 remedium
3235 1349 3602 1404 necessarium

2018 1450 2101 1498 est
2119 1443 2223 1497 illic
2239 1441 2594 1496 ordinationis
2608 1440 2868 1494 honorem
2886 1439 3062 1494 locum
3078 1440 3278 1496 habere
3294 1456 3398 1496 non
3423 1454 3600 1511 posse,

2019 1529 2154 1587 Nam
2185 1533 2325 1587 sicut
2357 1531 2590 1602 legitur:
2627 1549 2644 1581 (
2684 1530 2956 1601 Quidquid
2993 1530 3232 1600 tetigerit
3265 1531 3596 1595 immundus,

2025 1644 2044 1678 ι
2074 1623 2404 1679 immundum
2428 1619 2862 1691 erit(Num.xrx,
2884 1621 3030 1692 322),»
3057 1622 3326 1690 quomodo
3350 1621 3400 1676 id
3428 1621 3475 1675 ei
3501 1622 3606 1677 tri-

2021 1716 2234 1781 buetur,
2251 1715 2392 1784 quod
2413 1712 2673 1767 munditia
2698 1728 2761 1768 ac
2783 1713 2992 1782 purilas
3013 1713 3293 1768 consuevit
3316 1712 3602 1784 accipere?

339 1797 527 1886 {enenl
547 1829 704 1886 ﬁdem
733 1839 1098 1894 accusatores,
1123 1797 1558 1884 neminem'recle
1580 1825 1914 1880 credentium
1947 1797 1991 1856 Β
2019 1809 2114 1865 sed
2129 1818 2350 1864 θςοηιτίι
2375 1807 2637 1863 asscritur
2660 1822 2784 1861 eum
2808 1807 2896 1876 (ιιιί
2920 1807 3178 1861 honorem
3199 1807 3378 1861 amisit
3398 1847 3412 1872 ,
3438 1807 3602 1862 110110-

337 1936 595 1977 accusare
618 1931 869 1992 possunt,
897 1921 1021 1992 quia
1051 1919 1269 1974 infantia
1297 1927 1422 1974 sunt
1445 1917 1637 1984 notati,
1665 1926 1717 1971 et
1745 1931 1773 1970 a
1796 1917 1916 1970 sinu

333 2012 531 2067 matris
558 2012 812 2068 Ecclesiae
840 2028 868 2066 a
902 2011 1117 2082 publico
1145 2024 1400 2065 mucrone
1427 2024 1595 2079 usque
1619 2009 1684 2062 ad
1715 2016 1916 2063 rectam

346 2105 752 2158 conversionem
779 2112 834 2158 et
868 2103 1453 2158 reversionem-eorum
1484 2100 1731 2157 abscissi.
1765 2099 1918 2154 Unde

339 2194 630 2261 apostolica
658 2194 980 2250 auctoritate
1011 2209 1132 2248 cum
1160 2193 1410 2248 omnibus
1439 2192 1678 2261 ejusdem
1710 2199 1920 2260 aposto-

339 2286 454 2340 lica:
480 2295 642 2355 atque
671 2285 990 2340 universalis
1020 2284 1276 2339 Ecclesiae
1312 2283 1436 2338 ﬁliis
1463 2291 1762 2337 statuentes
1787 2294 1916 2334 san-

337 2375 513 2432 cimus
539 2385 600 2430 ut
627 2390 815 2431 omnes
845 2374 936 2444 qui
971 2374 1022 2428 in
1054 2373 1320 2428 catholica
1358 2372 1460 2426 lide
1494 2370 1729 2441 suspecti
1757 2377 1918 2438 sunt,

339 2469 393 2523 in
431 2468 774 2524 accusatione
819 2475 966 2522 recte
1009 2465 1344 2521 credentium
1391 2478 1497 2518 non
1533 2461 1919 2532 suscipiantur,

336 2560 467 2629 quia
494 2560 729 2630 suspecti
761 2575 948 2614 omnes
977 2573 1188 2628 semper
1228 2565 1356 2612 sunt
1385 2556 1698 2622 amovendi,
1730 2563 1784 2608 et
1811 2568 1920 2611 non

343 2651 662 2723 recipiendi.
693 2651 883 2706 Merito
907 2665 1035 2722 ergo
1066 2650 1388 2721 reprobatur
1414 2664 1600 2704 eorum
1623 2647 1920 2717 accusatio,

346 2742 436 2812 qui
467 2746 520 2798 In
553 2751 697 2798 recta
729 2743 833 2799 ﬁde
861 2741 1098 2814 suspecti
1125 2748 1286 2808 sunt,
1313 2755 1416 2797 nec
1443 2741 1524 2797 eis
1558 2738 1778 2796 omnino
1803 2751 1922 2795 esse

345 2832 694 2889 credendum.
732 2851 752 2886 ι

416 2924 573 2993 Item,
621 2942 684 2981 ea:
726 2926 944 2981 decretis
984 2925 1049 2980 Β.
1096 2908 1336 2996 Dionysii
1379 2941 1529 2997 papae
1566 2932 1616 2980 et
1654 2918 1920 2994 martyris.

342 3017 587 3088 (DIONYS.
627 3018 777 3089 epist.
809 3019 844 3073 2
867 3059 881 3083 ,
925 3018 995 3072 ad
1029 3017 1276 3074 Severum
1322 3019 1578 3089 episcop.)
1628 3037 1646 3070 ι
1685 3017 1921 3073 Crimina

347 3127 468 3182 quae
491 3111 759 3183 episcopis
785 3111 1008 3181 impingi
1034 3111 1167 3166 dicis
1195 3125 1290 3182 per
1316 3110 1476 3175 alios,
1509 3125 1615 3165 non
1644 3109 1789 3164 sinas
1814 3108 1922 3164 ullo

347 3204 508 3260 modo
538 3204 654 3259 ﬁeri
675 3245 690 3268 ,
725 3204 826 3259 nisi
858 3219 952 3274 per
983 3205 1126 3274 ipsos
1156 3203 1244 3273 qui
1276 3203 1504 3258 crimina
1534 3201 1846 3268 intendunt,
1876 3202 1923 3257 si

350 3304 531 3350 tamen
562 3295 662 3365 ipsi
694 3294 836 3364 digni
866 3303 921 3349 et
948 3291 1448 3364 irreprehensihiles
1476 3291 1841 3362 apparuerint,
1872 3300 1928 3346 et

351 3383 560 3439 actibus
582 3382 864 3438 docuerint
887 3382 1135 3452 publicis,
1159 3381 1304 3436 omni
1332 3396 1390 3436 se
1412 3395 1598 3436 carere
1623 3380 1928 3450 suspicione

351 3481 410 3529 et
436 3472 714 3528 inimicitia
737 3513 752 3539 ,
788 3481 844 3527 et
879 3472 1408 3540 irreprehensibilem
1441 3471 1601 3527 ﬁdem
1631 3486 1930 3526 conversa-

353 3564 662 3635 tionemque
683 3565 903 3620 dueere.
928 3563 1137 3619 Nemini
1161 3565 1304 3619 enim
1335 3565 1401 3620 de
1426 3577 1485 3619 se
1509 3563 1756 3620 confesso
1781 3563 1925 3620 credi

353 3663 527 3724 potest
551 3671 714 3726 super
742 3657 948 3710 crimen
979 3653 1243 3718 alienum,
1275 3669 1440 3725 quam
1467 3653 1612 3723 ejus,
1648 3655 1927 3723 omnisque

353 3747 432 3802 rei
459 3746 722 3818 professio
748 3746 1046 3819 periculosa
1080 3755 1194 3813 est,
1225 3755 1281 3803 et
1316 3747 1529 3802 admitti
1559 3762 1666 3803 non
1695 3747 1872 3802 debet.
1904 3765 1922 3799 ι

423 3834 510 3891 Ea:
555 3837 774 3898 decretis
819 3853 1020 3907 quoque
1065 3833 1185 3890 Gaii
1230 3852 1379 3906 papa:
1435 3833 1603 3890 Felici
1668 3837 1927 3906 episcopo.

358 3941 382 3976 ς
417 3923 660 3980 Primum
691 3924 908 3996 quidem
956 3924 1096 3980 scias
1130 3938 1368 3995 paganos
1413 3931 1469 3979 et
1507 3925 1794 3980 haereticos
1824 3939 1928 3978 non

355 4026 514 4082 posse
536 4011 874 4069 Christianos
899 4027 1185 4077 accusare,
1222 4021 1315 4068 aut
1351 4027 1537 4070 vocem
1568 4011 1932 4068 infamationis

355 4102 580 4160 inferre.
612 4122 630 4156 ι

423 4191 523 4249 His
547 4201 602 4250 et
631 4191 934 4262 huiusmodi
956 4191 1347 4248 catholicorum
1370 4191 1596 4248 Patrum
1623 4191 1856 4246 decretis
1877 4200 1932 4246 et

355 4284 642 4340 sententiis
668 4284 947 4340 evidenter
971 4283 1286 4354 agnoscitur
1316 4283 1589 4339 haereticis
1615 4283 1804 4337 domus
1833 4280 1931 4335 Dei

357 4377 634 4449 ingressus
677 4377 956 4444 interdici,
993 4385 1050 4433 et
1081 4377 1148 4432 ab
1174 4376 1323 4432 onmi
1370 4375 1755 4431 catholicorum
1784 4387 1933 4428 com-

2020 1915 2133 1974 rem
2162 1899 2292 1956 dare
2317 1914 2420 1954 non
2443 1914 2619 1968 posse,
2644 1913 2740 1952 nec
2765 1898 2910 1951 illum
2930 1895 3129 1968 aliquid
3156 1897 3450 1967 accepisse,
3467 1898 3593 1969 quia

2019 1990 2154 2046 nihil
2198 1990 2252 2045 in
2284 1990 2442 2046 dante
2490 1998 2608 2045 erat
2653 1989 2794 2059 quod
2845 1989 2931 2043 ille
2978 1997 3159 2059 posset
3209 1989 3480 2060 accipere.
3529 1988 3600 2045 Et

2018 2099 2207 2138 verum
2237 2091 2319 2136 est
2367 2093 2514 2137 certe
2562 2082 2685 2150 quia
2732 2083 2872 2150 quod
2922 2098 3026 2136 non
3075 2081 3282 2146 Labnil,
3331 2082 3459 2138 dare
3489 2098 3595 2137 non

2020 2175 2213 2246 potuit.
2249 2173 2659 2228 Damnationem
2692 2160 3071 2244 utique‘quam
3122 2172 3307 2226 habuit
3343 2189 3437 2242 per
3465 2189 3594 2243 pra-

2019 2283 2144 2328 vam
2169 2282 2361 2322 manus
2409 2263 2807 2333 impositionem
2856 2263 3024 2318 dedit.
3066 2264 3134 2318 Et
3181 2264 3271 2333 qui
3322 2266 3598 2336 particeps

2019 2356 2195 2413 factus
2219 2364 2301 2412 est
2331 2356 2584 2411 damnato
2604 2395 2617 2420 ,
2648 2355 2917 2424 quomodo
2947 2355 3109 2409 habet
3147 2355 3407 2409 honorem
3452 2355 3597 2411 acci-

2019 2461 2148 2518 pere
2173 2445 2414 2500 invenire
2438 2459 2543 2498 non
2571 2458 2811 2514 possum.
2845 2462 2863 2495 ›
3592 2429 3596 2438 ’

2091 2535 2230 2592 Iliae
2251 2537 2365 2606 jam
2388 2551 2419 2590 a
2451 2534 2774 2591 Simoniacis
2797 2533 3030 2588 ordinati
3057 2534 3310 2606 evigilent
3347 2533 3560 2589 tandem
3578 2573 3598 2602 ,

2022 2635 2078 2684 et
2107 2636 2258 2683 tanto
2287 2627 2490 2682 tonitru
2522 2634 2783 2695 tantoque
2811 2624 3034 2678 fulmine
3068 2633 3176 2678 tam
3211 2625 3411 2694 egregii
3459 2624 3601 2681 inter

2023 2723 2267 2793 egregios
2301 2719 2585 2790 pontiﬁces
2631 2717 2810 2773 subito
2853 2717 3050 2770 turbati
3084 2725 3138 2769 ct
3188 2716 3436 2782 confusi,
3469 2715 3599 2786 quid

2025 2813 2094 2868 ab
2119 2810 2523 2868 ordinatoribus
2573 2809 2690 2864 suis
2731 2808 3039 2878 acceperint
3065 2807 3250 2861 saltem
3297 2823 3420 2862 sero
3451 2822 3602 2863 reco—

2025 2908 2284 2973 gnoscant
2303 2942 2318 2968 ,
2366 2908 2460 2955 aut
2490 2897 2830 2954 Simoniacos
2860 2911 2957 2951 nec
2986 2911 3105 2952 esse
3134 2912 3233 2951 nec
3263 2897 3366 2952 dici
3403 2897 3600 2953 debere

2023 2994 2336 3060 haereticos,
2367 2993 2412 3049 si
2446 2999 2670 3064 possunt
2699 2989 2784 3046 vel
2812 2990 3029 3055 audent,
3061 2989 3457 3044 rationabiliter
3501 3006 3600 3047 nos

2023 3086 2302 3142 edoceant.

1947 3144 1996 3209 δ
2097 3177 2302 3248 Nempe
2357 3177 2423 3232 ab
2461 3175 2733 3230 hatretieis
2777 3171 3010 3229 ordinati
3063 3187 3161 3242 per
3206 3171 3349 3226 illam
3408 3186 3602 3226 manus

2027 3269 2426 3340 impositionem
2441 3266 2780 3322 vulneratum
2804 3263 3002 3318 habere
3026 3262 3221 3318 docent
3244 3267 3424 3331 caput,
3438 3262 3596 3332 quia:

2033 3382 2052 3415 ι
2072 3361 2339 3430 Quidquid
2355 3359 2590 3430 tetigerit
2619 3355 2942 3421 immundus,
2961 3355 3295 3408 immundum
3309 3354 3440 3408 criti
3459 3353 3602 3408 Con-

2029 3462 2138 3508 stat
2165 3468 2295 3523 ergo
2317 3467 2532 3506 onmem
2559 3449 2873 3504 hatreticum
2909 3446 3243 3501 immundum
3270 3461 3408 3501 esse.
3435 3444 3601 3514 Quid-

2029 3543 2158 3613 quid
2193 3543 2361 3612 tangit
2385 3540 2567 3612 procul
2613 3540 2772 3594 dubio
2820 3538 3152 3592 immundum
3182 3537 3275 3601 ﬁt,
3307 3539 3600 3593 secundum

2029 3635 2234 3689 dictum
2271 3631 2481 3688 Domini
2513 3631 2564 3685 in
2602 3630 2716 3700 lege
2747 3627 2934 3700 Moysi.
3615 3615 3618 3618 ’

2101 3725 2284 3795 Neque
2315 3723 2459 3779 enim
2507 3721 2576 3775 ab
2629 3721 2905 3775 imnmndo
2955 3717 3210 3773 hatretico
3253 3717 3458 3788 potuit,
3490 3724 3604 3791 aut

2031 3817 2226 3888 poterit
2277 3814 2435 3870 tribui
2482 3812 2625 3882 quod
2673 3810 2935 3866 munditia
2995 3826 3060 3866 ac
3105 3810 3313 3881 puritas
3357 3809 3603 3881 accipere

2032 3905 2344 3971 consuevit,
2373 3904 2526 3974 cujus
2552 3916 2646 3956 eor
2678 3901 2886 3956 sincera
2932 3900 3037 3954 ﬁde
3071 3907 3289 3955 constat
3331 3913 3438 3954 non
3484 3913 3602 3953 esse

2031 4000 2368 4056 mandatum.
2415 3995 2511 4050 Cui
2542 4007 2670 4064 ergo
2726 3992 2858 4046 nihil
2904 3992 3181 4047 munditiae
3229 4005 3294 4046 ac
3347 3991 3600 4062 puritatis

2033 4090 2206 4163 potuit
2235 4087 2441 4152 tribui,
2473 4085 2600 4154 quid
2645 4083 2790 4140 aliud
2836 4084 3034 4154 poterit
3075 4083 3151 4138 illi
3185 4083 3420 4139 tribuere
3459 4097 3606 4152 quae-

2011 4195 2245 4255 cunque
2293 4178 2564 4249 tetigerit,
2610 4175 2713 4231 nisi
2764 4175 3162 4230 immunditiam
3214 4190 3377 4245 quam
3432 4173 3602 4232 solam

2033 4273 2231 4330 habet?
2255 4272 2395 4344 Ergo
2441 4278 2609 4327 restat
2636 4277 2696 4324 ut
2739 4268 2872 4324 nihil
2897 4268 3042 4324 aliud
3086 4284 3250 4340 quam
3293 4269 3604 4326 immundus

2033 4368 2136 4433 sit,
2172 4380 2333 4435 quem
2382 4361 2692 4418 immundus
2736 4361 2938 4430 tangit,
2989 4359 3116 4430 quia
3161 4361 3600 4426 damnationem,

357 4467 613 4524 inunione
639 4482 734 4523 eos
762 4468 1062 4534 removeri,
1106 4467 1315 4523 scilicet
1359 4467 1693 4530 orationum,
1743 4464 1930 4519 convi-
1960 4492 2010 4554 υ
2034 4473 2197 4532 quam
2233 4457 2426 4522 habet,
2462 4455 2553 4510 dat
2581 4468 2677 4524 per
2701 4466 2924 4522 pravam
2950 4466 3060 4507 suae
3091 4467 3282 4506 manus
3311 4451 3607 4520 impositio-

357 4557 567 4614 viarum
587 4596 602 4624 ,
625 4557 935 4628 nuptiarum
967 4557 1050 4613 vel
1091 4556 1556 4612 matrimoniorum
1579 4595 1594 4621 ,
1639 4554 1723 4610 vel
1765 4556 1925 4609 dona-

335 4649 522 4704 .tionis
544 4664 728 4704 rerum
755 4657 848 4702 aut
872 4648 1354 4718 patrimoniorum,
1389 4661 1489 4702 nec
1523 4645 1810 4700 accusandi
1841 4660 1932 4698 ca-

361 4740 620 4808 tholicos,
645 4741 732 4795 vel
760 4740 1081 4797 testiﬁcandi
1111 4748 1299 4794 contra
1343 4752 1437 4792 eos
1480 4735 1754 4790 licentiam
1803 4748 1930 4788 con-

359 4831 502 4900 cedi,
524 4848 752 4903 quorum
771 4833 934 4888 etiam
962 4828 1271 4885 cmmeteria
1300 4824 1489 4881 orandi
1511 4839 1672 4879 causa
1700 4823 1925 4888 intrare,

358 4921 442 4977 vel
465 4921 726 4994 eulogias,
750 4922 835 4978 vel
861 4920 1111 4975 feriatica
1133 4918 1399 4986 accipere,
1427 4914 1649 4969 omnino
1679 4919 1930 4966 vetantur

358 5013 628 5070 catholici.
659 5013 810 5071 Unde
842 5026 1004 5067 nemo
1049 5008 1275 5080 ambigit
1304 5005 1590 5061 haereticos
1624 5019 1722 5076 per
1747 5001 1928 5057 omnia

359 5117 385 5136 α
416 5102 693 5136 Λῆιιιηιῖηἶο
721 5100 1082 5136 ιιοηηΑἶαηιΙΛα
1149 5099 1287 5136 cinnl
1327 5103 1414 5136 aut
1458 5104 1601 5136 001⁸10
1645 5094 1929 5136 ηΙιιςηιιηιη

2034 4569 2178 4609 nem.
2209 4549 2322 4606 Nec
2348 4549 2491 4604 enim
2522 4547 2612 4616 qui
2643 4546 2902 4601 honorem
2953 4559 3058 4599 non
3104 4542 3294 4605 habet,
3343 4542 3605 4599 honorem

2033 4644 2163 4700 dare
2189 4649 2381 4712 potest.
2412 4638 2478 4692 Et
2507 4637 2596 4691 ubi
2623 4633 2756 4689 nihil
2782 4641 2864 4689 est
2891 4633 2943 4686 in
2974 4633 3158 4696 dante,
3187 4630 3319 4685 nihil
3342 4637 3425 4684 est
3461 4628 3605 4701 quod

2029 4734 2198 4805 possit
2244 4732 2402 4802 quis,
2434 4727 2644 4784 etiamsi
2694 4723 3018 4780 omnimodis
3068 4722 3284 4793 cupiat,
3336 4721 3607 4799 accipere.

2032 4825 2222 4892 Itaque
2251 4820 2446 4889 accipit
2479 4816 2909 4880 damnationem,
2949 4830 3111 4883 quam
3161 4814 3324 4869 habet
3374 4812 3465 4869 ille
3511 4813 3602 4884 qui

2035 4915 2135 4970 sibi
2167 4912 2289 4967 facit
2317 4923 2571 4979 pravam,
2614 4915 2669 4962 et
2693 4921 2800 4960 non
2848 4912 3054 4958 rectam
3091 4917 3282 4959 manus
3311 4902 3611 4972 impositio-

2033 5019 2181 5059 nem.
2206 4996 2522 5068 Huiusmodi
2553 5010 2681 5067 ergo
2718 4993 3033 5058 ordinatus,
3075 5002 3134 5048 ut
3179 4998 3424 5063 putatur,
3456 4995 3614 5050 dam.

2037 5102 2186 5136 naln-
2222 5091 2417 5136 idest.
2451 5083 2708 5136 hzer'etico
2734 5083 3004 5136 narticeos
3047 5082 3220 5136 factus
3262 5095 3325 5136 ex
3379 5081 3474 5136 illa
3522 5100 3618 5136 sua
