4124 5374
477 347 482 352 ⁷
538 345 670 402 1031
715 373 730 389 ο

1653 334 2003 400 ΠΕΜΒΕΒΤΙ
2047 347 2103 400 S.
2143 344 2206 400 R.
2255 347 2317 400 E.
2360 342 2772 400 tIAllDlNALlS

3666 347 3814 403 £052

507 467 655 516 ‘toto
677 455 791 528 iam
822 471 928 514 non
966 457 1376 521 exterminatur,
1423 457 1546 526 quia
1595 467 1714 528 post
1744 461 2120 528 paenitentiam
2152 469 2199 524 Α
2228 469 2412 514 eoatra
2447 459 2538 513 Dei
2570 459 2865 513 Ecclesiam
2891 455 3155 512 diabolica
3188 457 3519 526 plantatione
3541 463 3785 534 suscepit

535 565 696 607 nemo
720 549 788 604 ad
811 548 1246 605 ecclesiasticum
1290 556 1372 602 est
1423 550 1790 604 admittendus
1837 553 2120 608 honorem.

536 643 722 698 Claret
746 656 878 712 ergo
906 641 1191 712 dupliciter
1225 655 1318 695 eos
1363 640 1546 709 repelli
1595 642 1683 709 qui
1732 643 1800 695 ab
1853 643 2122 697 hatretieis

534 733 952 803 comprobantur
971 731 1206 785 ordinanti
1238 729 1445 784 scilicet
1467 731 1590 800 quia
1618 731 1742 785 facti
1776 740 1901 786 sunt
1932 747 2118 787 eorum

534 823 859 893 participes,
917 831 972 876 et
1020 822 1148 891 quia
1193 823 1538 891 prenitentes.
1587 821 1740 877 Unde
1787 824 2124 893 perpendant

534 921 791 981 quantam
847 912 1058 965 ruinam
1109 912 1474 977 ineurrerint,
1534 912 1730 982 quibus
1777 914 1940 967 etiam
2007 914 2120 983 ipsa

533 1003 834 1066 medicina,
876 1003 929 1056 id
962 1011 1048 1058 est
1078 1003 1396 1072 pmnitentia
1419 1042 1433 1066 ,
1466 1018 1532 1056 ne
1561 1003 1625 1055 ad
1655 1003 1917 1058 honorem
1944 1004 2122 1058 eccle-

532 1094 806 1150 siasticum
837 1093 1083 1164 aspirare
1130 1093 1359 1148 debeant
1394 1094 1630 1148 obsistit.
1679 1092 1784 1148 Sed
1822 1110 1922 1158 ne,
1958 1109 2122 1150 aucu-

531 1195 722 1256 pantes
750 1185 911 1238 verba
942 1193 1150 1238 tantum
1182 1193 1236 1238 et
1267 1184 1599 1255 negligentes
1624 1198 1816 1249 sensa,
1848 1194 2038 1254 putent
2062 1199 2121 1241 se

533 1276 736 1346 aliquid
767 1288 972 1340 tenere,
1001 1275 1142 1329 ineo
1163 1278 1303 1342 quod
1329 1274 1380 1328 itt
1410 1274 1632 1345 prmfato
1661 1275 1894 1345 capitulo
1923 1274 2123 1346 legitur

533 1385 656 1422 eum
685 1368 786 1438 qui
807 1369 1070 1423 honorem
1119 1366 1303 1422 amisit
1333 1367 1594 1422 honorem
1631 1367 1759 1422 dare
1787 1383 1890 1422 non
1931 1384 2116 1437 posse,

532 1472 586 1514 et
616 1461 707 1532 qui
753 1462 1026 1530 particeps
1070 1459 1246 1514 factus
1289 1469 1372 1513 est
1409 1460 1665 1514 damnato
1688 1503 1702 1528 ,
1733 1460 1885 1530 quasi
1915 1461 2118 1516 dictum

533 1553 604 1606 sit
632 1554 697 1608 de
730 1552 822 1606 illo
875 1553 966 1621 qui
993 1553 1264 1621 quendam
1299 1552 1560 1623 honorem
1606 1553 1792 1607 habuit
1833 1561 1888 1607 et
1931 1562 2118 1622 postea

531 1644 812 1711 amiserit,
845 1643 926 1697 vel
960 1645 1045 1713 qui
1075 1644 1348 1714 quondam
1395 1642 1715 1714 regulariter
1752 1643 2036 1700 ordinatus
2065 1651 2119 1699 et

531 1744 714 1805 postea
741 1735 1030 1790 damnatus
1053 1733 1249 1800 fuerit,
1277 1743 1576 1805 agnoscant
1603 1749 1708 1788 non
1736 1734 1817 1788 sic
1844 1735 2118 1804 accipien-

530 1827 655 1880 dum
688 1843 754 1881 ex
783 1825 903 1880 aliis
937 1826 1135 1880 divinis
1161 1825 1490 1896 Scripturis;
1525 1825 1618 1880 sed
1657 1825 1780 1894 quia
1811 1825 1993 1879 amisit
2022 1825 2113 1880 ubi
2143 1808 2188 1867 Β

529 1917 834 1972 inordinate
862 1917 1124 1972 honorem
1158 1917 1407 1986 accipere
1437 1916 1720 1986 quaesivit,
1753 1916 1933 1986 ibique
1963 1917 2116 1972 dam-

529 2016 692 2062 natus
721 2008 956 2073 exstitit,
990 2009 1079 2063 ttbi
1112 2009 1403 2062 haereticus
1443 2007 1560 2062 ﬁeri
1593 2023 1699 2061 non
1733 2008 1927 2062 timuit.
1960 2006 2115 2063 Velut

528 2103 839 2174 accipiendo
883 2104 1026 2159 enim
1059 2104 1274 2168 amisit,
1324 2112 1416 2158 aut
1463 2111 1612 2158 certe
1653 2104 1938 2156 damnatus
1980 2099 2112 2165 fuit,

526 2195 650 2264 quia
681 2210 745 2248 ne
771 2195 1026 2264 deinceps
1075 2195 1335 2250 honorem
1385 2193 1821 2248 ecclesiasticum
1866 2194 2116 2263 accipere

525 2286 697 2356 possit
742 2286 1076 2357 promeruit,
1128 2284 1425 2340 secundum
1471 2284 1614 2354 quod
1662 2283 1946 2339 Psalmista
1989 2283 2110 2338 ait:

532 2393 551 2427 ι
588 2373 840 2444 Dejecisti
864 2392 987 2440 eos,
1012 2376 1137 2432 dum
1167 2375 1530 2428 allevarentur
1555 2372 1731 2444 (Psal.
1755 2389 1923 2438 Lxxtt,
1951 2372 2061 2445 18).
2088 2389 2107 2425 ι

526 2465 811 2524 Non-enim
845 2470 922 2524 ait
955 2466 1199 2536 dejecisli
1245 2483 1340 2522 eos
1387 2475 1673 2538 postquam
1710 2467 1904 2522 elevati
1954 2474 2114 2535 sunt,

527 2557 622 2614 sed
649 2574 771 2614 cum
799 2560 1164 2616 elevarentur.

1120 2650 1348 2706 CAPUT
1387 2648 1522 2706 Xlll.

595 2739 1014 2812 Beatusquoque
1029 2741 1321 2812 Gregorius
1336 2741 1386 2793 in
1403 2740 1692 2796 litoralibus
1710 2741 1774 2796 de
1789 2740 2111 2807 struthione,

530 2834 673 2902 quod
707 2834 973 2904 privasset
1008 2847 1126 2886 eam
1160 2831 1301 2885 Deus
1331 2831 1616 2902 sapientia,
1647 2846 1746 2886 nec
1777 2832 2012 2909 dedisset
2037 2830 2112 2885 illi

526 2924 970 2994 intelligentiam,
1025 2921 1253 2994 loquens
1299 2922 1422 2976 ait:
1475 2941 1492 2972 ι
1539 2922 1799 2989 Quamvis
1846 2923 1990 2978 aliud
2042 2923 2114 2976 sit

526 3014 774 3084 privare,
821 3013 966 3066 aliud
1005 3029 1109 3068 non
1158 3015 1326 3078 dare,
1359 3014 1461 3068 hoc
1513 3023 1690 3068 tamen
1743 3014 1957 3084 repetiit
1987 3013 2116 3068 sub-

527 3104 700 3158 dendo
730 3119 832 3156 non
863 3103 1045 3168 dedit,
1082 3103 1226 3172 quod
1267 3103 1556 3173 praemisit,
1619 3103 1872 3174 privavit.
1943 3104 2020 3157 Ac
2065 3103 2109 3157 si

526 3193 754 3258 diceret,
793 3195 938 3267 quod
969 3196 1102 3260 dixi,
1130 3195 1385 3266 privavit,
1417 3212 1523 3250 non
1559 3196 1760 3265 injuste
1790 3196 2110 3266 sapientiam

526 3287 788 3352 abstulit,
819 3288 913 3341 sed
937 3286 1082 3356 jnste
1109 3303 1214 3341 non
1244 3286 1409 3341 dedit.
1438 3285 1592 3342 Unde
1619 3295 1672 3342 et
1699 3285 1994 3341 Pharaonis
2018 3300 2114 3342 cor

527 3377 784 3432 Dominus
823 3377 1121 3432 obdurasse
1165 3377 1514 3442 describitur,
1543 3393 1648 3430 non
1679 3377 1822 3446 quod
1873 3377 1987 3446 ipse
2017 3376 2114 3431 du-

525 3465 706 3521 ritiam
736 3467 998 3532 contulit,
1027 3467 1120 3523 sed
1145 3467 1312 3538 quod,
1341 3468 1681 3539 exigentibus
1711 3468 1938 3532 meritis,
1968 3466 2108 3521 nulla

526 3556 658 3613 illud
691 3557 923 3630 desuper
949 3559 1115 3614 infusi
1147 3560 1362 3614 timoris
1397 3559 1758 3615 sensibilitate
1805 3559 2052 3614 mollivit.
2086 3579 2105 3612 ο

527 3647 694 3715 llinc,
719 3663 786 3704 ex
821 3650 990 3720 ipsius
1019 3650 1078 3704 Β.
1105 3650 1353 3722 Gregorii
1382 3650 1563 3716 dictis,
1588 3649 1904 3705 ostendatur
1930 3659 2110 3705 utrum

525 3739 868 3798 Simoniacus
900 3742 970 3798 sit
1000 3742 1282 3797 habendus
1315 3752 1407 3796 attt
1443 3743 1704 3798 dicendus
1731 3743 2038 3798 hmreticus.

593 3831 680 3888 Ea:
707 3833 927 3904 epistola
953 3835 1066 3905 ejus
1091 3835 1161 3888 ad
1191 3833 1593 3888 Brtmt'cltitdam
1612 3875 1627 3900 ,
1669 3837 1896 3905 reginam
1933 3833 2110 3889 Fran-

526 3941 733 3981 corum.
773 3945 790 3978 ι
823 3925 930 3980 Nec
959 3927 1084 3981 illttd
1118 3927 1478 3997 praeterimus,
1506 3929 1598 3982 sed
1619 3929 1839 3982 omnino
1865 3943 2114 3982 exsecra-

522 4019 632 4075 bile
653 4031 710 4077 et
738 4036 859 4076 esse
889 4021 1270 4093 gravissimum
1301 4022 1658 4087 detestamur,
1696 4037 1760 4076 eo
1797 4023 1939 4092 quod
1968 4022 2111 4076 sacri

526 4111 640 4167 illic
675 4113 894 4166 ordines
925 4129 1024 4182 per
1051 4113 1414 4167 Simoniacatn
1467 4113 1752 4176 hazresim,
1790 4129 1909 4183 quae
1938 4113 2112 4183 prima

523 4213 712 4257 contra
736 4203 1028 4258 Ecclesiant
1057 4215 1176 4259 orta
1193 4213 1247 4258 et
1275 4203 1518 4258 districta
1552 4205 1937 4260 maledictione
1961 4205 2114 4259 dam-

527 4303 653 4348 nata
676 4303 752 4348 est
771 4334 785 4358 ,
815 4293 1186 4348 conferantur.
1212 4292 1349 4348 llinc
1371 4309 1498 4363 ergo
1527 4295 1705 4363 agitur
1729 4303 1786 4347 ttt
1814 4294 2114 4348 sacerdotis

529 4382 766 4452 dignitas
791 4383 842 4436 itt
869 4384 1142 4453 despectu,
1173 4392 1227 4436 et
1250 4392 1470 4437 sanctus
1493 4384 1563 4436 sit
1593 4384 1766 4438 honor
1791 4385 1840 4438 itt
1864 4385 2110 4441 crimine.

2226 559 2279 606 et
2311 550 2360 604 in
2399 549 2514 620 ipso
2541 557 2660 602 ortu
2691 563 2788 602 suo
2817 547 2933 602 zelo
2960 546 3272 616 apostolicae
3303 548 3520 605 ultionis
3545 565 3807 621 percussa

2225 650 2386 711 atque
2412 641 2664 695 damnata
2691 648 2806 704 est,
2839 640 2890 692 in
2922 640 3074 709 regni
3101 640 3263 694 vestri
3295 640 3492 696 ﬁnibus
3512 643 3803 702 dominari.

2225 728 2356 784 Cum
2394 730 2445 783 in
2477 729 2846 784 sacerdotibus
2879 727 3011 784 ﬁdes
3041 729 3110 782 sit
3139 729 3383 800 eligenda
3411 745 3533 786 cum
3585 733 3730 802 vita,
3754 733 3806 794 si

2223 820 2330 874 vita
2363 821 2458 876 dee
2481 830 2544 887 .t,
2591 820 2723 875 ﬁdes
2755 820 3006 875 meritum
3040 836 3142 876 non
3196 821 3384 886 habet,
3416 824 3578 879 beato
3603 824 3804 884 Iacobo

2224 918 2548 973 attestante,
2578 909 2668 980 qui
2714 910 2790 964 ait
2821 927 2832 962 :
2868 909 3029 963 Fides
3066 910 3178 964 sine
3206 912 3444 979 operibus
3490 924 3699 967 mortuo
3723 923 3806 970 eu

2225 1000 2363 1072 (Jac.
2396 1018 2464 1066 ll,
2493 1003 2603 1074 20).
2640 1003 2768 1070 Qua:
2823 1004 2967 1058 enim
2996 1021 3158 1073 opera
3191 1020 3314 1061 esse
3360 1007 3578 1062 valeant
3624 1024 3807 1064 sacer-

2223 1092 2364 1147 dotis
2391 1094 2482 1162 qui
2523 1094 2784 1149 honorem
2823 1099 2955 1150 tanti
2981 1097 3306 1151 sacramenti
3338 1099 3679 1153 convincitur
3706 1099 3808 1154 ob-

2226 1183 2396 1237 tinere
2421 1198 2518 1253 per
2538 1185 2854 1254 praemium?
2877 1186 2950 1240 Ex
2975 1200 3081 1256 qua
3106 1202 3164 1242 re
3185 1188 3364 1259 agitur
3385 1197 3443 1243 ut
3467 1189 3567 1258 ipsi
3588 1205 3804 1260 quoque

2222 1274 2310 1344 qui
2343 1291 2528 1331 sacros
2559 1278 2776 1332 ordines
2812 1287 3103 1348 appetunt,
3143 1295 3248 1334 non
3298 1281 3462 1335 vitam
3493 1283 3803 1352 corrigere,

2223 1379 2328 1418 non
2363 1382 2540 1422 mores
2573 1383 2900 1438 componere
2926 1371 3214 1438 studeant,
3243 1373 3336 1428 sed
3363 1374 3580 1428 divitias
3608 1375 3806 1444 quibus

2223 1457 2396 1511 honor
2444 1474 2599 1514 sacer
2651 1461 2851 1514 emitur
2914 1476 3266 1534 congregare.
3323 1463 3459 1520 Hine
3518 1464 3578 1519 ﬁt
3636 1465 3804 1520 etiam

2222 1548 2461 1606 insontes
2505 1561 2560 1606 et
2591 1567 2858 1622 pauperes
2905 1569 2935 1606 a
2982 1555 3155 1610 sacris
3203 1555 3483 1611 ordinibus
3544 1556 3806 1626 prohibiti

2219 1641 2565 1713 despectique
2592 1645 2856 1700 resiliant.
2886 1646 2987 1712 Et,
3019 1647 3144 1702 dttttt
3183 1647 3496 1704 innocentia
3546 1650 3804 1720 pauperis

2220 1732 2484 1802 displicet,
2511 1735 2732 1790 dubium
2756 1751 2862 1791 non
2887 1745 2969 1792 est
2996 1739 3136 1807 quod
3163 1740 3443 1809 prmmium
3471 1740 3579 1795 illic
3602 1741 3803 1796 delicta

2217 1827 2592 1892 commendet,
2646 1827 2806 1897 quia,
2857 1828 2947 1883 ttbi
2996 1845 3188 1884 aurum
3233 1831 3434 1900 placet,
3484 1842 3540 1888 et
3589 1834 3802 1888 vitium.

2216 1916 2352 1973 llinc
2399 1919 2564 1989 igitur
2609 1935 2713 1976 non
2763 1920 2935 1976 solum
2985 1921 3039 1977 in
3087 1925 3421 1980 ordinatoris
3464 1934 3520 1980 et
3564 1925 3801 1980 ordinati

2215 2008 2450 2062 animam
2475 2009 2669 2066 letltale
2695 2011 2886 2066 vulnus
2916 2011 3177 2081 inﬁgitur,
3205 2029 3392 2069 verum
3423 2016 3583 2070 etiam
3625 2014 3805 2070 excel-

2216 2097 2394 2154 lentia:
2430 2110 2622 2156 vestrre
2652 2116 2875 2172 regnum
2920 2103 3297 2174 episcoporum
3344 2105 3500 2175 culpa
3524 2141 3538 2168 .
3568 2113 3803 2174 quorum

2215 2191 2387 2263 magis
2411 2193 2892 2249 intercessionibus
2909 2195 3088 2265 juvari
3109 2196 3798 2266 debuerat,pr:egravatur.

2217 2283 2273 2338 Si
2299 2284 2440 2338 enim
2465 2284 2512 2340 is
2536 2287 2728 2358 dignus
2747 2287 3051 2343 sacerdotio
3071 2288 3314 2344 creditur
3331 2289 3416 2342 cui
3442 2304 3545 2343 non
3571 2287 3800 2342 actionis

2215 2375 2410 2430 merita
2437 2416 2451 2443 ,
2486 2377 2578 2432 sed
2610 2379 2955 2447 prazmiorum
2985 2379 3141 2449 copia
3169 2377 3514 2448 suffragatur,
3549 2386 3714 2432 restat
3740 2385 3801 2432 ut

2215 2467 2347 2523 nihil
2393 2469 2494 2524 sibi
2543 2469 2597 2524 in
2648 2471 2854 2526 honore
2900 2469 3272 2526 ecclesiastico
3333 2470 3603 2541 gravitas,
3666 2466 3798 2522 nihil

2213 2557 2468 2615 defendat
2498 2560 2801 2627 industria,
2832 2561 2928 2616 sed
2974 2570 3120 2616 totus
3167 2561 3285 2614 auri
3342 2559 3602 2630 profanus
3645 2573 3800 2612 amor

2213 2650 2474 2706 obtineat.
2507 2651 2605 2717 Et,
2635 2651 2761 2706 dum
2788 2652 2919 2706 vitia
2950 2650 3124 2707 honor
3151 2659 3494 2714 remunerat,
3528 2651 3578 2702 in
3620 2649 3796 2702 locum

2212 2740 2413 2799 ultoris
2443 2743 2487 2797 is
2516 2744 2608 2813 qui
2653 2743 2883 2800 fortasse
2913 2742 3091 2798 fuerat
3119 2743 3461 2798 ulciscendas
3491 2742 3796 2808 adducitur,

2215 2843 2377 2903 atque
2427 2835 2556 2889 hinc
2604 2835 2916 2890 sacerdotes
2966 2850 3072 2888 non
3118 2835 3415 2905 proﬁcere,
3468 2833 3559 2888 sed
3608 2832 3798 2901 prrcire

2214 2924 2396 2993 potius
2430 2924 2766 2980 indicantur.
2817 2923 3110 2980 Vulnerato
3142 2940 3374 2994 namque
3400 2931 3644 2993 pastore,
3675 2923 3796 2991 quis

2213 3015 2470 3071 curandis
2515 3015 2708 3072 ovibus
2751 3016 3006 3072 adhibeat
3053 3016 3411 3070 medicinam?
3450 3025 3544 3069 attt
3581 3014 3796 3084 quando

2215 3105 2467 3176 p0pulutn
2518 3107 2783 3162 orationis
2826 3105 3015 3178 clypeo
3066 3115 3302 3171 tueatur,
3353 3107 3443 3175 qui
3494 3103 3690 3174 jaculis
3736 3119 3796 3159 se

2217 3197 2452 3252 hostium
2478 3198 2779 3252 feriendum
2793 3198 3051 3268 exponit?
3067 3205 3158 3252 aut
3175 3197 3388 3267 qualem
3401 3196 3465 3251 de.
3479 3213 3537 3250 se
3559 3195 3794 3251 fructum

2214 3288 2577 3357 producturus
2597 3297 2708 3352 est,
2733 3288 2892 3358 cujus
2912 3290 3065 3360 pravi
3093 3297 3243 3358 peste
3274 3289 3426 3343 radix
3456 3287 3650 3343 infecta
3677 3285 3796 3342 est?

2216 3377 2387 3446 Major
2413 3393 2543 3448 ergo
2570 3380 2858 3436 metuenda
2897 3390 2981 3434 est
3010 3379 3146 3435 locis
3192 3379 3297 3434 illis
3333 3378 3449 3434 fore
3478 3378 3794 3446 calamitas,

2211 3469 2304 3524 ubi
2336 3470 2471 3526 tales
2502 3471 2896 3526 intercessores
2922 3470 3266 3524 adducuntur
3286 3471 3353 3523 ad
3377 3468 3553 3524 locum
3581 3467 3796 3538 regimi-

2215 3559 2328 3624 nis,
2361 3560 2451 3628 qui
2476 3558 2570 3613 Dei
2594 3559 2646 3613 in
2673 3575 2732 3615 se
2755 3560 2928 3628 magis
2955 3559 3291 3614 iracundiam
3319 3567 3614 3629 provocent
3633 3572 3798 3627 quam

2212 3663 2310 3718 per
2331 3649 2650 3720 semetipsos
2676 3650 2890 3721 populis
2910 3650 3130 3719 placare
3155 3651 3476 3705 debuerant.
3523 3667 3543 3701 ι

2283 3738 2456 3805 Item,
2519 3741 2656 3794 idem
2734 3740 2946 3811 Siagrio
3017 3740 3255 3809 ερὶεσορο
3315 3737 3790 3810 Augustadunensi.

2218 3846 2240 3882 ‹
2282 3828 2480 3885 Νυηιίο
2521 3833 2662 3901 apud
2706 3847 2806 3887 nos
2835 3831 2965 3886 olim
3013 3832 3351 3886 discurrente
3396 3830 3668 3903 vulgatum
3711 3838 3790 3883 est

2213 3921 2390 3990 quod,
2442 3921 2494 3976 in
2548 3922 2845 3977 Galliarum
2893 3923 3166 3993 partibus,
3218 3922 3359 3978 sacri
3423 3921 3644 3976 ordines
3699 3934 3794 3989 per

2215 4011 2578 4068 Simoniacam
2645 4015 2894 4070 haeresim
2948 4014 3320 4080 conferantur,
3377 4024 3434 4069 et
3489 4012 3790 4068 vehementi

2215 4105 2375 4159 tzedio
2404 4107 2658 4161 mmroris
2687 4106 2951 4162 afﬁciatur
2981 4107 3027 4160 si
3081 4107 3132 4160 in
3172 4107 3558 4162 ecclesiasticis
3603 4104 3790 4159 nﬁiciis

2214 4209 2536 4265 quemquam
2563 4197 2760 4252 habeat
2781 4197 2954 4251 locum
2969 4198 3213 4268 pecunia,
3229 4208 3284 4253 et
3303 4198 3360 4252 ﬁt
3375 4198 3567 4254 saecula
3577 4213 3635 4252 re
3651 4196 3788 4267 quod

2216 4300 2428 4340 sacrum
2451 4296 2550 4342 est.
2567 4287 2885 4358 Quicunque
2905 4303 3033 4357 ergo
3058 4289 3159 4343 hoc
3184 4290 3342 4359 pretii
3369 4290 3551 4344 studet
3575 4288 3787 4342 dationc

2215 4381 2500 4450 percipere
2519 4415 2546 4447 ,-
2567 4383 2822 4437 sacerdos
2851 4397 2957 4436 non
2983 4397 3131 4448 esse,
3158 4383 3250 4437 sed
3277 4381 3381 4436 dici
3421 4379 3788 4436 tantummodo

525 4476 676 4532 Perit
705 4480 891 4548 utique
936 4481 1270 4545 reverentia,
1323 4481 1579 4534 adimitur
1627 4480 1944 4549 disciplina,
1981 4478 2108 4547 quia
2137 4496 2188 4556 ι)
2218 4472 2456 4527 inaniter
2504 4474 2862 4544 concupiscit.
2914 4473 3052 4541 Quid
3102 4475 3339 4529 scilicet?
3382 4475 3509 4543 quid
3553 4488 3648 4542 per
3689 4473 3786 4527 hoc

523 4571 616 4642 qui
650 4570 836 4641 culpas
869 4571 1054 4626 debuit
1101 4571 1394 4626 emendare
1439 4572 1764 4637 committit,
1817 4580 1872 4626 et
1901 4569 2109 4624 nefaria

527 4663 824 4718 ambitione
857 4663 1191 4719 honorabilis
1223 4664 1522 4719 sacerdotis
1553 4663 1768 4718 ducitur
1813 4663 1866 4717 in
1913 4663 2110 4731 depra-

526 4755 748 4810 vatione
789 4771 1042 4810 censura.
1085 4754 1219 4809 Nam
1266 4757 1386 4826 quis
1426 4755 1605 4810 denuo
1645 4763 1936 4809 veneretur
1966 4754 2109 4824 quod

529 4845 822 4900 venditur?
851 4854 945 4899 aut
975 4846 1096 4914 quis
1126 4861 1232 4900 non
1261 4846 1366 4900 vile
1409 4854 1561 4915 ptttet
1589 4845 1732 4914 quod
1760 4844 1923 4898 emit?
1957 4843 2111 4899 Unde

503 4936 678 4992 evaltle
709 4937 1024 5004 contristor,
1051 4948 1105 4994 et
1128 4949 1291 4994 terra:
1326 4939 1468 4993 illius
1498 4939 1796 5002 condoleo,
1827 4938 1955 5007 quia
1979 4938 2107 4992 dum

520 5024 783 5058 αηῖ-ἶιηηη
815 5037 1062 5058 cunni-nn
1147 5043 1304 5060 ηηηιη
1355 5043 1450 5060 nan
1477 5044 1666 5062 Ine-nnc
1707 5026 2105 5064 hnnncilinnnni

2212 4565 2412 4634 agitur,
2429 4565 2528 4619 nisi
2555 4574 2611 4619 ut
2638 4566 2778 4619 nulla
2804 4568 2868 4622 de
2889 4575 3010 4620 actu
3035 4566 3302 4636 probatio,
3323 4566 3464 4620 nulla
3487 4565 3784 4620 sollicitudo

2211 4656 2277 4710 dc
2309 4657 2574 4723 moribus,
2608 4658 2751 4714 nttlla
2800 4659 2856 4714 ﬁt
2902 4661 2968 4714 de
2995 4661 3101 4715 vita
3135 4659 3428 4724 discttssio,
3457 4661 3549 4716 sed
3579 4661 3662 4714 ille
3696 4675 3785 4713 so-

2213 4749 2486 4804 lummodo
2517 4749 2709 4820 dignus
2739 4751 2830 4822 qui
2879 4751 3010 4807 dare
3049 4752 3281 4820 pretium
3329 4752 3600 4807 suffecerit
3646 4751 3782 4805 ξιξειί-

2213 4843 2420 4897 tnetur?
2450 4843 2531 4898 Ex
2560 4859 2665 4914 qua
2706 4861 2765 4900 re
2794 4846 2836 4899 si
2867 4846 3000 4901 recti
3044 4845 3348 4902 libraminis
3387 4846 3779 4903 examinatione

2211 4943 2486 5002 pensetur,
2536 4937 2662 4991 dum
2717 4938 2957 5007 improbe
2999 4938 3065 4993 ad
3097 4939 3310 4994 inanem
3339 4941 3568 5010 gratiam
3612 4939 3773 4994 locum

2213 5025 2421 5064 ΓιιαιῖηιιΙ
2453 5027 2770 5064 ιιιιηὶῖιῖιηιῖο
2797 5035 3034 5064 Ivi-pinnula
3078 5043 3143 5064 nn
3172 5031 3286 5064 incn
3307 5031 3474 5064 mna-ﬁo
3507 5031 3597 5064 nn:
3620 5029 3774 5064 hnrn-
