4124 5374
258 272 396 341 tor.

252 493 492 556 electio;
529 502 586 546 ut
629 493 696 546 ad
731 507 1001 549 summam
1067 498 1370 570 sacerdotii]
1421 515 1524 553 non
1575 501 1830 572 sutiragio

251 583 628 644 venditorum,
674 594 990 652 provectus,
1037 587 1130 639 sed
1177 589 1268 641 Dei
1301 591 1559 644 credatur
1596 591 1826 660 judicio:

255 689 413 736 tiam,
446 674 578 743 quia
607 686 771 741 grave
798 676 1019 731 omnino
1045 675 1256 733 facinus
1283 687 1369 734 est
1395 681 1492 736 Dei
1521 683 1720 738 donum
1749 684 1832 738 vel

253 765 431 834 pretio
458 779 779 833 comparare
807 765 888 819 vel
920 766 1186 832 vendere,
1211 769 1528 840 evangelica
1553 782 1637 826 est
1680 774 1833 828 testis

255 854 776 924 auctoritasUlauli.
797 871 911 920 ut,
931 857 1021 926 12)
1038 875 1051 910 :
1067 857 1500 928 Templumenim
1513 861 1772 918 Dominus
1781 874 1834 918 et

255 945 581 1015 Bedernptm
593 957 777 1002 noster
797 948 1074 1018 ingressus
1087 951 1374 1007 cathedras
1395 955 1834 1011 vendentiumco~

255 1037 465 1092 lumbas
484 1039 698 1092 evertit.
721 1037 860 1106 Quid
885 1041 1133 1096 aliud-est
1151 1044 1430 1099 columbas
1449 1047 1699 1111 vendere,
1731 1050 1832 1104 nisi

248 1127 490 1196 pretium
519 1129 586 1182 de
613 1143 804 1185 manus
824 1129 1170 1200 impositione
1197 1133 1473 1201 accipere,
1505 1130 1562 1189 et
1587 1144 1833 1192 sanctum

249 1213 546 1287 Spiritum.
575 1234 738 1288 quem
759 1222 1102 1290 omnipotens
1125 1224 1269 1278 Deus
1291 1225 1602 1280 horninibus
1626 1228 1835 1291 tribuit,

254 1306 604 1369 venundare?
647 1311 884 1377 Quorum
925 1314 1285 1368 sacerdotium
1335 1324 1463 1369 ante
1507 1317 1602 1371 Dei
1651 1317 1838 1373 cenios

232 1400 478 1465 cadere,
555 1401 940 1476 cathedrarum
995 1405 1192 1473 utique
1247 1415 1495 1474 patenter
1559 1409 1840 1465 eversione

240 1491 529 1561 lignatum
554 1501 656 1548 est.
687 1493 753 1549 Et
777 1503 965 1549 tamen.
985 1497 1162 1560 exerit
1198 1495 1379 1551 adhuc
1421 1497 1679 1568 nequitiae
1709 1493 1839 1569 pra-

259 1580 405 1636 vitas
435 1581 584 1636 vires
619 1597 766 1637 snas.
793 1581 929 1640 Nam
955 1583 1099 1654 cogit
1122 1584 1356 1641 vendere
1380 1602 1516 1655 quos
1549 1587 1750 1658 decipit
1783 1599 1842 1642 ut

962 292 1326 348 ADVERSUS
1362 293 1772 354 SIMONIACOS
1807 296 1981 355 LIBRI
2023 299 2217 356 TRES.
2246 332 2312 343 ιρι
2340 302 2538 357 LIBER
2568 300 2840 360 PRIMUS.

249 402 475 465 simplex
505 403 621 458 sine
652 403 944 461 venalitate
966 419 1282 462 consensus.
1323 408 1458 462 Pura
1507 411 1827 480 praeferatur
1854 420 1901 477 Α
1933 414 2124 468 dicitur

3363 304 3495 361 1031

2164 433 2177 468 :
2230 433 2249 465 ‹
2311 415 2410 482 Qui
2475 414 2632 470 otfert
2688 414 3014 470 sacrificium
3073 415 3140 470 de
3195 416 3499 473 substantia

1932 505 2202 574 pauperis,
2229 520 2292 558 ac
2337 506 2380 559 si
2407 505 2649 560 victimet
2679 506 2845 559 lilium
2891 507 2943 560 in
2990 515 3278 576 conspectu
3327 509 3509 577 patris-

1933 595 2120 664 (Errli.
2163 612 2352 660 xxxiv,
2377 595 2490 661 ‘24).
2523 617 2540 648 ι
2573 597 2818 663 Quantus
2845 606 3022 651 autem
3053 597 3208 651 dolor
3226 598 3397 666 patris
3429 600 3502 653 sit

1929 683 2344 753 perpendamus,
2374 685 2417 738 si
2444 687 2497 738 in
2525 685 2642 752 ejus
2671 695 2963 754 conspectu
2993 686 3133 740 filius
3158 687 3498 756 victimetur-

1929 782 1986 826 et
2012 773 2137 828 hinc
2175 772 2333 828 facile
2357 785 2746 843 cognoscemus
2771 782 2974 843 quanto
3000 774 3139 828 Deus
3159 776 3504 844 omnipotens

1934 862 2118 916 dolore
2144 871 2514 931 exasperatur,
2543 861 2760 931 quando
2784 863 2835 916 ei
2854 862 3195 916 sacrificium
3214 879 3282 916 ex
3316 863 3504 933 rapina

1934 951 2206 1006 tribuitur.
2251 951 2420 1006 Nimis
2444 967 2574 1022 ergo
2616 952 2991 1007 declinandum
3017 961 3120 1012 est,
3151 951 3504 1008 dilectissimo

1935 1038 2127 1103 frater,
2151 1041 2253 1095 sub
2278 1041 2501 1096 obtentu
2523 1040 2900 1110 eleemosynae,
2931 1048 3150 1110 peccata
3187 1039 3241 1093 Si
3252 1040 3508 1094 mouiaca:

1937 1119 2204 1187 haereseos
2231 1139 2562 1201 perpetrare.
2593 1129 2727 1185 Nam
2751 1130 2896 1184 aliud
2927 1139 3008 1185 est
3035 1139 3257 1199 propter
3287 1140 3508 1198 peccata

1931 1222 2332 1292 'eIeemosynam
2383 1222 2605 1286 facere,
2658 1223 2803 1276 aliud
2872 1232 3090 1292 propter
3137 1222 3510 1293 elcemosynas

1937 1322 2154 1382 peccata
2186 1313 2546 1373 commit-tere.
2578 1332 2600 1363 ι

2009 1403 2076 1458 Et
2117 1413 2230 1472 post
2250 1403 2428 1472 aliqua
2451 1404 2587 1457 idem
2611 1402 2796 1466 eidem,
2829 1401 2966 1455 unde
2985 1417 3164 1470 supra.
3197 1419 3216 1452 ι
3249 1399 3326 1454 Ne
3351 1398 3511 1456 [Orsi-

1941 1502 2032 1548 tan
2051 1493 2229 1554 adhuc
2257 1507 2438 1562 prava:
2459 1507 2518 1546 se
2535 1491 2940 1559 consuetudinis
2961 1491 3242 1560 quisquam
3268 1489 3398 1544 velit
3413 1489 3512 1542 ob-

1935 1585 2081 1655 iectu
2095 1583 2404 1650 defendere,
2424 1584 2778 1638 fraternitatis
2794 1592 2985 1638 vestra:
3009 1582 3267 1638 discretio
3289 1580 3513 1636 rationis

249 1681 538 1735 emerent;
585 1681 642 1727 et
684 1674 814 1728 dum
858 1690 964 1728 non
1010 1676 1241 1729 atumdit
1291 1678 1433 1746 quod
1456 1679 1662 1732 divina
1709 1694 1839 1736 voce
1869 1744 1902 1748 _
1934 1689 2036 1728 eos
2056 1675 2215 1729 freno
2251 1683 2522 1738 coerceat,
2546 1682 2600 1729 et
2625 1674 2730 1728 labi
2761 1675 2814 1727 in
2852 1673 3053 1728 illicitis
3078 1687 3184 1728 non
3213 1673 3512 1748 permittat,

259 1763 579 1832 pnecipitur
605 1782 618 1816 :
659 1782 678 1815 ς
717 1763 902 1819 Gratis
938 1768 1223 1836 accepistis
1243 1807 1257 1832 ,
1279 1744 1450 1837 gratis
1469 1768 1594 1823 date
1619 1767 1835 1839 (Haud.
1867 1744 1915 1804 Β
1942 1766 2066 1834 quia
2089 1763 2350 1834 quidquid
2376 1763 2567 1820 ultioni
2590 1763 2807 1833 dignum
2822 1772 2924 1826 est,
2952 1777 3057 1817 non
3080 1762 3148 1816 ad
3173 1744 3514 1824 imitationis,

262 1870 327 1919 κ,
355 1857 448 1923 8),
488 1874 506 1906 ι
537 1855 715 1924 agitur
742 1864 804 1910 ut
830 1866 1076 1923 crescat,
1113 1868 1168 1912 ct
1193 1859 1460 1928 geminata
1508 1859 1604 1913 flat
1648 1860 1702 1914 in
1734 1877 1841 1915 uno

249 1945 770 2014 eodemquedelicto
791 1947 1051 2012 conditio,
1066 1951 1298 2004 eruentis
1310 1951 1583 2008 scilicetet
1597 1956 1804 2008 vendes
1815 1989 1838 1998 -

254 2035 348 2094 tis.
389 2035 454 2090 iit
477 2030 827 2104 cum‘liqueat
847 2038 986 2093 hanc
1009 2039 1258 2097 haeresim
1273 2050 1400 2096 ante
1420 2057 1614 2097 omnes
1658 2042 1841 2098 radice

256 2124 519 2195 pestifera
547 2127 912 2197 subrepsisse,
940 2137 1100 2198 atque
1139 2130 1194 2184 iu
1225 2131 1338 2200 ipsa
1360 2147 1455 2186 sua
1477 2134 1687 2204 origine
1712 2147 1841 2203 apo-

255 2219 452 2274 stolzca
476 2234 597 2274 esse
621 2221 976 2276 detestatione
1001 2223 1329 2284 damnatam,
1358 2241 1455 2279 cur
1469 2241 1572 2279 non
1595 2235 1840 2290 cavetur,

255 2329 363 2370 cur
399 2328 504 2368 non
534 2313 897 2382 perpenditur,
930 2315 1056 2382 quia
1095 2315 1394 2370 benedictio
1435 2317 1508 2371 illi
1538 2319 1591 2371 in
1615 2317 1840 2372 maledi-

257 2405 500 2459 ctionem
525 2405 981 2476 convertitur,qui
1008 2407 1074 2461 ad
1101 2407 1202 2461 hoc
1225 2419 1285 2462 ut
1311 2408 1402 2462 fiat
1423 2410 1710 2465 lia-relictis
1727 2425 1844 2480 pro-

263 2497 550 2556 movetur?
587 2493 912 2565 Plerumque
947 2497 1110 2566 igitur
1133 2499 1477 2554 adversarius
1515 2500 1843 2564 animarum,

261 2585 397 2642 dum
427 2601 534 2640 non
569 2594 746 2653 poti-st
787 2585 838 2638 in
882 2586 967 2640 his
1000 2601 1139 2654 aqua:
1180 2589 1248 2642 ad
1293 2587 1484 2642 faciem
1515 2597 1640 2642 sunt
1681 2603 1844 2657 prava

254 2673 554 2743 subripere
581 2714 597 2738 ,
657 2674 891 2738 callide,
936 2675 1117 2742 specie
1169 2678 1321 2744 quasi
1361 2678 1586 2746 pictatis
1627 2676 1845 2744 injecta,

263 2749 465 2818 nititur
511 2764 876 2832 subplantare,
927 2765 1222 2834 suadetque
1269 2765 1495 2822 forsitan
1538 2767 1734 2825 debere
1779 2767 1846 2820 ab

239 2845 599 2921 habentibus
627 2853 822 2922 accipi,
849 2863 905 2906 ut
925 2854 1164 2928 site-quod
1192 2856 1366 2925 pOSSit-
1399 2872 1504 2912 non
1525 2856 1848 2916 habentibus

264 2945 508 3014 erogari,
535 2945 832 2999 dunimodo-
856 2945 938 2998 vel
961 2945 1038 3012 sic
1057 2961 1262 3008 venena
1292 2948 1601 3010 mortifera,
1622 2947 1850 3006 cleento-

1940 1855 2031 1910 sed
2057 1855 2234 1924 potius
2249 1854 2312 1909 ad
2344 1855 2651 1923 exemptum
2681 1854 2842 1908 debet
2869 1852 3226 1922 correptionis
3252 1852 3462 1907 adduci.
3489 1869 3511 1904 ι

2011 1945 2079 1998 Et
2100 1954 2211 2014 post
2231 1961 2400 2014 pauca
2428 1961 2441 1998 :
2478 1962 2499 1996 ι
2526 1944 2605 1998 De
2637 1943 2721 1998 his
2743 1943 2923 2012 itaque
2951 1958 3071 2011 quie
3093 1942 3341 2012 superius
3371 1942 3516 1996 dicta

1941 2045 2084 2100 sunt,
2127 2035 2522 2089 fraternitatem
2575 2043 2811 2089 vestram
2857 2041 3078 2088 auctore
3119 2031 3229 2087 Deo
3268 2032 3518 2090 volumus

1941 2127 2204 2196 synodum
2242 2138 2590 2194 congregare,
2644 2132 2808 2194 atque
2857 2122 2910 2176 in
2949 2137 3035 2184 ea,
3074 2120 3517 2176 reverentissimo

1941 2217 2097 2272 fratri
2137 2224 2324 2278 nostro
2364 2215 2560 2285 Arcgio
2603 2213 2878 2283 episcopo,
2911 2220 2968 2265 et
3014 2210 3366 2270 dilectissimo
3410 2209 3521 2293 lilio

1941 2318 2132 2366 nostro
2187 2306 2415 2377 (Syriaco
2465 2305 2658 2362 abbate
2713 2302 3112 2364 mdiantibus,
3167 2300 3349 2356 omnia
3400 2315 3522 2370 quae

1944 2402 2149 2459 sanctis
2192 2400 2506 2459 canouibus,
2541 2398 2682 2454 sicut
2715 2396 3082 2473 praediximus.
3107 2403 3235 2450 sunt
3270 2393 3520 2450 adversa.

1943 2494 2193 2551 districto
2221 2491 2326 2546 sub
2347 2487 2713 2558 anathematis
2735 2484 3147 2554 interpositione
3175 2483 3521 2547 damnentur,

1925 2583 2002 2639 id
2021 2590 2130 2646 est,
2154 2589 2214 2634 ut
2241 2579 2417 2634 uultus
2443 2593 2554 2647 pro
2575 2574 2938 2645 adipiscendis
2957 2571 3340 2646 ecclesiasticis
3378 2569 3526 2625 ordi-

1948 2674 2106 2727 nibus
2143 2671 2272 2726 dare
2320 2669 2534 2738 aliquod
2586 2667 2924 2721 commodum
2967 2672 3278 2734 priesmnat,
3303 2660 3386 2712 vcl
3428 2674 3524 2728 pro

1947 2763 2089 2825 datis
2118 2761 2384 2831 accipere,
2425 2772 2599 2826 neque
2620 2772 2703 2827 ex
2731 2756 2868 2820 laico
2903 2753 3086 2808 habitu
3109 2751 3390 2820 quisquam
3437 2763 3522 2802 re-

1947 2863 2107 2926 pente
2129 2854 2324 2907 audeat
2371 2852 2439 2906 ad
2464 2850 2658 2908 ,locum
2709 2847 2851 2912 sacri
2891 2844 3168 2914 rcgiminis
3215 2854 3524 2923 pervenire,

1949 2961 2124 3017 neque
2154 2955 2220 3014 ut
2261 2945 2378 3000 alia:
2398 3006 2400 3008 _
2421 2943 2828 3004 mulierescum
2860 2934 3232 3002 sacerdotibus
3257 2931 3524 2995 habitent,

267 3049 421 3104 synzc
465 3033 638 3088 celata
683 3033 1118 3100 obumbratione,
1172 3037 1532 3095 transfundat.
1584 3035 1716 3090 Nam
1749 3051 1848 3091 nec
1871 3070 1922 3136 ε
1951 3038 2056 3092 nisi
2080 3039 2160 3092 hac
2185 3051 2306 3106 qua:
2334 3051 2364 3088 a
2391 3034 2562 3088 sacris
2595 3028 2891 3086 canouibus
2920 3023 3416 3136 suntt‘permissm.li

263 3130 500 3195 ‘veuator
544 3121 755 3192 feram,
805 3138 907 3196 nec
953 3138 1108 3180 avem
1157 3141 1356 3196 auceps
1412 3126 1852 3196 deciperet,|vel

266 3213 476 3282 piscem
501 3212 738 3280 piscator
757 3222 997 3282 caperet,
1022 3214 1066 3270 si
1091 3224 1186 3270 aut
1208 3215 1283 3270 illi
1315 3216 1568 3284 laqueum
1593 3217 1650 3271 in
1671 3226 1858 3287 aperto

265 3312 660 3374 proponerent,
701 3312 792 3356 aut
836 3303 925 3358 iile
947 3305 1166 3360 hamum
1194 3319 1317 3360 esca
1347 3306 1720 3362 absconditum
1750 3323 1856 3361 non

262 3389 520 3450 haberet.
536 3393 767 3449 Omnino
788 3409 918 3462 ergo
937 3397 1225 3452 metuenda
1249 3407 1298 3452 ct
1322 3399 1561 3452 cavenda
1582 3407 1666 3453 est
1686 3399 1858 3454 hostis

263 3485 502 3548 astutia,
522 3499 588 3538 ne
613 3499 750 3554 quos
775 3495 960 3554 aperta
987 3487 1174 3556 nequit
1204 3488 1500 3542 tcutatione
1520 3488 1856 3553 subvertere,

266 3572 479 3628 latente
505 3574 608 3628 telo
633 3575 1107 3631 valcattrucidare.
1137 3577 1320 3648 Neque
1341 3579 1486 3634 enim
1514 3579 1857 3650 eieemosyna

270 3665 575 3734 rcpntamla
622 3674 728 3729 est,
773 3666 814 3718 si
858 3667 1186 3737 pauperibus
1231 3669 1572 3738 dispensetur
1601 3671 1743 3738 quod
1790 3685 1856 3724 ex

267 3753 482 3808 illicitis
512 3756 672 3808 rebus
696 3757 980 3825 accipitur,
1001 3760 1128 3828 quia
1154 3761 1244 3830 qui
1275 3761 1374 3815 hac
1400 3760 1698 3816 intentione
1720 3761 1858 3815 male

275 3846 496 3914 accipit,
543 3854 604 3900 ut
663 3847 817 3916 quasi
868 3849 1004 3904 bene
1051 3850 1341 3920 dispenset,
1385 3864 1640 3922 gravatur
1680 3853 1859 3922 potius

266 3952 437 4008 quam
457 3937 701 4006 juvatur.
751 3939 1101 4011 Eleemosyna
1138 3941 1482 4012 Redemptori
1533 3953 1718 3997 nostro
1764 3944 1854 3998 illa

274 4028 474 4097 placet,
508 4043 631 4097 qua:
656 4043 761 4082 non
790 4029 854 4082 de
885 4030 1088 4090 illicitis
1119 4039 1175 4084 et
1203 4031 1484 4102 iniquitate
1523 4032 1856 4101 congeritur,

273 4119 372 4174 sed
405 4119 474 4174 de
495 4119 658 4173 rebus
673 4121 947 4176 concessis
968 4131 1022 4175 et
1045 4122 1182 4177 bene
1209 4123 1490 4192 acquisitis
1512 4123 1856 4193 impenditur.

275 4207 435 4268 Unde
462 4211 629 4266 etiam
675 4212 801 4266 illud
833 4223 1044 4266 certum
1067 4214 1329 4283 estquia,
1359 4215 1458 4268 etsi
1508 4215 1854 4279 monasteria,

270 4304 372 4357 "aut
395 4300 763 4365 xenodocbia,
798 4301 880 4355 vel
910 4302 1038 4372 quid
1069 4302 1216 4356 aliud
1241 4303 1593 4367 construitur,
1626 4304 1856 4359 mercedi

1948 3181 1950 3184 ,
2028 3129 2184 3194 Item,
2227 3128 2366 3182 idem
2402 3123 2632 3178 Victoria
2676 3121 2936 3191 episcopo.
2965 3134 2984 3168 ι
3018 3115 3270 3184 Quisquis
3318 3111 3386 3186 ad
3420 3111 3528 3164 hoc

1953 3219 2166 3276 facinus
2192 3217 2402 3272 videtur
2430 3213 2753 3268 Simoniacm
2783 3225 2847 3264 ac
2869 3206 3270 3276 Neopbytorum
3307 3199 3531 3256 haeresis

1957 3310 2348 3366 emendandum
2400 3304 2554 3362 cilicii
2605 3305 2682 3357 sui
2716 3299 3149 3358 consideratione
3177 3295 3532 3367 vehementer

1959 3418 2064 3456 non
2094 3398 2307 3462 arderi,
2355 3413 2476 3453 cum
2529 3397 2644 3470 ipso
2681 3409 2738 3447 se
2776 3393 2980 3464 habere
3023 3404 3126 3444 non
3169 3385 3379 3442 dubitet
3407 3398 3533 3456 por-

1959 3490 2179 3550 tionem,
2208 3502 2236 3539 a
2265 3501 2372 3555 quo
2411 3484 2559 3554 prius
2587 3485 2689 3538 hoc
2723 3481 2994 3553 peculiare
3023 3477 3283 3548 ﬂagitium
3300 3472 3533 3542 sumpsit

1957 3577 2263 3634 exordium.
2294 3594 2313 3625 ι

2030 3668 2115 3722 Ex
2173 3666 2393 3720 decretis
2440 3663 2707 3734 ejusdem,
2763 3661 2899 3715 unde
2949 3675 3134 3729 supra.
3181 3673 3200 3707 r
3242 3653 3533 3722 Antiquam

1959 3758 2177 3812 Patrum
2218 3754 2459 3821 regulam
2500 3765 2764 3821 sequens,
2800 3748 2932 3826 nihil
2963 3761 3198 3816 unquam
3229 3744 3294 3798 de
3317 3740 3535 3796 ordina-

1961 3848 2195 3902 tionibus
2240 3844 2611 3913 accipicndum
2650 3856 2772 3896 esse
2804 3840 3092 3900 constituo,
3123 3850 3295 3904 neque
3334 3848 3400 3887 cx
3443 3831 3535 3883 da-

1961 3942 2106 3995 tione
2133 3937 2301 4008 pallii,
2334 3950 2509 4005 neque
2557 3951 2626 3990 ex
2671 3932 2962 3987 traditione
2985 3930 3324 3988 chartarum,
3355 3938 3534 3991 neque

1959 4051 2024 4089 ex
2050 4048 2110 4087 ea
2139 4046 2298 4100 quam
2331 4044 2468 4082 nova
2494 4041 2589 4098 per
2625 4025 2973 4079 ambitionem
3017 4018 3292 4076 simulatio
3333 4015 3539 4072 invenit

1959 4121 2311 4194 appellatione
2342 4117 2572 4189 pastelli.
2619 4116 2755 4184 Quia
2782 4115 2926 4169 enim
2953 4109 3253 4167 ordinando
3281 4108 3539 4178 episcopo

1951 4212 2201 4284 pontifex
2214 4209 2693 4278 manumimponil,
2716 4204 3078 4275 evangelica":
3107 4199 3538 4254 verolcctionem

1961 4304 2205 4358 minister
2229 4301 2376 4370 legit,
2419 4295 2850 4360 confirmationis
2880 4303 3057 4347 autem
3109 4291 3226 4362 ejus
3253 4287 3539 4360 epistolam

275 4409 386 4458 non
413 4393 923 4464 prolicit,quoniam
937 4397 1062 4450 dum
1086 4411 1372 4465 perversos
1395 4405 1605 4466 emptor
1639 4397 1858 4452 honoris
1889 4408 1935 4468 ι)
1961 4394 2201 4448 notarius
2222 4389 2430 4453 scribit,
2461 4389 2602 4444 sicut
2645 4383 2954 4458 pontiﬁcem
2985 4398 3090 4437 non
3133 4381 3286 4434 decet
3319 4391 3538 4468 manuni

276 4483 336 4539 in
360 4481 543 4540 locum
569 4485 865 4540 venditoris
895 4488 1107 4552 transit,
1135 4496 1192 4541 ct
1231 4487 1366 4542 alios
1397 4489 1464 4543 ad
1492 4489 1572 4544 sui
1609 4487 1860 4544 similitu-

276 4571 468 4630 dinem
493 4573 593 4628 sub
637 4575 854 4629 datione
901 4575 1182 4631 constituit
1209 4576 1498 4640 commodi,
1532 4575 1684 4646 plura
1722 4577 1861 4631 male

280 4659 585 4714 ordinando
611 4661 841 4717 destruit
872 4680 1032 4733 quam
1067 4665 1154 4720 ille
1181 4676 1356 4733 potest
1377 4667 1648 4722 mdificare
1676 4668 1768 4736 qui
1793 4668 1862 4722 ab

277 4766 349 4807 co
383 4753 672 4821 pecuniam
699 4771 796 4824 pro
825 4756 1168 4810 ordinatione
1207 4755 1435 4825 accepit.
1486 4755 1563 4810 Ne
1594 4772 1720 4826 ergo
1765 4755 1864 4811 sub

280 4840 514 4898 obtentu
545 4843 900 4916 clecmosyna:
926 4864 1046 4902 cum
1075 4855 1297 4916 peccato
1326 4847 1530 4917 aliquid
1553 4849 1866 4902 Studeamus

278 4936 558 5006 accipere,
575 4948 758 5006 aperta
775 4954 928 4993 sacra
946 4938 1226 5008 Scriptura
1240 4953 1341 4993 nos
1352 4939 1623 5008 prohibet,
1639 4938 1823 4994 dicens
1848 4954 1862 4990 :

286 5044 308 5080 ι
365 5027 568 5081 Hostia:
631 5028 918 5097 impiorum
983 5027 1377 5084 abominabiles
1432 5027 1692 5090 Domino,
1747 5043 1868 5098 qua:

279 5118 588 5175 oﬂ’eruntur
629 5135 696 5175 ex
731 5121 934 5175 scelere
977 5119 1160 5186 (Prov.
1211 5135 1325 5182 xxi,
1366 5119 1479 5186 (Ξῖ).
1523 5140 1542 5170 ι
1598 5117 1867 5188 Quidquid

281 5213 426 5266 enim
479 5209 532 5264 in
582 5210 671 5265 Dei
722 5211 987 5267 sacriﬁcio
1041 5227 1108 5267 ex
1159 5211 1363 5268 scelere
1409 5210 1634 5265 olTertur
1664 5251 1678 5275 ,
1734 5212 1868 5266 0m-

281 5303 580 5374 nipotentis
619 5306 948 5360 iracundiam
993 5322 1096 5362 non
1122 5309 1323 5374 placat,
1359 5307 1452 5358 sed
1500 5305 1705 5360 irritat.
1734 5305 1870 5360 lliuc

1961 4501 2120 4554 quam
2136 4482 2626 4552 imponitvenderc,
2643 4479 2710 4532 ita
2729 4477 2974 4531 minister
2987 4473 3066 4527 vel
3080 4471 3320 4526 notarius
3331 4483 3434 4521 non
3447 4465 3541 4520 de-

1962 4579 2053 4633 bet
2075 4560 2481 4632 inordinatione
2495 4571 2610 4639 ejus
2627 4567 2912 4624 vocemch
2936 4556 3540 4618 calamumvenuudare.

1963 4667 2067 4722 Pro
2086 4665 2430 4720 ordinatione
2452 4679 2582 4732 ergo
2603 4659 2689 4714 vel
2715 4673 2814 4712 usu
2841 4653 3008 4727 pallii,
3034 4667 3128 4706 seu
3155 4644 3360 4704 chartis
3380 4651 3545 4732 atque

1964 4757 2236 4827 pastellis,
2291 4730 2542 4808 cumde
2589 4749 2681 4818 qui
2711 4743 3046 4801 ordinandus
3082 4747 3167 4794 est
3194 4734 3415 4827 omnin
3450 4730 3550 4827 ali:

1965 4819 2092 4916 quid
2124 4846 2256 4899 dare
2293 4841 2577 4910 prohibeo.
2613 4838 2691 4891 Ex
2718 4835 2917 4906 quibus
2964 4825 3243 4922 praedictis
3289 4819 3453 4922 rebus
3506 4822 3555 4922 si

1967 4915 2087 5007 quis
2114 4935 2243 4993 huic
2280 4931 2487 5002 aliquid
2523 4927 2794 4985 couunodi
2827 4919 3194 5014 appellatione
3235 4915 3451 5014 θξὶξοτο
3471 4915 3566 5014 \‘ei

1970 4999 2154 5098 petere
2194 5024 2339 5079 forte
2374 4999 2806 5093 praesumpserit,
2849 5013 2902 5064 in
2951 5010 3207 5063 districto
3258 4999 3354 5051 Dei
3387 5003 3577 5058 omni-

1970 5122 2204 5191 potentis
2243 5116 2494 5170 cxaminc
2529 5112 2698 5166 reatui
2730 5099 3062 5192 subiacebit.
3101 5121 3119 5152 ι
3235 5184 3248 5192 Α
3344 5180 3378 5192 Α
3424 5181 3437 5192 ⁸

2040 5210 2198 5274 Item,
2225 5208 2396 5260 cidem
2428 5201 2648 5271 Virgilio
2669 5201 2914 5270 episcopo
2944 5184 3268 5245 Arelatensi.
3300 5201 3318 5234 ι
3339 5180 3588 5248 Quibus.

1971 5305 2092 5356 dam
2123 5293 2756 5363 narrationibusagnovi
2801 5280 2973 5356 quod,
3027 5281 3088 5337 in
3132 5277 3432 5374 Galliarum
3488 5281 3588 5374 Ivcl
