4124 5374
524 208 541 234 ν.
608 175 748 231 ὶοὸὅ

1669 164 2025 228 “UMBERTI
2076 162 2134 227 Ε.
2179 166 2244 227 R.
2285 171 2346 227 Ε.
2387 166 2797 229 οΑιιοιΝΑιίε

3730 172 3882 230 1058

523 340 527 344 .
605 305 728 345 mus
771 288 1081 362 quippe,ex
1110 286 1422 358 Evangelia,
1447 285 1592 357 quod
1629 285 1957 356 Redemptor
2003 297 2188 341 noster
2221 300 2262 352 Α
2296 285 2431 341 liiuc
2462 303 2567 342 non
2598 287 2772 344 solum
2813 264 2867 345 in
2920 289 3252 347 ordinatoris
3274 300 3329 347 et
3358 291 3590 348 ordinati
3630 309 3878 349 annnam

603 395 702 452 per
726 382 1079 450 semetipsum
1103 376 1317 444 fecerit,
1344 378 1471 448 quia
1499 377 1777 448 ingressus
1809 374 2067 446 templum
2095 390 2184 430 ca.

522 520 528 527 .
607 470 831 543 thedras
842 467 1191 525 vendentium
1208 465 1921 543 columbasevertit(Manli.
1937 481 2053 533 xxi,
2069 465 2181 537 12).

517 607 520 611 .
602 559 895 616 Columbus
917 560 1063 617 enim
1090 560 1327 616 vendere
1355 569 1438 615 est
1457 560 1524 614 de
1546 567 1746 615 sancto
1768 558 1994 630 Spiritu,
2022 575 2182 630 quem

522 700 529 709 .
604 653 750 711 Deus
775 653 1123 725 omnipotens
1150 651 1670 709 consubstantialem
1707 652 1832 718 sibi,
1875 666 1973 722 per
2007 652 2184 723 impu-

602 746 859 823 sitiouem
907 762 1187 812 manuum,
1238 744 1547 801 hominibus
1579 743 1792 812 tribuit,
1840 746 2182 801 commodum

605 839 905 911 temporale
934 840 1232 911 percipere.
1274 840 1352 894 Ex
1382 854 1512 911 quo,
1543 848 1604 894 ut
1623 840 1881 910 praedixi,
1911 840 2052 897 malo
2069 839 2183 909 jam

603 932 851 987 innititur
876 931 1017 1001 quid
1034 937 1314 1002 sequatur.
1337 931 1465 1000 quia
1492 930 1594 1002 qui
1623 932 1674 985 in
1702 930 1905 1001 templo
1933 931 2048 987 .Dei
2091 947 2185 989 co.-

520 1053 527 1063 ι
605 1025 819 1081 hunbas
843 1025 1076 1081 vendere
1119 1032 1603 1095 pncsumpserunt,
1646 1037 1836 1079 eorum
1864 1024 1979 1080 Deo
2000 1010 2186 1094 judice

602 1119 880 1175 cathedrae
903 1118 1237 1177 ceciderunt.
1270 1118 1372 1186 Qui
1398 1118 1651 1173 videlicet
1677 1132 1834 1173 error
1867 1117 1919 1171 in
1952 1117 2184 1172 subditis

605 1225 729 1265 etim
756 1219 1045 1280 augmento
1071 1219 1419 1279 propagatur.
1448 1208 1583 1263 Nam
1616 1208 1732 1279 ipse
1752 1221 1967 1279 quoque
1993 1206 2084 1276 qui
2115 1206 2183 1262 ad

604 1315 825 1355 sacrum
846 1301 1108 1356 honorem
1147 1301 1486 1372 perducitur,
1523 1299 1636 1370 jam
1667 1300 1721 1355 in
1751 1299 1867 1370 ipsa
1895 1308 2184 1370 provectus

604 1388 687 1448 sui
719 1390 902 1449 radice
932 1393 1173 1459 vitiatus,
1200 1393 1439 1465 paratior
1454 1402 1537 1448 est
1563 1393 1684 1448 aliis
1707 1392 2021 1449 venundare
2039 1391 2182 1462 quod

601 1485 757 1542 emit.
814 1483 916 1540 Ubi
951 1493 1037 1539 est
1080 1485 1224 1555 quod
1282 1484 1543 1553 scriptum
1586 1493 1705 1539 est:
1741 1500 1760 1535 α
1796 1480 1982 1538 Gratis
2026 1496 2183 1537 acce-

600 1577 798 1649 piatis,
848 1577 1021 1648 gratis
1064 1577 1223 1632 date?
1252 1574 1469 1647 (ﬂuuii.
1495 1591 1553 1640 Χ,
1575 1574 1655 1642 8.)
1685 1593 1705 1628 ι
1734 1574 1802 1629 Ει
1836 1589 1958 1629 cum
2006 1573 2181 1642 prima

2287 376 2483 432 lethate
2513 378 2706 437 vulnus
2751 379 2898 452 infigi
2926 381 3277 450 praidieatur,
3306 384 3401 438 sed
3432 385 3599 438 etiam
3630 387 3723 453 qui
3754 387 3882 456 cpi-

2286 482 2576 539 scoparum
2645 468 3126 527 intercessionibus
3198 472 3470 529 sublevari
3521 474 3829 532 debuerant
3856 516 3879 544 ,

2285 559 2441 629 culpa
2482 569 2915 632 praegravantur.
2956 562 3166 617 Astruit
3212 576 3428 634 quoque
3481 564 3624 621 idem
3677 567 3881 626 doctor

2286 651 2435 721 quia,
2483 649 2529 707 si
2575 650 2622 706 is
2649 650 2844 723 dignus
2878 654 3183 711 sacerdotio
3232 656 3474 712 creditur
3494 658 3582 714 cui
3625 661 3882 728 pecunia:

2285 741 2439 812 copia
2462 738 2810 813 suifragatur,
2847 748 3190 817 consequens
3228 756 3320 802 “est
3366 757 3429 804 ut
3475 750 3612 806 nihil
3638 748 3776 818 sini,
3816 753 3874 809 in

2286 831 2493 888 honore
2518 833 2929 901 ecclesiastico,
2958 836 3202 908 prObitas
3239 838 3525 904 defendat,
3567 843 3664 897 sed
3696 854 3875 901 totum

2281 922 2403 982 .auri
2431 924 2691 994 profanus
2721 928 3158 993 amor'obtineat,
3189 938 3248 985 ut
3268 931 3399 987 vitia
3420 947 3544 1002 quis
3574 934 3877 993 'riniictam

2286 1017 2655 1087 merebantur,
2682 1019 2890 1076 honore
2919 1031 3366 1089 remunerentur,
3392 1025 3518 1079 dum
3545 1027 3593 1081 is
3620 1029 3715 1095 qui
3743 1044 3876 1083 cur-

2282 1106 2565 1177 ripiendus
2587 1119 2672 1166 est
2698 1109 2876 1166 locum
2907 1112 3238 1183 eorrepturis
3266 1124 3510 1185 usurpat.
3547 1116 3709 1172 Tales
3741 1132 3879 1187 pro-

2287 1196 2429 1253 fecto
2465 1200 2781 1257 sacerdotes
2833 1206 2940 1257 non
2989 1201 3277 1273 proiicere,
3331 1207 3428 1260 sed
3470 1208 3652 1278 perire
3692 1209 3882 1279 petitu

2276 1290 2563 1358 .al‘tirmat,
2610 1307 2840 1363 quorum
2896 1295 3052 1350 radix
3102 1297 3254 1366 gravi
3285 1306 3439 1369 peste
3493 1308 3580 1354 est
3640 1301 3884 1357 iniecta.

2283 1379 2646 1438 Nihilominus
2666 1383 2864 1439 astruit
2889 1386 3148 1454 majorem
3172 1387 3538 1444 calamitatem
3574 1389 3875 1447 timendam

2284 1472 2419 1529 locis
2467 1474 2596 1542 iiiis,
2645 1476 2847 1545 quibus
2883 1477 3017 1534 tales
3063 1473 3455 1537 intercessores
3502 1483 3570 1536 ad
3631 1485 3877 1554 regimen

2286 1564 2508 1633 dantur,
2554 1566 2648 1637 qui
2689 1568 2864 1638 magis
2894 1568 3032 1623 iram
3085 1569 3178 1624 Dei
3208 1581 3398 1627 contra
3439 1574 3498 1627 se
3551 1588 3875 1645 provomn‘,

601 1647 796 1724 contra
845 1647 1089 1724 sanctam
1147 1667 1447 1723 Ecclesiam
1489 1666 1800 1722 Sintoniaca
1851 1666 2076 1720 Ineresis
2118 1665 2188 1720 sit
2216 1647 2265 1709 Β
2292 1669 2453 1725 quam
2503 1671 2599 1725 per
2646 1659 2973 1728 semetipsa
3020 1661 3233 1730 populis
3283 1662 3500 1732 placare
3544 1664 3873 1721 debueram“.

519 1792 522 1800 λ
599 1768 814 1826 exorta,
840 1772 941 1817 cur
961 1774 1067 1814 non
1093 1758 1471 1829 perpenditur,
1501 1750 1599 1813 cur
1626 1772 1734 1812 non
1765 1755 2003 1823 videtur,
2034 1756 2184 1826 quia,

598 1862 723 1902 eum
745 1862 908 1919 quem
933 1847 1057 1918 quis
1086 1862 1207 1902 cun
1232 1848 1408 1919 pretio
1425 1846 1643 1902 ordinat
1674 1845 2046 1916 provehendo,
2075 1845 2189 1915 agit

598 1949 661 1993 ut
683 1937 972 1994 hereticus
1002 1937 1143 1993 ﬁat?
1174 1957 1193 1992 ι

674 2026 825 2081 Idem
872 2026 1073 2083 Joanni
1113 2029 1352 2098 episcopo
1388 2025 1806 2093 Corinthiorum,
1838 2028 1976 2083 unde
1998 2042 2183 2097 supra.

606 2137 626 2171 ί
654 2118 790 2187 Quia
812 2120 953 2175 hanc
985 2118 1428 2175 nel'andissimam
1478 2120 1802 2188 pravitatem
1841 2127 2032 2174 sancta
2057 2119 2178 2173 nni-

600 2209 831 2265 venalis
855 2210 1080 2265 omnino
1119 2208 1341 2265 damnat
1367 2208 1629 2273 Ecclesia.
1664 2210 1949 2264 hortamur
1985 2207 2183 2263 frater-

602 2301 835 2355 nitatem
886 2308 1160 2366 vestram,
1217 2309 1279 2354 ut
1326 2306 1440 2354 tam
1492 2297 1812 2354 detestabile
1850 2306 1908 2353 et
1953 2298 2222 2353 immane

602 2401 908 2460 peccatum,
948 2392 1016 2445 de
1060 2391 1195 2446 locis
1220 2388 1474 2445 omnibus
1497 2403 1619 2459 qua:
1639 2388 1741 2445 sub
1758 2403 1819 2446 se
1862 2401 2009 2454 sunt,
2039 2389 2187 2445 solli-

538 2550 551 2559 .
600 2482 858 2537 ritudittis
885 2496 998 2537 sua:
1026 2482 1201 2537 modis
1238 2481 1494 2537 omnibus
1539 2491 1854 2551 compescat
1900 2482 2183 2541 instantia.

600 2574 738 2630 Nam
767 2575 815 2631 si
836 2575 965 2647 quid
990 2576 1096 2632 tale
1118 2577 1373 2647 deinceps
1401 2576 1519 2631 ﬁeri
1546 2576 1897 2641 senserimus,
1931 2574 2045 2645 jam
2077 2592 2184 2631 non

600 2667 806 2735 Verbis,
844 2668 942 2724 sed
971 2652 1233 2723 canonica
1267 2664 1383 2723 hoc
1406 2668 1611 2723 ultione
1633 2669 1989 2738 corrigemus,
2038 2677 2094 2723 et
2119 2668 2185 2723 de

600 2760 758 2815 vobis
783 2760 926 2829 quod
951 2773 1059 2814 non
1080 2769 1297 2828 oportet
1326 2760 1472 2814 aliud
1518 2760 1840 2830 incipiemus
1874 2763 2077 2816 habere
2095 2760 2184 2830 ju-

597 2850 825 2905 dicium.
876 2848 1038 2904 Novit
1061 2860 1241 2904 autem
1281 2850 1597 2906 fraternitas
1626 2861 1807 2907 vestra
1853 2852 1982 2922 quia
2031 2854 2184 2921 prius

594 2942 825 3012 pallium
850 2941 956 2997 nisi
977 2940 1106 2995 dato
1128 2943 1416 2997 commodo
1442 2959 1549 2997 non
1576 2942 1797 2997 dabatut
1832 2958 1847 3008 ;
1870 2944 2016 3012 quod
2042 2956 2182 3012 quo-

595 3034 749 3089 niam
791 3034 1148 3105 incongruum
1178 3044 1318 3102 erat,
1362 3034 1505 3092 facto
1560 3035 1794 3092 concilio
1831 3044 1958 3092 ante
1986 3049 2186 3107 corpus

596 3126 743 3181 beati
766 3125 947 3193 Petri,
972 3127 1336 3198 apostolorum
1361 3128 1652 3201 Principis,
1683 3140 1793 3183 tam
1815 3129 1882 3184 de
1898 3128 2000 3184 hoc
2018 3143 2184 3199 quam

595 3208 670 3272 de
704 3215 1283 3276 aliis'ordinationibus
1304 3219 1507 3289 aliquid
1533 3218 1898 3289 acciperesub
1925 3220 2182 3275 districta

601 3309 985 3366 interdictione
1000 3311 1290 3366 vetuitnus.
1315 3310 1542 3381 Oportet
1563 3326 1693 3380 ergo
1717 3326 1892 3383 neque
1913 3326 2011 3382 per
2033 3327 2185 3367 com-

601 3405 847 3471 modum,
906 3420 1083 3476 neque
1135 3420 1234 3475 per
1258 3405 1513 3476 gratiam,
1556 3413 1652 3458 aut
1696 3421 1793 3475 per
1821 3406 2182 3475 quorumdam

601 3497 1052 3568 supplicationem
1111 3496 1324 3567 aliquos
1373 3496 1441 3549 ad
1486 3509 1670 3550 sacros
1694 3496 1914 3550 ordines
1957 3511 2187 3551 consen-

597 3585 752 3646 tiatis
794 3587 882 3645 vel
929 3588 1258 3661 permittatis
1304 3585 1522 3642 adduci.
1578 3584 1713 3640 Nam
1764 3594 1819 3640 et
1870 3595 2180 3655 peccatum,

567 3670 744 3736 Vsieut
764 3679 1025 3746 diximus,
1054 3693 1220 3749 grave
1268 3687 1375 3744 est,
1421 3685 1478 3733 et
1521 3676 1639 3732 sine
1689 3676 2033 3747 correptione
2082 3677 2184 3732 huc

600 3787 711 3828 non
733 3772 979 3843 patimur
994 3785 1344 3842 permanere.
1385 3789 1404 3823 ι

1185 3859 1418 3918 CAPUT
1457 3860 1595 3917 XIV.

672 3955 754 4010 Ex
784 3955 871 4010 his
894 3969 1026 4011 sane
1050 3946 1160 4008 tam
1209 3951 1458 4024 praeclari
1508 3952 1750 4008 doctoris
1794 3951 2185 4022 multiplicibus

601 4051 660 4097 et
688 4042 932 4112 repetitis
977 4042 1284 4108 sententiis,
1332 4042 1620 4097 manifeste
1669 4043 2057 4113 comprobatur
2099 4060 2186 4101 sa-

604 4148 824 4189 crorum
845 4134 1097 4188 ordinum
1136 4132 1488 4189 venalitatem
1536 4133 1787 4188 lneresim
1816 4148 1962 4202 esse,
2012 4143 2067 4191 et
2093 4135 2184 4192 Si-

604 4225 911 4280 moniacam
958 4224 1319 4294 agnomiuari,
1367 4225 1723 4296 omniumque
1768 4226 2024 4296 primam,
2048 4238 2105 4284 et
2131 4228 2185 4283 in

2291 1746 2499 1804 Deinde
2555 1749 2865 1807 vehementi
2916 1766 3152 1808 maerore
3176 1767 3235 1807 se
3287 1752 3454 1825 aﬂligi
3498 1763 3774 1820 testatur,
3828 1757 3877 1810 si

2288 1839 2679 1897 ecclesiasticis
2714 1840 2912 1898 oiiiciis
2934 1842 3110 1897 locum
3140 1843 3378 1914 aliquem
3426 1846 3595 1901 habet
3620 1846 3874 1916 pecunia.

2288 1932 2415 2001 quia
2441 1933 2585 2004 quod
2610 1949 2827 1990 sacrum
2840 1944 2922 1991 est
2946 1947 3071 1990 mox
3094 1934 3155 1990 tit
3180 1930 3459 1992 saeculare.
3474 1935 3612 1991 Nam
3633 1952 3876 1997 omnem,

2287 2024 2380 2092 qui
2409 2023 2553 2094 quod
2595 2039 2813 2080 sacrum
2843 2032 2927 2081 est
2951 2024 3132 2082 studet
3156 2027 3334 2096 pretio
3355 2026 3655 2098 percipere,
3683 2032 3883 2084 asserit

2278 2116 2629 2171 sacerdotem
2665 2132 2772 2172 non
2801 2131 2943 2182 esse,
2972 2119 3067 2173 sed
3101 2120 3477 2175 tantummodo
3504 2121 3743 2175 inaniter
3772 2119 3881 2177 dici

2288 2205 2443 2261 velle.
2506 2204 2785 2273 Tandem,
2834 2217 2957 2278 post
3000 2208 3167 2264 multa
3205 2209 3404 2280 quibus
3437 2224 3533 2267 eos
3589 2214 3876 2282 reprobat,

2288 2297 2483 2352 asserit
2533 2296 2968 2353 benedictionem
2995 2298 3101 2355 illis
3146 2300 3199 2355 in
3254 2300 3694 2357 maledictionem
3746 2320 3881 2360 cun-

2277 2387 2450 2454 .vcrti,
2504 2396 2560 2442 et
2605 2389 2671 2443 ad
2716 2388 2821 2443 hoc
2857 2389 3030 2445 solum
3069 2394 3372 2461 promoveri
3406 2401 3466 2448 ut
3495 2408 3562 2449 ex
3592 2395 3885 2452 catholicis

2290 2479 2421 2535 [iant
2447 2480 2712 2547 haaretiui,
2740 2497 2969 2552 quorum
2999 2485 3178 2540 omnis
3204 2487 3364 2550 actio,
3402 2488 3621 2544 e:iamsi
3644 2490 3885 2562 alicujus

2288 2569 2534 2626 videatur
2591 2572 2881 2635 momenti,
2935 2575 3075 2643 apud
3126 2573 3293 2630 Deum
3352 2585 3534 2632 tamen
3591 2590 3885 2651 reputatur

2356 2754 2464 2811 Sed
2514 2755 2640 2826 quia
2692 2770 2761 2812 ex
2817 2756 2903 2814 his
2948 2768 3003 2814 et
3058 2759 3380 2829 quibusdam
3430 2761 3575 2817 beati
3623 2763 3877 2835 Gregorii

2287 2844 2446 2902 dictis
2473 2848 2694 2919 quidam
2726 2848 2831 2905 sibi
2864 2861 3230 2920 pra:sumunt,
3262 2852 3408 2908 unde
3446 2857 3723 2924 opinionis
3766 2872 3881 2912 sua:

2285 2957 2528 2997 errorem
2566 2942 2909 3011 impudenter
2965 2955 3020 2997 ct
3071 2943 3426 3012 pertinaciter
3470 2939 3769 3001 «tenendam
3820 2950 3875 3002 in

2291 3042 2496 3088 tantum
2547 3043 2605 3089 nt
2647 3034 2910 3105 Spiritum
2943 3046 3193 3089 sanctum
3228 3036 3391 3092 vendi
3421 3033 3582 3091 simul
3628 3047 3686 3091 et
3726 3054 3880 3093 cum-

2288 3141 2482 3196 parare
2518 3117 2919 3196 dogmatizent,
2970 3125 3326 3182 insistendum
3374 3134 3485 3191 est,
3532 3137 3586 3183 ut
3644 3129 3880 3181 tandem

2288 3219 2580 3289 aliquando
2608 3220 2710 3274 hoc
2741 3219 2978 3274 sensisse
3000 3219 3082 3273 vel
3124 3219 3327 3274 dixisse
3373 3221 3658 3289 pmniteat.
3710 3221 3881 3273 Aitllli.

2286 3309 2432 3362 cutim
2461 3324 2473 3361 :
2510 3308 2649 3363 Ecce
2683 3308 2810 3378 quid
2862 3307 3051 3363 beatus
3091 3308 3385 3380 Gregorius
3424 3323 3589 3379 super
3616 3303 3725 3363 hoc
3753 3322 3882 3363 sen-

2288 3397 2423 3451 sctit
2450 3397 2516 3453 ad
2546 3396 2776 3465 majores
2811 3397 3146 3453 Francorum
3174 3397 3531 3469 epistularum
3572 3396 3697 3466 eius
3720 3406 3881 3451 tenor

2288 3498 2477 3558 aperte
2503 3490 2759 3544 ostendit.
2797 3508 2816 3538 ι
2853 3486 3110 3553 Onmino,
3160 3489 3374 3559 inquit,
3428 3487 3767 3544 exsecrabile
3823 3496 3883 3540 et

2286 3578 2662 3647 gravissimum
2715 3579 3078 3643 detestamur,
3133 3579 3277 3649 quod
3340 3581 3485 3634 sacri
3535 3578 3759 3633 ordines
3820 3576 3878 3632 in

2286 3667 2481 3722 vestris
2508 3668 2751 3737 partibus
2779 3682 2879 3738 per
2907 3666 3275 3724 Simoniacam
3311 3668 3564 3724 liazresim
3585 3667 3883 3724 conferan-

2268 3765 2395 3811 tur.
2462 3757 2530 3812 Et
2578 3756 2741 3829 paulo
2784 3767 2959 3828 «post:
3002 3757 3158 3814 Unde
3210 3757 3369 3814 valde
3420 3759 3762 3825 contristor,
3821 3767 3880 3811 ct

2287 3836 2448 3908 terra:
2490 3850 2567 3907 illi
2604 3851 2868 3908 condoleo
2914 3850 3040 3921 quia
3065 3890 3081 3914 .
3136 3851 3261 3906 dum
3302 3851 3571 3922 Spiritum
3600 3859 3877 3914 sanctum,

2287 3958 2449 4015 quem
2495 3958 2595 4015 per
2640 3958 2835 3998 manus
2886 3941 3287 4012 impositionem
3332 3943 3682 4014 omnipotens
3734 3940 3887 3997 Deus

2287 4034 2540 4092 omnibus
2581 4033 2801 4105 elargiri
2852 4033 3126 4104 dignatur,
3185 4034 3371 4089 divino
3418 4048 3648 4090 munere
3674 4034 3879 4089 habere

2287 4127 2615 4200 despiciunt,
2638 4125 2876 4196 praemiis
2896 4134 3317 4196 assequuntur.»
3351 4126 3431 4182 Ex
3458 4141 3567 4197 qua
3593 4140 3728 4181 sane
3744 4139 3873 4195 pro-

2285 4222 2565 4295 positione
2601 4219 2891 4276 verborum
2935 4219 3072 4274 tanti
3107 4218 3403 4289 pontilicis,
3433 4219 3698 4275 vecordes
3744 4233 3877 4272 con-

606 4318 723 4386 ipsa
758 4330 856 4371 sua
892 4316 1442 4386 origine'apostolica
1499 4317 1865 4373 detestatione
1905 4327 2069 4390 atque
2111 4322 2187 4377 di-
2214 4313 2493 4400 Dcipiunt
2512 4310 2615 4365 sibi
2636 4323 2829 4365 causas
2850 4310 3612 4400 pertidzeargumentationis,
3643 4318 3699 4364 et
3725 4308 3872 4400 velut

592 4394 1182 4461 strictatnaledictione
1211 4406 1545 4473 damnatam,
1568 4407 1715 4462 velut
1735 4417 1923 4463 contra
1947 4421 2188 4465 sanctam

592 4497 906 4577 IEcciesiam
939 4497 1125 4553 radice
1164 4496 1422 4567 pestifera
1456 4499 1710 4568 primitus
1756 4512 2185 4572 proserpentem.

604 4593 722 4659 Qua
747 4589 998 4661 profectu
1045 4591 1106 4644 iit
1149 4601 1206 4644 ut
1251 4591 1430 4646 utnnis
1459 4591 1763 4646 reverentia
1814 4594 2186 4660 sacerdotalis,

606 4686 689 4738 vel
714 4684 862 4739 actio
882 4681 1029 4737 intus
1051 4691 1106 4736 ct
1149 4681 1389 4736 exterius
1436 4682 1767 4752 depravetur
1791 4691 1844 4737 et
1877 4683 1931 4737 in
1959 4684 2190 4738 crimine

603 4784 828 4831 sanctus
885 4774 1065 4829 honor
1132 4773 1413 4827 habeatur.
1466 4769 1655 4841 Neque
1717 4772 1862 4827 enim
1925 4788 2190 4828 veneran-

606 4867 735 4918 dum
814 4863 1160 4933 quisputat
1215 4861 1361 4931 quod
1422 4862 1711 4927 venditur,
1781 4861 1891 4915 imo
1965 4863 2191 4915 omnino

609 4956 714 5009 vile
763 4948 887 5009 esse
922 4953 1068 5025 quod
1090 4953 1310 5027 emitur.
1364 4952 1610 5023 Denique
1639 4953 1731 5006 ubi
1762 4952 1899 5007 dona
1941 4967 2190 5022 superate

592 5044 796 5117 gratia:
832 5034 1046 5099 venalia
1093 5044 1432 5113 iudicantur,
1481 5053 1671 5099 contra
1726 5044 1894 5098 Deum
1946 5045 2191 5113 pecuniae

612 5143 965 5199 venerantur,
991 5132 1201 5201 utjam,
1246 5133 1301 5188 in
1354 5135 1570 5189 homine
1612 5133 1834 5197 misero,
1888 5148 1998 5187 non
2050 5133 2191 5188 Dens

614 5234 779 5275 verus
804 5230 861 5275 et
887 5222 1163 5291 antiquus,
1208 5225 1304 5278 sed
1353 5224 1521 5279 falsus
1542 5233 1597 5277 et
1642 5237 1832 5277 recens
1857 5223 2189 5290 dominetur,

610 5309 830 5367 scilicet
855 5310 947 5374 qui
976 5306 1227 5374 pecuniis
1276 5324 1467 5374 praeest
1497 5313 1692 5369 talibus
1742 5329 2048 5367 mammona
2092 5328 2189 5367 ne-

2291 4418 2389 4473 per
2408 4401 2718 4471 Sapientem
2745 4400 2979 4455 dicitur:
3009 4418 3029 4453 ι
3066 4399 3109 4454 Α
3133 4401 3271 4457 facie
3292 4401 3445 4456 verni
3473 4399 3826 4471 parturientis
3846 4419 3863 4448 ι

2291 4493 2476 4549 dicunt
2497 4491 2687 4564 (Ecrli.
2716 4507 2830 4555 atx,
2862 4491 2949 4553 ii)
2978 4509 2991 4545 :
3021 4493 3159 4548 Ecce
3183 4493 3271 4548 hic
3296 4503 3420 4563 apte
3449 4494 3642 4548 beatus
3668 4490 3864 4561 Grego-

2293 4585 2406 4640 rius
2434 4593 2684 4650 testatur,
2720 4585 2863 4654 qnod
2920 4594 3140 4639 sanctus
3185 4583 3420 4653 Spiritus
3450 4601 3548 4655 per
3586 4584 3865 4655 pecuniam

2294 4676 2542 4730 venditur
2565 4683 2621 4729 et
2654 4672 2951 4736 confertur.
2989 4682 3044 4729 ct
3071 4690 3168 4744 per
3219 4687 3411 4730 manus
3465 4673 3863 4745 impositionem

2256 4766 2467 4836 pretio
2536 4774 2774 4834 emptam
2840 4764 3190 4819 nihilominus
3238 4763 3473 4833 Spiritus
3507 4771 3731 4820 sanctus
3777 4775 3864 4814 ac-

2293 4858 2490 4927 cipitur
2540 4865 2595 4911 et
2645 4856 2921 4912 tribuitur.
2972 4854 3173 4926 Nempe
3214 4853 3497 4925 proﬁtetur
3540 4854 3684 4926 quod
3720 4852 3860 4908 sacri

2292 4948 2510 5003 ordines
2550 4961 2647 5016 per
2672 4945 3034 5000 Simoniacam
3080 4943 3329 4998 haeresim
3378 4941 3754 5009 conferantur,
3808 4947 3867 4994 et

2268 5058 2269 5063 η
2293 5038 2436 5109 quod
2457 5039 2704 5093 homines
2725 5046 2976 5092 sanctum
3011 5036 3276 5106 Spiritum
3306 5036 3546 5104 praemiis
3570 5049 3863 5105 assequun-

2294 5137 2401 5183 tur.
2450 5130 2563 5184 lleu
2617 5129 2837 5192 miseri,
2891 5130 3087 5198 inquit,
3149 5130 3266 5183 dies
3311 5127 3450 5181 ultra
3502 5129 3709 5197 miseri,
3770 5127 3863 5195 qni

2293 5222 2670 5276 sceleratiores
2768 5221 3065 5284 militibus,
3135 5220 3231 5275 Dci
3310 5218 3575 5275 Virtutem
3638 5228 3695 5275 et
3768 5218 3864 5271 Dei

2294 5308 2626 5374 Sapientiam
2669 5309 3143 5374 cruciﬁgentibus,
3202 5308 3395 5362 tunirae
3435 5306 3605 5372 illius
3650 5311 3865 5365 incon-
