4124 5374
238 302 389 411 tm

253 471 493 522 trantur.
541 461 678 519 Cum
742 459 887 514 cnim
946 474 1013 512 ex
1071 455 1344 528 perioehis
1402 452 1537 507 tanti
1602 442 1918 512 doctoris'A

236 556 514 629 vectigari
576 552 844 615 debuerit,
900 543 999 604 isti'
1049 548 1366 619 particulam
1406 543 1696 629 sententiae
1743 539 1844 636 sibi

254 647 407 704 illam
459 644 748 714 arripiunt,
800 640 943 712 quod
998 639 1110 695 illic
1154 638 1297 694 sacri
1342 636 1571 692 ordines
1606 634 1845 689 content

260 739 532 817 dicuntur,
559 743 615 791 et
640 732 904 803 abjiciuut
939 730 1086 801 quod
1121 729 1320 785 ibidem
1342 721 1847 817 per‘Simoniaeam
1916 730 1927 735 ’

257 830 511 886 haeresim
543 827 755 884 inserit.
785 825 887 881 Ubi
936 825 982 879 si
1012 822 1245 893 simplici
1302 815 1501 876 mentis
1529 817 1689 874 ocule
1718 830 1848 871 con-

259 918 599 978 siderassent
621 919 753 989 quid
783 917 856 972 sit
901 915 1127 971 haeresis
1150 921 1203 969 et
1229 911 1466 967 maxime
1510 908 1846 973 Simouiaca,

262 1024 603 1081 nequaquam
631 1016 889 1081 putarent
912 1018 1018 1077 per
1044 1004 1411 1060 SimOuiacam
1444 1000 1692 1057 hatresim
1719 1016 1850 1056 conv

264 1099 392 1157 ferri
417 1100 706 1165 sacros,id
727 1107 819 1165 est
846 1105 1084 1162 sanctos,
1112 1095 1205 1152 sed
1230 1095 1428 1165 potius.
1498 1128 1513 1146 .
1583 1130 1599 1146 .
1663 1128 1682 1148 .
1749 1130 1764 1145 .
1832 1131 1846 1146 .

256 1192 317 1248 id
354 1202 441 1248 est
465 1191 829 1249 exsecrabiles
863 1189 1107 1253 ordines,
1130 1198 1184 1244 et
1205 1188 1454 1243 ideonec
1480 1185 1731 1251 ordines,
1756 1186 1852 1240 sed

255 1300 502 1341 errores.

331 1374 674 1431 Abseindunt
699 1387 913 1443 quoque
946 1381 1000 1426 et
1026 1368 1165 1426 illud
1205 1368 1350 1441 quod
1383 1389 1401 1422 ι
1432 1369 1697 1440 Spiritum
1729 1382 1853 1422 sau-

254 1478 413 1523 cium
439 1464 686 1522 homines
713 1464 951 1535 praemiis
980 1472 1362 1533 assequuntur,
1391 1480 1411 1514 ι
1443 1476 1542 1517 nec
1564 1460 1856 1532 respiciunt

262 1557 408 1627 quod
464 1556 575 1612 illic
602 1554 827 1619 inserit,
865 1573 884 1607 ι
913 1569 1076 1624 quem
1098 1564 1206 1622 per
1234 1567 1428 1608 manus
1459 1551 1857 1620 impositiouem

261 1650 615 1721 omnipotens
637 1649 780 1703 Deus
824 1645 1078 1702 munibus
1129 1644 1313 1715 largiri
1360 1645 1638 1714 dignatur,
1675 1642 1858 1697 divino

260 1754 494 1799 "munere
516 1742 717 1797 habere
741 1740 1086 1810 despiciunt;
1119 1757 1139 1790 ι
1175 1737 1318 1808 quod
1352 1738 1396 1793 si
1428 1736 1858 1808 perspexissent,

965 332 1333 399 ADVERSUS
1363 322 1781 394 SIMONItGOS'
1813 330 1874 386 Ll

1973 330 1990 384 l
2037 328 2239 387 TRES.
2267 356 2336 371 ά-
2366 327 2566 386 LIBER
2606 326 2889 385 PRIMUS.

3341 300 3347 327 ⁵
3392 322 3528 380 tona

2546 445 2779 511 CAPUT
2802 417 2927 501 ‘xv.

2023 560 2098 615 De
2113 554 2340 632 propriis
2365 567 2411 611 et
2443 557 2740 632 inqu-ppriis
2773 558 3113 622 dictionibus,
3151 571 3198 613 et
3230 564 3460 615 ecaritate

2530 626 2715 682 Simon
2726 629 2972 684 'acorum.

2022 729 2145 784 llaec
2168 727 2333 799 igitur
2374 735 2429 781 et
2488 724 2796 796 huiusmodi
2851 728 3278 804 orthodoxorum
3314 702 3536 785 Patrum

1922 826 2093 880 'dicta
2114 824 2162 879 si
2194 823 2279 895 pia
2310 838 2442 877 aure
2488 820 2765 877 audissent
2806 830 2863 876 et
2905 814 3159 879 catholici
3214 823 3397 880 cordis
3440 838 3539 880 oro

1952 917 2335 977 ruinin‘asseut,
2398 911 2725 982 laudemque
2780 913 3060 968 nobiscum
3100 913 3364 984 Spiritum
3413 930 3541 988 sati-

1952 1018 2098 1064 ctum
2130 1022 2229 1062 nec
2279 1022 2442 1078 posse
2487 1005 2646 1061 vcndi
2671 1022 2770 1061 uec
2806 1007 3110 1076 comparari
3150 1008 3540 1080 praedicarent;

1953 1101 2047 1155 sed
2074 1114 2226 1154 suam
2250 1099 2649 1153 damnationem
2679 1098 3008 1170 negligentes
3050 1109 3146 1153 aut
3196 1100 3543 1169 dissimulan-

1958 1204 2058 1258 tes,
2082 1190 2384 1261 suscipiunt
2411 1190 2628 1261 quidem
2647 1190 2941 1261 improprie
2953 1201 3010 1246 et
3030 1190 3293 1247 usualiter
3321 1191 3543 1263 loquen—

1957 1292 2038 1337 tes
2065 1290 2287 1338 sanctos
2318 1279 2531 1343 Patres,
2586 1280 2680 1336 sed
2717 1290 2982 1351 respuunt
3034 1282 3258 1353 proprie
3304 1291 3361 1338 et
3386 1298 3542 1356 regu-

1929 1373 2147 1430 lariter
2180 1374 2393 1443 seipsos
2443 1380 2796 1443 exponentes.
2851 1371 3120 1428 Usualiter
3161 1374 3430 1444 siquidem
3457 1376 3549 1433 vel

1959 1466 2252 1538 improprie
2288 1465 2347 1520 Β.
2380 1465 2677 1537 Gregorius
2714 1464 2954 1534 loquitur
2988 1465 3076 1520 ubi
3109 1465 3243 1522 dicit
3277 1469 3424 1538 quod
3455 1454 3546 1528 ia-

1959 1561 2037 1616 cri
2069 1561 2290 1616 ordines
2319 1575 2350 1615 a
2396 1557 2598 1614 talibus
2643 1556 3038 1624 conferantur;
3069 1559 3164 1614 sed
3219 1560 3547 1626 regulariter

1960 1664 2016 1708 et
2040 1654 2260 1726 preprie
2289 1652 2644 1723 semetipsum
2675 1651 2900 1721 exponit
2948 1653 3076 1720 quid
3109 1653 3176 1708 de
3206 1652 3312 1709 illis
3338 1653 3548 1710 ordini-

1962 1745 2064 1800 bus
2096 1745 2321 1815 intelligi
2348 1743 2497 1808 Velit,
2533 1743 2622 1799 ubi
2675 1743 2888 1809 inserit,
2923 1760 3018 1813 per
3042 1744 3409 1801 Sitnouiacaut
3433 1746 3547 1801 iue—

272 1832 619 1904 ncquaquam‘
667 1840 925 1903 putarent
960 1830 1173 1901 aliquos
1226 1828 1507 1885 hominum
1557 1844 1655 1898 per
1680 1826 1859 1897 cuius-
1894 1817 1932 1875 Β
1969 1839 2151 1901 νυείιιι,
2192 1852 2367 1907 neque
2395 1836 2689 1907 quidquam
2704 1835 3002 1904 spiritualis
3023 1837 3215 1907 gratiae
3234 1838 3550 1901 ιηιθηειιίι,

272 1939 490 1997 cunque
528 1940 720 1979 manus
766 1924 1170 1995 imposil'iouem
1219 1932 1641 1992 quantocunque
1687 1919 1861 1991 pretio

261 2028 426 2087 posse
458 2017 716 2086 consequi
738 2000 998 2086 Spiritum
1030 2022 1301 2078 sanctum,
1330 2027 1492 2082 quem
1539 2011 1722 2065 divino
1752 2026 1866 2065 mu-

266 2125 402 2165 nere
431 2108 634 2165 habere
661 2108 987 2177 despiciunt.
1019 2105 1304 2175 Quomodo
1338 2103 1483 2159 enim
1522 2104 1721 2158 donum
1749 2118 1865 2158 om-

271 2201 573 2269 nipotentis
604 2200 699 2256 Dei
720 2199 982 2270 consequi
1035 2198 1238 2269 poterit
1269 2197 1360 2269 qui
1393 2195 1525 2251 illud
1576 2195 1696 2265 ejus
1746 2212 1866 2251 mu-

274 2308 406 2348 nere
429 2293 632 2349 habere
661 2292 986 2357 contemnit,
1014 2290 1236 2360 insuper
1268 2300 1324 2344 et
1363 2288 1609 2360 pecuniis
1639 2286 1867 2358 prolatis

265 2397 591 2456 expugnare
612 2393 669 2438 et
688 2382 925 2453 diripere
947 2380 1231 2437 contendit
1254 2380 1278 2434 ?
1300 2378 1688 2436 miserabiliter
1712 2393 1868 2434 nam-

273 2466 383 2548 que
413 2475 614 2547 desipit
640 2475 729 2546 qui
755 2483 910 2544 putat
933 2474 1169 2544 aliquam
1217 2471 1533 2529 violentiam
1561 2486 1723 2541 posse
1749 2470 1865 2526 ﬁeri

276 2567 391 2622 Deo
419 2564 804 2635 omnipotenti,
826 2573 886 2618 ιιι
906 2565 1138 2635 gratiam
1184 2578 1339 2617 suam
1389 2563 1655 2617 concedat
1684 2560 1864 2633 alicui,

269 2660 369 2728 qui
418 2654 863 2724 hancdonorjus
920 2656 1150 2724 tleSpieit
1192 2654 1443 2714 adipisci.
1488 2654 1570 2708 Ad
1603 2655 1739 2719 liter,
1775 2652 1867 2721 qui

275 2764 447 2817 supra
506 2746 674 2802 semel
723 2756 1041 2817 comeptam
1097 2744 1489 2815 blasphemiam
1532 2742 1872 2798 defendendo

276 2847 634 2912 exaggerant,
648 2837 1007 2908 subjungunt:
1032 2836 1087 2891 In
1110 2836 1217 2892 alio
1239 2850 1455 2907 quoque
1472 2835 1593 2891 loco
1605 2835 1874 2904 gloriosus

278 2932 584 3003 Gregorius
635 2946 914 3001 exponens
945 2932 1108 2985 verba
1139 2928 1417 3001 Evangelii
1463 2928 1609 2985 inter
1654 2936 1872 2994 caetera,

268 3028 360 3083 sic
390 3027 509 3092 ait:
563 3043 581 3077 ι
645 3025 808 3079 κ’(ὼίδ
851 3024 1231 3087 sacerdotibus
1262 3023 1460 3095 lugens
1504 3021 1721 3092 loquor,
1746 3020 1875 3090 quia
1905 3009 1911 3015 ’

1967 1928 2053 1984 ubi
2080 1929 2312 2000 maligna
2329 1930 2553 1985 haeresis
2587 1929 2878 1985 tuediatrix
2895 1916 3082 1984 fuerit.
3106 1930 3198 1987 Sic
3218 1941 3272 1987 et
3293 1932 3363 1987 ibi
3388 1946 3553 1987 usua-

1967 2018 2094 2075 litcr
2141 2019 2411 2091 loquitur,
2463 2019 2555 2076 ubi
2619 2021 2753 2076 dicit
2802 2019 2946 2089 quod
2991 2021 3243 2078 homines
3286 2020 3554 2093 Spiritum

1964 2118 2218 2165 sanctmn
2244 2108 2489 2180 praemiis
2512 2102 2908 2180 assequuntur,
2944 2112 3039 2165 sed
3090 2102 3415 2182 regulariter
3433 2126 3558 2169 sese

1966 2199 2213 2269 exponit,
2245 2198 2373 2269 quid
2404 2201 2549 2270 quod
2593 2199 2820 2269 intelligi
2862 2198 3010 2265 velit,
3040 2202 3130 2255 ubi
3160 2201 3354 2258 inserit
3389 2216 3554 2272 quem

1969 2291 2154 2348 divino
2186 2305 2412 2345 munere
2460 2290 2667 2346 habere
2715 2290 3040 2361 despiciunt.
3083 2290 3217 2358 Quis
3247 2290 3392 2347 enim
3435 2290 3555 2349 sine

1970 2383 2080 2437 Deo
2124 2379 2386 2451 Spiritum
2422 2388 2691 2445 sanctum,
2723 2381 2933 2437 scilicet
2952 2382 3152 2438 donum
3177 2381 3315 2451 ejus,
3346 2383 3551 2439 habere

1970 2474 2195 2542 potest?
2226 2472 2413 2542 Neque
2433 2473 2578 2527 enini
2610 2473 2756 2528 aliud
2789 2474 2952 2539 Deus,
2979 2473 3122 2529 aliud
3162 2475 3364 2532 donum
3406 2473 3548 2544 ejus,

1972 2564 2025 2620 id
2049 2572 2134 2618 est
2169 2563 2405 2632 Spiritus
2432 2573 2677 2629 sanctus,
2699 2565 2947 2634 quamvis
3002 2568 3198 2621 merito
3252 2566 3467 2622 dicatur
3492 2575 3546 2621 et

1966 2656 2044 2711 sit
2068 2655 2225 2710 alius.
2255 2655 2357 2722 Qui
2396 2656 2589 2710 modus
2611 2655 2899 2711 locutionis
2949 2665 3056 2710 tam
3083 2655 3276 2711 creber
3326 2658 3379 2711 in
3419 2657 3559 2713 divi-

1973 2747 2058 2803 nis
2085 2747 2169 2802 vel
2195 2747 2446 2802 humanis
2476 2746 2746 2815 reperitur
2784 2746 3006 2810 litteris,
3038 2762 3134 2803 seu
3157 2749 3322 2803 etiam
3340 2749 3395 2804 in
3417 2766 3559 2820 quo-

1975 2836 2196 2892 tidiauis
2234 2836 2758 2893 confabulationibus
2808 2838 3031 2903 nostris,
3079 2848 3138 2893 ut
3173 2839 3336 2908 prisci
3372 2854 3560 2911 gram-

1976 2931 2158 2986 matici
2179 2931 2398 3002 proprio
2426 2939 2605 3000 tropo,
2628 2930 2721 3000 qui
2779 2930 3117 2985 catachresis
3164 2932 3388 2996 dicitur,
3434 2948 3558 2991 cum

1976 3021 2193 3088 donari,
2225 3020 2310 3075 vel
2352 3020 2569 3075 odorari
2597 3020 3004 3093 consueverint.
3062 3022 3227 3091 Cujus
3277 3024 3443 3080 etiam
3466 3041 3563 3085 vo-

280 3116 585 3185 nonnullos
613 3125 857 3171 vestrum
888 3130 1011 3169 cum
1034 3115 1230 3184 pretiis
1288 3112 1472 3168 facere
1504 3112 1876 3167 ordinationes
1903 3159 1947 3185 η
1977 3109 2155 3167 cabuli
2177 3111 2285 3166 vim
2328 3111 2509 3167 taliter
2536 3110 2787 3167 edocent.
2835 3110 3225 3171 Cathacbresis
3268 3124 3354 3171 est
3398 3132 3567 3172 usur—

274 3206 652 3279 agnoseimus,
709 3205 1044 3277 spiritualem
1099 3204 1328 3275 gratiam
1382 3203 1657 3270 vendere,
1698 3206 1762 3260 ‘et
1809 3202 1876 3259 de
1905 3202 1948 3220 ν
1978 3204 2129 3275 patio
2167 3202 2326 3259 alieni
2358 3202 2623 3266 nominis,
2648 3211 2706 3257 ut
2749 3202 2982 3273 piscina,
3036 3220 3161 3260 cum
3223 3207 3404 3277 pisces
3456 3207 3565 3266 u'ou

277 3300 479 3357 alienis
512 3298 892 3368 iniquitatibus
921 3312 1045 3352 eum
1075 3296 1286 3366 peccati
1324 3295 1527 3349 damno
1559 3293 1876 3364 temporalia

286 3391 434 3447 lucra
463 3389 767 3445 cumulare.
803 3407 824 3441 ι
860 3387 929 3443 Et
950 3396 1070 3458 post
1111 3400 1322 3457 pauca:
1370 3404 1392 3437 ι
1431 3384 1692 3440 Columba
1744 3399 1875 3438 vcn-

280 3483 455 3542 ditur,
484 3482 608 3552 quia
633 3496 834 3546 manus
867 3478 1146 3550 iiupusilio
1174 3492 1273 3548 per
1297 3492 1460 3548 quam
1498 3484 1720 3535 sanctus
1755 3474 1881 3544 Spi-

282 3578 424 3631 ritus
450 3575 668 3630 etelitus
718 3572 1002 3643 accipitur,
1044 3571 1109 3627 ad
1164 3570 1396 3640 pretium
1444 3568 1736 3639 prmbetur.
1778 3586 1798 3620 ι
1825 3567 1879 3621 ln

284 3668 490 3736 quibus
543 3665 733 3737 utique
773 3665 914 3720 beati
963 3662 1214 3734 Gregorii
1280 3661 1461 3716 verbis
1510 3660 1554 3715 si
1609 3658 1884 3729 recipiunt

290 3759 434 3830 quod
461 3758 540 3812 ait
568 3755 854 3812 nonnullos
873 3753 1209 3825 spiritualem
1237 3751 1468 3822 gratiam
1485 3749 1742 3814 vendere,
1775 3762 1878 3804 cur

294 3848 596 3921 negligant,
619 3846 765 3916 quod
789 3843 1091 3915 subjungit,
1122 3857 1221 3898 eos
1253 3842 1320 3897 de
1361 3840 1554 3897 alienis
1582 3838 1885 3909 iniquitati-

288 3940 393 3997 bus
413 3954 539 3997 cum
587 3944 816 4010 peccato
864 3933 1188 4007 temporalia
1260 3932 1411 3988 lucra
1459 3929 1777 4008 cumulare!
1820 3928 1887 3985 Et

292 4029 565 4100 quomodo
592 4025 891 4099 spiritualis
912 4025 1087 4097 gratia
1114 4031 1291 4094 potest
1318 4021 1426 4077 illic
1458 4021 1617 4074 vcndi
1681 4028 1736 4074 et
1754 4020 1885 4082 emi,

291 4123 387 4180 ubi
404 4122 633 4181 alterius
655 4119 936 4189 iniquitas,
954 4115 1221 4188 emptoris
1252 4109 1483 4178 scilicet,
1516 4110 1727 4166 lucrum
1753 4119 1891 4164 tem-

295 4215 508 4287 porale,
531 4215 715 4277 alteri,
748 4214 801 4269 id
822 4223 901 4268 est
933 4209 1227 4275 venditori,
1258 4222 1381 4263 cum
1427 4212 1657 4280 peccato
1704 4218 1889 4258 cumu-

296 4307 379 4363 lat
406 4307 431 4362 τ
454 4305 589 4376 Quae
613 4306 758 4361 enim
786 4302 1088 4374 spiritualis
1128 4299 1303 4371 gratia
1330 4296 1531 4368 poterit
1569 4295 1686 4350 dari
1718 4304 1776 4351 et
1804 4311 1892 4350 ac-

297 4401 569 4479 cipi,~ubi
614 4400 860 4467 utrisque
915 4394 1176 4466 iniquitas
1217 4390 1532 4461 ostenditur
1578 4388 1791 4460 operari
1846 4386 1892 4443 si

1978 3295 2197 3351 habeat.
2238 3292 2326 3348 Fit
2355 3309 2486 3365 ergo
2504 3303 2659 3364 tropo
2690 3292 2816 3359 hoc,
2842 3303 2902 3348 ut
2924 3309 3011 3350 res
3033 3310 3140 3351 non
3172 3296 3380 3353 habens
3400 3313 3559 3359 suum

1982 3400 2202 3448 nomen,
2236 3393 2461 3453 usurpet
2487 3384 2748 3455 alienum.
2766 3384 2960 3459 Itaque
2988 3397 3206 3444 constat
3236 3389 3342 3445 hoc
3394 3391 3559 3446 modo

1980 3484 2203 3531 sanctos
2222 3473 2417 3529 Patres
2442 3483 2663 3530 nostros
2690 3474 2868 3530 aliena
2899 3477 3120 3549 nomina
3151 3479 3254 3534 rite
3290 3495 3360 3535 ex
3380 3481 3564 3551 aliqua

1984 3581 2165 3622 rerum
2195 3563 2550 3620 similitudine
2590 3579 2900 3634 usurpasse,
2952 3567 3039 3622 ubi
3058 3567 3140 3641 eis
3168 3570 3413 3639 propria,
3443 3586 3567 3641 qua:

1983 3661 2171 3741 utique
2194 3673 2367 3730 pauca
2414 3666 2565 3740 sunt,
2600 3665 2657 3711 et
2711 3658 3000 3741 aliquando
3045 3660 3349 3717 narrationi
3394 3663 3575 3719 minus

1984 3761 2111 3824 apta
2134 3738 2402 3821 contingit
2430 3737 2540 3828 non
2566 3749 2789 3828 adesses
2876 3803 2883 3809 .

2056 3844 2212 3901 Unde
2238 3859 2362 3901 cum
2402 3826 2618 3914 plurimi
2647 3843 2757 3921 alii,
2782 3826 2914 3898 tum
2948 3843 3113 3900 etiam
3135 3842 3199 3898 Β.
3241 3857 3378 3915 papa
3414 3843 3575 3898 lituo-

1986 3935 2198 3989 centius
2236 3934 2369 3989 dicit
2394 3936 2657 4005 quosdam
2687 3934 3059 4009 abhtereticis
3108 3934 3409 4000 ordinatos,
3445 3924 3572 3988 cum

1954 4068 1959 4073 .
1990 4025 2174 4081 statim
2204 4033 2416 4103 astruat
2441 4025 2573 4081 nihil
2607 4040 2675 4081 ex
2710 4025 2797 4080 illa
2831 4024 3171 4080 ordinatione
3212 4024 3571 4091 nisi‘damua-

1992 4117 2193 4174 tionem
2217 4117 2463 4189 adeptos.
2499 4117 2651 4185 Quod
2678 4117 2725 4172 si
2750 4116 2968 4187 proprie
2996 4116 3223 4185 loquens
3249 4114 3478 4172 dixisset
3502 4118 3573 4170 ab

1991 4210 2265 4266 luereticis
2293 4211 2599 4274 damnatos,
2626 4219 2915 4279 putaretur
2936 4208 3141 4264 dixisse
3162 4208 3377 4279 aliquos
3388 4209 3580 4264 catho-

1995 4301 2129 4359 lices
2139 4301 2209 4358 ab
2220 4301 2490 4358 haereticis
2500 4301 2775 4372 depositus
2788 4311 2885 4357 aut
2894 4301 3304 4358 excomtnunica
3312 4309 3414 4357 tos.
3430 4299 3581 4369 Quin

1994 4394 2159 4450 etiam
2191 4394 2320 4466 ipse.
2339 4392 2402 4447 B.
2426 4391 2745 4465 Gregorius,
2769 4407 2876 4462 qua
2930 4391 3228 4449 intentione
3274 4406 3464 4448 sacros
3490 4406 3586 4448 ora

300 4492 550 4564 quidem,
582 4500 642 4545 ut
667 4489 899 4545 dilectus
922 4481 1626 4553 DomiuiJoaunesasserit:
1657 4501 1676 4533 σ
1702 4479 1894 4543 Omnis
1925 4504 1970 4560 ι)
1996 4484 2149 4555 dines
2169 4500 2201 4538 a
2232 4482 2430 4539 talibus
2445 4482 2685 4538 conferri
2714 4480 2800 4537 vel
2834 4481 3170 4552 spiritualem
3198 4480 3431 4551 gratiam
3453 4495 3587 4536 ven-

306 4583 401 4652 qui
427 4582 557 4639 facit
580 4590 884 4651 peccatum,
911 4587 968 4632 et
993 4575 1334 4647 iniquitatem
1360 4573 1508 4640 iacit,
1530 4581 1588 4629 et
1612 4582 1890 4644 peccatum

309 4681 400 4730 est
422 4671 721 4743 iniquitas?
754 4688 773 4722 ι
805 4660 856 4737 (I
886 4666 1048 4723 Joan.
1073 4681 1157 4734 ιιι,
1182 4664 1264 4737 Α.)
1284 4664 1442 4720 Absit
1462 4678 1619 4736 ergo,
1648 4662 1897 4729 absit,,ut

315 4762 552 4834 Spiritus
577 4771 825 4837 sanctus
854 4761 1121 4816 mediator
1175 4746 1518 4828 aliquatenus
1596 4755 1898 4819 aestimetur

320 4855 405 4911 vel
426 4864 533 4915 tam
563 4853 807 4924 turpibus
839 4864 895 4909 et
942 4851 1196 4908 nefandis
1239 4848 1608 4914 commerciis,
1640 4848 1731 4904 ubi
1769 4847 1898 4913 hinc

318 4944 442 5003 inde
464 4944 722 5016 iniquitas
745 4945 1035 5000 comitatur
1055 4951 1113 4997 et
1140 4941 1452 4998 dominatur
1476 4939 1490 4993 !
1513 4937 1631 4994 Non
1660 4953 1791 5010 ergo
1804 4952 1897 5003 co-

318 5037 503 5094 lumba
528 5035 797 5101 venditur,
824 5050 930 5091 non
969 5034 1195 5099 emitur,
1224 5032 1319 5111 sed
1354 5028 1511 5084 vendi
1540 5028 1623 5085 vel
1663 5029 1775 5085 erui
1800 5043 1898 5097 pu-

294 5168 299 5173 .
320 5138 485 5196 tatur,
506 5137 600 5185 aut
622 5129 836 5206 videtur
853 5127 1175 5195 asacrilegis
1198 5135 1254 5180 et
1274 5122 1477 5189 swltis,
1500 5122 1712 5192 quoties
1734 5135 1900 5194 prava

316 5244 349 5276 ιι
376 5236 515 5277 anus
535 5235 724 5276 eorum
755 5220 1030 5289 impositio
1068 5218 1136 5273 ad
1181 5215 1417 5287 pretium
1462 5214 1753 5281 praslietur.
1799 5210 1903 5265 Per

803 5311 1175 5338 ιιι-..ΙΛι-ηιηηηιι
1207 5306 1258 5338 Ω.
1293 5302 1361 5338 ult
1513 5319 1741 5338 nllnrnnn
1768 5302 1903 5338 ἷιιιη-

352 5327 479 5338 ..-Μ
507 5319 686 5338 .nmnn
748 5325 797 5338 ne

1958 4632 1965 4637 .
1992 4579 2075 4644 di,
2103 4575 2350 4643 auttemi,
2374 4590 2430 4632 et
2453 4574 2763 4645 huiusmodi
2783 4583 2981 4630 cetera
3005 4574 3227 4636 dixerit.
3257 4574 3312 4628 in
3334 4573 3443 4627 line
3471 4587 3587 4628 sua:

1995 4669 2325 4735 narrationis
2366 4670 2623 4736 ostendit,
2654 4666 2744 4721 ubi
2772 4673 3106 4736 protestatur
3152 4663 3590 4719 benedictionem

1961 4812 1967 4825 ,
1999 4763 2105 4825 illis
2133 4762 2185 4817 in
2216 4758 2652 4817 maledictionem
2678 4756 2948 4821 converti,
2968 4764 3024 4810 et
3053 4757 3121 4812 ad
3142 4757 3251 4813 hoc
3280 4753 3593 4822 promoveri

1962 4899 1971 4905 .
1996 4861 2060 4910 ut
2084 4851 2216 4907 [iant
2237 4848 2499 4905 haeretici;
2529 4848 2611 4904 Ad
2628 4846 2771 4917 quod
2790 4844 3002 4900 fae'nus
3013 4841 3418 4902 emendandum
3445 4842 3597 4912 quis-

1958 4944 2150 5015 .quis,
2210 4939 2374 4997 oﬂicii
2441 4939 2523 4993 sui
2574 4936 3035 5001 consideratione,
3094 4939 3453 4995 vehementer
3490 4951 3600 4991 non

1999 5034 2309 5094 exarderet,
2354 5045 2479 5084 cum
2514 5039 2737 5084 auctore
2788 5028 2947 5096 hujus
2971 5029 3256 5099 limi-escas
3300 5024 3605 5093 portionem

2002 5140 2064 5182 se
2095 5122 2408 5179 habiturum
2432 5118 2811 5174 incunctanter
2840 5116 3049 5175 sciret?
3074 5123 3418 5195 Hocquoque
3447 5120 3609 5174 modo

1964 5265 1970 5271 .
2004 5214 2294 5279 locutionis
2315 5225 2452 5282 pene
2477 5212 2718 5280 quotidie
2747 5209 2948 5265 dicitur
2983 5215 3114 5281 quis
3147 5208 3389 5283 vendere
3415 5206 3609 5273 Deum.

2011 5327 2126 5338 Δη...
2158 5303 2629 5338 ἷιισιίιῖιιιινι.νοιη1ἶ1
2710 5318 2833 5338 nonan
2887 5313 3105 5338 Mucia:
3147 5309 3403 5338 ..ιι-11911111
3452 5314 3617 5338 Mean
