4124 5374
580 244 721 307 πω

1649 252 2001 312 ΠΗΜΒΕΚΤΙ
2034 255 2094 312 S.
2140 255 2202 308 ll.
2245 256 2305 310 Ε.
2343 204 2754 314 ρΑιιὺιΝΑιιε

3695 250 3853 308 illi.

583 375 758 426 natus,
790 382 926 419 nitus
955 379 1138 422 eorum
1169 367 1330 436 iudet
1359 367 1581 422 abusive
1611 368 1830 432 dicitur,
1859 369 1994 423 alter
2019 384 2148 422 vero
2178 371 2224 429 Λ
2253 370 2326 442 8).
2351 391 2368 422 ι
2403 370 2463 423 Et
2491 371 2684 424 iterum
2710 387 2724 424 :
2764 385 2782 420 ι
2822 365 3233 425 Confundantur
3253 346 3450 422 omnes.
3474 363 3564 435 qni
3595 364 3850 419 adorant

583 455 877 516 absolutus,
909 471 1030 509 cum
1055 457 1234 527 potius
1265 456 1336 511 sit
1372 456 1657 526 obligatus.
1687 458 1778 514 Sic
1815 468 1868 513 et
1890 459 2027 529 apud
2051 460 2152 514 hae-

582 542 780 597 reticos
808 543 1059 598 dicuntur
1093 560 1214 600 esse
1249 545 1510 617 episcopi,
1537 547 1872 610 sacerdotes,
1927 556 1981 601 et
2035 547 2152 601 reli-

582 647 812 702 quorum
842 634 1116 701 ordinum,
1139 635 1292 697 cieri.
1316 636 1580 700 ecclesim,
1617 636 1998 700 ordinationes,
2026 653 2154 692 con-

581 724 934 789 secrationes,
968 725 1232 780 sacriﬁcia
1255 735 1311 782 et
1337 726 1540 796 reliqua
1582 728 1762 782 omnia
1792 737 2149 793 sacramenta,

580 815 677 872 led
705 815 927 871 nomine
965 824 1121 871 tenus
1146 826 1200 872 et
1244 819 1421 888 specie
1447 829 1602 874 tenus
1639 828 1867 883 tantum,
1923 835 2027 874 non
2061 835 2155 876 au-

581 911 692 960 tem
734 904 911 975 aliqua
941 905 1142 962 virtute
1164 915 1220 962 et
1252 908 1485 962 veritate
1509 907 1764 978 ipsarum
1811 923 2012 963 rerum.
2044 907 2155 963 Nec

581 994 802 1060 mirum,
827 1011 948 1050 cum
976 1003 1029 1051 et
1052 997 1190 1067 apud
1215 997 1460 1052 ethnicos
1485 1013 1619 1068 pene
1640 997 1818 1053 omnia
1845 1009 2152 1054 nostrorum

585 1093 1046 1140 sacramentorum
1077 1086 1291 1140 nomina
1333 1089 1692 1156 reperiantur,
1735 1087 1930 1157 quibus
1977 1099 2152 1142 tamen

489 1169 493 1173 ’
585 1174 759 1229 solum
784 1175 1147 1246 sacrilegium,
1179 1193 1284 1231 non
1327 1185 1503 1231 autem
1536 1177 1767 1248 aliquam
1789 1178 2153 1245 sanctitatem,

538 1284 550 1290 τ
587 1277 683 1322 aut
705 1268 985 1323 veritatem
1010 1269 1203 1331 inesse,
1242 1285 1400 1324 nemo
1437 1271 1540 1324 nisi
1572 1271 1795 1324 insanus
1829 1270 2151 1325 arbitratur:

587 1357 847 1434 quidquid
882 1359 1026 1412 enim
1050 1359 1166 1413 sine
1197 1359 1300 1412 ﬁde
1327 1371 1411 1414 est
1438 1359 2009 1430 peccatumest(Rom.
2043 1374 2152 1422 xrv,

584 1445 700 1515 25.)
722 1447 1060 1518 Quapropter
1098 1450 1272 1504 nullus
1289 1450 1402 1521 jam
1431 1459 1735 1520 usurpatus,
1766 1460 1820 1505 et
1849 1451 1901 1504 in
1923 1450 2157 1520 propriis

587 1538 916 1594 dictionibus
940 1542 1192 1596 seductus
1232 1557 1262 1595 a
1301 1541 1517 1611 propria
1557 1551 1608 1595 et
1638 1542 1822 1595 intima
1843 1557 2154 1596 sacramen-

588 1639 762 1684 torum
793 1631 1022 1686 veritate
1042 1632 1281 1698 aberret,
1326 1642 1387 1686 ut
1415 1633 1623 1695 credat,
1668 1641 1761 1685 aut
1808 1632 2060 1700 pr:cdicet
2099 1645 2158 1685 se

2252 463 2538 533 sculptilia,
2567 471 2621 516 et
2646 463 2736 532 qui
2764 460 3064 530 gloriantur
3087 459 3138 514 in
3165 457 3468 525 simulacris
3496 456 3610 511 suis
3648 453 3850 526 (Psal.

2252 571 2393 621 xcvi,
2425 555 2500 624 7).
2527 573 2545 606 ι
2581 553 2769 610 Nonne
2803 552 3103 624 gloriantur
3130 549 3183 604 in
3237 547 3544 610 simulacris
3589 547 3709 600 suis
3739 546 3850 614 qui

2251 644 2542 715 prabdicant
2571 640 2716 697 ratas
2765 639 3200 696 consecrationes
3234 637 3351 692 ﬁeri
3389 652 3420 690 a
3448 635 3787 710 Simoniacis
3819 634 3852 670 τ

2252 734 2407 790 Unde
2434 747 2656 788 necesse
2680 740 2762 787 est
2787 729 3203 793 confundantur,
3247 727 3396 798 quia,
3431 724 3578 795 quod
3608 732 3850 779 constat

2252 840 2356 880 non
2381 831 2674 894 acceptum,
2705 835 2802 876 nec
2842 819 3014 894 pretio
3061 819 3257 890 poterit
3294 813 3531 878 conferri
3572 814 3850 884 cuiquam

2253 915 2553 970 hominum.
2600 913 2669 968 Et
2700 912 2824 984 quia
2856 911 2996 982 quod
3030 908 3393 979 unusquisque
3421 906 3571 972 colit,
3616 906 3725 962 hoc
3758 904 3850 966 ﬁt,

2251 1005 2596 1080 simulacrum
2621 1003 2678 1058 ﬁt
2699 1002 2789 1073 qui
2818 1000 3164 1064 simulacrum
3196 999 3344 1064 colit,
3401 997 3542 1052 sicut
3603 994 3754 1050 Deus
3782 993 3853 1045 tit

2255 1098 2343 1168 qui
2368 1077 2533 1152 Deum
2555 1095 2701 1155 colit,
2720 1094 2916 1165 gratia,
2943 1101 3118 1146 tamen
3145 1106 3249 1145 non
3269 1077 3481 1151 natura,
3506 1096 3564 1142 ιιι
3588 1085 3664 1140 ait
3687 1084 3854 1138 Psal-

2256 1189 2413 1243 mista
2439 1205 2451 1240 :
2481 1185 2592 1256 Ego
2640 1185 2750 1242 dixi
2782 1196 2800 1235 .'
2844 1182 2931 1236 Dii
2961 1181 3082 1235 estis
3135 1177 3288 1250 (Psaf
3323 1192 3505 1240 um,
3535 1175 3612 1247 ὃ).
3673 1172 3851 1227 Unde

2255 1277 2554 1334 avarissimi
2596 1277 2863 1338 homines,
2921 1273 3203 1345 pecuniam
3242 1280 3497 1339 tzinqnam
3542 1268 3706 1322 deum
3747 1281 3850 1318 co-

2221 1360 2428 1425 lentes
2457 1368 2726 1432 alienum,
2783 1366 3208 1436 omnipotentem
3259 1377 3400 1424 eam,
3448 1360 3585 1415 sicut
3641 1357 3853 1428 pagani

2256 1476 2604 1532 quoscunque
2620 1460 2748 1516 deos
2779 1473 2925 1530 suos,
2957 1456 3248 1520 aestimant,
3278 1453 3329 1508 in
3372 1461 3583 1507 tantum
3616 1457 3680 1503 ιιι
3712 1445 3850 1518 Spi-

2258 1555 2420 1610 ritum
2456 1559 2706 1608 sanctum
2763 1548 2863 1613 sibi
2921 1546 3191 1614 subjicere
3238 1541 3546 1613 praevaleat.
3593 1538 3666 1593 Et
3723 1551 3856 1594 sese

2259 1643 2592 1715 majestatem
2632 1641 2953 1695 immensam
2988 1636 3166 1692 metiri
3215 1642 3500 1694 conantes,
3549 1629 3666 1698 qui,
3722 1629 3850 1682 viso

589 1722 673 1774 vel
695 1735 1020 1791 quemquam
1045 1722 1208 1776 alium
1245 1724 1417 1792 gratis
1460 1731 1554 1776 aut
1588 1737 1693 1776 non
1723 1722 1893 1792 gratis
1914 1721 2158 1790 accipere
2189 1712 2232 1770 Β
2263 1712 2502 1799 nummo,
2536 1731 2640 1802 ipsi
2678 1729 2902 1800 pallent,
2926 1727 3059 1782 etad
3074 1726 3192 1796 ejus
3223 1732 3410 1778 nutum
3438 1722 3627 1790 fasque
3663 1717 3856 1772 nefas-

590 1827 748 1881 posse
775 1828 805 1866 a
830 1814 1085 1882 quolibet,
1114 1814 1238 1884 quia
1266 1816 1406 1884 quod
1443 1814 1632 1882 quaerit
1664 1829 1762 1868 nec
1789 1811 2011 1876 accipit,
2065 1828 2162 1868 nec

592 1903 774 1958 habet.
805 1905 1151 1972 Quantolibet
1196 1907 1340 1960 enim
1372 1906 1550 1960 studio
1597 1905 1820 1975 piscinae
1852 1904 2161 1968 incumbas,

592 2005 686 2052 aut
714 1997 953 2062 insistas,
983 2007 1044 2053 ut
1072 2001 1246 2068 pisces
1300 1997 1420 2063 tibi,
1467 2013 1604 2066 quos
1632 1997 1757 2066 quia
1796 2011 1901 2050 non
1957 1995 2167 2065 accepit

591 2104 698 2145 non
729 2089 913 2155 habet,
938 2104 1004 2142 ex
1039 2103 1101 2143 ea
1133 2089 1338 2158 capias,
1389 2087 1521 2142 nihil
1553 2086 1647 2140 tibi
1693 2099 1887 2140 nomen
1916 2086 2034 2154 ejus
2081 2082 2167 2137 vel

533 2219 535 2222 ι
593 2181 674 2236 rei
699 2180 995 2236 similitudo
1023 2179 1127 2234 nisi
1151 2195 1341 2234 vanam
1366 2179 1730 2250 fatigationem
1779 2186 2022 2248 praestat,
2053 2179 2168 2229 sive

593 2272 782 2344 gratis,
811 2272 926 2326 sive
949 2286 1054 2326 non
1083 2271 1251 2340 gratis
1301 2270 1352 2324 id
1379 2271 1583 2339 exigas.
1611 2269 1798 2325 Restat
1843 2283 1973 2338 ergo
2003 2274 2062 2320 ιιι
2083 2264 2168 2320 Si-

593 2362 825 2417 moniaci
847 2361 1158 2416 sacerdotes
1179 2375 1300 2414 cmn
1329 2359 1448 2412 aliis
1476 2359 1744 2413 haereticis
1770 2356 1837 2411 ad
1889 2368 2170 2423 compara-

595 2456 798 2510 tionem
820 2453 1157 2509 sacerdotum
1189 2451 1279 2521 qui
1310 2452 1480 2522 gratia
1520 2451 1614 2505 Hei
1639 2461 1763 2504 sunt
1790 2450 1840 2504 id
1868 2448 2010 2518 quod
2043 2454 2170 2502 sunt

597 2545 651 2618 (1
704 2545 827 2601 Cor.
854 2560 946 2609 xv,
972 2543 1084 2608 10),
1107 2559 1213 2596 non
1242 2543 1535 2612 incongrue
1565 2541 1933 2595 assimilentur
1961 2546 2170 2594 statun-

593 2641 757 2716 culis,
780 2641 988 2698 velauri
1010 2639 1324 2710 argentique.
1346 2636 1671 2701 simulacris,
1689 2651 1828 2707 qum,
1854 2635 1993 2689 sicut
2015 2631 2167 2688 Psal-

601 2735 755 2789 mista
789 2732 935 2788 canit
963 2751 981 2783 ι
1014 2747 1075 2786 os
1128 2730 1348 2792 habent,
1383 2739 1439 2784 et
1465 2745 1568 2784 non
1605 2727 1930 2797 loquentur;
1977 2723 2168 2780 oculos

608 2825 825 2889 tabent,
854 2832 910 2879 et
935 2839 1040 2878 non
1065 2821 1350 2885 videbunt;
1382 2834 1542 2874 aures
1571 2817 1794 2880 habent,
1836 2825 1894 2870 et
1937 2829 2044 2868 non
2075 2829 2172 2866 au-

553 2944 561 2951 ~
620 2913 775 2983 ient;
806 2931 964 2971 nares
990 2914 1210 2978 habent,
1231 2921 1286 2967 et
1323 2927 1427 2966 non
1458 2910 1791 2973 odorabunt;
1817 2922 1919 2962 nec
1947 2914 2031 2960 est
2057 2905 2169 2973 spi-

587 3006 736 3063 ".tus
765 3008 818 3062 in
837 3022 932 3061 ore
982 3007 1240 3068 ipsorum.
1293 3002 1480 3057 Manus
1505 3001 1704 3057 habent
1743 3007 1798 3054 et
1844 3012 1948 3053 non
1989 2996 2171 3066 palpa-

609 3109 760 3165 mnt;
794 3098 957 3168 pedes
983 3097 1180 3151 habent
1203 3104 1257 3149 et
1287 3109 1391 3149 non
1419 3092 1803 3154 ambulabunt;
1836 3103 1939 3142 nun
1967 3087 2168 3142 clama-

609 3197 736 3247 .mnt
755 3190 806 3243 in
835 3197 1050 3256 gutture
1071 3202 1171 3242 suo
1200 3184 1375 3256 (Psaf.
1403 3198 1557 3248 exul,
1589 3181 1733 3251 5-7).
1770 3199 1787 3232 ι
1823 3180 2004 3248 Neque
2028 3175 2170 3232 enim

599 3295 662 3337 :a
694 3280 846 3344 fides,
868 3280 960 3334 sed
985 3277 1202 3348 perfidia
1225 3275 1516 3330 adinvenit.
2019 3287 2021 3289 ·

674 3372 846 3437 Unde,
871 3386 994 3425 cum
1024 3370 1240 3424 nomina
1294 3369 1482 3423 eadem
1530 3375 1586 3421 et
1641 3365 1875 3434 aliquam
1920 3378 2172 3419 verormn

602 3462 969 3519 membrorum
1004 3459 1412 3516 similitudinem
1439 3473 1569 3512 aure
1616 3468 1794 3521 tenus,
1830 3455 1958 3532 .sive
2019 3453 2175 3508 oculo

606 3570 765 3616 tenus
787 3556 1050 3621 referant,
1086 3555 1220 3610 nihil
1245 3564 1423 3608 tamen
1455 3551 1703 3606 veritatis
1731 3551 1782 3604 in
1809 3564 1866 3602 se
1918 3548 2171 3602 retinent.

601 3650 738 3707 Nam
760 3665 823 3706 os
843 3663 1032 3706 eorum
1077 3646 1172 3711 nil,
1217 3645 1319 3700 nisi
1364 3645 1480 3697 oris
1531 3643 1644 3696 veri
1693 3642 1852 3695 inane
1881 3653 2076 3693 nomen
2124 3645 2178 3691 et

602 3742 1138 3815 quantulamcunque
1199 3736 1643 3799 similitudinem,
1705 3744 1883 3788 tamen
1950 3747 2176 3796 vanam,

550 3855 552 3858 ·
601 3831 912 3905 prietendit,
945 3845 1066 3885 cum
1099 3844 1166 3885 ex
1210 3827 1456 3884 materia.
1511 3824 1744 3886 factura,
1795 3831 1850 3877 et
1892 3820 2176 3875 efﬁcientia

601 3923 827 3978 omnino
864 3919 1128 3976 dissimile
1166 3918 1257 3983 sit,
1283 3917 1490 3975 scilicet
1517 3923 1700 3969 careat
1733 3911 1972 3975 ossibus,
2027 3924 2177 3963 com-

614 4015 864 4085 pagibus,
895 4013 1096 4074 nervis,
1123 4010 1298 4074 venis,
1323 4008 1599 4077 sanguine,
1624 4019 1803 4069 carne,
1821 4013 1963 4068 cute,
1990 4002 2096 4055 vita
2124 4008 2178 4054 et

604 4113 776 4166 motu,
797 4100 1068 4170 gustandi,
1099 4100 1282 4164 flandi,
1303 4098 1550 4168 spuendi,
1571 4097 1686 4151 sive
1707 4095 1958 4151 screandi
1984 4090 2174 4147 effectu

598 4192 714 4246 hoc
742 4201 798 4246 et
837 4193 902 4246 de
934 4191 1144 4246 creteris
1172 4190 1427 4244 membris
1455 4189 1654 4243 dictqu
1676 4193 1822 4256 puta,
1859 4185 2054 4254 quibus
2078 4197 2178 4236 nec

606 4285 708 4341 sibi
736 4299 834 4339 nec
850 4285 1100 4352 cuiquam
1125 4282 1304 4336 valent
1338 4280 1614 4350 prodesse,
1642 4287 1736 4332 aut
1763 4277 1944 4346 aliqua
1966 4274 2176 4327 eflieere

606 4375 914 4431 simulacra.
944 4373 1238 4428 Simoniaci
1289 4386 1420 4440 ergo
1445 4369 1774 4428 sacerdotes.
1804 4367 1978 4421 instar
2006 4366 2176 4420 simu.

609 4464 905 4527 laerorum,
945 4462 1156 4517 nonnisi
1185 4461 1342 4515 inane
1371 4473 1564 4513 nomen
1586 4455 1972 4511 catholicorum
2001 4469 2177 4510 sacer-

608 4560 812 4618 domm,
841 4563 895 4608 et
913 4553 1199 4608 exterioris
1219 4551 1393 4605 cultus
1414 4565 1601 4603 eorum
1626 4547 2006 4602 similitudines
2027 4560 2182 4599 usur-

611 4655 823 4714 pantes,
862 4645 985 4711 quia
1019 4642 1332 4696 mediatrire
1361 4639 1612 4702 avaritia,
1658 4654 1776 4706 qua:
1801 4648 1885 4692 est
1915 4637 2178 4692 idolorum

609 4730 1068 4802 servitus(Ephes.
1085 4730 1225 4799 v.5),
1245 4746 1375 4784 auro
1399 4739 1451 4784 et
1467 4736 1688 4800 argento
1712 4726 1835 4780 facti
1859 4733 2003 4788 sunt,
2027 4723 2179 4792 quasi

605 4820 891 4878 simulacra
921 4833 1082 4874 aurea
1129 4819 1210 4873 vel
1238 4827 1491 4888 argentea
1532 4817 1598 4871 ab
1637 4815 1935 4871 idololatria
1956 4827 2181 4882 accepe-

608 4918 759 4965 runt.
783 4910 1022 4977 Quorum
1048 4909 1173 4977 quia
1185 4909 1365 4962 omnia
1386 4916 1514 4962 sunt
1542 4905 1740 4970 fucata,
1770 4913 1916 4974 patet
1943 4901 2184 4971 profecto

2262 1840 2368 1895 que
2396 1829 2669 1885 exercent,
2695 1819 2916 1874 omnino
2941 1815 3168 1871 credunt
3192 1813 3300 1867 Deo
3328 1809 3541 1880 placere
3567 1823 3691 1877 quur
3713 1805 3852 1876 ipsis

2263 1894 2367 1970 non
2395 1922 2573 1984 potest
2597 1927 2701 1966 non
2726 1909 2968 1980 placere;
3013 1919 3243 1978 quorum
3275 1899 3540 1956 insaniam
3572 1894 3856 1953 Satiricus

2263 2006 2425 2061 etiam
2465 1991 2744 2073 redarguit
2774 1998 2851 2054 sic
2885 2018 2896 2052 :
3779 1980 3788 2034 ξ

2417 2118 2584 2171 Curvae
2611 2121 2659 2166 in
2683 2117 2829 2164 terris
2853 2113 3045 2171 anima),
3073 2115 3124 2159 et
3145 2107 3418 2171 caelestium
3443 2106 3632 2154 inanes.

2420 2169 2546 2238 Quid
2564 2181 2700 2239 juvat
2726 2178 2814 2224 hoc
2836 2169 3037 2239 templis
3054 2169 3540 2239 nostros_innmitter_e
3561 2174 3751 2239 nigras,

2422 2227 2472 2290 Et
2497 2227 2624 2289 bona
2651 2239 2746 2287 diis
2771 2250 2832 2285 ex
2856 2227 2951 2284 hae'
2969 2233 3205 2282 scelerata
3229 2230 3418 2278 dueere
3443 2227 3620 2289 culpa?

2337 2341 2488 2408 Quod
2528 2341 2571 2394 si
2600 2339 2874 2400 ethnicus,
2913 2335 3126 2390 ratione
3151 2332 3375 2395 abusus,
3423 2327 3677 2384 crederet
3703 2323 3860 2382 idola

2268 2431 2397 2487 deos
2423 2443 2544 2485 esse
2569 2427 2986 2497 omnipotentes,
3021 2431 3075 2477 et
3099 2421 3264 2477 totius
3305 2419 3431 2474 boni
3460 2425 3741 2479 auctores,
3773 2424 3860 2469 ta-

2269 2539 2412 2587 men,
2441 2532 2692 2590 tanquam
2714 2516 2978 2572 rationale
3009 2513 3228 2577 animal,
3256 2512 3466 2566 ratione
3487 2510 3554 2564 ad
3576 2508 3680 2563 hoc
3704 2517 3856 2563 trac-

2269 2621 2358 2667 tus
2375 2619 2459 2666 est
2484 2617 2542 2663 ut
2561 2624 2696 2678 quos
2719 2605 3194 2662 credebatsumme
3225 2602 3416 2661 bonos,
3448 2607 3860 2665 consequenter

2267 2717 2480 2776 quoque
2509 2702 2762 2757 crederet
2801 2714 2907 2753 non
2948 2711 3104 2767 posse
3135 2696 3216 2750 eis
3258 2691 3474 2762 placere
3500 2689 3732 2744 vitiosas
3759 2689 3857 2741 lm-

2267 2797 2474 2852 minum
2542 2791 2858 2848 affectiones
2912 2788 3026 2842 sive
3074 2783 3395 2854 passiones;
3442 2793 3652 2834 summa
3703 2778 3855 2830 enim

2271 2889 2444 2943 virtus
2491 2898 2715 2943 necesse
2744 2891 2827 2936 est
2873 2879 3036 2933 totius
3074 2875 3188 2929 vitii
3239 2873 3311 2927 sit
3353 2884 3570 2941 expers.
3612 2867 3859 2922 Putasne

2269 2979 2560 3037 Christiani
2591 2979 2720 3042 sint,
2754 2975 2846 3044 qui
2888 2972 3102 3026 Patrem
3131 2967 3418 3030 luminum,
3449 2979 3480 3018 a
3527 2977 3638 3033 quo
3664 2969 3756 3015 est
3795 2983 3808 3009 ι
3830 2970 3853 3012 t

2197 3063 2242 3125 C
2275 3072 2552 3128 descendit
2582 3083 2744 3123 omne
2793 3067 2977 3119 datum
3013 3063 3294 3131 optimum,
3341 3065 3397 3112 et
3439 3068 3598 3111 omne
3649 3053 3859 3106 donum

2275 3161 2574 3231 perfectum
2637 3157 2776 3227 (Jur.
2817 3171 2867 3218 ι,
2906 3154 3015 3223 17),
3063 3153 3263 3204 (illi‘illll
3289 3147 3424 3203 adeo
3473 3141 3854 3214 imperfectum

2277 3270 2334 3310 ut
2391 3253 2634 3325 pecuniis
2665 3290 2679 3312 ,
2729 3264 2863 3318 quas
2913 3260 3076 3315 super
3121 3243 3299 3297 omnia
3351 3239 3598 3309 diligunt,
3627 3235 3857 3290 credant

2275 3364 2334 3403 se
2364 3361 2524 3418 posse
2555 3342 2656 3400 sibi
2692 3340 3008 3400 mturiliare.
3048 3345 3102 3393 et
3133 3335 3456 3404 conquirere
3506 3330 3676 3402 ipsius
3697 3342 3852 3382 sum-

2275 3416 2419 3497 mum
2451 3441 2670 3501 donum,
2705 3451 2804 3490 nec
2825 3447 2983 3504 posse
3005 3431 3112 3485 Deo
3140 3416 3244 3484 non
3286 3425 3525 3497 placere,
3555 3418 3697 3492 quod
3718 3418 3856 3486 ipsis

2275 3535 2353 3589 sic
2382 3532 2559 3602 placet
2589 3524 2903 3593 negotium?

2855 3612 3082 3670 CAPUT
3108 3608 3248 3666 XVI.

2322 3737 2593 3794 Sententia
2629 3733 2797 3788 sancti
2820 3727 3080 3812 Ambrosii
3107 3727 3170 3779 de
3195 3719 3610 3778 ordinationibus
3636 3715 3807 3772 Simo-

2925 3811 3220 3852 "tororum.

2347 3897 2454 3953 Sed
2504 3895 2632 3951 hinc
2679 3892 2793 3962 jam
2858 3890 3037 3959 aliqua
3080 3885 3262 3957 magni
3322 3880 3590 3938 Ambrosii
3627 3873 3850 3945 subiun-

2276 3996 2470 4060 gantur
2504 3981 2889 4051 dicta,quibus
2937 3976 3254 4039 Simoniaci,
3301 3973 3426 4043 quia
3475 3969 3650 4035 avari,
3699 3982 3850 4022 com-

2276 4057 2572 4152 probentur
2595 4076 2756 4131 etiam
2808 4070 3063 4135 usurarii,
3118 4077 3170 4123 et
3217 4067 3338 4119 ideo
3367 4062 3663 4118 secundum
3707 4057 3847 4128 quod

2275 4149 2537 4240 scriptum
2575 4176 2682 4231 est,
2705 4179 2868 4232 super
2901 4175 3089 4215 omnes
3143 4156 3414 4212 maledicti
3459 4152 3651 4223 (Ec-cli.
3677 4163 3734 4213 ι,
3767 4149 3845 4216 9).

2275 4261 2463 4318 Omnis
2488 4259 2685 4328 quippe
2714 4267 2910 4309 avarus
2931 4250 3305 4311 usurarius,et
3329 4243 3614 4300 usurarius
3634 4252 3847 4293 avarus.

2274 4351 2339 4405 B.
2363 4366 2492 4419 ergo
2524 4345 2862 4407 Ambrosius,
2906 4343 2971 4398 de
3021 4342 3130 4394 vita
3167 4346 3221 4392 et
3245 4334 3587 4391 ordinatione
3637 4331 3847 4400 episco-

2207 4422 2254 4480 ί)
2281 4455 2472 4510 porum
2502 4438 2744 4507 loquens,
2776 4435 2917 4488 inter
2951 4431 3053 4485 alia
3084 4430 3161 4484 ait
3187 4446 3202 4482 :
3235 4446 3252 4480 ι
3287 4427 3443 4481 Licet
3481 4423 3593 4493 jam
3613 4427 3849 4476 coarctet

2283 4547 2382 4586 nos
2401 4528 2568 4586 libelli
2609 4526 2766 4595 lmjits
2797 4524 3096 4595 prolixitas,
3123 4531 3177 4574 et
3238 4530 3451 4588 tempus
3495 4529 3596 4570 nos
3640 4518 3848 4584 urgeat.

2284 4633 2343 4677 ut
2378 4623 2444 4676 ad
2475 4624 2630 4674 finem
2646 4616 2804 4685 hujus
2823 4615 3004 4686 operis
3057 4612 3358 4673 veniamus,
3403 4605 3708 4662 sollicitudo
3745 4601 3853 4655 fra-

2286 4714 2422 4770 terni
2446 4726 2543 4767 nos
2570 4709 2806 4765 retardat
2828 4706 3046 4767 amoris,
3071 4702 3281 4757 illorum
3301 4698 3570 4770 praecipue
3597 4691 3848 4749 sacerdo-

2289 4816 2399 4863 tum
2423 4805 2534 4875 qui,
2561 4802 2761 4858 mentis
2781 4811 2994 4868 torpore
3017 4793 3278 4856 hebetati,
3295 4787 3689 4847 sacerdotalem
3711 4783 3849 4840 infa-

2289 4874 2724 4952 tnantihonorem
2744 4931 2756 4955 ,
2800 4900 2855 4943 et
2881 4888 2974 4954 qui
3003 4900 3194 4940 novam
3227 4879 3594 4953 prodigialiter
3618 4874 3849 4949 regulam

3011 4994 3054 4998 --
3070 4993 3088 4998 -
3105 4994 3131 4998 _
3149 4983 3398 4998 ---η-ι...-
3431 4983 3476 4998 AI
3491 4970 3851 4998 P:A-:4-Mlan.

4039 2018 4041 2070 l

4040 2629 4041 2724 l
