4124 5374
260 212 415 269 1οη

944 206 1311 264 ADVERSUS
1353 205 1761 263 SIMONIACOS
1798 205 1975 260 LIBRI
2015 205 2214 260 ταῖς.
2257 236 2324 246 -
2363 205 2563 260 LIBER
2601 205 2878 263 PRIMUS.
2935 244 2946 254 .

3410 203 3548 258 1οη

255 341 383 380 suo
412 325 620 395 cepisse
651 321 875 378 credant
916 321 1119 387 Eliseo,
1163 321 1254 392 qui
1292 321 1515 392 gradum
1556 319 1866 374 sacerdota-
1893 323 1936 378 Α
1967 328 2026 372 ut
2057 334 2313 387 rcor,pro
2328 333 2392 372 co
2416 320 2557 386 quod
2578 321 2938 388 gratisdatur,
2961 319 3080 376 ideo
3109 318 3279 391 gratia
3300 331 3545 377 vocatur.

256 417 390 472 lem
440 432 502 472 se
552 416 870 472 existimant
939 414 1180 484 pecuniis
1226 425 1588 482 comparasse.
1653 408 1860 476 Quibus

1964 408 2108 481 Ergo
2137 409 2183 464 si
2215 410 2387 480 gratia
2415 411 2586 478 gratis
2617 411 2774 465 datur
2800 449 2814 473 ,
2845 420 2900 465 et
2927 426 3062 466 auro
3093 427 3197 466 non
3227 411 3544 475 aestimatur,

251 523 408 562 cum
439 509 539 562 ista
571 507 886 574 dixerimus,
919 505 1161 561 subicere
1216 505 1402 560 debuit
1443 518 1596 558 suam
1645 518 1861 572 compa-
1960 515 1988 553 a
2040 509 2091 554 te
2141 515 2239 555 cur
2285 501 2456 569 gratia
2495 502 2740 568 pecuniis
2770 502 3151 570 comparatur?
3197 500 3544 572 Respondet:

257 599 456 652 rando
503 597 707 668 lepram
738 597 1034 667 possidere.
1085 595 1263 660 Nam,
1316 595 1456 649 sicut
1508 593 1858 648 validioribus

254 687 490 743 morbis
519 688 696 759 capite
737 688 947 751 vitiato,
990 686 1255 755 reliquum
1290 697 1512 740 necesse
1539 693 1623 738 est
1662 698 1857 752 corpus

255 779 634 853 inundatione
665 780 963 850 superioris
991 779 1163 833 morbi
1197 776 1464 832 Iethaliter
1491 774 1741 853 irrigari:
1782 775 1854 828 ita

248 852 317 923 et
353 870 415 924 hi
445 871 536 940 qui
561 849 999 941 caputividentur
1028 883 1149 924 esse
1179 866 1452 930 Ecclesiae,
1476 867 1668 920 morbo
1681 849 1859 934 'pesti-

250 960 392 1016 fero
425 960 722 1016 fraternum
742 960 935 1015 vitiant
962 975 1178 1030 corpus,
1204 967 1260 1012 ut
1285 958 1414 1012 nihil
1441 973 1504 1012 ex
1529 965 1638 1011 tota
1665 971 1858 1024 corpo-

249 1057 342 1113 ris
376 1072 641 1128 compage
672 1057 1026 1114 insauciatum
1044 1056 1212 1126 possit
1233 1055 1461 1109 evadere
1478 1095 1492 1118 ,
1517 1051 1660 1122 quod
1687 1051 1856 1122 negli-

245 1150 516 1218 gentiam
542 1149 878 1204 sacerdotum
898 1148 1209 1202 vitiositatis
1235 1145 1459 1200 mortale
1487 1144 1853 1199 noninfccerit

245 1241 427 1295 virus
441 1282 455 1305 ,
486 1243 557 1294 ita
571 1250 631 1295 ut
644 1241 824 1296 videas
844 1243 894 1295 iu
912 1240 1143 1295 Ecclesia
1161 1240 1356 1309 passim
1371 1253 1503 1309 quos
1516 1254 1620 1292 non
1639 1239 1848 1306 merita,

240 1332 354 1386 sed
389 1331 640 1401 pecunia:
674 1332 738 1386 ad
778 1333 1123 1402 episcopatus
1154 1331 1398 1385 ordinem
1445 1338 1847 1399 provexerunt;

243 1438 534 1494 nugacem
566 1423 818 1494 populum
850 1433 905 1478 et
935 1424 1229 1486 indoctum,
1261 1423 1350 1492 qui
1393 1421 1550 1475 talem
1579 1421 1681 1476 sibi
1717 1423 1854 1476 asci-

241 1511 467 1570 verunt
495 1515 862 1581 sacerdotem;
887 1531 1024 1587 quos
1045 1516 1089 1568 si
1123 1515 1433 1585 percontari
1467 1515 1695 1570 fideliter
1720 1513 1855 1569 velis

241 1603 388 1674 quis
440 1618 538 1659 eos
585 1603 886 1676 praefecerit
936 1605 1263 1671 sacerdotes,
1297 1605 1696 1673 respondebunt
1727 1619 1850 1658 mox

240 1706 307 1750 et
339 1697 580 1752 dicent:
615 1697 699 1753 Ab
743 1696 1148 1768 archiepiscopo
1189 1713 1306 1750 smn
1355 1712 1526 1766 nuper
1571 1695 1854 1752 ordinatus

240 1789 579 1859 episcopus,
602 1797 926 1860 centumque
955 1789 1003 1845 ei
1035 1787 1238 1844 solidos
1267 1787 1386 1843 dedi
1417 1831 1429 1852 ,
1473 1784 1532 1845 u't
1572 1789 1856 1859 episcopa-

243 1883 360 1950 lem
393 1880 630 1952 gratiam
678 1880 932 1950 consequi
981 1880 1327 1947 meruissem;
1359 1895 1495 1950 quos
1542 1879 1588 1935 si
1633 1880 1856 1934 minime

239 1957 558 2040 dedissem,
598 1972 756 2028 hodie
791 1973 1075 2043 episcopus
1103 1989 1206 2027 non
1246 1987 1441 2027 essent.
1483 1970 1634 2025 Unde
1661 1971 1852 2024 melius

245 2069 394 2123 mihi
425 2077 511 2125 est
531 2083 721 2125 aurum
746 2067 812 2122 de
840 2067 1038 2123 sacello
1064 2067 1313 2122 invehere
1341 2083 1502 2136 qttam
1529 2075 1734 2120 tantum
1766 2079 1852 2117 sa-

239 2162 566 2216 cerdotium
629 2160 877 2232 perdere.
933 2159 1140 2214 Aurum
1209 2155 1330 2214 dedi
1384 2165 1439 2212 et
1480 2155 1848 2227 episcopatum

239 2253 597 2322 comparavi.
622 2252 767 2322 Quos
791 2261 969 2308 tamen
1002 2250 1223 2316 solidos,
1257 2251 1300 2306 si
1332 2249 1473 2316 vivo,
1507 2259 1848 2320 recepturum

240 2359 342 2402 me
376 2343 533 2400 illico
564 2360 672 2399 non
698 2342 895 2398 dillido.
927 2344 1064 2398 Ecce
1096 2353 1150 2398 et
1181 2360 1371 2398 aurum
1415 2343 1558 2414 quod
1605 2342 1747 2404 dedi,
1795 2342 1848 2395 in

241 2452 380 2494 meo
413 2434 630 2511 sacello
652 2435 826 2506 recepi
853 2475 868 2500 ,
919 2444 973 2491 et
1019 2436 1392 2512 episcopatum
1427 2439 1594 2508 gratis
1641 2435 1845 2504 accepi.

239 2526 634 2597 Ncmpehoc
675 2536 759 2580 est
795 2528 938 2596 quod
984 2527 1139 2582 doleo
1172 2568 1185 2591 ,
1237 2529 1362 2596 quia
1413 2529 1849 2599 archiepiscopus

240 2616 564 2673 carnaliter
597 2619 906 2690 episcopum
954 2619 1099 2675 fecit.
1147 2616 1278 2673 Nam
1331 2629 1549 2689 propter
1591 2619 1848 2690 pecunias

241 2710 580 2782 specialiter
620 2711 894 2782 leprosum
941 2713 1232 2768 ordinavit.
1268 2731 1284 2764 ι
1321 2713 1597 2785 Pecunia,
1629 2714 1845 2784 inquit,

241 2813 344 2861 tua
383 2814 570 2858 tecum
619 2805 691 2859 sit
741 2804 795 2858 in
837 2789 1380 2879 perditionent,'qu_ia
1429 2805 1628 2860 donum
1673 2806 1844 2861 sancti

241 2896 504 2967 Spiritus
529 2896 717 2964 gratiae
745 2896 915 2964 pretio
937 2895 1288 2964 comparasti,
1323 2916 1341 2948 ›
1374 2905 1428 2952 et
1458 2896 1842 2951 commercium

243 2985 574 3062 miserabile
603 2985 654 3040 in
679 2986 985 3042 animarum
1013 2990 1236 3044 exitium
1265 2987 1540 3059 peregisti.
1581 2987 1648 3043 Et
1675 2986 1840 3040 nescii
1870 3017 1915 3078 ϐ

241 3082 513 3136 homines
554 3089 610 3134 et
635 3079 834 3137 indocti
868 3082 921 3137 in
955 3083 1388 3143 ordinationibus
1418 3098 1602 3138 eorum
1635 3079 1842 3154 procla-

243 3183 427 3238 mant,
463 3183 524 3228 ct
552 3173 737 3229 dicunt
777 3193 789 3228 :
843 3175 1043 3245 Dignus
1069 3193 1150 3243 es,
1177 3186 1231 3231 et
1268 3176 1448 3246 justus
1491 3191 1590 3238 es;
1639 3183 1693 3230 et
1713 3189 1841 3229 con-

246 3265 489 3320 scientia
524 3263 756 3319 misera:
786 3264 1041 3338 Indignus
1082 3282 1162 3332 es,
1206 3276 1260 3322 et
1303 3264 1532 3333 iniustus
1559 3282 1639 3329 es,
1683 3263 1837 3319 dicit.

245 3354 582 3410 Prnuuntiat
624 3356 768 3410 enim
811 3356 1425 3427 episc0pushujusmodi
1472 3358 1538 3429 ad
1584 3355 1837 3427 pepulum

245 3444 438 3499 dicens
494 3462 510 3498 ι
557 3443 669 3500 Pax
743 3446 915 3502 vobis.
987 3445 1168 3502 Oculis
1241 3447 1458 3517 quidem
1527 3446 1837 3500 carnalibus

246 3533 466 3587 videtur
488 3535 646 3603 quasi
675 3535 958 3605 episcopus
987 3551 1232 3605 magnus,
1261 3544 1314 3591 et
1341 3536 1536 3591 divinis
1560 3537 1836 3592 obtutibus

247 3622 545 3694 inspicitur
571 3623 816 3693 leprosus
845 3641 1091 3697 magnus.
1115 3625 1219 3681 Per
1240 3626 1521 3696 pecuniam
1549 3625 1835 3695 acquisivit

229 3710 554 3782 gindebitum
583 3714 848 3777 ordinem,
881 3726 934 3770 et
978 3719 1116 3784 apud
1149 3716 1433 3771 Dominum
1480 3716 1713 3785 perdidit
1753 3715 1833 3770 iu-

245 3802 505 3858 seriorem
557 3804 851 3862 hominem.
900 3806 1038 3858 Caro
1087 3804 1326 3874 suscepit
1373 3805 1729 3874 dignitatem,
1777 3810 1832 3857 et

246 3891 430 3948 anima
485 3893 725 3963 perdidit
768 3895 1133 3950 honestatem.
1185 3894 1325 3949 Caro
1372 3895 1566 3948 ancilla
1614 3895 1830 3948 domina

245 3980 388 4038 facta
419 3992 506 4039 est
529 3983 726 4057 anima:
750 4025 765 4048 ,
805 3984 982 4038 anima
1014 3999 1132 4059 quae
1164 3993 1282 4038 erat
1322 3983 1538 4039 domina
1582 3983 1720 4038 facta
1750 3991 1834 4039 est

251 4070 450 4128 latitula
488 4073 692 4130 carnis.
729 4074 869 4131 Caro
919 4073 1229 4128 dominatur
1277 4073 1488 4145 populis
1543 4082 1597 4128 et
1650 4075 1830 4128 anima

249 4164 418 4220 Servit
454 4167 703 4220 daemoni.
755 4163 918 4219 Carni
961 4164 1321 4220 sacerdotium
1362 4164 1733 4236 comparavit,
1777 4172 1831 4220 et

250 4254 447 4310 anima:
493 4257 877 4312 detrimentum
907 4257 1136 4328 paravit.
1187 4276 1204 4308 ‹
1243 4255 1307 4310 Ει
1332 4256 1461 4326 quid
1485 4255 1701 4324 prodest
1729 4253 1831 4310 hu-

247 4340 480 4412 jnsmodi
515 4347 776 4404 hominist
809 4359 975 4405 totum
1004 4350 1258 4405 muudum
1283 4351 1539 4417 lucretur,
1566 4353 1827 4406 etanima‘:
1854 4359 1906 4420 υ

252 4454 366 4497 sure
409 4443 793 4498 detrimentum
822 4443 1090 4513 patiatur?
1141 4444 1250 4497 Aut
1287 4460 1447 4513 quam
1481 4444 1628 4499 dabit
1665 4445 1828 4500 homo

256 4535 725 4591 commutationem
752 4549 847 4605 pro
873 4535 1050 4588 anima
1073 4535 1203 4588 sua?
1223 4554 1241 4587 ι
1305 4534 1518 4607 (Matth.
1559 4551 1673 4604 Ἆγι,
1710 4533 1826 4604 26.)

257 4619 408 4686 Quod
445 4623 588 4678 dedit
626 4625 1050 4695 cumepiscopus
1089 4624 1458 4690 ordinaretur,
1484 4639 1672 4682 aurum
1697 4628 1823 4682 fuit:

258 4717 309 4761 et
340 4711 478 4778 quod
504 4713 752 4782 perdidit,
785 4715 963 4768 anima
991 4713 1111 4768 fuit.
1155 4712 1288 4769 Cum
1334 4715 1496 4770 alium
1528 4719 1824 4783 ordinaret,

254 4800 399 4868 quod
449 4803 694 4874 accepit,
733 4807 958 4876 pecunia
1007 4803 1108 4859 fuit
1138 4823 1150 4859 :
1186 4815 1240 4862 et
1283 4807 1427 4876 quod
1475 4808 1643 4876 dedit,
1674 4808 1823 4881 lepra

225 4873 232 4876 ’
252 4883 374 4946 fuit.

331 5024 490 5081 «Haec
518 5038 641 5083 sunt
666 5031 1017 5088 mercimonio
1049 5029 1358 5101 iniquorum
1382 5029 1433 5084 iu
1459 5037 1698 5100 pernicie
1736 5052 1828 5092 eo-

255 5126 396 5168 rum.
429 5115 697 5189 Interrogo
739 5130 918 5178 tamen
961 5119 1180 5177 fratrem
1209 5131 1265 5178 et
1311 5122 1692 5194 coepiscopum
1734 5143 1828 5181 no-

259 5210 422 5259 strum
439 5247 453 5272 ,
483 5211 603 5277 quia
629 5221 684 5267 et
708 5230 807 5286 ego
829 5214 1116 5284 episcopus
1142 5229 1284 5276 sum,
1330 5219 1384 5263 et
1411 5227 1534 5266 eum
1575 5217 1829 5286 episcopo

258 5288 457 5362 loquor.
508 5300 598 5356 Dic
641 5318 768 5374 ergo
821 5301 956 5360 mihi
1003 5302 1296 5374 paulisper,
1341 5298 1511 5365 frater
1555 5307 1825 5374 cpiscopc.

1928 5304 2053 5364 post
2101 5294 2284 5362 aliqua
2306 5291 2381 5343 ait
2431 5308 2443 5344 :

1961 588 2097 652 Non,
2126 589 2322 658 inquit,
2352 590 2482 644 mihi
2506 591 2746 653 daretur,
2778 593 2821 644 si
2850 592 3096 660 pecuniis
3121 608 3224 647 non
3251 603 3545 656 emeretur.

1959 691 2060 732 nec
2087 680 2374 748 episcopus
2412 677 2634 734 luissem
2675 680 2990 743 ordinatus,
3036 681 3082 735 si
3134 681 3392 750 pecunias
3435 699 3545 737 non

1957 769 2244 822 dedissem.
2279 769 2442 840 Ergo,
2467 779 2521 823 ut
2571 781 2796 839 apparet
2825 787 2888 824 ex
2943 771 3383 840 responsionibus
3409 773 3544 835 tuis,

1957 860 2184 929 gratiam
2200 876 2320 914 cum
2350 861 2684 916 ordinaret-is
2707 877 2808 915 non
2825 861 3132 930 suscepisti,
3160 865 3282 930 quia
3306 864 3542 932 gratuito

1955 965 2076 1004 eam
2110 965 2216 1004 non
2247 952 2515 1006 meruisti.
2559 952 2624 1006 Et
2653 952 2774 1007 ideo
2800 993 2815 1015 ,
2847 952 3036 1016 frater,
3083 954 3127 1007 si
3175 954 3404 1024 gratiam
3434 970 3541 1008 non

1956 1041 2232 1110 accepisti,
2261 1044 2532 1111 quomodo
2574 1044 2862 1112 episcopus
2883 1041 3018 1096 ellici
3054 1042 3309 1111 potuisti?
3336 1057 3460 1096 nam
3490 1050 3547 1097 et

1957 1130 2023 1184 ad
2078 1130 2370 1200 discipulos
2424 1131 2685 1184 Dominus
2720 1130 2896 1184 dicit:
2933 1148 2952 1181 ι
2989 1130 3172 1185 Gratis
3212 1129 3499 1200 accepistis
3525 1169 3540 1192 ,

1955 1219 2124 1288 gratis
2151 1220 2275 1274 date
2303 1219 2516 1288 (Matth.
2547 1236 2604 1285 κ,
2635 1222 2709 1287 8).
2745 1239 2764 1272 ι
2802 1220 2915 1275 (Zur
2943 1236 3072 1288 ergo
3100 1222 3390 1290 gratuitam
3417 1236 3544 1293 ενι·

1956 1311 2084 1366 tiam
2135 1311 2413 1366 aestimasti
2438 1320 2491 1366 te
2515 1311 2688 1380 pretio
2716 1310 3030 1381 possidere?
3079 1309 3232 1376 Nam,
3261 1321 3320 1366 ut
3361 1310 3539 1374 video,

1955 1416 2148 1455 aurum
2197 1401 2335 1456 dans
2379 1400 2703 1470 perdidisti,
2757 1410 2814 1456 et
2861 1410 3108 1462 sanetam
3158 1401 3385 1470 gratiam
3434 1417 3540 1454 non

1955 1493 2253 1562 acquisisli.
2303 1492 2498 1548 Adhuc
2548 1501 2727 1547 tamen
2782 1491 2949 1546 semel
3013 1491 3273 1561 adjiciens
3317 1489 3539 1546 fratrem

1954 1584 2233 1655 perquiro,
2284 1599 2352 1639 ne
2401 1584 2528 1652 quid
2558 1583 2624 1638 de
2669 1583 3108 1654 approbamentis
3154 1583 3404 1639 veridicis
3443 1599 3540 1638 nos

1883 1670 1930 1730 Β
1957 1673 2364 1743 praetermisisse
2394 1674 2693 1728 videamur.
2745 1674 2876 1741 Quis
2903 1673 3018 1736 dat,
3045 1673 3230 1732 frater,
3255 1674 3542 1743 episcopa-

1930 1764 2058 1821 lem
2079 1765 2344 1836 gratiam?
2366 1766 2526 1830 Deus,
2551 1781 2618 1819 an
2643 1766 2837 1820 homo?
2863 1763 3174 1835 Respondes
3197 1764 3315 1818 sine
3342 1764 3536 1818 dubio:

1954 1859 2123 1925 Deus;
2153 1858 2248 1912 sed
2275 1865 2452 1912 tamen
2486 1873 2583 1927 per
2610 1857 2854 1912 homines
2898 1857 2988 1911 dat
3021 1856 3162 1910 Deus
3183 1895 3199 1920 ,
3246 1855 3408 1910 homo
3439 1855 3540 1910 im-

1953 1948 2102 2018 ponit
2127 1963 2342 2012 manus,
2375 1947 2511 2000 Deus
2539 1945 2765 2015 largitur
2787 1946 3047 2016 gratiam:
3080 1945 3334 1999 sacerdos
3365 1945 3541 2014 impo-

1952 2040 2033 2094 nit
2057 2038 2352 2108 supplieem
2388 2039 2704 2102 dexteram,
2737 2048 2792 2094 et
2819 2038 2962 2093 Deus
3012 2036 3284 2092 benedicit
3325 2019 3540 2106 potenti

1950 2132 2205 2196 dextera;
2232 2131 2515 2202 episcopus
2541 2131 2722 2185 iuitiat
2755 2130 3040 2195 ordinem,
3072 2137 3126 2183 et
3164 2127 3308 2182 Deus
3346 2129 3540 2183 tribuit

1953 2223 2298 2293 dignitatem.
2324 2222 2367 2276 Ο
2389 2222 2617 2292 justitia,
2649 2239 2682 2276 o
2716 2219 2966 2290 aequitas!
3007 2218 3052 2274 si
3077 2218 3282 2272 homini
3307 2219 3538 2288 pecunia

1952 2313 2114 2368 datur
2141 2351 2158 2379 ,
2187 2315 2277 2382 qui
2331 2313 2462 2367 nihil
2515 2313 2566 2367 in
2613 2313 2801 2367 ordine
2841 2311 3072 2381 amplius
3121 2319 3398 2379 Operatur,
3432 2312 3536 2366 nisi

1948 2405 2116 2459 solum
2166 2402 2444 2458 servitium
2468 2401 2619 2471 quod
2653 2402 2702 2455 ei
2748 2401 3027 2466 creditur;
3081 2417 3180 2454 cur
3212 2399 3320 2453 Deo
3366 2409 3539 2454 totum

1949 2503 2195 2563 negatur,
2223 2493 2314 2562 qui
2349 2493 2522 2562 ipsum
2553 2492 2797 2546 ordinem
2831 2491 2924 2544 tibi
2957 2491 3218 2561 largitur?
3255 2475 3540 2546 Justumno

1951 2586 2044 2640 tibi
2069 2585 2279 2644 videtur
2304 2593 2360 2638 ut
2385 2598 2573 2638 servus
2600 2582 2895 2636 honerctur
2919 2592 2972 2636 et
2998 2582 3256 2638 Dominus
3287 2581 3536 2650 inim-iam

1950 2674 2210 2742 patiatur,
2240 2683 2295 2726 et
2341 2673 2536 2742 injuste
2584 2672 2817 2740 accipiat
2861 2675 3113 2726 sacerdos
3159 2675 3441 2742 pecuniam
3482 2682 3538 2727 et

1951 2765 2090 2822 Deus
2117 2764 2354 2833 patiatur
2400 2765 2468 2817 ab
2515 2762 2737 2818 homine
2767 2763 3062 2833 injuriam?
3115 2764 3222 2819 Sed
3269 2766 3393 2836 quia
3432 2781 3535 2836 pro

1945 2869 2204 2910 concesso
2232 2854 2423 2909 ordine
2451 2853 2592 2909 Deus
2624 2869 2653 2907 a
2692 2862 2744 2909 te
2774 2854 2905 2908 nihil
2933 2865 3233 2924 exspectat,
3261 2871 3359 2911 cur
3403 2873 3432 2911 a
3481 2864 3535 2912 te

1945 2946 2198 3001 sacerdos
2220 2945 2503 3016 pecuniam
2540 2945 2878 3015 impudenter
2913 2947 3236 3016 exspectat?
3268 2948 3533 3003 Dominus

1947 3036 2150 3092 homini
2182 3037 2478 3092 concedere
2507 3037 2678 3092 voluit
2723 3038 2920 3108 gratis,
2953 3047 3008 3092 et
3034 3039 3318 3109 episcopus
3363 3056 3532 3112 rapax

1942 3131 2226 3201 pecuniam
2257 3129 2324 3184 ab
2371 3129 2589 3184 homine
2617 3131 2826 3202 expetit
2856 3131 3056 3200 gratis;
3111 3130 3251 3186 Deus
3297 3132 3527 3196 homini,

1943 3233 1999 3275 ut
2029 3233 2177 3276 certe
2207 3221 2494 3290 benignus,
2523 3220 2692 3290 gratis
2739 3220 2997 3285 donavit;
3028 3230 3082 3276 et
3109 3221 3364 3276 sacerdos
3391 3222 3528 3277 indi-

1941 3326 2078 3381 gnus
2110 3325 2234 3364 eum
2263 3309 2380 3364 sine
2408 3325 2572 3364 causa
2623 3310 2902 3378 praedavit.
2961 3329 2978 3362 ι
3008 3309 3143 3377 Quid
3170 3311 3312 3364 enim
3360 3311 3528 3364 habes

1939 3400 2081 3470 quod
2112 3416 2220 3456 non
2245 3401 2537 3471 accepisti?
2583 3401 2627 3454 si
2681 3410 2861 3456 autem
2908 3402 3188 3472 accepisti,
3234 3403 3362 3474 quid
3415 3404 3526 3474 glo-

1937 3492 2098 3546 riaris
2125 3493 2281 3561 quasi
2315 3509 2421 3547 non
2451 3493 2762 3562 acceperis?
2793 3492 2842 3563 (1
2872 3493 2996 3551 Cor.
3029 3509 3106 3558 tv,
3135 3494 3213 3564 7.)
3244 3514 3263 3548 ι
3293 3494 3434 3551 Ecce
3456 3497 3522 3549 ad

1935 3598 2056 3654 qua:
2081 3583 2220 3636 mala
2249 3583 2482 3638 volvitur
2508 3583 2732 3639 deiﬂeus
2754 3586 2915 3640 ordo:
2941 3601 3068 3641 ecce
3095 3588 3160 3640 ad
3187 3602 3308 3656 qua:
3328 3589 3524 3658 probra

1937 3672 2176 3742 prolapsi
2223 3681 2350 3727 sunt
2396 3673 2707 3728 sacerdotes
2754 3673 2845 3744 qui
2904 3675 3092 3728 audire
3139 3686 3452 3730 meruerunt
3492 3692 3522 3729 a

1930 3761 2120 3816 Iudice
2143 3761 2356 3815 mundi:
2385 3762 2524 3816 «Vos
2546 3763 2680 3816 estis
2705 3762 2793 3816 lux
2818 3763 3231 3828 mundiUlatt/c.
3262 3781 3318 3828 ν,
3354 3766 3460 3836 14).
3497 3786 3515 3818 ι

1931 3851 2069 3906 Ecce
2088 3850 2284 3920 quibus
2305 3849 2884 3920 subjiciunturgentes,
2906 3853 3102 3923 quibus
3122 3868 3153 3906 a
3177 3853 3404 3909 Domino
3431 3854 3516 3907 di-

1933 3951 2077 3997 ctum
2107 3949 2230 3995 est:
2269 3959 2288 3994 ι
2320 3940 2426 3995 Vos
2452 3941 2585 3996 estis
2613 3940 2692 3996 sal
2739 3950 2896 3997 terra:
2934 3942 3122 4014 (ΗΜΛ,
3159 3944 3273 4014 15).
3311 3965 3330 3998 ι
3375 3944 3516 4016 Ergo

1931 4030 1978 4085 si
2007 4030 2098 4086 lux
2135 4039 2220 4085 est
2245 4029 2503 4086 Ecclesiae
2530 4030 2838 4101 episcopus,
2869 4049 2900 4086 a
2938 4033 3164 4089 Domino
3203 4033 3512 4098 ordinatur,

1932 4119 2006 4174 ita
2042 4130 2102 4174 ut
2130 4119 2416 4190 imperitiae
2459 4122 2713 4176 tenebras
2740 4121 3142 4191 praedicationis
3165 4139 3276 4178 suae
3301 4124 3518 4194 eloquio

1935 4211 2195 4267 rutilante
2249 4212 2708 4268 conscientiarum
2771 4213 3024 4268 tenebras
3069 4212 3377 4277 illuminet,
3419 4231 3519 4270 cur

1933 4303 2045 4373 ipse
2077 4303 2433 4378 palpabilibus
2461 4302 2696 4358 tenebris
2725 4313 2938 4358 tenetur
2960 4304 3288 4360 obstrictus?
3317 4305 3386 4360 Et
3411 4321 3516 4361 non

1931 4396 2103 4452 solum
2146 4395 2272 4465 quia
2307 4396 2424 4466 ipse
2465 4395 2590 4450 dum
2638 4397 2777 4452 male
2820 4399 2949 4470 agit,
3007 4399 3170 4469 digne
3213 4400 3376 4468 perit,
3433 4401 3516 4453 iu-

1930 4502 2094 4556 super
2140 4496 2195 4542 et
2235 4485 2369 4541 alios
2417 4501 2599 4542 secum
2647 4489 2807 4558 digne
2850 4489 3043 4558 perdit.
3107 4489 3164 4544 Si
3217 4489 3360 4543 enim
3404 4504 3515 4542 me-

1935 4577 2088 4631 rnisti
2118 4576 2248 4631 salis
2285 4590 2532 4648 saporem
2561 4578 2918 4645 possiderent
2943 4580 3309 4648 insipientium
3339 4579 3515 4646 possis

1933 4666 2095 4722 corda
2118 4665 2343 4720 condire
2366 4706 2381 4731 ,
2428 4680 2526 4720 cur
2577 4667 2897 4720 infamatum
2932 4668 3023 4721 tali
3064 4671 3198 4722 vitio
3223 4669 3516 4722 immundis

1935 4763 1988 4807 te
2061 4769 2348 4824 porcorum
2420 4755 2849 4810 conculcaudum
2921 4757 3148 4826 pedibus
3201 4755 3512 4827 prabuisti;

1924 4845 1998 4900 ita
2027 4855 2084 4900 ut
2110 4861 2211 4901 nec
2256 4855 2308 4899 te
2347 4845 2540 4913 ipsum,
2569 4861 2671 4901 nec
2697 4845 2832 4899 alios
2857 4846 3033 4913 possis
3056 4845 3310 4904 condire‘ll
3339 4863 3360 4900 ι
3405 4857 3516 4902 etc.

1998 4932 2128 4992 Item
2169 4946 2383 5002 quoque
2411 4931 2471 4984 Β.
2514 4932 2828 4988 Ambrosius
2868 4935 2989 4998 (lib.
3015 4939 3221 4992 vriutv
3245 4933 3404 5008 Luc.)
3451 4938 3519 4995 de

1929 5023 2225 5092 Evangelio
2269 5035 2546 5090 exponens
2576 5022 2705 5077 illud
2731 5022 2874 5091 quod
2899 5024 3107 5082 dictum
3138 5034 3225 5081 est
3258 5041 3273 5078 :
3308 5043 3328 5078 ι
3368 5027 3519 5084 Multi

1928 5113 2124 5184 leprosi
2150 5119 2312 5167 erant
2339 5111 2391 5165 in
2418 5110 2581 5165 Israel
2614 5113 2713 5167 sub
2742 5113 2920 5166 Eliseo
2947 5121 3212 5188 propheta
3255 5123 3310 5169 et
3361 5133 3519 5174 nemo

1932 5205 2222 5260 tumulatus
2257 5212 2342 5255 est
2377 5202 2479 5256 nisi
2526 5203 2766 5258 Naaman
2819 5204 2990 5275 Syrus
3020 5209 3174 5278 (Luc.
3207 5221 3277 5269 tv.
3307 5208 3400 5281 27)
3428 5249 3444 5277 ,
3494 5230 3514 5262 ι

2498 5309 2515 5343 ι
2549 5293 2706 5348 Disce
2727 5297 2891 5348 etiam
2937 5312 3198 5368 congrua:
3247 5308 3517 5369 pracepla
