4124 5374
252 260 391 322 1045

918 260 1284 321 ADVERSUS
1322 260 1733 321 SIMONIACOS
1770 264 1948 322 LlBlll
1989 264 2191 322 TRES.
2224 294 2291 307 —
2332 264 2537 322 LIBER
2576 262 2852 320 PRIMUS.

3384 239 3519 314 toto

252 386 400 444 sunt,
448 374 721 446 quaerent
752 416 766 440 ,
809 389 916 430 non
971 391 1093 446 qua:
1139 374 1267 432 Jesu
1299 376 1500 432 Christi
1530 418 1544 441 ,
1595 377 1734 431 unde
1782 374 1836 430 in
1867 380 1912 438 Α
1940 377 2030 434 30.
2050 376 2138 432 «Si
2161 376 2284 446 quis
2306 376 2611 447 cpiscopus.
2634 369 3414 446 autpresliyter.antdiaconns
3427 385 3523 439 per

253 469 578 526 Christianis
617 468 914 539 potentiam
960 470 1134 540 magis
1163 480 1442 526 amaverat
1485 487 1645 541 quam
1682 470 1844 541 justi;

1944 468 2226 540 pecuniam
2255 469 2395 523 hanc
2420 465 2719 522 obtinuerit
2739 464 3077 534 dignitatem.
3101 460 3386 528 dcjiciatur
3409 462 3524 531 ipso

256 561 430 624 tiam,
486 560 620 615 vidit
680 574 777 628 per
831 560 1230 631 impositionem
1290 576 1549 616 manuum
1622 570 1842 632 aposto-
1944 560 2302 615 etordinator
2324 556 2598 625 cjus,cta
2638 554 3027 612 communione
3052 553 3228 608 modis
3266 552 3524 609 omnibus

256 649 429 707 lorum
486 650 602 706 dari
669 647 933 721 Spiritum
999 660 1293 714 sanctum.
1364 664 1473 706 non
1541 649 1669 721 quia
1744 646 1844 719 ipsi

257 740 504 804 dabant.
566 738 664 797 sed
714 740 866 811 quia,
939 739 1072 811 ipsis
1114 740 1437 809 orantibus,
1499 742 1659 798 datus
1723 750 1839 807 est;

258 842 313 889 ct
367 833 441 890 ait
488 833 798 905 apostolis:
858 852 876 886 ι
925 832 1064 901 Quid
1126 834 1291 891 vultis
1354 850 1385 891 a
1451 849 1538 890 me
1602 834 1849 904 accipere

258 925 502 995 pecunia:
529 966 545 990 ,
598 933 659 980 ut
717 940 815 997 per
864 925 1265 997 impositionem
1306 938 1567 981 manuum
1603 934 1848 983 mearum

259 1019 421 1074 detur
449 1017 686 1088 Spiritus
722 1016 990 1073 sanctus?
1034 1016 1075 1069 i‘
1104 1016 1173 1071 Et
1200 1016 1276 1071 ait
1301 1014 1379 1072 illi
1404 1015 1602 1072 l'etrus
1638 1034 1651 1069 :
1702 1034 1720 1066 ι
1753 1014 1851 1069 Pe-

259 1109 422 1165 cunia
464 1118 558 1170 tua
605 1116 784 1166 tecum
833 1108 910 1164 sit
955 1108 1009 1163 in
1045 1107 1431 1179 perditionem,
1472 1107 1729 1178 quoniam
1758 1106 1856 1161 do-

262 1204 389 1255 num
419 1199 512 1256 Dei
551 1201 752 1272 putasti
799 1199 1028 1271 pecunia
1061 1200 1488 1271 comparandum
1535 1199 1673 1269 (Act.
1715 1213 1811 1254 vtn
1837 1238 1853 1263 ,

268 1290 475 1362 l8-20).
522 1310 543 1346 ι
574 1291 672 1348 Cui
706 1291 842 1347 dicit
870 1309 886 1347 :
918 1310 938 1344 ι
968 1291 1205 1348 Pecunia
1232 1299 1323 1346 tua
1355 1300 1531 1347 tecum
1561 1290 1633 1348 sit
1659 1291 1712 1346 in
1734 1304 1859 1363 pcr-

260 1384 563 1442 ditioncmt
593 1406 610 1437 ι
648 1384 834 1455 utique
860 1385 1160 1455 baptizata.
1184 1383 1305 1441 Jam
1338 1385 1667 1457 baptismum
1693 1384 1860 1441 habe-4

260 1472 384 1541 bat,
434 1474 529 1530 sed
587 1474 854 1532 columba;
901 1474 1205 1532 visceribus
1252 1490 1360 1532 non
1416 1474 1677 1531 hauebat.
1720 1474 1860 1531 Audi

262 1566 391 1636 quia
418 1580 528 1621 non
559 1565 826 1632 haerebat,
862 1573 920 1622 et
942 1565 1111 1622 verba
1152 1565 1269 1637 ipsa
1309 1564 1457 1622 Petri
1498 1564 1729 1636 apostoli
1770 1564 1864 1621 ad-

263 1666 440 1717 verte.
485 1658 745 1731 Sequitur
784 1659 931 1716 enim
967 1678 996 1715 λ
1035 1679 1056 1707 ι
1090 1659 1208 1715 Non
1253 1670 1340 1716 est
1369 1652 1465 1715 tibi
1492 1676 1641 1732 pars,
1685 1674 1863 1731 neque

264 1766 391 1806 sors
416 1751 470 1807 in
498 1751 603 1807 hac
629 1751 734 1807 tidc
757 1768 774 1817 ;
800 1751 854 1806 in
883 1750 1007 1807 felle
1033 1752 1180 1808 enim
1209 1750 1597 1808 amaritudinis
1620 1751 1776 1809 video
1813 1761 1866 1807 te

263 1856 391 1899 esse
412 1840 463 1913 (1
469 1843 579 1898 bid.
591 1842 803 1914 21-25).
814 1863 836 1897 ι
852 1842 1112 1900 Columba
1128 1842 1200 1898 fel
1225 1858 1331 1900 non
1344 1842 1539 1898 habet:
1570 1840 1757 1898 Simon
1771 1843 1869 1898 ha-

268 1936 474 2011 bebat;
518 1936 637 1991 ideo
665 1944 949 2008 separatus
977 1952 1007 1991 a
1035 1936 1300 1992 columba
1330 1935 1649 1993 visceribus.
1689 1935 1870 2007 Bapti-

266 2039 423 2083 smus
445 2025 519 2081 illi
549 2026 679 2097 quid
710 2028 996 2096 proderat?
1032 2046 1051 2081 ι
1324 2038 1329 2042 ‘

278 2140 284 2147 ο
346 2116 407 2174 ln
441 2118 643 2189 quibus
698 2118 1131 2189 eloquentissimi
1171 2101 1228 2175 et
1282 2118 1736 2191 perspicacissimi
1773 2119 1870 2175 do-

273 2211 446 2267 ctoris
496 2211 666 2279 dictis,
722 2210 1160 2267 animadvertant
1219 2226 1445 2268 necesse
1493 2211 1712 2283 estqui
1771 2210 1873 2266 im-

275 2306 546 2377 pudenter
594 2312 649 2359 et
705 2303 873 2375 impie
909 2312 1155 2359 astruere
1218 2313 1487 2360 conantur
1532 2303 1871 2367 columbam,

276 2397 364 2453 vel
386 2396 721 2468 spiritualcm
745 2396 981 2465 gratiam
1010 2396 1194 2462 vendi,
1224 2395 1353 2451 illud
1383 2397 1531 2467 quod
1560 2397 1637 2452 ait
1663 2411 1678 2449 :
1708 2414 1728 2449 ι
1768 2394 1877 2451 Co-

281 2486 463 2543 lumba
491 2503 599 2543 non
625 2496 713 2542 est
746 2485 976 2552 venalis,
1007 2486 1177 2558 gratis
1221 2487 1401 2552 datur,
1423 2486 1549 2557 quia
1574 2485 1750 2557 gratia
1779 2500 1874 2539 vo—

287 2589 479 2642 catur;
501 2598 520 2631 ι
554 2593 763 2633 necnon
790 2575 943 2640 illud,
973 2576 1099 2646 quia
1137 2574 1503 2631 «viditSimon
1533 2591 1629 2646 per
1658 2573 1883 2644 imposi-

292 2670 504 2725 tionem
539 2680 738 2721 manus
763 2665 1133 2737 apostolorum
1159 2665 1275 2720 dari
1308 2664 1571 2736 Spiritum
1601 2674 1880 2727 sanctum,

287 2778 397 2817 non
427 2761 553 2832 quia
584 2761 684 2831 ipsi
714 2760 939 2825 dabant,
966 2760 1061 2816 sed
1090 2759 1217 2831 quia
1252 2759 1384 2828 ipsis
1412 2758 1699 2813 orantibus
1722 2757 1880 2813 datus

285 2866 429 2913 est.»
464 2856 609 2910 Dens
635 2854 780 2911 enim
810 2853 1074 2924 Spiritum
1115 2862 1362 2908 sanctum
1390 2865 1546 2904 suum
1568 2834 1886 2905 hominibus

280 2941 547 3019 largitur,
575 2946 670 3001 sed
694 2944 943 3000 oratione
967 2951 1025 2997 et
1052 2942 1394 2996 invocatione
1418 2938 1652 3004 illorum,
1678 2938 1767 3008 qui
1788 2936 1889 2992 hn-

238 3086 242 3090 Α
284 3040 381 3111 jus
438 3037 732 3094 ministerii
768 3035 855 3091 vel
891 3034 1056 3091 officii
1104 3033 1503 3089 ordinationem
1547 3047 1578 3088 a
1608 3029 1889 3087 catholicis

293 3130 470 3202 gratis
495 3129 772 3200 accepisse
792 3134 1114 3192 noscuntur,
1140 3124 1353 3182 etiamsi
1378 3138 1575 3195 pravas,
1597 3135 1888 3178 conversa-

283 3224 463 3279 tionis
493 3223 547 3277 in
576 3220 747 3277 oculis
798 3214 1077 3275 hominum
1111 3218 1435 3274 habeantur.
1464 3215 1521 3272 In
1555 3230 1663 3286 quia
1699 3213 1891 3283 utique

284 3312 405 3368 ‘lldc
436 3310 523 3367 vel
571 3310 905 3375 ministerio,
957 3325 1062 3363 non
1093 3317 1177 3364 est
1207 3306 1483 3363 haereticis
1515 3320 1671 3376 pars,
1717 3318 1896 3374 neque

298 3423 460 3467 sors.
530 3406 655 3476 quia
722 3419 822 3458 nec
891 3402 1122 3458 ministri
1190 3400 1441 3469 Christi,
1505 3401 1603 3456 sed
1681 3397 1898 3454 Satanae

287 3490 478 3569 pretio
549 3495 894 3561 efficiuntur;
986 3508 1085 3551 nec
1163 3493 1400 3563 ipsormn
1482 3491 1730 3546 oratione
1807 3497 1901 3569 aut

302 3564 649 3647 invocatione
717 3588 956 3660 Spiritus
1017 3594 1241 3642 sanctus
1293 3585 1487 3651 datur,
1553 3583 1679 3652 quia
1744 3564 1902 3637 mini-

288 3674 534 3739 sterium
580 3697 792 3747 eorum,
849 3679 1064 3737 etiamsi
1116 3685 1276 3733 rectae
1337 3672 1765 3732 conversationis
1818 3672 1901 3732 vi-

219 3830 237 3842 ,
313 3778 575 3837 deantur,
625 3788 654 3827 a
709 3772 817 3827 Deo
863 3786 969 3825 non
1019 3767 1442 3839 recognoscitur,
1484 3776 1539 3819 et
1575 3764 1696 3820 ideo
1726 3762 1905 3819 oratio

291 3868 497 3924 eorum
515 3858 577 3922 lit
606 3865 657 3921 in
679 3861 1091 3935 peccatum(Ps.
1114 3859 1397 3930 cxvni.7),
1427 3858 1725 3915 secundum
1761 3856 1906 3927 quod

309 3959 379 4014 de
429 3958 543 4014 alio
568 3957 807 4029 pessimo
836 3964 1141 4010 mercatore
1184 3968 1213 4007 a
1243 3951 1533 4007 Psalmista
1565 3954 1781 4005 constat
1808 3948 1908 4001 im-

290 4050 588 4122 ‘preeando
614 4049 1016 4120 prophetatum.
1047 4044 1180 4099 Nam
1224 4050 1283 4097 ut
1306 4043 1366 4096 Β.
1395 4039 1684 4112 Apostolus
1714 4036 1909 4092 Corin-

312 4144 444 4199 thiis
481 4144 590 4196 ait:
637 4162 655 4194 ι
701 4138 981 4208 Ejusmodi
1030 4144 1158 4192 sunt
1185 4130 1654 4207 pseudoapostoli.
1715 4142 1909 4198 opera-

315 4231 382 4287 rii
409 4231 645 4296 subdoli,
698 4228 1151 4297 transtigurantes
1173 4238 1233 4279 se
1257 4223 1317 4281 in
1364 4219 1642 4291 apostolos
1682 4213 1912 4272 Christi.

320 4320 385 4376 Et
419 4338 524 4377 non
555 4321 773 4375 mirum.
807 4319 922 4388 lpsc
951 4316 1095 4373 enim
1127 4314 1369 4369 Satanas
1396 4308 1749 4379 transﬁgurat
1772 4319 1831 4360 se
1860 4303 1912 4357 in

304 4400 574 4482 angelum
606 4409 761 4466 lucis.
798 4408 913 4481 Non
954 4416 1038 4462 est
1078 4408 1211 4476 ergo
1258 4415 1514 4473 magnum
1538 4438 1555 4465 ,
1588 4398 1635 4452 si
1680 4392 1913 4452 ministri

324 4498 447 4569 eius
495 4499 970 4571 transﬁgurentur,
1018 4496 1167 4551 velut
1196 4492 1429 4550 ministri
1474 4487 1722 4560 iustitiae.
1776 4499 1915 4556 quo—

334 4608 454 4652 rum
481 4594 604 4648 linis
642 4592 748 4649 erit
805 4590 1101 4646 secundum
1141 4602 1305 4657 opera
1344 4586 1602 4659 ipsorum.
1636 4578 1729 4652 (11
1775 4572 1924 4644 ϐοή,

333 4700 437 4749 ιιι.
477 4683 685 4752 15-15).
716 4704 735 4736 ι
774 4682 995 4753 Itaque,
1048 4680 1189 4735 sicut
1239 4677 1474 4732 Satanas
1512 4668 1930 4742 transfiguratus

340 4777 395 4832 in
425 4775 671 4845 angelum
696 4775 835 4830 lucis
867 4790 974 4830 non
1016 4762 1194 4842 potest
1221 4785 1328 4824 non
1362 4781 1481 4821 esse
1516 4764 1742 4836 angelus
1784 4771 1937 4817 tene-

341 4868 585 4929 brarum,
619 4873 769 4920 tanto
805 4862 1117 4937 perversior
1169 4868 1374 4930 quanto
1418 4851 1930 4926 prtesumptuosior;

308 4943 416 5017 ’ξω
453 4969 508 5015 et
555 4958 788 5015 ministri
827 4956 975 5028 ejus,
1010 4949 1377 5024 transfigurati
1417 4949 1471 5001 in
1518 4945 1798 5001 ministres
1838 4939 1933 5011 ju-

336 5050 522 5115 Stitize,
551 5063 657 5103 non
674 5057 897 5119 possunt
924 5062 1031 5102 non
1052 5059 1176 5098 esse
1200 5039 1433 5099 ministri
1464 5037 1761 5106 injustititc,
1785 5042 1935 5089 tanto

339 5139 775 5200 deleatabiliores
831 5147 1037 5212 quanto
1079 5133 1440 5193 audaciores;
1496 5127 1830 5182 mentiuntur
1876 5136 1936 5179 se

316 5223 471 5293 esse
497 5232 642 5304 quod
672 5247 770 5287 nec
798 5240 947 5298 sunt,
977 5239 1076 5281 nec
1099 5224 1219 5282 fieri
1246 5230 1494 5296 possunt.

889 5365 922 5374 -.
941 5363 950 5374 ι
976 5354 1112 5374 ni?!“
1191 5352 1357 5374 ειν-νιιί

1946 652 2314 715 abscindatur,
2341 651 2489 705 sicut
2524 649 2713 704 Simon
2741 647 2927 719 Magos
2953 662 2983 701 a
3008 644 3186 701 Petro.
3217 664 3235 696 ο
3312 666 3318 673 -

2019 741 2179 807 Item,
2217 756 2284 796 ea:
2308 740 2526 805 eisdem,
2556 756 2673 810 cap.
2701 738 2791 794 5|.
2822 756 2841 789 ι
2958 737 3087 808 quis
3108 736 3398 808 cpiscopus
3425 748 3529 790 sac-

1949 831 2227 890 cularibns
2255 830 2615 902 potestatibus
2645 843 2779 885 usus
2802 827 3091 891 ecclesiam
3128 842 3226 896 per
3244 825 3399 898 ipsos
3426 825 3529 879 oh-

1953 926 2156 991 tineat,
2198 923 2504 994 deponatur
2530 922 2646 986 ipse
2674 928 2731 976 et
2758 918 3052 989 ejiciantur
3086 931 3278 983 omnes
3326 916 3421 987 qui
3454 914 3532 973 illi

1952 1012 2376 1071 communicant.
2407 1032 2426 1065 ι
2453 1010 2651 1071 Contra
2677 1010 2819 1081 quod
2845 1007 3251 1078 capitulum‘qui
3278 1006 3382 1063 sibi
3412 1022 3538 1077 pre-

1954 1106 2030 1161 tio
2055 1113 2349 1177 potestates
2373 1103 2686 1165 conciliant.
2714 1090 2951 1165 etiamsi
2976 1097 3365 1167 ecclesiasticae
3403 1096 3535 1161 sint.

1954 1196 2141 1270 procul
2160 1197 2327 1253 dubio
2345 1194 2638 1252 saeculares
2671 1194 2829 1261 fiunt,
2859 1192 3001 1248 sicut
3028 1191 3105 1245 ait
3132 1189 3193 1245 Β.
3217 1188 3536 1260 Gregorius.

1962 1305 1983 1342 ι
2016 1286 2075 1344 Si
2094 1287 2149 1343 in
2177 1283 2564 1343 ecclesiasticis
2585 1280 2776 1340 ofﬁciis
2804 1294 3131 1352 quamquam
3162 1278 3324 1336 habet
3362 1275 3542 1333 locum

1957 1379 2211 1453 pecunia,
2240 1378 2300 1433 fit
2319 1376 2581 1435 maculare
2607 1375 2751 1450 quod
2772 1390 2988 1431 sacrum
3018 1381 3122 1429 est.
3155 1390 3176 1427 ι
3218 1384 3221 1389 ·
3392 1379 3400 1390 ·
3446 1384 3451 1387 λ
3536 1362 3541 1403 έ

2031 1490 2165 1547 Item
2188 1490 2333 1557 inde,
2356 1505 2424 1545 ea:
2442 1487 2666 1545 concilio
2690 1484 3040 1549 Chalcedon.,
3068 1499 3183 1549 cap.
3206 1480 3261 1536 3.
3290 1497 3312 1534 ι
3339 1477 3401 1537 Si
3426 1479 3548 1551 quis

1960 1581 2249 1653 episcopus
2278 1595 2377 1651 per
2399 1576 2685 1650 pecuniam
2707 1576 2897 1633 fecerit
2924 1573 3347 1637 ordinationem,
3366 1578 3423 1627 et
3446 1569 3550 1625 sub

1965 1672 2143 1745 pretio
2167 1671 2442 1744 redegerit
2464 1668 2696 1743 gratiam
2719 1682 2840 1737 qua:
2867 1681 2971 1721 non
2993 1671 3172 1735 potest
3196 1660 3379 1727 vendi,
3402 1659 3552 1717 ordi-

1970 1764 2291 1836 naveritque
2341 1777 2439 1834 per
2488 1759 2771 1832 pecuniam
2797 1756 3326 1836 'presbyterum‘aut
3368 1751 3555 1809 diaco-

1971 1845 2136 1923 num,
2166 1828 2250 1911 vel
2282 1828 2579 1926 quemlibet
2627 1865 2693 1907 ex
2735 1828 2826 1905 his
2869 1848 2962 1919 qui
3004 1828 3468 1903 connumerantur
3498 1841 3555 1898 in

1972 1948 2141 2016 clero,
2164 1956 2259 2003 aut
2285 1945 2617 2019 promoverit
2668 1958 2766 2015 per
2788 1941 3076 2013 pecuniam
3126 1939 3558 2009 dispensatorem

1974 2050 2067 2098 aut
2110 2040 2476 2106 defensorem,
2532 2038 2621 2095 vel
2651 2052 2979 2110 quemquam
3028 2035 3119 2106 qui
3150 2026 3427 2102 subjectus
3458 2020 3561 2088 'est

1975 2133 2195 2203 regulas,
2227 2133 2327 2188 sub
2354 2128 2652 2202 turpissimi
2705 2128 2839 2184 lucri
2886 2126 3193 2189 commodo.
3248 2124 3296 2180 is
3339 2123 3426 2178 cui
3456 2122 3563 2179 hoc

1976 2224 2254 2281 attestanti
2280 2222 2566 2294 probatum
2608 2220 2772 2276 fuerit
2824 2218 3029 2291 proprii
3078 2216 3281 2289 gradus
3322 2212 3564 2284 periculo

1975 2313 2306 2385 subjacebit.
2334 2313 2400 2368 Et
2426 2305 2518 2384 qui
2539 2311 2821 2367 ordinatus
2846 2318 2930 2365 est
2959 2306 3177 2363 nihilex
3209 2306 3311 2360 hac
3336 2296 3560 2359 ordina-

1981 2408 2151 2473 tione,
2179 2405 2266 2461 vel
2311 2403 2655 2475 promotione
2703 2416 2826 2472 qua:
2872 2410 2958 2456 est
3005 2413 3102 2469 per
3141 2394 3563 2468 negotiationem

1981 2496 2124 2553 facta
2151 2495 2423 2569 proficiat,
2449 2494 2544 2549 sed
2573 2493 2646 2548 sit
2669 2491 2880 2547 alienus
2899 2504 2964 2544 ea
2998 2487 3280 2559 dignitate,
3308 2484 3394 2543 vel
3421 2476 3567 2540 solli-

1981 2589 2226 2647 citudine
2248 2602 2410 2659 quam
2438 2584 2681 2655 pecuniis
2730 2581 3001 2652 quaesivit.
3035 2577 3092 2634 Si
3124 2579 3247 2649 quis
3292 2591 3422 2633 vero
3454 2590 3568 2631 me-

1984 2684 2162 2737 diator
2193 2690 2301 2734 tam
2353 2678 2602 2748 turpibus
2632 2684 2691 2733 et
2738 2673 2986 2731 nefandis
3026 2672 3180 2743 datis
3218 2670 3306 2727 vel
3328 2669 3571 2748 acceptis

1985 2772 2283 2835 exstiterit,
2313 2742 2598 2841 siquidem
2646 2765 2876 2823 clericus
2924 2764 3105 2828 fuerit,
3155 2761 3373 2832 proprio
3399 2742 3567 2833 gradu

1989 2865 2236 2931 decidat,
2273 2863 2319 2918 si
2364 2876 2493 2917 vero
2529 2860 2701 2917 laicus
2738 2869 2832 2916 aut
2879 2857 3209 2921 monachus,
3250 2856 3569 2910 anathema-

1991 2957 2206 3012 tizetnr.
2244 2973 2262 3007 ι

1916 3091 1961 3153 c
2064 3065 2217 3143 ltem’
2240 3065 2384 3131 inde,
2432 3061 2666 3135 exempla
2720 3060 3017 3133 "armistice
3052 3074 3203 3133 papa:
3244 3062 3419 3127 (epist.
3459 3054 3576 3125 25).

2004 3181 2022 3214 ι
2049 3161 2199 3230 Quos
2224 3158 2532 3215 constiterit
2560 3156 2812 3225 indignos
2833 3151 3044 3227 meritis
3072 3146 3413 3225 sacramenta
3438 3160 3580 3217 mer-

1997 3260 2153 3307 catos
2166 3266 2289 3307 esse
2308 3249 2481 3320 pretio
2495 3245 2834 3320 dignitatem,
2852 3242 3130 3316 convictos
3143 3246 3358 3310 oportet
3368 3236 3551 3311 arceri
3564 3274 3583 3298 ,

1997 3340 2125 3411 quia
2150 3340 2369 3394 dantem
2394 3336 2596 3408 pariter
2623 3324 3089 3409 accipientemque
3115 3326 3391 3384 damnatio
3406 3324 3582 3379 Sintu-

2000 3431 2086 3486 nis
2118 3445 2281 3500 quam
2305 3442 2460 3485 sacra
2484 3425 2646 3481 lectio
2679 3431 2909 3497 testatur
2934 3419 3178 3499 involvit.
3231 3414 3346 3472 Hoc
3398 3414 3584 3484 itaque

2001 3521 2067 3576 ad
2099 3496 2346 3591 proxima
2380 3515 2781 3586 coniungimus,
2809 3527 2877 3567 ne
2908 3496 3213 3567 benedictio
3238 3521 3335 3591 per
3356 3503 3579 3575 imposi-

1978 3588 2204 3672 ,tioncm
2265 3592 2476 3674 manus,
2532 3621 2653 3677 qua:
2703 3621 2732 3659 a
2790 3603 2901 3659 Deo
2949 3615 3073 3657 esse
3119 3588 3359 3683 creditur
3411 3593 3587 3666 pretio

2004 3712 2369 3777 comparetur,
2394 3701 2519 3771 quia
2552 3698 2765 3762 Simon,
2803 3710 2899 3766 per
2926 3692 3186 3764 Spiritum
3227 3695 3591 3777 sanctu‘mivo—

2007 3762 2337 3865 lens.pretio
2358 3762 2619 3857 mercari,
2650 3762 2875 3860 apostoli
2917 3762 3021 3840 fuit
3063 3768 3423 3839 detestatione
3468 3762 3592 3846 per-

2009 3900 2221 3943 CllSSllS.
2261 3903 2279 3936 ι
2712 3893 2717 3898 ’

2083 3999 2220 4054 Item
2269 3995 2413 4058 inde,
2444 3990 2509 4048 ea:
2548 3988 2890 4060 Expositione
2922 3980 3163 4055 Remigii.
3203 3997 3221 4031 ι
3252 3975 3598 4033 Dominnsut

2013 4089 2330 4146 ostenderet
2356 4098 2547 4141 omnes
2575 4065 2906 4143 venditores,
2959 4061 3014 4130 et
3042 4062 3316 4142 emptores
3360 4064 3598 4123 cmlestis

2015 4182 2205 4256 gratiae
2229 4175 2590 4251 eliminandos
2618 4188 2740 4231 esse
2761 4187 2788 4251 ξι
2818 4156 3077 4226 societate
3092 4170 3295 4220 sancta:
3320 4152 3596 4221 Ecclesiae,

2019 4251 2227 4329 idcirco
2250 4270 2417 4340 erepit
2446 4268 2648 4338 ejicere
2678 4262 2976 4318 vendentes
2996 4267 3051 4313 et
3096 4262 3339 4312 ementes
3367 4251 3433 4306 de
3460 4258 3598 4304 tem-

2019 4364 2129 4437 plo,
2161 4371 2216 4418 et
2240 4358 2528 4417 cathedras
2575 4353 2925 4411 vendentium
2978 4346 3259 4405 columbas
3288 4341 3505 4406 evertit,
3542 4348 3605 4392 ut.

1946 4428 2239 4513 Diloceret
2266 4452 2396 4522 quia
2443 4448 2631 4504 talium
2674 4440 3042 4501 sacerdotium
3092 4430 3486 4508 negotiatorum

2021 4546 2270 4604 struitur.
2284 4505 2558 4611 'Quamvis
2582 4538 2727 4594 enim
2757 4534 2866 4590 sint
2893 4527 3135 4587 nonnulli
3169 4505 3268 4595 qui
3309 4505 3613 4591 corporali!

2026 4648 2109 4696 ter
2151 4654 2182 4692 a
2226 4636 2490 4692 societate
2535 4641 2739 4685 sancta:
2787 4623 3046 4681 Ecclesiae
3095 4632 3203 4675 non
3254 4612 3608 4693 repellantur,

2028 4738 2405 4787 verumtamen
2427 4721 2785 4793 spiritualiter
2831 4714 2974 4787 apud
3002 4712 3171 4768 Deum
3217 4702 3418 4776 repulsi
3462 4710 3612 4764 smn,

2031 4830 2088 4878 ct
2114 4817 2335 4892 proprio
2362 4815 2567 4869 honore
2592 4805 2813 4882 privati.
2848 4822 2869 4856 ι
3053 4877 3056 4881 ἢ
3227 4817 3231 4820 ν

2619 4976 2848 5042 CAPUT
2887 4975 3029 5034 XIX.

2044 5142 2296 5230 Rapulsio
2322 5164 2503 5204 eorum
2529 5146 2815 5230 quidicunlt
2840 5136 3176 5230 sinterunt-os
3199 5125 3431 5205 gratiam
3445 5124 3636 5182 habere

2568 5235 2599 5272 a
2633 5232 2737 5286 qua
2766 5212 3098 5279 deponantur

2429 5351 2474 5374 ε-
2509 5344 2925 5374 ι-.-.ε--ιΑ-ἶ1.ηε
2961 5342 3256 5374 ναιοιυιιηιιητ
3289 5341 3334 5374 ἒξ
3373 5331 3647 5374 περιρρεο-
