4124 5374
270 317 423 376 1849

932 314 1301 370 Αυγωιδυε
1341 316 1751 372 SIMONMCOS
1793 316 1883 369 LII

2013 315 2211 372 TilES.
2254 349 2318 357 -—-
2362 317 2564 373 LIBER
2604 316 2876 372 Ριιιιιυδ.

3426 327 3567 387 1050

273 434 495 492 Domini
521 431 722 487 scilicet
752 430 901 496 Jesu,
928 431 1017 501 qui
1047 440 1130 485 est
1162 441 1352 485 auctor
1377 433 1545 488 totius
1571 433 1864 497 munditiae,
1897 435 1948 494 Α
1974 433 2182 502 quitur,
2202 420 2378 487 «aliud
2404 448 2565 488 nemo
2597 444 2774 502 potest
2798 448 2999 504 ponere
3023 443 3218 505 praeter
3238 434 3290 490 id
3303 440 3446 504 quod
3471 443 3565 496 Pc-

267 525 470 598 procul
517 525 586 579 ab
633 523 711 578 cis
765 532 1158 592 sequestratur.
1211 521 1345 578 Nam
1399 539 1518 593 quae
1571 525 1864 579 conventio

267 618 484 673 Christi
511 615 579 670 ad
605 614 860 670 Belial‘lA
877 615 1072 683 quibus
1096 630 1225 683 ergo
1240 615 1472 684 perditio
1494 626 1549 669 et
1570 617 1865 670 immundi-

270 708 356 764 tia
387 706 716 776 possidetur,
741 720 987 773 quosque
1024 706 1262 759 vicissim
1307 707 1421 774 ipsa
1452 707 1712 776 possidet,
1739 707 1866 775 quid

271 800 386 854 nisi
421 798 653 868 perditio
676 795 759 851 vel
790 797 1154 860 immunditia,
1187 814 1346 865 quam
1385 798 1558 853 solam
1601 799 1870 868 acquisie-

268 899 412 944 runt
442 889 560 944 dari
609 897 665 944 et
709 888 882 958 accipi
935 889 1153 957 potest?
1187 889 1371 957 itaque
1407 890 1531 958 quia
1564 889 1870 944 necessario

267 979 632 1036 concluditur
689 979 1051 1048 perditionem
1107 988 1163 1034 et
1220 979 1423 1048 lepram
1479 981 1750 1034 vendilam
1816 989 1872 1034 et

265 1081 569 1140 emptam,
621 1077 792 1124 restat
844 1069 1149 1138 hujusmodi
1202 1080 1534 1126 mercatores
1581 1071 1872 1141 improprie

265 1163 386 1220 dici
419 1166 732 1218 sacerdotes
775 1172 831 1218 et
875 1163 1125 1229 clericos,
1156 1165 1374 1234 proprie
1401 1175 1582 1220 autem
1633 1165 1873 1233 perditos

265 1265 329 1309 et
366 1256 654 1325 leprosos;
711 1271 940 1324 quorum
988 1272 1154 1325 prava
1210 1273 1401 1311 manus
1429 1257 1724 1324 impositio,
1758 1274 1870 1310 ma-

265 1347 400 1400 lum
433 1347 580 1417 quod
631 1347 804 1402 solum
843 1347 1135 1417 acquisivit
1182 1348 1399 1412 tribuit,
1453 1349 1655 1403 nullum
1691 1361 1870 1405 autem

264 1439 490 1493 bonum
534 1439 826 1507 concedit,
877 1441 1004 1509 quia
1064 1440 1270 1494 nuilmn
1317 1441 1500 1496 taliter
1548 1443 1874 1510 negotiaudo

263 1528 597 1597 acquisivit.
651 1528 937 1597 Nunquam
997 1530 1142 1584 enim
1189 1531 1336 1601 juste
1391 1531 1682 1594 tribuitur,
1731 1533 1873 1601 quod

270 1619 497 1688 injuste
529 1619 745 1674 colitur.
787 1618 938 1674 Unde
983 1636 1166 1676 secum
1216 1623 1352 1678 alios
1381 1638 1595 1692 quoque
1624 1624 1795 1692 perdit
1824 1632 1878 1677 et

264 1712 557 1772 sordidat,
573 1727 678 1764 non
701 1712 1248 1766 sanctiﬁcatautmnn
1273 1714 1457 1775 liﬁcat,
1473 1715 1611 1767 sicut
1629 1713 1877 1783 Scriptu-

1969 524 2131 577 situm
2159 533 2262 587 est,
2304 525 2447 592 quod
2472 535 2556 579 est
2593 525 2842 580 Christus
2867 525 3030 581 lesus
3058 526 3107 597 (I
3141 525 3262 582 Cor.
3293 543 3354 583 ιιι
3411 527 3554 597 11).»

1970 611 2140 669 Porro
2167 613 2416 670 Christus
2441 613 2599 670 Jesus
2627 617 2836 671 habitat
2872 617 2924 671 in
2956 618 3213 672 cordibus
3248 635 3314 688 pc
3385 617 3556 686 Spiri-

1972 716 2082 761 tum
2106 717 2354 762 sanctum
2381 707 2768 772 corroboratis,
2802 709 2943 763 sicut
2983 711 3096 778 ipsc
3124 711 3361 765 insinuat
3386 711 3549 778 Ephe-

1969 800 2107 855 siis:
2139 819 2156 850 ι
2191 799 2374 854 Flecto
2424 815 2594 870 genua
2641 817 2758 855 mea
2805 803 2871 855 ad
2901 801 3116 855 Patrem
3170 803 3383 857 Domini
3432 801 3561 860 1cm

1971 889 2193 952 Christi,
2217 906 2283 943 cx
2309 906 2414 959 quo
2441 891 2620 945 omnis
2642 893 2948 959 paternitas
2991 893 3041 946 in
3071 894 3223 946 caelis
3251 904 3304 949 et
3331 895 3380 948 in
3416 905 3560 948 tcrza

1973 981 2300 1046 nominatur,
2357 992 2412 1036 ut
2465 983 2555 1036 det
2593 983 2749 1036 vobis
2780 984 3074 1038 secundum
3115 985 3329 1038 divitias
3380 984 3564 1055 gloria:

1973 1087 2085 1126 sua:
2106 1072 2303 1126 virtute
2326 1073 2669 1126 corroborari
2697 1089 2792 1143 per
2807 1073 3069 1142 Spiritum
3103 1075 3286 1142 ejusin
3319 1073 3565 1129 interiori

1974 1165 2211 1227 homine,
2241 1165 2482 1218 habitare
2503 1164 2778 1219 Christum
2809 1181 2906 1234 per
2931 1165 3090 1218 ﬁdem
3117 1165 3168 1218 in
3201 1166 3451 1218 cordibus
3475 1181 3565 1217 vc-

1975 1256 2104 1310 stris
2131 1253 2345 1326 (Eplics.
2377 1272 2452 1320 tn,
2481 1255 2619 1322 14).»
2643 1255 3148 1326 Sicrgosecuutlum
3179 1255 3565 1325 tatncgregium

1975 1348 2345 1419 Symmistam,
2363 1359 2409 1402 et
2429 1362 2599 1417 usque
2613 1350 2677 1401 ad
2695 1349 2909 1401 tertium
2924 1347 3120 1402 eaalnm
3138 1347 3220 1418 (11
3237 1345 3360 1401 Cor.
3376 1362 3470 1408 xu.
3485 1348 3570 1410 ἓξ.

1975 1441 2057 1493 vel
2102 1441 2152 1494 in
2181 1441 2352 1510 ipsum
2389 1439 2704 1508 paradisum
2737 1449 2951 1508 raptum
2983 1439 3115 1492 ﬁdes
3150 1438 3571 1493 Christianitatis

1976 1530 2384 1584 fundamentum
2442 1539 2565 1594 est,
2623 1529 3032 1582 fundamentum
3084 1537 3264 1582 autem
3319 1527 3569 1582 Christus

1977 1621 2136 1676 Jcsus
2161 1631 2263 1685 est,
2313 1629 2482 1674 restat
2511 1629 2568 1673 ut
2617 1620 2749 1674 ﬁdes
2784 1619 3034 1673 Christus
3063 1620 3158 1684 sit,
3187 1618 3278 1688 qui
3324 1634 3422 1673 nos
3472 1634 3572 1688 pcr

1983 1713 2241 1784 Spiritum
2278 1713 2367 1766 Dei
2403 1711 2581 1766 Patris
2626 1712 3012 1764 corroboratus
3052 1709 3360 1763 inhabitans
3410 1709 3568 1778 regit.
3633 1699 3646 1710 ’

267 1820 338 1859 ra
363 1804 657 1859 evidenter
675 1803 903 1858 clamat:
934 1823 952 1854 ι
985 1803 1256 1872 Quidquid
1281 1805 1520 1875 tetigerit
1548 1804 1876 1867 immundus,
1916 1783 1957 1840 Β
1985 1783 2122 1858 llinc
2167 1802 2354 1872 procul
2409 1801 2575 1856 dubio
2615 1810 2764 1868 patet
2813 1800 2990 1868 qualis
3051 1801 3193 1853 inter
3229 1798 3572 1854 Christianos

271 1895 940 1966 immundumﬁet(Num.
974 1913 1088 1960 xu,
1115 1897 1231 1966 29.).
1258 1917 1276 1949 ι
1293 1929 1361 1937 -
1381 1917 1398 1949 ι
1422 1897 1882 1967 Spiritusqnoquc

265 1987 821 2058 sanctusdiscipliua:
833 1986 1052 2057 eﬂ'ngiet
1067 1988 1268 2050 ﬁctum,
1283 1987 1553 2042 etauferet
1571 2004 1669 2044 sea
1683 1989 1883 2057 cogita-

269 2079 661 2148 tionibusquae
673 2080 928 2134 suotsine
943 2079 1243 2143 intellectu,
1256 2087 1308 2132 et
1321 2078 1685 2147 corripietura
1700 2094 1884 2148 super-

267 2169 846 2238 venienteiniquitate
860 2169 1014 2240 (Sep.
1032 2170 1160 2236 I,5).
1178 2190 1194 2221 ι
1213 2168 1336 2224 Ideo
1349 2169 1574 2238 spiritus
1588 2168 1882 2238 disciplina:

271 2260 515 2324 dicitur,
541 2261 669 2328 quia
691 2261 1067 2330 disciplinatos
1093 2260 1506 2330 quibuscunqnc
1532 2261 1738 2330 aspirat
1764 2259 1882 2315 eﬁi-

270 2351 380 2415 eit,
413 2360 476 2406 et
521 2367 616 2421 per
647 2367 742 2406 eos
783 2351 921 2405 dona
947 2353 1246 2421 gratiarum
1281 2367 1527 2410 suarum.
1552 2359 1712 2420 prout
1747 2349 1880 2413 vult,

273 2441 523 2511 singulis
583 2443 649 2495 ad
705 2442 1049 2512 disciplinam
1107 2444 1403 2498 distribuit.
1448 2443 1884 2509 lndiscipliuatos

271 2541 476 2587 autem
498 2531 657 2602 longe
689 2549 718 2586 a
751 2548 812 2588 se
842 2534 1093 2601 repellit,
1132 2533 1210 2588 vel
1242 2534 1420 2610 potius
1450 2535 1576 2602 quia
1617 2534 1723 2588 ﬁcti
1757 2543 1886 2592 sunt

271 2623 508 2692 emisit.
549 2623 618 2682 Et
655 2625 780 2694 quis
809 2625 1167 2692 perniciosius
1193 2611 1533 2680 convincitur
1559 2642 1680 2681 esse
1708 2626 1882 2686 ﬁctus,

269 2727 461 2784 quam
487 2713 582 2782 qui
605 2722 798 2766 contra
825 2712 1170 2783 disciplinam
1199 2715 1544 2777 catholicam,
1570 2714 1723 2782 cujus
1762 2731 1884 2784 spe-

272 2801 459 2859 cialis
487 2800 903 2858 administrator
930 2803 1172 2868 creditur
1204 2802 1440 2872 Spiritus
1469 2815 1712 2868 sanctus,
1737 2806 1890 2874 ﬁngit

278 2910 347 2949 se
395 2909 528 2949 esse
562 2897 707 2964 quod
741 2910 842 2949 nec
869 2905 974 2959 est,
1011 2911 1109 2948 nec
1145 2911 1264 2949 esse
1295 2904 1471 2961 potest
1523 2895 1886 2964 aliquatenus,

276 2985 517 3046 scilicet.
561 2994 622 3038 ut
671 3001 770 3054 per
801 2988 1085 3056 pecuniam
1138 2988 1404 3042 habeatur
1457 2989 1764 3058 episcopus,
1810 2988 1889 3041 vel

279 3079 564 3149 cujusque
591 3078 821 3134 alterius
847 3079 1059 3133 ordinis
1085 3079 1356 3134 clericus?

893 3193 1120 3247 CAPUT
1160 3193 1279 3248 XX.

283 3264 450 3332 Quod
487 3262 783 3318 Simoniaci
812 3266 924 3317 sine
958 3265 1062 3332 ﬁde
1090 3265 1190 3317 sint
1211 3306 1226 3327 ,
1273 3265 1513 3333 quodque
1542 3266 1641 3319 sibi
1673 3283 1890 3320 consen-

790 3335 973 3390 tientes
1018 3336 1124 3404 ﬁde
1161 3337 1380 3403 privent.

357 3444 432 3500 Et
457 3443 681 3514 quidem
715 3443 803 3498 alii
846 3443 1144 3514 hypocrita:
1187 3447 1628 3514 incorporatione
1666 3445 1889 3500 istorum

285 3535 480 3590 minus
504 3543 635 3589 sunt
662 3534 830 3595 noxii,
854 3534 979 3602 quia
1010 3533 1099 3588 vix
1126 3534 1319 3588 alienis
1351 3546 1570 3599 uocent,
1602 3537 1706 3590 nisi
1744 3537 1844 3590 sibi
1873 3553 1887 3600 ;

285 3627 380 3691 isti
402 3635 594 3684 autem
619 3643 804 3682 secum
824 3627 1166 3683 Christianos
1191 3629 1507 3684 catervatim
1536 3628 1888 3693 interﬁc'unt,

284 3720 420 3775 dum
451 3735 554 3776 eos
575 3735 671 3775 sua
696 3719 844 3789 lepra
875 3720 1090 3790 vigente
1121 3720 1552 3784 interliciunt,et
1583 3721 1890 3774 tlamna'io-

284 3814 378 3872 nis
428 3813 520 3870 vel
565 3814 884 3883 perditionis
918 3814 1149 3869 vendita:
1201 3823 1296 3869 aut
1345 3825 1542 3884 empta:
1601 3815 1892 3885 participes

283 3905 613 3970 ordinandi,
643 3919 736 3960 seu
787 3906 1166 3960 sanctiﬁcandi
1202 3907 1426 3961 obtentu
1473 3907 1734 3961 eﬁiciout.
1789 3907 1890 3974 Qui

284 4001 451 4072 plane
482 4001 840 4056 simulatores
888 4010 941 4056 et
974 4001 1155 4054 callidi
1190 4017 1299 4070 pra:
1329 4001 1543 4056 caneris
1573 4016 1819 4070 provoca
1852 4011 1890 4061 t,

288 4109 401 4148 non
447 4103 636 4148 autem
669 4093 886 4163 placant
910 4093 1044 4146 iram
1084 4093 1200 4156 Dei,
1238 4093 1364 4162 quia
1399 4093 1599 4147 venditi
1644 4091 1894 4146 vendito-

291 4197 384 4239 res
412 4184 661 4252 quotidie
688 4185 929 4239 vendunt
955 4199 1085 4239 oves
1130 4193 1184 4239 et
1231 4184 1399 4240 boves
1427 4182 1652 4249 Christi,
1685 4184 1892 4239 seil’cet

291 4275 578 4346 simplices
601 4285 657 4330 et
682 4275 1019 4344 ingeniosos,
1041 4285 1136 4330 aut
1179 4287 1328 4332 certe
1354 4276 1620 4331 invalidos
1662 4286 1716 4330 ct
1762 4277 1896 4332 vali-

294 4365 414 4423 dos.
440 4367 509 4421 Et
540 4368 628 4422 cui
653 4367 916 4432 vendunt,
955 4367 1081 4429 nisi,
1109 4377 1164 4422 ut
1205 4367 1396 4422 beatus
1422 4369 1756 4437 Augnsﬁnus
1794 4368 1889 4430 ait,

293 4459 559 4519 diabolo?
590 4461 690 4517 Ubi
715 4461 859 4515 enim
891 4461 1096 4516 seducti
1127 4461 1358 4516 credunt
1383 4461 1695 4517 sacerdotes
1723 4461 1894 4532 pretio

296 4568 460 4623 posse
491 4555 704 4612 ﬁeri.et
732 4556 993 4626 Spiritum
1017 4566 1263 4610 sanctum
1290 4555 1448 4610 vendi
1479 4563 1532 4609 et
1553 4555 1895 4625 emi,primo-

300 4647 486 4714 genita
508 4649 688 4703 cordis
713 4663 924 4710 eormn,
943 4649 994 4702 id
1011 4657 1094 4702 est
1119 4648 1270 4712 ﬁdes,
1294 4646 1559 4715 probatur
1585 4646 1891 4716 corrumpi:

301 4748 411 4806 qua
448 4749 736 4810 corrupta,
783 4753 1004 4795 necesse
1044 4747 1128 4794 est
1173 4738 1309 4793 adeo
1338 4738 1646 4806 corrumpi,
1698 4737 1743 4792 si
1788 4753 1893 4807 qua

307 4826 489 4882 inesse
515 4841 735 4899 potuere
778 4834 915 4886 bona
942 4873 957 4894 ,
1009 4841 1068 4885 ut
1107 4831 1332 4884 omnino
1364 4829 1498 4883 ﬁant
1546 4829 1726 4891 nulla;
1769 4829 1893 4898 quia

305 4918 465 4979 Unica
501 4921 784 4991 virginitas
829 4923 1025 4977 animae
1064 4931 1147 4975 est
1198 4920 1332 4975 ﬁdes
1365 4920 1698 4988 incorrupta.
1733 4934 1894 4986 quam

306 5007 496 5080 utique
525 5028 553 5065 a
587 5014 1052 5085 pseudoapostolis
1077 5011 1354 5082 corrumpi
1388 5010 1634 5072 timebat,
1659 5011 1749 5080 qui
1791 5009 1901 5063 Co-

305 5102 518 5122 -=—.I.4!!,
560 5104 590 5121 I'
659 5105 671 5122 I
733 5115 744 5122 .
864 5106 906 5122 IV
1011 5105 1048 5122 I,
1131 5120 1136 5121 ν
1188 5105 1200 5116 ⁸
1247 5120 1252 5121 ν
1285 5117 1377 5122 --_-
1406 5102 1500 5122 “-3
1539 5118 1627 5122 ._._.-

1985 1893 2314 1962 rcputaudus
2345 1891 2433 1955 sit,
2467 1891 2558 1960 qui
2601 1892 2668 1945 dc
2699 1889 2903 1960 Spiritu
2955 1899 3145 1945 sancto
3195 1889 3337 1943 male
3385 1889 3570 1944 sentit.

1982 1985 2206 2040 Constat
2236 1984 2402 2044 enim,
2428 1984 2552 2052 quia
2587 1999 2688 2038 nec
2715 1979 2936 2049 Filium,
2974 1999 3074 2038 nec
3120 1981 3334 2036 Patrem
3384 1981 3569 2036 habet.

1985 2077 2141 2141 Nam,
2179 2077 2321 2147 sicut
2360 2075 2626 2130 catholice
2661 2075 3010 2143 prtedicatur,
3038 2073 3417 2144 inscparabilia
3445 2081 3576 2127 sunt

1983 2187 2145 2240 opera
2162 2171 2464 2233 Trinitatis,
2483 2169 2680 2234 Patris,
2705 2179 2761 2223 et
2789 2168 2931 2233 Filii,
2955 2177 3008 2224 ct
3034 2169 3269 2238 Spiritus
3296 2166 3492 2229 sancti,
3520 2175 3574 2220 et

1983 2263 2287 2330 cuicunque
2317 2260 2476 2314 unius
2513 2258 2802 2326 cujuslibet
2833 2260 2996 2314 trium
3025 2258 3267 2312 visitatio
3292 2256 3573 2317 defecerit,

1985 2352 2296 2407 necessario
2319 2352 2484 2407 etiam
2505 2350 2835 2421 reliquorum
2862 2349 3090 2403 duorum
3110 2347 3575 2416 deerit.Quisqu'.s

1985 2445 2168 2514 itaque
2195 2445 2368 2499 credit
2405 2442 2668 2513 Spiritum
2700 2451 2947 2497 sanctum
2990 2457 3094 2496 non
3127 2440 3300 2496 solum
3335 2439 3440 2496 ﬁde
3480 2438 3576 2494 sed

1984 2537 2147 2592 etiam
2191 2536 2418 2606 pecunia
2467 2550 2624 2606 posse
2673 2534 2920 2605 acquiri,
2982 2535 3148 2588 Dctun
3195 2533 3412 2588 Patrem
3465 2547 3573 2588 non

1986 2626 2189 2687 habet,
2257 2624 2322 2677 ad
2383 2640 2542 2694 quem
2599 2625 2988 2678 devotissimus
3054 2622 3346 2694 Apostolus
3399 2636 3576 2696 genua

1987 2717 2261 2779 flectebat,
2289 2725 2346 2768 ut
2392 2716 2656 2785 Ephesios
2697 2732 2794 2786 per
2835 2716 3084 2770 eumdem
3116 2715 3380 2784 Spiritum
3418 2729 3576 2772 svum

1989 2810 2395 2864 corroboraret.
2447 2811 2640 2863 Filium
2695 2824 2912 2878 quoque
2965 2824 3069 2863 non
3123 2809 3320 2872 habet,
3381 2819 3579 2878 praeter

1989 2917 2148 2970 quem
2184 2915 2340 2953 nemo
2384 2900 2529 2956 aliud
2561 2901 2990 2956 Christianitatis
3024 2900 3433 2954 fundamentum
3481 2916 3580 2970 po-

1991 3007 2120 3044 nere
2152 2999 2350 3059 potest,
2381 2990 2505 3058 quia
2553 3003 2618 3042 ne
2648 2991 2747 3045 sub
2781 2991 2911 3044 lauti
2942 2988 3280 3044 fundamenti
3311 2991 3582 3060 magnitu-

1993 3084 2116 3138 dine
2152 3083 2489 3148 deﬁciamus,
2522 3099 2617 3152 per
2653 3083 2916 3153 Spiritum
2952 3092 3195 3138 sanctum
3231 3083 3487 3137 fulcimur
3525 3087 3580 3137 et

1993 3176 2429 3230 corroboratnnr.
2462 3174 2648 3228 Restat
2676 3185 2877 3242 ergout
2901 3174 2992 3243 qui
3021 3171 3280 3243 Spiritum
3305 3182 3579 3236 sanctum,

1990 3266 2074 3318 cui
2105 3266 2534 3324 fumlamentum,
2563 3263 2705 3333 quod
2728 3274 2810 3318 est
2835 3265 3085 3318 Christus
3104 3261 3280 3326 Jesns.
3306 3262 3581 3328 innititur,

1992 3372 2096 3408 non
2119 3354 2305 3419 habet,
2336 3369 2434 3408 nec
2467 3355 2641 3424 ipsum
2671 3353 3076 3407 fumlamentmn
3106 3355 3324 3408 habeat.
3365 3351 3421 3408 Si
3452 3351 3573 3406 fun-

1989 3445 2301 3499 damentum
2330 3459 2435 3497 non
2470 3443 2946 3506 habet,Christnm
2971 3458 3078 3497 non
3113 3443 3294 3498 habet.
3332 3440 3388 3496 Si
3420 3440 3583 3496 Chri-

1991 3546 2133 3592 stum
2171 3554 2274 3592 non
2293 3535 2477 3600 habet,
2500 3536 2657 3592 ﬁdem
2686 3553 2789 3589 non
2819 3537 3006 3600 habet,
3025 3551 3123 3606 per
3143 3551 3303 3604 quam
3333 3533 3583 3590 Christus

1991 3648 2086 3688 cor
2112 3632 2230 3702 ejus
2261 3631 2544 3686 inhabitet.
2576 3630 2763 3699 itaque
2790 3630 3144 3700 consequitur
3190 3638 3251 3682 ut
3297 3625 3389 3695 qui
3423 3624 3582 3678 ﬁdem

1992 3740 2103 3780 non
2133 3725 2319 3788 habet.
2349 3722 2583 3777 inﬁdelis
2605 3722 2706 3786 sit;
2749 3720 2980 3775 inﬁdelis
3023 3729 3228 3782 autem,
3257 3715 3380 3787 quia
3411 3714 3582 3782 Spiri-

1995 3829 2106 3874 tum
2131 3818 2336 3875 Christi
2363 3833 2470 3871 non
2495 3817 2676 3877 habet,
2710 3814 2828 3883 ejus
2849 3829 2954 3868 non
2983 3821 3088 3866 est.
3111 3812 3281 3878 Cujus
3307 3822 3438 3879 ergo
3465 3806 3584 3860 est?
3675 3824 3679 3827 ·

1993 3913 2260 3968 Nimirum
2284 3909 2533 3979 ejus,qui
2554 3908 2818 3962 homicida
2835 3917 2917 3961 est
2939 3899 3467 3971 abinitio,quiquein
3493 3913 3584 3950 vc-

1995 4003 2155 4058 ritale
2182 4016 2286 4055 non
2313 4000 2484 4061 stetit,
2502 3997 2626 4066 quia
2659 3995 2858 4048 veritas
2874 3995 3140 4047 noncstin
3168 4007 3249 4048 eo.
3281 3989 3406 4057 quia
3432 4002 3584 4042 men-

1995 4095 2100 4148 da);
2114 4094 2389 4163 estipsect
2419 4099 2575 4161 pater
2590 4086 2850 4142 mendacii
2871 4085 3047 4156 (Joan.
3067 4100 3182 4146 vin,
3197 4082 3308 4151 44),
3325 4080 3581 4150 quoniam

1994 4187 2086 4258 qui
2101 4183 2455 4240 cmnChristo
2471 4198 2573 4236 non
2589 4180 2811 4250 colligit,
2828 4177 3030 4246 spargit
3049 4175 3263 4242 (Matth.
3284 4170 3506 4244 xu,30);
3529 4179 3586 4225 et

1995 4278 2119 4348 quia
2145 4292 2248 4330 nou
2271 4284 2354 4330 est
2373 4289 2494 4330 cum
2509 4287 2595 4336 eo,
2620 4279 2806 4324 contra
2821 4286 2941 4324 eum
2956 4279 3057 4321 est.
3074 4265 3225 4321 Unde
3239 4262 3581 4318 manifestum

1996 4381 2076 4425 cst
2110 4367 2447 4422 Simoniacos
2482 4379 2579 4435 per
2605 4363 2953 4435 cupiditatem
2983 4377 3012 4415 a
3037 4360 3140 4415 ﬁde
3165 4359 3469 4421 aberrasse,
3497 4357 3584 4410 vel

1925 4463 2180 4560 Dpotius
2236 4467 2616 4529 apostatasse,
2672 4465 2727 4510 et
2781 4455 2924 4510 circa
2977 4454 3135 4508 ﬁdem
3194 4450 3584 4522 nanfragasse,

1998 4555 2139 4611 sicut
2189 4551 2479 4622 Apostolus
2529 4548 2819 4604 Timotheo
2863 4547 3031 4601 dicit:
3070 4565 3087 4597 ι
3124 4543 3296 4599 Radix
3344 4542 3586 4596 omnium

2000 4643 2266 4698 malorum
2307 4649 2392 4694 est
2431 4637 2700 4707 cupiditas
2736 4655 2748 4690 :
2793 4652 2955 4706 quam
3009 4634 3226 4705 quidam
3276 4640 3588 4701 appetentes

1997 4740 2317 4788 erraverunt
2348 4748 2377 4784 a
2407 4731 2531 4793 ﬁde,
2563 4738 2618 4783 et
2645 4729 2988 4782 inseruerunt
3014 4741 3072 4778 se
3102 4721 3376 4776 doloribus
3405 4720 3591 4775 multis

1999 4825 2059 4898 (I
2098 4825 2233 4878 Tim.
2286 4839 2372 4887 vt,
2425 4821 2553 4890 10).
2593 4842 2609 4872 ι
2650 4819 2797 4886 Quos
2851 4815 3102 4870 videlicet
3151 4826 3452 4873 erroneus,
3507 4811 3593 4864 vel

1997 4926 2274 4988 apostatas
2298 4915 2383 4968 vel
2414 4912 2535 4965 ﬁdei
2568 4910 2884 4976 naufragos,
2911 4922 3014 4960 non
3059 4916 3238 4958 autem
3283 4901 3594 4969 episcopos,

1996 5019 2091 5065 aut
2121 5007 2352 5064 clericos
2381 5002 2579 5058 dcbcre
2630 5000 2734 5058 dici
2774 4998 2858 5052 vel
2901 4998 3088 5052 haberi
3119 5001 3354 5050 constat.
3385 4991 3521 5046 Nam
3555 4999 3598 5052 si

2149 5116 2173 5120 --
2189 5114 2225 5120 μ.
2279 5105 2327 5120 ,ιο
2391 5093 2704 5120 ΙΑιὶὶνιΛμι-κηι-
2757 5087 3019 5118 ηὶοικηΛιιίο
3082 5085 3449 5118 nuo-nlinlnnna
3505 5102 3608 5116 nu-
