4124 5374
324 137 351 191 1
361 135 467 193 053

966 135 1336 193 ADVERSUS
1376 133 1787 194 SIHONIACOS
1824 133 2001 193 LIBRI
2043 135 2248 194 TRES.
2277 169 2347 179 —-
2379 136 2579 195 LIBER
2618 135 2900 195 PRIMUS.

3469 133 3599 189 l05s

318 257 515 307 contra
548 247 913 319 evangelicam
959 246 1420 319 aputstolicanl’que
1448 246 1784 319 disciplinam
1814 248 1912 303 do-
1938 257 1984 312 Α
2013 248 2136 321 quis
2160 250 2227 304 de
2248 248 2455 321 Spiritu
2478 257 2669 305 sancto
2682 248 2822 305 male
2844 248 3031 315 sentit,
3058 247 3454 303 animadvertat
3477 249 3606 318 quid

314 358 455 398 num
490 340 581 395 Dei
617 341 840 412 pecunia
866 354 1026 411 posse
1046 340 1311 412 possideri
1333 341 1626 403 aestimant,
1663 340 1913 405 credunt,

312 431 736 503 proﬁtentnret,
759 439 1022 501 quantum
1046 440 1295 501 possunt,
1316 430 1606 487 defendere
1626 441 1915 500 conantur,

315 524 637 582 curialibus
675 524 973 596 spiritualia
1006 536 1406 594 comparantes.
1440 526 1544 595 Qui
1594 527 1638 583 si
1666 527 1915 583 eumdem

308 616 575 688 spiritum
598 616 785 672 mundi
824 617 949 686 quis
970 625 1027 672 et
1061 616 1151 671 ubi
1187 617 1277 683 sil,
1307 616 1389 670 vel
1425 617 1555 688 quid
1569 615 1687 685 jam
1725 634 1918 690 passus

308 707 650 772 προίει-ειη,
681 723 804 763 cum
854 722 1047 778 magna
1076 708 1258 765 cordis
1296 710 1626 766 contritione
1675 711 1793 766 erui
1844 710 1914 766 de

306 804 594 855 potestate
617 798 1330 869 tenebrarum,atque,dum
1357 799 1535 856 adhuc
1563 800 1711 868 licet,
1736 809 1915 859 trans-

305 882 454 940 ferri
486 885 538 940 in
582 901 807 956 regnum
836 885 959 941 Filii
1001 886 1268 953 claritatis
1305 897 1544 960 pateram
1589 900 1914 962 quarerent.

306 973 602 1046 Siquidem
630 977 720 1032 ille
746 986 829 1033 est
851 979 1105 1048 princeps
1124 981 1332 1044 mundi,
1358 990 1540 1037 rector
1571 983 1916 1038 tenebrarum

304 1081 534 1131 earum,
568 1068 843 1141 hominum
874 1069 1085 1125 scilicet
1111 1070 1432 1134 inﬁdelium.
1463 1072 1518 1128 in
1558 1073 1758 1144 quibus
1802 1084 1919 1130 tan-

300 1173 486 1230 quam
512 1158 565 1215 in
594 1158 719 1216 ﬁliis
748 1160 1061 1216 diﬁldentiaa
1090 1173 1282 1233 regnat
1304 1173 1359 1220 et
1388 1175 1647 1237 operatur
1677 1181 1776 1221 sua
1805 1167 1917 1237 ipse

301 1263 547 1319 serpens
580 1250 858 1321 antiquus,
896 1252 989 1322 qui
1031 1261 1118 1309 est
1157 1254 1405 1312 diabolus
1440 1266 1497 1312 et
1540 1256 1772 1313 Satanas
1801 1257 1915 1328 jam

296 1336 591 1410 gudicatns
620 1348 677 1394 et
712 1341 1005 1398 damnatus
1034 1351 1200 1414 atque
1231 1343 1377 1401 foras
1400 1347 1628 1415 eiectus,
1665 1361 1774 1403 non
1806 1347 1914 1403 uti-

300 1445 431 1502 que
448 1439 606 1485 extra
655 1430 921 1488 fabricam
955 1434 1078 1490 coeli
1107 1444 1162 1491 et
1188 1443 1373 1503 teme,
1421 1439 1517 1494 sed
1555 1448 1710 1495 extra
1751 1440 1914 1496 corda

301 1522 578 1587 ﬁdelium,
616 1539 753 1596 quos
795 1524 924 1582 fecit
958 1526 1210 1585 Christus
1233 1541 1482 1598 regnum,
1511 1536 1569 1587 et
1599 1528 1917 1586 sacerdotes

2017 341 2079 397 Il.
2130 357 2265 412 papa
2316 341 2580 398 Damasus
2620 341 2846 396 Paulino
2906 340 3246 397 Antiocheno
3285 340 3609 411 patriart'hm

2019 432 2282 496 scribens,
2317 429 2456 485 inter
2477 430 2580 485 alia
2612 431 2744 486 dicit
2772 449 2785 484 :
2825 450 2844 483 ι
2865 430 2921 485 Si
2949 431 3071 501 quis
3100 431 3166 485 de
3196 429 3357 485 Patre
3383 438 3438 484 et
3472 428 3609 483 Filio

2018 523 2155 601 bene
2192 522 2445 583 senserit,
2472 521 2539 575 de
2576 520 2781 590 Spiritu
2829 530 3007 575 autem
3067 529 3257 575 sancto
3305 534 3409 574 non
3459 529 3608 574 recte

2019 612 2292 677 habuerit,
2322 611 2609 667 luereticus
2634 621 2735 666 est.
2761 632 2779 664 s
2801 611 2866 666 Et
2886 610 3027 681 quod
3050 627 3243 666 omnes
3277 610 3515 665 lueretici
3541 611 3608 665 de

2018 707 2158 762 Filio
2186 707 2300 770 Dei,
2329 714 2423 761 aut
2452 706 2516 760 de
2546 704 2753 776 Spiritu
2794 714 2984 761 sancto
3011 704 3149 759 male
3186 704 3505 770 sentientes,
3553 703 3606 758 in

2017 798 2243 870 perﬁdia
2275 795 2584 853 Iudaeorum
2610 805 2665 850 et
2705 795 2989 868 gentilium
3014 794 3383 849 inveniuntur.
3406 792 3608 861 Nempe

2015 891 2218 949 Iudaeis
2243 890 2551 948 dicentibus
2579 907 2593 944 :
2624 908 2643 941 α
2670 887 2780 944 Nos
2801 904 2868 943 ex
2903 887 3282 950 fornicatione,
3307 906 3325 939 ι
3358 885 3610 943 videlicet

2018 981 2342 1046 idololatria,
2369 1000 2387 1033 t
2410 995 2516 1037 non
2538 994 2727 1035 sumus
2745 978 2878 1033 nati.
2899 977 3076 1034 Unum
3103 977 3319 1032 Patrem
3341 976 3611 1030 habemus

2018 1075 2221 1140 Deum;
2257 1091 2276 1125 ι
2320 1069 2600 1141 respondit
2621 1069 2885 1125 Dominus
2912 1067 3108 1124 Jesus:
3140 1086 3158 1120 ι
3197 1067 3255 1122 Si
3281 1066 3424 1121 Deus
3444 1065 3612 1120 Pater

2014 1173 2199 1220 vester
2217 1170 2382 1227 esset,
2415 1160 2711 1233 diligeretis
2741 1159 2928 1229 utique
2959 1175 3065 1213 me.
3104 1158 3214 1228 Ego
3237 1157 3381 1211 enim
3405 1172 3472 1212 ex
3498 1156 3610 1211 Deo

2016 1254 2277 1329 processi,
2322 1261 2379 1308 et
2419 1252 2562 1307 veni.
2608 1250 2794 1321 Neque
2830 1250 2976 1304 enim
3006 1266 3034 1302 a
3065 1264 3150 1301 me
3186 1248 3303 1316 ipso
3332 1246 3480 1313 veni,
3506 1244 3603 1301 sed

2017 1349 2108 1405 ille
2152 1363 2241 1404 me
2268 1345 2440 1401 misit.
2467 1345 2577 1401 Vos
2601 1359 2667 1399 ex
2696 1351 2852 1414 patre
2880 1339 3095 1396 diabolo
3121 1339 3252 1394 estis
3281 1336 3463 1409 (Joan.
3487 1351 3609 1400 nu.

2014 1439 2129 1511 41).
2162 1459 2182 1493 s
2209 1436 2418 1494 Simoni
2460 1448 2675 1506 quoque
2697 1433 2852 1505 Mago
2880 1431 3144 1502 Spiritum
3184 1436 3435 1483 sanctum
3464 1426 3631 1482 mer?

2014 1530 2124 1587 cari
2148 1528 2385 1601 cupienti
2412 1527 2606 1581 Petrus
2630 1524 2767 1579 dixit
2798 1540 2812 1576 :
2846 1540 2865 1575 ι
2899 1521 3015 1576 Non
3033 1530 3115 1575 est
3138 1518 3236 1574 tibi
3263 1533 3408 1588 pars,
3433 1530 3610 1587 neque
3654 1546 3659 1553 -

301 1615 433 1685 Deo
478 1625 534 1673 et
588 1616 736 1673 Patri
792 1635 913 1675 suo.
972 1620 1127 1688 Quod
1175 1621 1222 1677 si
1269 1622 1494 1693 spiritus
1547 1623 1751 1681 mundi.
1795 1622 1911 1693 jam
1948 1609 1990 1668 Β
2017 1636 2138 1677 sors
2166 1620 2221 1675 iu
2252 1619 2356 1674 bac
2384 1616 2489 1672 ﬁde
2516 1616 2654 1688 (Act.
2684 1629 2805 1679 vm,
2831 1610 2944 1675 2|).
2976 1630 2997 1662 ι
3038 1608 3143 1665 Sed
3178 1623 3246 1664 ne
3271 1606 3414 1663 l'orte
3435 1605 3607 1660 couti-

311 1703 624 1762 damnatus
649 1716 732 1763 est
761 1716 818 1762 et
845 1707 995 1765 foras
1024 1708 1251 1779 eiectus,
1282 1720 1429 1783 patet
1454 1712 1569 1781 jam
1596 1713 1909 1769 danmatuut

299 1802 372 1853 et.
416 1810 539 1851 cum
567 1812 634 1852 eo
676 1797 822 1855 foras
852 1799 1089 1869 ejectum
1130 1802 1415 1867 mundum,
1444 1805 1529 1858 cui
1561 1804 1678 1874 ipse
1701 1805 1911 1874 princi-

296 1893 499 1957 patnr,
541 1905 641 1945 nec
672 1889 784 1958 jam
818 1900 940 1948 esse
984 1893 1037 1948 in
1080 1895 1303 1962 mundo,
1336 1908 1497 1966 quem
1528 1896 1719 1951 dilexit
1748 1898 1909 1962 Deus,

296 1988 393 2045 et,
425 1982 686 2052 sanguine
708 1982 830 2038 Filii
864 1985 947 2040 sui
978 1986 1340 2057 redemptum,
1364 1987 1913 2044 emundaritlavacro

299 2083 474 2140 aqum
494 2072 547 2127 in
576 2073 765 2142 verbo,
789 2086 849 2132 ut
873 2079 945 2134 sit
971 2079 1087 2150 ipse
1112 2082 1257 2136 Deus
1285 2097 1409 2136 cum
1430 2081 1513 2136 eis
1537 2096 1725 2136 eorum
1747 2081 1908 2136 Deus.

300 2158 452 2217 Nam
477 2178 600 2235 qua:
622 2180 748 2235 pars
792 2167 934 2225 ﬁdeli
967 2186 1090 2226 cum
1121 2171 1366 2227 inﬁdeli?
1395 2172 1739 2243 Quapropter
1761 2171 1914 2243 quis-

2019 1720 2182 1768 nuata
2213 1710 2328 1765 hate
2349 1707 2586 1779 repulsio
2608 1705 2732 1761 licet
2769 1700 3200 1779 pernecessaria,
3229 1699 3274 1776 si
3304 1695 3613 1775 diuturnior

2019 1801 2311 1866 habeatur,
2362 1778 2442 1855 sic
2492 1786 2829 1853 desertorem
2883 1801 3073 1864 urgeat
3131 1778 3187 1847 et
3237 1790 3505 1859 impetat,
3553 1794 3615 1839 ut

2018 1893 2318 1953 commilito
2354 1899 2539 1947 noster
2595 1889 2840 1943 defessus
2886 1891 3199 1956 oppetatur,
3255 1880 3485 1936 delicato
3528 1876 3611 1930 Ic-

2019 1986 2159 2043 ctori
2219 1982 2524 2054 respirandi
2581 1979 2755 2050 gratia
2809 1983 3029 2049 oportet
3090 1971 3372 2044 scriptoris
3430 1968 3609 2025 inten-

2023 2078 2097 2132 tio
2125 2076 2403 2140 cousulat,
2440 2072 2768 2143 tandemque
2803 2069 2891 2124 hic
2932 2066 3056 2122 ﬁnis
3078 2065 3236 2120 orimi
3262 2062 3423 2134 hujus
3441 2058 3608 2116 libelli

2022 2169 2136 2221 lial.

1515 2302 1603 2357 EX
1615 2302 1833 2356 PLICIT
1877 2301 2077 2388 ItlBER
2119 2298 2403 2355 PRIMUS.

1177 2545 1581 2608 INCIPIUNT
1645 2545 2035 2609 CAPI'I'UL.\
2104 2544 2316 2605 LIBRI
2381 2539 2739 2603 SECUNDI.

308 2670 356 2726 I.
399 2668 541 2736 Quid
570 2668 748 2724 beatus
776 2667 967 2724 Petrus
1009 2671 1277 2743 apostolus
1306 2672 1490 2738 suique
1516 2671 1806 2743 coapostoli
1847 2671 1911 2725 de

336 2819 342 2823 ,
388 2763 650 2817 htereticis
680 2750 975 2817 senserint:
1720 2812 1735 2823 .

307 2853 376 2908 Π.
437 2852 516 2907 De
544 2853 737 2919 pietate
789 2864 835 2906 et
876 2854 1157 2923 impietate,
1197 2866 1244 2909 et
1281 2856 1346 2909 de
1384 2855 1551 2912 Chaut
1597 2866 1643 2910 et
1686 2853 1908 2909 Balaam

386 2945 815 3013 prwsumptione.

310 3033 403 3089 III.
452 3032 531 3086 De
569 3045 781 3100 peccato
821 3031 991 3089 Chore
1023 3046 1071 3088 et
1110 3034 1381 3105 fautorum
1422 3036 1539 3107 ejus
1569 3046 1723 3106 atque
1760 3052 1907 3099 mena

387 3143 596 3183 eorum.

309 3215 408 3275 IV.
449 3217 526 3273 De
552 3218 701 3289 rulgo
724 3220 935 3288 sequaci
953 3230 1415 3289 prwsuntptorum,
1448 3231 1494 3274 et
1525 3221 1588 3275 de
1611 3221 1923 3291 cli/ferentia

394 3305 504 3358 reri
533 3315 579 3357 et
605 3303 729 3374 [idsi
754 3304 1060 3358 sacerdotii.
1660 3300 1677 3311 “

316 3393 383 3449 γ.
419 3394 494 3448 De
523 3380 713 3449 .Iamne
759 3405 805 3449 et
848 3394 1106 3460 Mambre,
1129 3396 1317 3467 quibus
1348 3397 1551 3469 pejores
1577 3410 1697 3454 sunt
1730 3398 1909 3455 Simo-

396 3504 560 3540 ηταει.

320 3577 409 3637 Ἦ.
440 3576 542 3632 Ubi
567 3579 916 3633 admonentur
939 3577 1229 3634 Christiani
1254 3581 1416 3635 vitare
1436 3564 1910 3651 supplantationem

390 3668 753 3724 hatreticorum
781 3708 795 3731 ,
844 3685 1068 3738 quorum
1114 3669 1246 3724 inibi
1305 3670 1504 3725 malum
1556 3685 1710 3742 atque
1758 3689 1910 3742 pana

389 3776 571 3815 eorum
603 3761 916 3813 ostenditur.
1429 3762 1433 3766 ’

323 3850 436 3911 γι.
468 3854 542 3907 De
569 3854 905 3907 damnatione
924 3854 1043 3920 ficte
1065 3855 1412 3924 qumrentium
1435 3856 1602 3911 Deum
1619 3857 1714 3912 sub
1735 3874 1909 3912 exem-

391 3944 476 4013 plo
504 3943 726 4000 Ananiae
754 3954 800 3997 et
829 3943 1090 4013 Saphira'.

326 4035 457 4092 VII.
487 4035 561 4090 De
586 4052 645 4090 eo
675 4036 817 4105 quod
839 4052 944 4089 non
966 4035 1137 4093 solum
1167 4039 1475 4104 vovendum,
1499 4040 1590 4094 sed
1612 4051 1660 4095 et
1692 4041 1897 4097 redden-

396 4132 517 4185 dum
541 4131 605 4184 sit
634 4130 884 4185 Domino.

327 4217 413 4275 IX.
446 4221 601 4287 Quod
626 4219 857 4292 Spiritus
880 4232 1093 4277 sanctus
1112 4222 1355 4291 ﬁdelibus
1384 4208 1910 4295 appareat,inﬁdeles

350 4308 353 4311 ’
395 4322 567 4368 autem
603 4311 785 4378 lateat,
826 4330 857 4366 α
884 4314 1070 4384 quibus
1093 4331 1186 4369 nec
1211 4317 1487 4385 quwritur.

2018 2668 2154 2723 XVI.
2188 2668 2287 2723 Ubi
2313 2669 2693 2723 contradicitur
2720 2666 2991 2721 htereticos
3020 2682 3112 2721 nec
3134 2667 3269 2720 sicut
3297 2667 3608 2723 criminosas

2089 2763 2225 2816 intra
2248 2762 2520 2817 ecclesiam
2554 2760 2719 2813 Deum
2746 2757 2949 2812 audire.
2976 2775 2983 2781 ·

2016 2853 2177 2909 XVII.
2215 2852 2287 2906 De
2314 2851 2613 2922 ili/ferentia
2637 2850 3016 2920 negotiatorum
3037 2848 3220 2903 sa'culi
3241 2859 3286 2902 et
3308 2866 3487 2925 eorum
3519 2866 3608 2910 aut

2089 2948 2337 2999 dicuntur
2366 2942 2677 2999 Simoniaci.
3346 2937 3350 2940 ﬁ
3446 2934 3520 3007 Δ,
3618 2946 3621 2951 ’

2019 3037 2202 3091 XVIII.
2246 3037 2318 3091 De
2363 3054 2422 3090 eo
2454 3035 2596 3108 qucd
2629 3035 2870 3091 carnales
2907 3033 3162 3095 Ecclesia:
3199 3038 3312 3089 sine
3353 3034 3459 3104 ﬁde
3508 3020 3617 3090 nos»

2084 3128 2188 3183 sint
2229 3129 2399 3181 instar
2438 3125 2619 3180 Ruben
2661 3136 2709 3179 et
2751 3124 2887 3192 Cad,
2917 3137 2964 3180 et
2995 3126 3232 3179 dimidia:
3273 3124 3440 3180 tribus
3492 3122 3609 3180 Μη-

2086 3237 2256 3274 ηηδδε.
2557 3270 2562 3275 .
3127 3275 3131 3279 .
3612 3209 3617 3215 ν

2014 3309 2153 3365 XIX.
2209 3311 2285 3364 De
2328 3327 2387 3363 eo
2440 3308 2581 3379 quod
2630 3309 2924 3363 Simouiaci
2980 3328 3012 3363 a
3060 3308 3266 3367 Salana
3314 3307 3610 3382 percutiun-

2089 3412 2172 3454 tur
2234 3399 2469 3471 exemplo
2530 3399 2688 3453 Judw
2742 3401 3088 3471 proditionem
3148 3399 3366 3454 Domini
3425 3414 3609 3471 aggre-

2083 3494 2291 3548 dicatis.

2013 3584 2133 3640 XX.
2163 3584 2300 3651 Quot
2340 3584 2794 3638 maledic-tionibus
2825 3600 2943 3637 cum
2970 3584 3003 3637 J
3013 3585 3118 3637 uda
3159 3581 3454 3636 Simoniaci
3480 3574 3607 3634 sub-

2083 3676 2310 3739 iaceant,
2333 3685 2380 3728 et
2402 3674 2628 3745 qualiter
2658 3691 2869 3728 onmem
2895 3673 3187 3737 Ecclesium
3224 3671 3477 3741 pendant.

2014 3766 2149 3821 XXI.
2188 3766 2262 3821 De
2280 3784 2340 3822 eo
2359 3767 2501 3835 quod
2531 3783 2632 3821 non
2662 3767 2826 3837 prosit
2878 3765 3196 3821 Simoniacis
3228 3764 3609 3835 qualiscunque

2081 3876 2262 3919 eorum
2291 3859 2641 3928 eleentosyna.
3192 3918 3196 3923 ἱ
3602 3852 3609 3859 ’

2014 3952 2174 4009 XXII.
2210 3953 2351 4021 Quid
2407 3954 2584 4025 vulpes
2638 3952 2959 4011 Simoniaca:
3004 3952 3207 4024 faciant
3257 3951 3336 4008 vel
3394 3952 3606 4023 patiam

2028 4113 2033 4117 θ
2087 4057 2190 4100 tur.
2718 4050 2721 4051 ⁷

2015 4135 2195 4191 XXIII.
2226 4135 2488 4207 Allegoria
2511 4135 2575 4189 tle
2606 4135 2844 4203 vulpibus
2866 4153 2898 4188 a
2920 4132 3173 4190 Samsone
3199 4134 3385 4203 captis.

1974 4214 1981 4219 ’
2011 4226 2201 4281 XXIV.
2229 4225 2458 4280 Collatia
2481 4236 2696 4279 actuum
2725 4214 2886 4279 Iuda:
2910 4234 2957 4277 et
2989 4223 3438 4279 Simoniacorum.

2013 4318 2180 4372 XXV.
2243 4318 2318 4372 De
2358 4334 2418 4372 eo
2483 4318 2625 4389 quod
2674 4316 2846 4371 ludas
2904 4316 3017 4370 sine
3069 4315 3177 4382 [iste
3228 4314 3515 4383 ptenftuit,
3558 4318 3606 4366 et

328 4397 395 4465 Χ.
441 4401 516 4457 De
559 4418 800 4457 etcressus
847 4422 1026 4459 eorum
1063 4407 1359 4476 di/ferentia
1393 4409 1484 4478 qui
1522 4425 1674 4478 super
1711 4408 1907 4478 funda-
1944 4430 1989 4487 ι)
2085 4410 2224 4479 quod
2296 4411 2668 4464 consentien'es
2728 4409 3055 4478 principibus
3119 4407 3454 4462 sacerdotum
3502 4405 3609 4487 ﬁde

399 4504 622 4548 mentum
670 4492 865 4549 Christi
916 4496 1168 4549 excedunt
1190 4506 1238 4549 et
1280 4514 1460 4550 eorum
1522 4498 1612 4567 qui
1657 4498 1768 4551 sine
1794 4497 1911 4565 ejus

405 4585 756 4653 fundamento.

346 4675 421 4753 XI.
462 4678 612 4743 Quod
639 4679 838 4733 vitandi
859 4679 962 4733 sint
988 4680 1224 4738 hwretici
1247 4678 1480 4748 exemplo
1518 4680 1813 4751 viperarum
1860 4685 1909 4732 et

404 4769 547 4823 mala:
575 4771 796 4826 arboris.

2084 4506 2275 4574 privati
2303 4515 2445 4559 sunt.

2014 4595 2202 4652 XXVI.
2231 4595 2386 4661 Quod
2417 4595 2489 4649 nil
2516 4595 2618 4649 nisi
2651 4594 3040 4647 damnationem
3070 4609 3101 4644 a
3127 4589 3444 4644 Sintoniacis
3470 4591 3610 4646 acci-

2084 4691 2229 4757 piant
2254 4688 2410 4739 etiam
2433 4687 2597 4755 gratis
2619 4684 2875 4746 ordinati,
2901 4693 2947 4734 et
2973 4680 3112 4751 quod
3134 4677 3274 4732 idola
3298 4678 3497 4744 faciant
3518 4699 3612 4754 pro

2082 4779 2291 4834 Christo
2320 4777 2554 4853 adorari.

341 4853 442 4916 XII.
470 4861 617 4927 Quod
645 4863 925 4934 plusquam
967 4862 1155 4933 vipera:
1189 4861 1402 4919 cavendi
1430 4865 1531 4920 sint
1570 4863 1827 4931 htvretici,
1859 4874 1910 4918 et
2016 4869 2225 4931 XXVII.
2279 4866 2545 4923 Sententia
2584 4869 2753 4924 sancti
2788 4865 3066 4934 Augustini
3097 4879 3201 4933 qua
3228 4873 3416 4916 omnes
3448 4863 3626 4927 heare;

405 4949 463 5004 de
486 4964 673 5005 natura
707 4963 753 5006 et
781 4964 903 5025 typo
924 4967 1128 5006 earum.
2086 4963 2173 5018 tici
2232 4960 2614 5015 convincuntur
2645 4974 2835 5029 negare
2855 4956 3036 5010 Jesum
3061 4953 3332 5011 Christum
3353 4952 3410 5010 in
3447 4975 3632 5029 carne

346 5037 464 5103 Xlll.
494 5044 729 5111 Qualiter
745 5049 931 5110 oiperm
950 5046 1255 5101 conveniant
1283 5042 1615 5107 Simoniacis.
2084 5055 2303 5110 venisse.
3447 5024 3466 5039 ‘
3622 5062 3627 5071 '

351 5128 470 5189 XIV.
505 5137 657 5202 Quod
685 5145 837 5193 unius
877 5137 1018 5191 modi
1063 5139 1165 5192 sint
1199 5138 1527 5195 subversores
1556 5153 1910 5199 sacrametth-
2019 5144 2256 5204 XXVIII.
2282 5141 2414 5197 Item
2439 5134 2803 5214 cujussupra,
2842 5139 2906 5193 de
2929 5157 2988 5194 eo
3028 5140 3167 5217 quod
3190 5132 3427 5192 ha'retici
3451 5142 3636 5218 8pm;

411 5240 513 5278 rum
543 5237 588 5279 et
620 5229 887 5282 verborum
920 5226 1134 5295 Christi,
1167 5244 1215 5284 et
1265 5230 1405 5299 quod
1441 5248 1535 5287 nec
1580 5244 1760 5307 petant
1818 5248 1909 5284 nec
2087 5249 2199 5292 tum
2228 5243 2468 5287 sanctum
2501 5251 2604 5290 non
2642 5231 2857 5297 habent,
2898 5231 3134 5300 quamvis
3162 5220 3389 5284 visibilia
3437 5250 3639 5296 θασνα..

408 5311 673 5374 impetrant
701 5317 764 5371 ab
794 5334 872 5371 eo.
942 5343 949 5349 -
2092 5336 2272 5374 sntvnln
2308 5324 2551 5374 habeam-
2968 5332 2971 5339 ‘
