4124 5374
507 278 643 336 £055

1581 275 1934 330 ιιυδιιςιιιιτι
1977 275 2033 327 S.
2067 275 2130 329 ιι.
2181 275 2242 329 Ε.
2281 273 2693 331 CAIIDINALIS

3640 272 3797 332 I056
3819 329 3823 332 .

509 391 671 446 XXX.
722 390 1100 461 Recapitulatio
1158 388 1548 457 prtentissornnt
1597 387 1864 439 ret-borum
1917 385 2084 439 sancti
2114 391 2160 448 Λ
2191 384 2474 441 XXXVIII.
2507 353 2890 455 Recapitulatio
2912 386 3196 455 pra'tnissa:
3229 388 3497 441 sententia'
3526 403 3591 440 ex
3637 388 3796 455 Apo-

580 483 879 550 Augustini.

509 572 696 628 XXXI.
743 573 828 626 l)e'
866 573 1068 626 malitia
1120 571 1644 631 Simoniacorum,et
1701 569 1840 639 qum!
1889 571 2090 639 pejores

575 666 678 716 sint
710 663 1023 723 latronibus.
1049 674 1095 716 et
1129 662 1240 716 sine
1267 661 1446 725 aliqua
1481 661 1586 728 ﬁde
1614 660 1731 713 Dei.

507 753 716 807 XXXII.
748 751 988 819 Qualiter
1009 753 1240 805 htrretici
1269 769 1300 804 a
1335 751 1440 803 Deo
1469 750 1788 819 fornicantes
1819 750 2017 818 faciant
2043 758 2090 800 ct

576 844 708 895 alios
736 843 1013 911 fornicari.

508 932 746 988 XXXIII.
803 934 876 987 De
937 933 1286 988 diminutione
1342 932 1590 987 Ecclesia:
1633 942 1679 986 et
1731 932 2092 986 htereticoruut

580 1024 1032 1093 multiplicatione.

510 1112 749 1169 XXXIV.
793 1114 1004 1180 Quanto
1025 1115 1418 1183 perniciosiores
1449 1119 1686 1168 omnibus
1713 1114 1967 1168 htrreticis
1989 1115 2093 1167 sint

584 1203 894 1256 Simoniaci.

514 1291 731 1349 XXXV.
772 1293 849 1348 De
871 1297 1140 1349 natiuitate
1170 1308 1212 1351 et
1239 1295 1554 1350 incremento
1581 1295 1902 1350 Sintoniacte
1925 1296 2092 1350 lttere~

582 1398 713 1435 8008.

512 1471 748 1529 XXXVI.
783 1473 1021 1538 Qualiter
1049 1472 1338 1529 Siatoaiaci
1373 1491 1474 1529 non
1507 1474 1676 1529 solum
1707 1491 1784 1528 res
1823 1474 2091 1536 Ecclesitu,

582 1564 672 1615 sed
717 1564 854 1631 ipsos
902 1580 1104 1634 quoque
1158 1566 1416 1634 principes
1464 1583 1584 1620 cunt
1631 1565 1836 1636 pupulis
1887 1565 2095 1618 diabolo

585 1655 829 1708 rendunl.

2260 479 2476 548 calypsi.

2194 570 2436 624 XXXIX.
2464 571 2595 637 Qute
2623 572 2727 626 sint
2756 570 2906 641 signa
2935 581 2984 625 et
3019 572 3258 640 prodigia
3297 569 3705 624 catholicorum.

2193 663 2305 717 XL.
2333 663 2462 729 Qute
2482 665 2584 716 sint
2604 665 2752 733 signa
2779 675 2825 717 et
2853 664 3490 735 pratligiaihcreticoruut.

2193 754 2328 807 XLI.
2369 753 2444 807 De
2463 755 2666 808 swvitia
2697 755 2856 824 hujus
2880 755 3053 808 bestia:
3077 765 3122 808 et
3149 756 3212 808 de
3253 755 3555 808 charactere
3577 751 3797 808 Christi

2262 856 2307 898 et
2337 845 2663 900 Antichristi.

2196 933 2353 988 XLII.
2385 933 2462 988 De
2489 935 2899 1005 negotiatoribus
2924 937 3120 991 Christi
3146 946 3192 990 et
3214 937 3543 991 Antichristi.

2196 1027 2374 1081 XLIII.
2407 1025 2522 1092 Quo
2545 1027 2846 1082 charactere
2878 1027 3168 1084 Simoniaci
3203 1038 3490 1082 noscantur
3521 1043 3635 1085 csse
3669 1026 3800 1082 ιζπ-

2266 1122 2520 1176 tichristi.

2197 1212 2380 1269 XLIV.
2409 1213 2677 1280 Quantum
2721 1216 2825 1269 sint
2854 1217 2929 1269 rei
2973 1214 3223 1271 Ecclesia:
3271 1214 3587 1278 Simoniari,
3621 1225 3672 1266 et
3725 1213 3800 1267 de

2269 1319 2482 1356 numero
2505 1305 2730 1359 nominis
2755 1304 2968 1360 Christi.

2199 1389 2358 1444 XLV.
2403 1391 2474 1445 De
2504 1409 2718 1447 numero
2745 1395 2968 1448 nominis
2996 1394 3318 1449 Antichristi.

2200 1483 2384 1539 XLVI.
2424 1483 2664 1550 Qualiter
2695 1485 2924 1540 Satanas
2951 1488 3229 1558 profanam
3256 1487 3568 1543 Trinitatem
3595 1493 3798 1541 contra

2270 1575 2498 1626 tlirinant
2517 1585 2771 1630 exstruat.

2200 1663 2404 1717 XLVII.
2445 1665 2598 1730 Quod
2624 1667 2752 1720 nihil
2777 1671 2939 1737 prosit
2960 1671 3214 1724 hwreticts
3234 1687 3326 1724 nec
3348 1670 3418 1723 ad
3436 1669 3566 1738 ﬁdei
3591 1682 3689 1723 nec
3717 1667 3798 1721 ad

514 1743 773 1798 XXXVII.
803 1746 875 1800 De
904 1747 1260 1802 inazstimabili
1281 1748 1513 1818 nequitia
1553 1749 1825 1803 ha'reseos.
1854 1759 1900 1802 et
1943 1748 2089 1819 quali
2124 1747 2165 1804 Β
2261 1754 2450 1810 salutis
2472 1758 2735 1827 e/fcctunt,
2774 1761 2979 1815 etiarnsi
3006 1762 3293 1832 grandibus
3320 1761 3529 1816 uocibus
3563 1757 3802 1814 caritati.

582 1837 758 1892 bestia:
795 1839 847 1892 in
873 1839 1188 1910 Apocalypsi
1217 1853 1566 1912 comparetur.

2273 1863 2388 1900 cum
2415 1849 2688 1904 decantent
2707 1851 3021 1920 symbolum.

2696 1962 3001 2034 Ea‘pliciuttt
3031 1965 3286 2036 capitula.

1348 2191 1812 2281 INCIPIT
1876 2193 2236 2286 LIBER
2292 2198 2947 2296 SECUNDUS.

1026 2339 1255 2396 CAPUT
1295 2338 1586 2394 PRIMUM.

519 2456 659 2524 Quid
699 2456 876 2510 beatus
923 2451 1113 2507 Petrus
1166 2452 1436 2513 apostolus
1468 2453 1651 2522 suique
1696 2454 1982 2524 coapostoli
2037 2458 2102 2512 de

1027 2524 1287 2578 haereticis
1325 2524 1604 2577 senserint.

587 2637 854 2706 Principis
876 2633 1238 2706 apostolorum
1261 2631 1492 2703 piissimi
1525 2631 1764 2688 Simonis
1789 2633 1932 2689 Petri
1971 2651 2098 2690 sen-

516 2729 739 2786 tentiam
771 2729 823 2782 in
855 2726 1235 2796 impiissimum
1257 2724 1533 2778 Simonem
1558 2723 1767 2794 Magum
1790 2725 1907 2781 zelo
1929 2727 2100 2795 ipsius

517 2821 799 2883 columine,
826 2817 981 2885 cuius
1027 2815 1171 2870 illius
1214 2824 1354 2878 erat,
1381 2813 1670 2884 prolatam,
1703 2825 1892 2872 contra
1932 2819 2102 2887 perti-

518 2929 682 2969 naces
699 2911 1121 2966 calumniatores
1139 2908 1418 2962 defensum
1439 2907 1517 2963 ire
1541 2923 1639 2977 pro
1663 2918 1821 2978 captu
1846 2909 2100 2980 ingenioli

519 3018 838 3074 aggressus,
888 2999 1092 3054 nullout
1140 2997 1273 3052 mihi
1311 2998 1488 3067 aptius
1531 2998 1882 3068 principium,
1941 3017 2102 3070 quam

519 3098 686 3152 verba
727 3094 992 3164 ejusdem,
1023 3091 1176 3159 cuius
1206 3091 1420 3158 egregia
1455 3090 1588 3145 ﬁdes
1635 3105 1736 3146 nec
1768 3091 1966 3147 defecit
2011 3109 2110 3148 nec

521 3192 812 3260 aliquando
834 3187 1072 3246 deﬁciet,
1096 3201 1212 3239 sum
1241 3183 1552 3238 arbitratus.
1585 3185 1790 3250 Quibus
1811 3188 2111 3243 concordes

522 3281 809 3337 sententiae
850 3277 1283 3348 coapostolorum
1325 3273 1442 3344 ejus
1491 3275 1636 3332 velut
1685 3279 2112 3347 subscriptiones

523 3371 934 3439 subiunguntur.
958 3369 1056 3423 Hic
1067 3368 1210 3423 enim
1225 3367 1289 3421 dc
1307 3367 1424 3436 ipso
1435 3368 1803 3438 ethujusmodi
1820 3369 2038 3440 perfidis
2058 3379 2114 3426 et

524 3460 786 3526 apostatis
809 3459 862 3513 in
881 3457 1106 3527 cpistola
1128 3473 1228 3512 sua
1247 3457 1483 3512 secunda
1514 3459 1675 3516 latius
1695 3461 1988 3524 disserens,
2003 3463 2109 3518 ait:

531 3572 549 3602 ι
572 3551 814 3604 Fuerunt
836 3549 1318 3620 pseudopmphela:
1347 3549 1399 3604 in
1423 3550 1637 3619 populo,
1654 3549 1794 3606 sicut
1817 3561 1872 3606 ct
1899 3552 1949 3606 in
1965 3551 2114 3608 vobis

524 3651 684 3699 erant
697 3643 1260 3716 magistrimendaces,
1277 3642 1368 3712 qui
1384 3643 1724 3697 introduceot
1743 3651 1919 3699 sectas
1933 3643 2116 3712 perdi-

527 3740 706 3798 tionis.
740 3749 794 3794 et
831 3754 954 3793 eum
983 3737 1074 3808 qui
1105 3735 1352 3792 emiteos
1375 3735 1659 3790 Dominum
1681 3744 1896 3805 negant.
1927 3751 2117 3805 super-

526 3832 785 3887 ducentcs
815 3829 1167 3898 sibimetipsis
1189 3827 1416 3882 celerem
1450 3828 1826 3899 perditionem.
1871 3829 1938 3886 Et
1962 3833 2117 3888 ntulti

527 3934 828 3994 sequentur
841 3942 1027 3980 eorum
1061 3924 1325 3986 luxurias,
1350 3939 1593 3994 perquos
1608 3924 1691 3978 via
1705 3925 1953 3980 veritatis
1969 3925 2117 3980 blas-

528 4017 837 4084 phematur,
859 4025 914 4070 et
938 4016 989 4070 in
1014 4015 1238 4070 avaritia
1262 4013 1402 4071 [ictis
1429 4015 1610 4069 verbis
1631 4014 1697 4070 de
1713 4017 2118 4083 vobisncgotia-

528 4106 750 4170 buntur,
765 4107 1337 4177 quibusjudiciumjam
1352 4107 1480 4162 olim
1495 4124 1596 4162 non
1610 4118 1808 4170 cessat,
1823 4108 2118 4177 etpcrditio

529 4215 716 4253 eorum
744 4216 848 4255 non
873 4200 1131 4254 dormitat
1157 4197 1238 4269 (ll
1258 4196 1398 4251 Petr.
1418 4215 1476 4258 ll,
1497 4199 1632 4268 1-5).
1653 4218 1669 4247 ›
1691 4197 1758 4252 Et
1781 4205 1899 4267 post
1912 4213 2112 4266 pauca:

2133 2958 2180 3024 ϐ

2211 2350 2542 2421 refugientes
2608 2357 3084 2427 coinquinatitntes
3152 2361 3336 2415 mnu-ti
3419 2361 3470 2414 in
3551 2361 3797 2431 agnitioc

2208 2441 2421 2498 Domini
2449 2447 3033 2531 nostri,et-Salvatoris
3055 2451 3212 2508 Iesus
3239 2452 3462 2513 Christi.
3495 2454 3579 2506 his
3606 2469 3800 2508 rursus

2208 2537 2464 2609 implicati
2522 2555 2910 2612 superantur:
2970 2545 3109 2600 facta
3169 2555 3294 2601 sunt
3347 2547 3428 2599 eis
3487 2547 3798 2615 posteriora

2204 2630 2472 2686 deteriora
2506 2633 2996 2702 prioribus.Melius
3018 2639 3161 2692 enim
3191 2649 3310 2692 erat
3335 2638 3440 2692 illis
3465 2655 3569 2692 non
3595 2652 3802 2709 cogno-

2207 2736 2362 2775 scere
2376 2722 2514 2776 viam
2533 2722 2783 2792 iustitiae,
2799 2741 2958 2796 quam
2975 2738 3096 2796 post
3123 2729 3358 2797 agnitum
3381 2739 3528 2783 retro
3547 2727 3797 2784 converti

2208 2813 2276 2867 ab
2321 2829 2387 2869 eo
2409 2816 2550 2885 quod
2589 2817 2847 2872 traditutu
2897 2829 2978 2874 est
3009 2819 3116 2875 illis
3157 2829 3404 2875 sanctum
3451 2821 3794 2874 mandatum.

2208 2903 2446 2976 Contigit
2479 2907 2624 2961 enim
2657 2909 2760 2964 illis
2800 2910 2928 2964 illud
2955 2912 3064 2965 veri
3092 2911 3362 2982 proverbii
3395 2909 3576 2984 (Prov.
3599 2925 3799 2975 xxvnt,

2211 2992 2327 3063 12):
2359 2997 2549 3051 «Canis
2573 3011 2822 3054 reversus
2848 3000 2912 3054 ad
2937 3017 3094 3056 suum
3121 3001 3474 3064 vomitum,et
3498 3018 3589 3054 sus
3611 3000 3718 3054 lota
3743 3001 3798 3058 in

2209 3087 2492 3140 volutabra
2520 3089 2613 3143 luti
2646 3089 2729 3160 (ll
2761 3090 2905 3145 Petr.
2939 3107 3001 3154 tt,
3026 3091 3143 3162 22).
3179 3111 3197 3144 ι
3241 3091 3409 3146 Judas
3432 3107 3648 3162 quoque
3675 3108 3801 3162 apo-

2210 3183 2380 3238 stolus
2434 3184 2500 3238 de
2545 3184 2741 3240 talibus
2795 3201 2893 3241 nos
2937 3200 3286 3258 commoneas
3313 3226 3329 3250 ,
3387 3185 3511 3238 ait:
3544 3204 3562 3237 ι
3600 3184 3803 3241 Subin-

2215 3288 2433 3334 troennt
2484 3281 2705 3349 quidam
2731 3281 3002 3343 homines,
3053 3282 3142 3350 qui
3183 3280 3310 3336 olim
3336 3281 3627 3350 proscripti
3671 3288 3800 3335 sunt

2212 3372 2649 3441 inhocjudicium
2667 3373 2838 3442 impii,
2857 3375 2952 3428 Dei
2972 3375 3138 3430 nostri
3157 3375 3385 3446 gratiam
3409 3377 3799 3431 transferentes

2214 3463 2268 3518 in
2300 3463 2591 3530 luxuriam,
2619 3474 2673 3518 et
2696 3463 2868 3520 solum
2898 3465 3295 3520 Dominatorem
3319 3475 3373 3521 et
3395 3466 3679 3520 Dominum
3696 3481 3797 3519 no—

2213 3565 2386 3611 strum
2401 3555 2584 3610 Jesum
2601 3558 2874 3612 Christum
2890 3568 3149 3630 negantes
3167 3559 3317 3629 (Iud.
3333 3558 3410 3628 4).
3425 3579 3442 3609 ι
3461 3560 3524 3614 Et
3543 3569 3660 3628 post
3675 3574 3798 3627 pan-

2215 3667 2277 3708 ca
2307 3669 2318 3704 :
2359 3667 2378 3700 t
2413 3647 2502 3702 Vae
2529 3649 2656 3713 illis,
2686 3649 2777 3719 qui
2808 3650 2891 3704 via
2923 3651 3054 3705 Cain
3088 3650 3360 3712 abierunt,
3391 3661 3440 3703 ct
3474 3666 3660 3704 errore
3694 3650 3789 3702 Ita-

2216 3744 2356 3797 Iaam
2387 3739 2636 3796 mercede
2665 3739 2820 3796 ell'usi
2847 3751 2992 3804 sunt,
3039 3750 3096 3796 et
3141 3741 3573 3796 contradictione
3621 3743 3794 3795 (litore

2217 3834 2520 3903 perierunt.
2553 3829 2754 3886 Ilisunt
2784 3832 2835 3884 in
2859 3830 3034 3900 epulis
3056 3829 3796 3892 suistnaculze,convivantcs

2218 3923 2336 3979 sine
2367 3922 2582 3987 timore,
2612 3921 2932 3991 semetipsos
2959 3931 3270 3990 pascentes:
3300 3920 3471 3975 nubes
3494 3919 3614 3974 sine
3635 3935 3806 3989 aqua,

2218 4029 2338 4084 quae
2360 4028 2390 4067 a
2422 4012 2598 4067 ventis
2635 4011 3124 4077 circumferuntur;
3165 4010 3393 4065 arbores
3430 4008 3793 4074 autumnales,

2219 4109 2590 4167 infructuosae,
2647 4106 2730 4159 bis
2777 4111 3031 4166 mortuae,
3077 4100 3396 4164 eradicataa;
3455 4098 3656 4156 ﬂuctus
3695 4096 3796 4154 feri

2220 4200 2404 4262 utaris,
2417 4199 2794 4267 despuu'tantes
2815 4209 2942 4248 suas
2963 4192 3328 4256 confusiones;
3345 4191 3523 4247 sidera
3535 4187 3790 4256 errantia,

535 4308 552 4339 ι
574 4291 638 4345 1ιί
671 4292 816 4346 velut
845 4292 1233 4347 irrationabilia
1263 4305 1457 4358 pecora
1485 4288 1808 4344 naturaliter
1834 4289 1886 4342 in
1911 4288 2116 4356 captio-
2145 4312 2192 4371 ι)
2217 4294 2416 4364 quibus
2436 4287 2670 4360 procella
2697 4285 3038 4341 tenebrarqu
3070 4285 3121 4337 in
3151 4293 3413 4338 aeternum
3446 4292 3663 4338 servata
3690 4289 3790 4337 est.

528 4400 652 4439 nem
681 4391 737 4440 et.
769 4385 821 4439 in
869 4385 1162 4456 perniciem
1213 4384 1266 4437 in
1305 4383 1388 4438 bis
1425 4397 1544 4450 quae
1577 4379 1829 4450 ignorant.
1861 4378 2113 4444 blasphe-

530 4485 739 4532 mantes
775 4478 827 4532 in
880 4477 1228 4546 corruptione
1277 4491 1372 4529 sua
1422 4473 1698 4541 peribunt,
1750 4470 2113 4540 percipientes

528 4568 834 4623 mercedem
851 4567 1141 4636 iniustitiae.
1155 4562 1790 4621 ...Pe|licientcsanimas
1811 4561 2110 4625 instabiles,

526 4674 623 4715 cor
647 4658 937 4712 cxcitantis
969 4657 1208 4710 avaritiae
1234 4655 1516 4718 habentes,
1542 4651 1938 4706 maledictionis
1969 4650 2062 4705 lilii
2094 4670 2109 4707 :

525 4754 963 4823 derelinquentes
986 4760 1190 4805 rectam
1219 4752 1360 4804 viam
1394 4757 1738 4811 erraverunt,
1767 4745 1936 4800 secuti
1968 4745 2111 4798 viam

526 4846 745 4900 Balaam
784 4860 846 4898 ex
880 4843 1068 4905 Bosor,
1101 4841 1190 4910 qni
1219 4840 1522 4897 mercedem
1554 4838 1854 4909 iniquitatis
1886 4841 2108 4894 amavit.

528 4941 944 5009 Correptionem
973 4949 1151 4990 autem
1175 4935 1364 4989 habuit
1397 4951 1506 4990 sua:
1530 4934 1762 4990 vesaniae
1789 4947 1804 4986 :
1836 4931 2114 5002 subjugale

528 5044 770 5096 mutum,
805 5030 948 5098 quod
1003 5030 1055 5080 in
1099 5028 1336 5082 hominis
1381 5044 1511 5081 voce
1571 5027 1797 5096 loquens
1837 5027 2116 5094 prohibuit

528 5123 810 5193 prophetae
833 5117 1220 5181 insipientiam.
1258 5116 1320 5170 Hi
1364 5126 1488 5170 sunt
1517 5116 1694 5170 fontes
1721 5117 1839 5171 sine
1865 5132 2027 5184 aqua,
2059 5125 2116 5170 et

529 5209 742 5269 nebula:
774 5207 1082 5263 turbinibus
1108 5208 1413 5275 exagitatae,
1434 5209 1630 5276 quibus
1665 5207 1840 5274 caligo
1871 5209 2116 5262 tenebra-

533 5319 655 5358 rum
681 5306 1014 5355 reservatur.
1052 5298 1290 5367 Superba
1327 5301 1469 5355 enim
1509 5299 1768 5354 vanitatis
1806 5299 2114 5367 loquentes,

2215 4382 2568 4456 Prophetavit
2597 4389 2798 4441 autem,
2841 4386 2896 4432 et
2950 4378 3016 4430 de
3063 4377 3147 4430 his
3201 4375 3466 4444 septimus
3509 4377 3579 4430 ab
3625 4377 3788 4429 Adam

2216 4477 2398 4536 Enoch
2421 4477 2608 4530 dicens
2639 4492 2652 4527 :
2682 4473 2820 4528 Ecce
2845 4470 2989 4524 venit
3011 4468 3271 4522 Dominus
3301 4468 3353 4522 in
3385 4467 3595 4522 sanctis
3633 4466 3788 4522 milli-

2213 4573 2315 4628 bus
2345 4569 2458 4625 suis
2481 4561 2949 4633 facerejudicinm
2978 4570 3166 4614 contra
3211 4573 3422 4618 omnes,
3469 4568 3524 4611 et
3571 4570 3789 4628 arguere

2212 4679 2403 4720 omnes
2424 4660 2618 4730 impios
2639 4659 2706 4711 de
2727 4653 2978 4709 omnibus
2992 4651 3245 4721 operibus
3269 4648 3568 4718 impietatis
3586 4663 3786 4709 eorum,

2213 4756 2407 4828 quibus
2433 4753 2594 4824 impie
2615 4755 2860 4821 egerunt,
2883 4755 2938 4799 et.
2962 4745 3027 4799 de
3047 4743 3297 4797 omnibus
3318 4739 3469 4794 duris
3487 4755 3613 4809 qua:
3634 4737 3786 4794 locuti

2215 4853 2550 4903 suntcontra
2579 4857 2702 4896 eum
2734 4843 3047 4909 peccatores
3091 4839 3147 4887 et
3190 4829 3358 4899 impii.
3393 4829 3458 4883 Ili
3490 4838 3622 4883 sunt
3653 4843 3792 4882 mur-

2215 4947 2563 5001 muratores,
2614 4928 2881 5003 querelosi
2909 4968 2924 4992 ,
2987 4925 3279 4980 secundum
3355 4921 3626 4976 desideria
3700 4932 3789 4975 sua

2216 5028 2578 5088 ambulantes,
2607 5031 2662 5078 et
2696 5036 2759 5074 os
2801 5018 3014 5072 illorum
3057 5015 3296 5084 loquitur
3319 5009 3657 5080 superbiam,
3691 5007 3786 5063 mi-

2219 5132 2404 5178 rantes
2454 5131 2714 5189 personas
2758 5120 2997 5181 quaestus
3053 5119 3236 5159 causa.
3285 5102 3394 5158 Vos
3434 5097 3790 5189 autem,cha-

2219 5188 2740 5274 rissimipmentores
2791 5207 2965 5254 estote
3021 5195 3329 5255 verborum,
3373 5204 3494 5258 qua:
3539 5188 3786 5256 przcdicta

2218 5309 2340 5356 sunt
2372 5301 2440 5354 ab
2465 5294 2726 5366 apostolis
2773 5287 2982 5343 Domini
3032 5285 3202 5340 nostri
3259 5282 3386 5336 .Icsu
3425 5277 3657 5341 Christi,
3703 5275 3786 5346 qui
