4124 5374
303 133 330 187 Ι
345 132 442 190 031

908 126 1273 186 Αωέιιειῑε
1312 123 1722 184 ΒΙΜΟΝΙΔο05
1760 116 1888 175 LIBi

1992 112 2173 172 liii-IS.
2215 147 2286 164 -ε
2322 116 2525 172 LIBER
2565 115 2948 172 SECUNDUS.

3420 114 3554 173 t058

301 249 453 310 rimi,
472 242 959 316 supermdiﬁcantes
982 242 1336 310 vosmetipsos
1361 235 1714 294 sanctissimae
1735 246 1876 286 vera:
1908 242 1954 298 Α
1985 227 2344 292 mendacium,
2371 237 2422 282 et
2445 229 2800 282 cauteriatam
2826 225 3136 283 habentium
3165 227 3558 285 consc'enliam

297 337 465 400 fidei,
531 335 584 389 in
625 333 826 404 Spiritu
878 341 1066 387 sancto
1115 340 1358 395 orantes,
1427 327 1782 395 vosmetipsos
1826 325 1876 377 in

294 425 596 479 dilectione
624 422 830 476 Domini
866 432 1096 484 servate,
1137 430 1522 490 exspectantes
1572 417 1880 471 misericor-

292 517 450 568 diam
481 515 574 568 Dei
601 514 766 567 nostri
793 513 917 567 Jesu
949 512 1147 566 Christi
1195 512 1247 566 in
1289 512 1452 564 vitam
1494 519 1772 562 aeternam.
1815 505 1881 558 Et

291 602 409 658 hos
436 603 651 673 quidem
678 603 885 669 arguite
906 601 1238 667 judicantes,
1281 599 1398 652 illos
1428 613 1558 652 vero
1587 595 1791 649 salvate
1815 595 1880 646 de

293 693 435 761 igne
457 691 757 761 rapientes;
798 691 916 744 aliis
959 701 1138 743 autem
1175 687 1505 742 miseremini
1553 686 1604 739 in
1665 685 1877 745 timore,

287 783 552 834 odientes
587 789 640 834 et
666 795 802 838 eam.
833 794 953 849 quae
982 776 1215 832 carnalis
1245 785 1348 841 est,
1382 773 1702 828 maculatam
1740 772 1881 824 tuni-

288 870 598 943 catnuud.
626 871 870 940 il-23).i
899 869 1135 924 Joannes
1164 882 1377 936 quoque
1395 867 1509 918 sive
1529 863 1878 931 evangelista,

291 972 363 1016 ιιι
395 962 656 1025 creditur,
688 962 800 1016 sive
823 962 1105 1030 presbyter
1133 959 1388 1013 Ecclesia:
1419 956 1634 1025 Ephesi,
1666 954 1878 1007 cuidam

288 1066 509 1110 sancta}
561 1053 775 1108 femina:
797 1054 1038 1107 scribens
1065 1051 1233 1105 dicit:
1263 1069 1280 1100 ι
1315 1049 1426 1102 Hoc
1450 1057 1532 1102 est
1567 1047 1878 1099 mandatum

291 1144 424 1207 Dei,
451 1154 510 1198 ut
532 1143 983 1214 quemadmodum
1019 1141 1248 1194 audistis
1286 1140 1354 1194 ab
1402 1137 1554 1192 initio
1585 1137 1636 1190 in
1661 1152 1725 1190 eo
1761 1151 1879 1188 am-

286 1235 525 1288 lmletis.
557 1233 820 1301 Quoniam
844 1231 994 1285 multi
1023 1233 1338 1285 seductores
1368 1229 1616 1282 exierunt
1649 1227 1701 1279 in
1725 1240 1884 1278 mun-

285 1327 455 1388 dum,
481 1325 571 1394 qui
603 1339 709 1378 non
739 1324 1066 1377 conﬁtentur
1113 1319 1299 1374 Jesum
1346 1318 1618 1373 Christum
1669 1319 1882 1369 venisse

286 1415 350 1470 in
389 1429 631 1467 carnem.
675 1411 771 1467 llic
796 1423 876 1466 est
904 1411 1156 1465 seductor
1193 1420 1248 1463 et
1281 1408 1666 1462 Antichristus.
1693 1405 1882 1460 Videte

287 1504 662 1572 vosmetipsos
710 1516 776 1555 ne
827 1501 1063 1570 perdatis
1110 1515 1229 1569 qua:
1281 1498 1485 1568 operati
1516 1497 1669 1558 estis,
1697 1496 1885 1567 sedul

1983 333 2136 372 suam
2178 317 2226 388 (I
2257 316 2391 370 Tim.
2420 333 2493 380 tv,
2523 319 2593 385 l).
2630 336 2646 368 ι
2680 319 2743 371 Ει
2772 328 2890 386 post
2917 318 3092 387 aliqua
3128 318 3268 371 idem
3305 317 3369 370 ad
3399 334 3556 373 eunt-

1983 408 2103 462 dem
2137 424 2152 460 :
2191 425 2209 458 ι
2253 407 2309 460 Si
2341 408 2462 475 quis
2497 407 2654 461 aliter
2675 409 2854 471 docet,
2878 418 2932 461 et
2961 424 3062 460 non
3090 407 3386 476 acquiescit
3409 407 3559 465 sanis

1982 498 2326 554 sermonibus
2373 497 2582 552 Domini
2626 500 2794 553 nostri
2845 499 2971 553 .lesu
3003 499 3231 563 Christi,
3273 507 3326 552 et
3355 500 3403 552 ei
3435 512 3564 570 qua

1983 590 2275 646 secundum
2311 589 2566 658 pietatem
2623 599 2706 644 est
2754 591 3048 653 doctrinm,
3107 591 3371 660 superbus
3426 588 3561 645 nihil

1981 680 2178 744 sciens,
2235 679 2328 733 sed
2376 678 2636 748 languens
2679 678 2826 733 circa
2880 680 3209 748 qumstioues
3253 688 3308 733 ct
3352 694 3560 749 pugnas

1980 772 2287 832 verborum,
2314 785 2377 825 ex
2400 771 2598 841 quibus
2621 769 2870 824 oriuntur
2894 770 3130 835 invidias,
3157 769 3556 830 contentiones,

1981 863 2376 933 blasphemiae,
2437 861 2852 932 superstitiones
2907 860 3084 921 malm,
3134 860 3560 914 conﬁirtationcs

1981 952 2260 1007 hominum
2287 962 2466 1006 mente
2496 958 2874 1020 corruptorum
2900 990 2915 1012 ,
2947 959 3000 1002 et
3044 949 3134 1018 qui
3185 949 3413 1002 veritate
3444 949 3559 1018 prio

1981 1045 2087 1099 vati
2117 1055 2264 1110 sunt,
2295 1045 2670 1100 existimantes
2692 1055 2956 1114 qtimstnm
3002 1060 3120 1098 esse
3158 1045 3434 1113 pietatem.
3465 1045 3560 1100 list

1981 1144 2161 1190 autem
2189 1145 2432 1205 quzestns
2461 1151 2686 1203 magnus
2715 1136 2886 1206 pietas
2915 1151 3035 1190 cum
3063 1133 3560 1191 sutiicientiaﬁihil

1981 1226 2125 1280 enim
2155 1225 2434 1280 intulimus
2457 1227 2509 1280 in
2543 1227 2685 1281 hunc
2714 1226 2995 1290 nmudum,
3025 1226 3166 1280 haud
3189 1227 3409 1280 dubium
3436 1227 3561 1297 quia

1983 1333 2082 1372 nec
2123 1317 2339 1374 auferre
2381 1320 2508 1388 quid
2564 1334 2881 1389 possumus;
2939 1319 3203 1373 habentes
3241 1328 3420 1373 autem
3461 1318 3565 1374 all-

1985 1421 2163 1466 menta
2191 1421 2245 1467 et
2271 1412 2467 1482 quibus
2495 1421 2757 1483 tegamur,
2800 1413 2886 1467 his
2920 1415 3156 1467 contenti
3205 1413 3393 1467 simus.
3429 1411 3562 1466 Nam

1985 1502 2075 1554 uni
2102 1503 2284 1556 volunt
2314 1503 2508 1558 divites
2545 1503 2680 1568 lteri,
2725 1503 2964 1556 incidunt
2997 1504 3046 1556 in
3087 1503 3463 1567 tentationem,
3511 1513 3566 1557 et

286 1595 610 1647 mercedem
639 1593 851 1662 plenam
875 1590 1175 1660 accipiatis.
1223 1588 1411 1644 Omnis
1453 1587 1544 1656 qui
1595 1587 1799 1640 recedit
1828 1594 1882 1638 et
1913 1590 1958 1650 Β
1986 1592 2234 1662 laqueum
2261 1593 2478 1655 diaboli,
2503 1604 2556 1646 et
2579 1595 2691 1647 desi
2719 1595 2844 1647 feria
2871 1595 3033 1647 multa
3061 1593 3268 1648 inutil'a
3293 1601 3348 1649 et
3373 1594 3560 1648 nOt-iva

287 1702 409 1737 non
438 1694 620 1738 manet
664 1686 715 1736 in
739 1684 980 1738 doctrina
994 1682 1203 1744 Christi,
1234 1679 1400 1733 Deum
1425 1693 1530 1732 non
1559 1677 1760 1731 habet:
1792 1676 1884 1744 qui

285 1784 589 1845 permanet
611 1775 662 1827 in
687 1775 926 1828 doctrina
957 1813 972 1838 ,
1017 1774 1105 1828 hic
1144 1782 1196 1827 et
1225 1771 1418 1825 Filium
1441 1779 1494 1824 et
1531 1769 1743 1823 Patrem
1786 1767 1877 1819 ha-

285 1867 413 1920 bet.
453 1865 642 1934 Siquis
662 1867 808 1919 venit
837 1865 902 1917 ad
922 1873 1079 1917 voset
1101 1862 1548 1916 hancdoctrinam
1572 1876 1677 1913 non
1710 1859 1883 1920 affert,

290 1959 477 2010 nolite
505 1975 626 2010 eum
657 1957 897 2026 recipere
923 1956 974 2009 in
1006 1957 1241 2019 donmm,
1276 1969 1374 2008 nec
1398 1954 1510 2008 Ave
1537 1953 1585 2007 ei
1607 1952 1878 2006 dixeritis.

287 2051 403 2114 Qui
433 2050 577 2101 enim
600 2047 733 2102 dicit
763 2048 837 2101 illi
889 2049 1019 2106 Ave,
1050 2046 1414 2099 communicat
1463 2046 1718 2114 operibus
1766 2045 1884 2112 ejus

289 2137 556 2207 malignis
587 2137 669 2209 (ll
699 2135 886 2202 10am,
918 2137 1090 2203 6-l0).
1130 2155 1146 2186 ι
1177 2135 1312 2190 llinc
1332 2135 1494 2189 etiam
1519 2135 1606 2189 ille
1628 2133 1884 2189 minimus

290 2230 670 2300 apostolorum
695 2230 994 2295 voCatione,
1011 2229 1279 2282 maximus
1306 2238 1484 2281 autem
1503 2225 1884 2296 praedicatione

287 2332 346 2374 et
420 2321 736 2389 operatione
786 2319 1003 2383 Paulus,
1070 2318 1289 2372 Galatas
1341 2332 1370 2369 a
1427 2315 1887 2386 pseudoapostolis

291 2411 605 2465 fascinatos
629 2411 887 2470 deterret,
924 2409 1150 2462 dicens:
1190 2427 1207 2458 ‹
1245 2406 1409 2460 Miror
1455 2406 1599 2474 quod
1643 2407 1724 2459 sic
1775 2414 1882 2458 tam

292 2502 419 2557 cito
463 2499 848 2554 transferimini
878 2499 946 2552 ab
971 2513 1056 2563 eo,
1085 2498 1174 2565 qni
1207 2512 1302 2551 vos
1325 2496 1539 2549 vocavit
1578 2496 1629 2548 in
1656 2495 1884 2563 gratiam

295 2595 513 2651 Christi
543 2633 559 2659 ,
609 2595 662 2647 in
686 2592 826 2647 aliud
874 2592 1254 2660 Evangelium;
1289 2589 1432 2658 quod
1459 2605 1563 2641 non
1593 2596 1675 2642 est
1713 2586 1882 2648 aliud,

297 2690 414 2745 nisi
475 2697 598 2744 sunt
660 2687 823 2756 aliqui
870 2685 960 2755 qui
1030 2701 1127 2739 vos
1191 2685 1538 2747 conturbant,
1596 2691 1651 2737 et
1704 2681 1889 2734 volunt

295 2793 628 2838 convertere
692 2779 1038 2852 Evangelium
1106 2778 1329 2834 Christi.
1381 2777 1487 2832 Sed
1559 2776 1686 2830 licet
1748 2791 1885 2838 nos,

299 2879 404 2922 aut
453 2869 680 2938 angelus
737 2868 802 2920 de
855 2866 992 2921 caelo
1041 2865 1375 2935 evangelizet
1422 2862 1605 2926 vobis,
1663 2874 1889 2933 przeter.

1988 1698 2106 1750 qua:
2135 1692 2382 1751 mergunt
2431 1684 2677 1737 homines
2711 1685 2762 1736 in
2799 1685 3073 1739 interitum
3102 1695 3155 1738 et
3182 1686 3561 1753 perditionem.

1987 1771 2159 1827 Radix
2179 1775 2420 1827 omnium
2447 1775 2708 1828 malorum
2732 1783 2817 1829 est
2837 1775 3133 1844 cupiditas;
3155 1790 3316 1845 quam
3346 1775 3563 1844 quidam

1988 1874 2300 1934 appetentes
2329 1875 2650 1920 erraverunt
2679 1881 2706 1918 a
2739 1866 2862 1928 tile,
2893 1874 2947 1919 et
2987 1866 3336 1920 inseruerunt
3378 1881 3438 1921 se
3468 1868 3566 1919 do-

1988 1954 2192 2009 loribus
2225 1956 2406 2008 multis
2435 1955 2484 2024 (1
2518 1956 2650 2009 Tim.
2689 1973 2762 2019 vi,
2790 1957 2998 2026 3-10).)
3028 1955 3169 2009 ldem
3194 1956 3260 2009 ad
3285 1957 3563 2010 eumdem:

1992 2062 2010 2095 ι
2046 2046 2162 2100 Noli
2197 2045 2376 2100 verbis
2401 2047 2748 2100 contendere.
2780 2048 2859 2099 Ad
2910 2045 3044 2100 nihil
3092 2047 3237 2100 enim
3283 2045 3415 2101 utile
3461 2056 3563 2106 cst.

1987 2136 2089 2190 nisi
2129 2135 2196 2190 ad
2246 2135 2654 2190 subversionem
2696 2136 3052 2190 audientium.
3089 2135 3330 2190 Sollicite
3359 2151 3487 2189 cura
3517 2147 3569 2190 te

1987 2228 2160 2296 ipsum
2175 2228 2508 2297 probabilem
2527 2228 2782 2282 exhibere
2809 2229 2915 2282 Deo
2941 2228 3244 2298 operarium
3269 2225 3560 2281 inconfusi-

1987 2319 2326 2383 hilem,recte
2349 2328 2671 2372 tractantem
2699 2320 2922 2372 verbum
2947 2317 3449 2373 veritatisJ‘rofana
3482 2335 3572 2369 an-

1987 2418 2093 2463 tem
2109 2420 2159 2464 et
2174 2409 2478 2479 vaniloquia
2494 2410 2923 2464 devita.Multutn
2936 2411 3078 2464 enim
3096 2411 3382 2478 proﬁciunt
3397 2409 3462 2463 ad
3477 2409 3570 2464 itii-

1985 2498 2264 2567 pietatem,
2281 2505 2336 2550 et
2358 2513 2537 2551 sermo
2563 2514 2752 2550 eorum
2781 2508 2838 2551 ut
2860 2514 3054 2553 cancer
3071 2501 3258 2567 serpit.
3286 2499 3359 2552 Ex
3378 2499 3573 2568 quibus

1987 2598 2067 2643 est
2097 2588 2420 2659 Hymzeneus
2449 2602 2504 2643 et
2529 2589 2771 2648 Philetas
2799 2593 2889 2664 qui
2919 2609 2946 2647 a
2974 2593 3202 2649 veritate
3233 2594 3567 2658 ceciderunt,

1988 2681 2230 2736 dicentes
2263 2683 2714 2740 resurrz‘ctionem
2746 2685 2858 2753 jam
2891 2685 3112 2751 factam,
3157 2696 3212 2742 et
3251 2689 3572 2741 sulivcrtunt

1988 2772 2345 2842 quorumdam
2388 2774 2567 2829 ﬁdem.
2605 2774 2708 2830 Scal
2761 2775 2971 2830 ﬁrmum
3019 2775 3423 2830 fundamentum
3470 2777 3564 2831 Dei

1989 2867 2162 2923 stetit.
2213 2866 2418 2921 habens
2461 2865 2794 2936 signaculum
2845 2868 2967 2922 hoc.
3015 2866 3278 2935 Cognovit
3307 2867 3568 2921 Dominus

297 2972 475 3028 quam
517 2959 660 3027 quod
719 2957 1231 3028 evangelizavimus,
1261 2955 1547 3009 anathema
1592 2956 1683 3008 sit.
1734 2955 1886 3009 Sicut
1915 2963 1960 3026 ο
1991 2956 2079 3025 qui
2111 2965 2239 3010 sunt
2265 2956 2402 3025 ejus,
2442 2967 2496 3010 et
2546 2957 2775 3010 discedit
2820 2957 2887 3010 ab
2932 2955 3218 3026 iniquitate
3263 2957 3438 3010 omnis
3475 2958 3568 3027 qui

299 3047 577 3120 praedixi,
632 3054 689 3100 et
723 3062 866 3100 nunc
895 3046 1090 3100 iterum
1139 3043 1414 3114 praedico:
1453 3043 1509 3097 Si
1570 3043 1692 3112 quis
1736 3045 1890 3097 vobis

298 3137 766 3210 evangelizaverit
792 3146 992 3208 praeter
1020 3136 1072 3191 id
1095 3136 1240 3204 quod
1265 3134 1572 3204 accepistis,
1601 3135 1888 3188 anathema

211 3267 223 3280 .
302 3229 548 3302 βίασαι.
581 3245 619 3292 ι.
651 3229 683 3284 6
709 3231 787 3301 9).
829 3248 848 3281 ι
886 3229 1031 3284 Idem
1054 3229 1121 3282 ad
1147 3227 1517 3298 Philippenses
1547 3227 1658 3281 ait:
1702 3245 1720 3277 ι
1761 3226 1891 3293 Qui-

303 3336 528 3393 cunque
556 3320 780 3392 perfecti
822 3335 1028 3385 sumus,
1077 3321 1180 3375 hoc
1221 3321 1539 3383 sentiamus,
1569 3327 1625 3373 et
1666 3318 1710 3372 si
1761 3318 1889 3386 quid

307 3412 471 3466 aliter
514 3411 741 3481 sapitis,
771 3419 827 3465 et
859 3411 963 3464 hoc
999 3410 1154 3464 vobis
1187 3409 1325 3463 Deus
1361 3407 1636 3462 revelabit.
1664 3405 1892 3460 Verum-

310 3511 493 3556 tamen
529 3503 594 3555 ad
622 3501 763 3570 quod
787 3501 1150 3571 pervenimus,
1177 3507 1233 3552 ut
1261 3499 1398 3552 idem
1436 3496 1728 3564 sapiamus,
1757 3505 1808 3550 et
1837 3497 1888 3548 in

309 3591 501 3645 eadem
526 3602 941 3659 permaneamus
967 3588 1170 3658 regula.
1204 3588 1505 3640 lmitatores
1547 3585 1650 3638 mei
1694 3594 1889 3649 estote,

314 3691 540 3749 fratres.
593 3695 649 3740 et
689 3687 975 3741 observate
1014 3700 1128 3750 eos,
1173 3687 1262 3754 qui
1313 3687 1383 3738 ita
1425 3685 1717 3746 ambulant,
1752 3686 1894 3739 sicut

315 3780 529 3833 habetis
552 3777 780 3831 formam
807 3773 1225 3846 nostram(P/n'l.
1251 3791 1334 3838 ιιι,
1373 3775 1581 3842 lii-l7).
1606 3795 1624 3826 ι
1659 3773 1798 3828 Idem
1825 3775 1890 3828 ad

315 3870 705 3924 Colossenses:
743 3885 762 3918 ε
807 3866 920 3921 Hoc
945 3866 1087 3923 dico.
1120 3873 1179 3919 ut
1209 3880 1368 3920 nemo
1416 3880 1509 3918 vos
1553 3864 1787 3931 decipiat
1839 3863 1890 3917 in

316 3959 614 4014 subtilitate
635 3969 941 4010 sermonum
965 3953 1189 4024 (Colon.
1214 3969 1273 4017 ll,
1299 3952 1376 4021 ι).
1411 3971 1430 4004 ›
1461 3953 1525 4006 Ει
1546 3962 1664 4021 post
1690 3967 1890 4021 pauca:

325 4067 342 4098 ι
375 4047 564 4102 Videte
591 4061 660 4100 ne
684 4045 808 4115 quis
837 4059 930 4098 vos
977 4045 1213 4114 decipiat
1259 4057 1353 4112 per
1399 4043 1795 4113 philosophiam
1841 4050 1896 4096 et

321 4137 532 4192 inanem
562 4134 852 4199 fallaciam,
885 4135 1177 4189 secundum
1211 4134 1556 4187 traditionem
1588 4134 1892 4196 hominum,

322 4232 615 4286 secundum
640 4230 903 4284 elementa
925 4228 1142 4293 mundi,
1169 4238 1226 4282 et
1255 4243 1361 4280 non
1402 4229 1697 4282 secundum
1736 4229 1892 4284 Chri-

1994 3045 2241 3100 nominat
2268 3060 2463 3100 nomen
2493 3046 2724 3099 Domini.
2754 3045 2808 3100 ln
2844 3061 3034 3116 magna
3063 3056 3245 3101 autem
3279 3049 3439 3102 domo
3466 3064 3569 3101 non

1993 3135 2164 3190 solum
2193 3144 2319 3190 sunt
2342 3150 2466 3190 vasa
2495 3151 2658 3190 aurea
2697 3145 2751 3190 et
2776 3148 3053 3208 argentea,
3085 3139 3178 3193 sed
3225 3147 3280 3194 et
3320 3137 3491 3210 lignea
3520 3148 3574 3192 ct

1993 3225 2203 3280 ﬁctilia.
2252 3225 2318 3280 Et
2343 3226 2589 3295 quaedam
2643 3227 2856 3296 quidem
2907 3228 2958 3282 in
3019 3230 3300 3293 honorem,
3328 3231 3572 3299 quardam

1994 3325 2175 3370 autem
2199 3315 2252 3369 in
2283 3317 2686 3370 contumeliam.
2738 3316 2794 3371 Si
2850 3317 2972 3387 quis
3002 3334 3130 3389 ergo
3155 3319 3490 3374 nmndaverit
3517 3335 3576 3373 se

1993 3406 2062 3460 ab
2108 3404 2251 3470 istis,
2298 3405 2402 3460 erit
2431 3423 2527 3460 vas
2572 3407 2625 3460 in
2668 3407 2925 3463 honorem
2981 3407 3401 3473 sanctiﬁcatum,
3444 3407 3575 3461 utile

1995 3498 2241 3563 Domino,
2293 3500 2358 3552 ad
2402 3514 2562 3553 omne
2618 3515 2750 3568 Opus
2785 3498 2982 3552 bonum
3040 3509 3305 3569 paratum.
3358 3496 3578 3552 Juveni-

1996 3589 2066 3644 lia
2125 3602 2303 3646 autem
2359 3591 2625 3645 desideria
2683 3589 2818 3662 fuge.
2849 3590 3072 3645 Sectare
3120 3605 3248 3643 vero
3286 3588 3573 3657 justitiam.

1994 3685 2172 3746 fidem,
2205 3685 2551 3746 charitatem,
2604 3699 2812 3753 pacem,
2868 3698 2988 3738 cum
3043 3683 3126 3736 his
3177 3682 3267 3750 qui
3323 3682 3580 3734 invocant

1995 3776 2276 3830 Dominum
2303 3776 2367 3828 de
2393 3776 2558 3829 corde
2582 3790 2737 3844 puro.
2765 3773 2972 3828 Stultas
2994 3782 3170 3826 autem
3200 3781 3255 3826 et
3279 3769 3392 3826 sine
3420 3771 3577 3825 disci-

1995 3867 2138 3936 plina
2167 3867 2496 3933 qumstiones
2527 3867 2704 3918 devita
2729 3905 2743 3925 ,
2781 3864 2960 3917 sciens
2988 3863 3112 3933 quia
3141 3872 3401 3932 generant
3432 3861 3574 3915 lites.

1997 3955 2222 4010 Servum
2252 3966 2430 4009 autem
2457 3955 2664 4009 Domini
2693 3970 2795 4006 non
2822 3963 3033 4023 oportet
3061 3953 3288 4024 litigare,
3315 3954 3408 4009 scd
3433 3970 3583 4007 man-

1995 4055 2207 4100 suetum
2237 4061 2355 4100 esse
2385 4046 2450 4099 ad
2481 4060 2690 4107 omnes,
2737 4044 3053 4106 docibilem.
3102 4045 3391 4115 patientem
3413 4085 3427 4108 ,
3455 4059 3577 4098 cum

1996 4143 2258 4196 modestia
2292 4143 2680 4212 corripientem
2709 4157 2803 4196 eos
2826 4141 2915 4211 qui
2953 4141 3234 4205 resistunt,
3268 4155 3335 4194 ne
3357 4139 3577 4212 quando

1995 4233 2084 4285 det
2101 4231 2204 4284 illis
2217 4231 2356 4286 Deus
2370 4232 2740 4300 paenitentiam
2755 4231 2819 4285 ad
2835 4231 3259 4301 cognoscendam
3276 4230 3580 4296 veritatem,

325 4331 464 4378 stum
490 4320 680 4394 (Ibid,
713 4321 823 4384 8).»
845 4319 988 4374 ldem
1011 4332 1224 4388 quoque
1246 4318 1312 4372 ad
1333 4317 1845 4375 Thessalonicenses
1876 4337 1890 4374 :
1925 4307 1973 4368 ῐ)
1999 4329 2052 4374 et
2066 4321 2385 4390 resipiscam
2408 4337 2436 4374 a
2461 4321 2655 4375 diaboli
2675 4321 2900 4390 laqueis,
2917 4335 2945 4372 a
2962 4335 3068 4388 quo
3082 4321 3219 4390 capti
3240 4328 3491 4374 tenentur
3513 4320 3580 4373 ad

332 4430 351 4462 ι
382 4409 439 4464 Si
466 4411 589 4482 quis
618 4424 724 4464 non
763 4410 946 4464 obedit
992 4408 1154 4461 verbo
1201 4415 1388 4462 nostro
1440 4423 1537 4477 per
1585 4410 1892 4478 epistolam,

329 4501 471 4556 hunc
504 4510 701 4564 notate,
751 4510 807 4554 et
860 4515 966 4554 non
1011 4499 1468 4553 commisceamini
1516 4514 1637 4553 cum
1680 4499 1788 4564 illo,
1837 4510 1899 4553 ut

335 4589 704 4645 confundatur.
753 4591 820 4644 Et
854 4589 1020 4644 nolite
1073 4589 1228 4658 quasi
1279 4589 1554 4642 inimicum
1602 4589 1894 4652 mstimare,

340 4681 430 4736 sed
450 4682 761 4751 corrigiteut
786 4679 1005 4734 fratrem
1021 4678 1104 4749 (11
1121 4678 1298 4732 Thess.
1316 4677 1498 4738 1",“.
1519 4677 1656 4747 15).:
1675 4678 1818 4732 Idem
1832 4678 1900 4732 ad

342 4766 669 4828 Timotheum
708 4791 721 4825 :
755 4791 774 4824 ι
805 4771 954 4827 Finis
977 4771 1228 4840 przceepti
1265 4779 1350 4823 est
1375 4768 1616 4824 charitas
1638 4769 1703 4824 de
1738 4769 1902 4824 corde

343 4875 474 4928 puro
493 4871 548 4916 et
570 4862 895 4918 conscientia
924 4862 1085 4923 bona,
1113 4869 1169 4914 et
1191 4858 1294 4912 ﬁde
1323 4872 1428 4911 non
1463 4857 1608 4912 ﬁcta.
1639 4859 1684 4912 Α
1707 4858 1904 4928 quibus

344 4949 550 5015 quidam
580 4952 894 5006 aberrantes
931 4949 1176 5004 conversi
1207 4955 1333 5002 sunt
1385 4947 1438 5000 in
1493 4951 1858 5019 vaniloquium
1887 4965 1901 5002 :

348 5039 576 5098 volentes
599 5057 720 5098 esse
745 5042 880 5112 legis
904 5041 1172 5103 doctores,
1206 5055 1312 5094 non
1342 5036 1702 5110 intelligentes
1729 5053 1905 5107 neque

349 5126 786 5199 queloqunntur,
817 5143 992 5198 neque
1004 5129 1070 5182 de
1090 5129 1284 5198 quibus
1306 5126 1575 5184 atlirmant
1603 5130 1656 5202 (1
1690 5130 1828 5185 Tim.
1862 5143 1903 5193 t,

349 5215 482 5288 5-7).
527 5237 544 5270 ι
571 5220 636 5275 Et
655 5231 776 5292 post
802 5220 979 5290 aliqua
1021 5221 1162 5274 idem
1185 5220 1252 5273 ad
1278 5217 1528 5272 eumdem
1561 5238 1574 5274 :
1618 5241 1637 5274 ι
1674 5221 1911 5292 Spiritus

351 5309 614 5366 manifeste
632 5315 787 5374 dicit,
810 5311 938 5374 quia
964 5310 1016 5364 in
1043 5309 1352 5365 novissimis
1379 5312 1712 5374 temporibus
1735 5312 1910 5366 disce-

2004 4412 2170 4483 ipsius
2195 4413 2520 4467 voluntatem
2537 4413 2621 4483 (11
2639 4413 2772 4467 Tim.
2789 4427 2850 4474 ll,
2871 4411 3069 4478 ιρι-26).
3085 4430 3102 4462 i
3122 4412 3230 4464 lloc
3245 4420 3422 4465 autem
3445 4411 3583 4464 scita

2005 4503 2144 4571 quod
2171 4500 3287 4568 innovissimisdiehusinstabunttempora
3312 4499 3584 4566 periculo-

2007 4610 2089 4659 sa,
2111 4604 2331 4649 eterunt
2349 4596 2595 4649 homines
2607 4595 2811 4662 scipsos
2834 4603 3098 4650 amantes.
3114 4588 3316 4659 cupidi,
3332 4588 3476 4648 elati,
3495 4603 3585 4642 S‘l-

2008 4686 2180 4754 perbi.
2206 4685 2521 4750 blasphemi,
2546 4683 2860 4751 parentibus
2882 4696 2984 4733 non
3009 4680 3344 4739 obedientes,
3366 4675 3588 4746 ingrati,

2009 4773 2243 4834 scelesti,
2299 4773 2416 4824 sine
2463 4773 2771 4833 aﬂ'ectione,
2831 4774 2948 4824 sine
3000 4785 3150 4839 pace,
3184 4765 3593 4834 criminatores,

2006 4864 2426 4921 incontinentes,
2452 4861 2704 4925 immites,
2737 4863 2852 4916 sine
2875 4861 3230 4930 benignitate,
3261 4855 3596 4926 proditores,
3631 4885 3638 4890 -

2007 4955 2266 5026 protervi,
2321 4950 2654 5020 voluptatum
2705 4963 2977 5006 amatores
3029 4952 3203 5023 magis
3249 4963 3414 5016 quam
3462 4951 3607 5017 Dei,

2011 5048 2278 5102 habentes
2307 5039 2527 5110 quidem
2559 5045 2792 5116 speciem
2825 5042 3061 5112 pietatis,
3105 5045 3359 5096 virtutem
3419 5055 3613 5102 autem

2007 5140 2124 5209 ejus
2148 5139 2497 5203 abnegautes,
2530 5146 2585 5190 et
2624 5139 2724 5191 hos
2750 5135 2950 5188 devita.
3006 5133 3086 5189 Ex
3138 5135 3228 5189 his
3280 5131 3432 5188 enim
3483 5144 3616 5194 sunt

2009 5227 2100 5298 qui
2128 5227 2417 5299 penetrant
2444 5221 2655 5286 domos,
2689 5233 2745 5278 et
2772 5223 3014 5292 captivas
3061 5225 3273 5279 ducunt
3303 5223 3615 5287 muliercu‘

2005 5318 2088 5374 las
2116 5322 2376 5374 οηθνθῑθε
2399 5317 2794 5374 Ρθεεειιὶε.αιιω
2816 5315 3084 5369 ducuntur
3103 5311 3276 5368 variis
3297 5309 3619 5374 desideriis.
