4124 5374
219 214 257 269 ’ζ
294 222 443 281 ιοη

923 211 1285 272 ADVERSUS
1323 208 1734 269 SNONIACOS
1775 205 1890 263 1J3}

1990 201 2191 259 Tuas.
2229 202 2539 271 -κ-ιιυειι
2577 200 2960 259 sscunnus.

3410 203 3579 259 λοω

252 378 261 388 .
290 334 541 397 oderas;
576 340 727 387 recte
755 337 935 385 autem
959 339 1065 384 no‘u
1093 322 1889 397 divi’das,peccasti,quiescen
1925 327 1969 383 Α
1998 317 2078 371 vit
2101 329 2197 372 vos
2223 317 2371 375 Dens
2394 319 2467 374 ab
2485 318 2634 375 omni
2670 317 2889 390 pepnlo,
2918 316 3176 386 etjunxit
3200 317 3328 383 sibi,
3372 328 3431 372 ut
3464 333 3584 374 scr-

292 425 482 480 l’orro
510 422 729 477 Balaam
753 419 1177 491 praesumptione
1214 418 1318 472 hac
1362 424 1600 475 notatur,
1634 412 1895 484 quoniam

290 531 432 569 cum
460 521 606 569 esset
631 513 834 567 ariolus
858 520 915 566 ct
953 509 1262 574 idololatra,
1295 506 1552 562 credebat
1577 520 1637 559 se
1662 503 1897 574 prophe-

296 618 425 662 tam
503 615 666 676 atque
716 606 1062 661 benedictum
1113 603 1198 659 cui
1254 601 1622 664 benediceret,
1673 595 1899 653 malem-

284 707 566 767 etumque
599 698 685 751 cui
749 695 1125 760 malediceret,
1189 693 1441 765 quodque
1488 689 1655 745 veluti
1713 702 1897 743 sacer-

285 787 408 840 dos
434 785 528 841 Dei
553 785 746 840 altaria
787 785 1109 841 aedificabat.
1142 784 1382 838 Avaritia
1412 795 1631 853 quoque
1666 778 1810 834 illius
1840 787 1897 834 et

276 891 373 933 ex
407 877 548 934 libro
589 877 832 941 Numeri,
880 885 937 930 ct
980 891 1048 930 es
1097 873 1337 945 Epistola
1378 872 1440 927 Β.
1489 870 1635 927 Petri
1663 868 1894 941 apostoli

280 970 588 1026 evidenter
616 970 951 1040 agnoscitur,
990 968 1079 1023 ubi
1110 966 1363 1038 prmdieit
1406 965 1698 1035 magistros
1740 976 1895 1016 men-

280 1060 470 1117 daccs
516 1061 586 1116 ab
612 1061 854 1116 Ecclesia
879 1060 1155 1123 exituros,
1194 1058 1285 1127 qui
1321 1050 1658 1127 pellicientes
1685 1052 1898 1109 animas

254 1190 257 1195 η
282 1152 611 1217 instabiles,
640 1166 738 1206 cor
765 1152 1125 1213 exercitatum
1148 1150 1376 1204 avaritia
1407 1148 1686 1208 habentes,
1725 1142 1893 1197 male-

280 1244 563 1300 dictionis
577 1245 692 1309 lilii,
705 1244 1145 1317 derelinquentes
1166 1250 1370 1297 rectam
1396 1240 1538 1296 viam
1549 1245 1892 1298 erraverunt,

250 1366 259 1373 ι
280 1339 479 1393 seculi
497 1338 639 1392 viain
654 1337 871 1391 Balaam
883 1351 948 1390 ex
964 1336 1148 1397 Bosor,
1169 1331 1575 1404 quimercedem
1594 1328 1896 1398 iniquitatis

280 1429 503 1482 amavit
522 1426 607 1499 (11
623 1425 773 1481 Patr.
787 1442 846 1490 η,
868 1425 958 1488 i5;
988 1425 1039 1479 Ν
1045 1421 1429 1490 um.xxtt,!5).
1443 1420 1541 1475 Gui
1556 1420 1896 1474 concordans

278 1521 645 1590 coapostohts
656 1518 770 1588 ejus
790 1517 1173 1580 Judaslacohi,
1190 1517 1419 1570 intentat
1436 1514 1551 1577 illis
1571 1512 1677 1574 Vae,
1695 1511 1786 1579 qui
1800 1527 1891 1564 et:-

254 1650 257 1653 ›
282 1626 429 1667 rore
438 1610 654 1666 Balaam
670 1611 918 1665 mercede
930 1608 1083 1663 ell'usi
1106 1616 1231 1660 sunt
1243 1605 1394 1677 (Iud.
1414 1603 1523 1672 Η).
1548 1600 1714 1669 Cujus
1726 1601 1892 1671 perti-

2007 406 2198 461 viretis
2214 407 2265 462 ei
2286 407 2340 461 in
2369 407 2514 463 cultu
2542 408 2900 476 tabernaculi,
2928 419 2982 463 et
3004 408 3226 464 starctis
3255 423 3443 464 coram
3471 408 3584 463 frc-

1968 498 2228 567 .qaentia
2268 498 2475 569 populi,
2523 508 2583 555 ut
2620 499 3006 556 ministraretis
3045 501 3131 557 ei?
3166 501 3375 556 Idcirco
3417 501 3486 555 ad
3524 515 3588 558 se

2000 589 2131 646 fecit
2151 591 2416 646 accedere
2440 600 2510 656 te,
2535 599 2592 646 et
2610 606 2801 648 omnes
2814 592 3014 650 fratres
3039 603 3161 649 tuos
3182 592 3321 648 filios
3338 592 3496 667 Levi,
3528 600 3593 649 ut

2002 679 2153 736 vobis
2178 680 2347 763 etiam
2373 683 2739 749 sacerdotium
2776 684 3082 750 vindicetis,
3113 695 3169 755 et
3193 685 3373 742 omnis
3389 685 3585 758 globo!

2003 779 2126 828 tuus
2156 781 2266 830 stet
2300 784 2491 831 contra
2531 776 2817 832 Dominum
2847 778 3037 848 (Nam.
3057 777 3353 848 μειβ-11).
3385 798 3405 831 ι
3443 777 3592 835 Hinc

1966 910 1974 917 .
1998 873 2374 921 summotenus
2385 881 2479 937 per
2494 867 2858 923 internuntios
2869 878 3147 937 comperta
3169 869 3376 923 Dathan
3389 866 3597 925 ctAbi—

1970 1020 1973 1027 Α
1996 955 2078 1013 ait
2096 958 2164 1013 ad
2195 972 2291 1013 ron
2320 968 2573 1029 proterva
2597 962 3047 1029 contradictione,
3073 962 3243 1016 iratus
3263 971 3347 1016 est
3373 961 3587 1033 Moyses

1998 1046 2183 1114 valde;
2207 1048 2525 1105 Dominum:
2560 1050 2667 1106 «Ne
2696 1053 2957 1121 respicias
2969 1052 3236 1108 sacrificia
3259 1066 3470 1107 eorum.
3499 1050 3580 1105 Tu

1968 1188 1973 1191 _
1998 1138 2106 1194 scis
2133 1141 2282 1210 quod
2312 1156 2380 1198 ne
2408 1142 2632 1197 asellum
2658 1143 2875 1212 quidem
2905 1142 3210 1214 acceperim
3238 1141 3308 1197 ab
3331 1141 3435 1204 eis,
3479 1156 3582 1195 nec

1962 1280 1971 1287 .
1997 1227 2279 1303 aiﬂixerim
2293 1232 2829 1302 quempiam'eorum.
2846 1232 3097 1304 Dixitque
3113 1232 3177 1288 ad
3192 1231 3328 1289 Core
3351 1248 3367 1287 :
3393 1230 3497 1298 Tu,
3526 1238 3584 1285 et

1996 1320 2174 1375 omnis
2201 1323 2547 1391 congregatio
2564 1332 2678 1388 tua,
2700 1331 2840 1379 state
2860 1338 3103 1377 seorsum
3130 1338 3315 1378 curam
3333 1322 3581 1383 Domino.

1997 1420 2053 1465 et
2075 1412 2258 1466 Aaron
2289 1413 2378 1469 die
2404 1415 2648 1469 crastino
2672 1416 2989 1484 separatim.
3014 1415 3211 1471 Tollite
3235 1412 3428 1485 singuli
3461 1414 3583 1469 thu-

1964 1552 1971 1559 .
2000 1505 2172 1560 ribula
2197 1516 2472 1573 vestra,et
2494 1510 2679 1578 ponite
2698 1524 2939 1580 superea
2968 1510 3269 1574 incensum,
3292 1508 3584 1564 offerentes

2001 1594 2230 1653 Domino
2258 1612 2356 1653 CCI.
2404 1600 2710 1667 thuribula;
2741 1603 2923 1657 Aaron
2952 1618 3168 1672 quoque
3200 1612 3383 1657 teneat
3409 1600 3583 1656 thuri-

278 1704 543 1761 naciaex
561 1705 662 1759 hcc
676 1704 909 1757 maxime
923 1696 1614 1765 convincitur,quodetiam
1642 1702 1837 1763 quater
1863 1706 1892 1743 a
1928 1687 1968 1743 Β
1998 1685 2182 1741 bulutn
2212 1702 2392 1742 suum.
2426 1688 2580 1756 Quod
2607 1705 2733 1746 cum
2775 1691 3056 1757 fecissent,
3096 1690 3366 1746 stantibus
3398 1690 3585 1762 Moyse

253 1797 534 1853 -Domino
562 1805 843 1866 correptus
867 1836 881 1861 ,
917 1804 975 1851 et
995 1792 1304 1847 admonitus
1328 1799 1563 1844 mentem
1601 1804 1631 1842 a
1676 1786 1897 1840 maledi-

268 1889 550 1946 ctione...
568 1889 925 1959 perditionem
950 1884 1163 1940 lsraelis
1184 1883 1405 1937 tninime
1427 1881 1677 1936 mutavit.
1692 1878 1896 1949 Nempe

280 1982 441 2036 sicut
463 1994 618 2035 sacra
652 1979 878 2033 historia
913 1976 1103 2041 refert,
1142 1975 1230 2030 bis
1257 1989 1381 2029 eum
1404 1973 1549 2027 domi
1583 1972 1765 2026 adhuc
1798 1983 1894 2038 po-

254 2075 489 2136 situm,
521 2073 602 2127 sic
627 2070 884 2125 Dominus
908 2068 1235 2139 praemonuit
1264 2084 1277 2118 :
1322 2081 1340 2115 t
1379 2063 1498 2117 Noli
1535 2063 1615 2117 ire
1637 2076 1762 2116 cutn
1794 2060 1885 2113 ho-

282 2164 543 2220 minibus
576 2163 716 2227 istis,
757 2175 934 2231 neque
971 2158 1265 2215 maledicas
1304 2156 1522 2227 populo,
1560 2154 1688 2224 quia
1727 2152 1892 2206 bene-

256 2255 483 2310 ~dictus
510 2263 595 2309 est
620 2251 813 2324 (Nam.
844 2267 977 2315 χιιι,
1015 2249 1126 2320 12).
1162 2268 1182 2302 ι
1213 2248 1310 2305 Cui
1351 2257 1529 2302 tamen
1552 2246 1889 2317 postmodum

264 2339 610 2414 praecepit:
662 2361 681 2393 ι
720 2343 778 2396 Si
813 2356 1009 2396 vocare
1056 2350 1109 2394 te
1145 2348 1411 2394 venerunt
1466 2337 1718 2392 homines
1776 2334 1889 2399 isti,

282 2416 464 2505 surge
484 2445 540 2489 et
568 2435 705 2489 vade
725 2449 850 2489 cum
877 2436 979 2498 eis,
1003 2432 1078 2486 ita
1108 2432 1392 2494 duntaxat,
1424 2438 1482 2483 ut
1510 2430 1654 2498 quod
1684 2442 1884 2497 praet-e-

275 2540 434 2595 pcro
463 2524 559 2579 tibi
587 2522 755 2579 facias
784 2522 976 2594 (Ibid.,
1013 2522 1131 2592 20).
1158 2539 1178 2574 ι
1216 2521 1316 2575 (Ini
1344 2521 1460 2587 jam
1502 2522 1554 2573 in
1594 2519 1676 2573 via
1714 2520 1890 2588 posito

287 2613 729 2683 post'alllamina
753 2614 921 2668 asinae
948 2613 1178 2680 angelus
1212 2626 1479 2680 apparens
1512 2612 1891 2664 interminatus

281 2718 381 2761 est
416 2706 550 2761 sic:
601 2725 619 2758 ε
653 2705 766 2777 Ego
820 2705 945 2761 veni
983 2712 1042 2758 ut
1080 2704 1401 2757 adversarer
1443 2703 1561 2768 tibi,
1598 2703 1725 2772 quia
1760 2716 1889 2771 per-

262 2812 457 2852 «versa
486 2807 573 2853 cst
600 2798 686 2852 via
732 2807 844 2864 tua,
876 2797 1118 2868 mihique
1154 2794 1427 2849 contraria
1474 2794 1670 2865 (lbid.,
1718 2793 1831 2865 53).
1866 2811 1885 2844 ι

266 2890 473 2955 εριιθιιι
527 2897 706 2942 tamen
752 2888 1079 2959 permittens
1135 2886 1237 2950 ire,
1279 2886 1453 2940 dixit:
1515 2903 1533 2936 ι
1574 2883 1720 2939 Vade
1762 2898 1888 2937 cum

264 2984 449 3043 'istis:
473 2991 529 3036 et
548 2996 686 3037 cave
716 2997 784 3036 ne
808 2981 955 3036 aliud
975 2991 1137 3051 quam
1169 2993 1484 3050 praecepero
1516 2977 1611 3032 tibi
1648 2977 1888 3047 loquaris

1998 1783 2053 1828 οι
2068 1778 2273 1837 Aaron.
2300 1787 2354 1835 Cl
2386 1792 2774 1837 coacervantes
2788 1782 3053 1838 adversus
3081 1797 3176 1837 COS
3204 1797 3423 1837 omnem
3446 1780 3587 1837 111111*

1999 1867 2284 1923 titudinem
2321 1870 2390 1923 ad
2422 1872 2625 1925 ostium
2662 1873 3023 1938 tabernaculi,
3074 1872 3329 1943 apparuit
3364 1875 3582 1928 cunctis

1994 1960 2163 2031 gloria
2202 1961 2436 2018 Domini.
2473 1964 2821 2036 Locutusque
2871 1966 3131 2020 Dominus
3162 1967 3229 2019 ad
3264 1964 3482 2036 Moysen
3526 1973 3586 2025 ot

1966 2052 2175 2105 .Aaron
2197 2051 2275 2105 ait
2305 2069 2317 2105 :
2349 2050 2689 2121 Separatniui
2716 2056 2784 2109 de
2806 2055 2985 2109 medio
3012 2055 3452 2125 congregationis
3474 2054 3579 2109 hu~

1986 2139 2100 2208 jus,
2129 2151 2187 2195 ut
2218 2156 2314 2198 eos
2345 2154 2571 2213 repente
2593 2145 2925 2215 disperdam.
2954 2148 3055 2213 Qui
3079 2148 3396 2203 ceciderunt
3418 2148 3579 2216 proni

1995 2233 2046 2285 in
2097 2231 2318 2300 faciem,
2350 2245 2518 2306 atque
2548 2236 2842 2292 dixerunt:
2882 2237 3204 2295 Fortissime
3236 2240 3380 2294 Deus
3419 2239 3584 2310 spiri-

1996 2335 2145 2379 tuum
2189 2327 2454 2388 universa:
2497 2329 2703 2394 carnis,
2742 2345 2872 2385 num
2927 2344 3035 2386 uno
3088 2343 3350 2401 peccante
3386 2339 3580 2388 contra

1991 2431 2183 2473 names
2214 2425 2302 2471 tua
2327 2417 2409 2472 ira
2434 2418 2693 2475 deszcviet
2710 2418 2734 2472 ’ἶ
2754 2419 2823 2474 Et
2850 2420 2927 2478 ait
2953 2421 3213 2477 Dominus
3240 2425 3308 2476 ad
3323 2420 3580 2494 Moysen:

1993 2506 2234 2580 Praecipe
2264 2510 2519 2565 universo
2541 2510 2759 2580 pupula,
2777 2520 2837 2565 ut
2856 2523 3177 2582 separentur
3195 2530 3224 2566 a
3257 2513 3582 2570 tabernacu-

1995 2600 2062 2655 lis
2081 2600 2222 2655 Core
2250 2610 2306 2655 et
2344 2600 2554 2667 Dathau
2589 2611 2645 2657 et
2676 2602 2921 2667 ,Abiron.
2976 2606 3336 2676 Surrexitque
3363 2605 3581 2678 Moyses

1991 2697 2049 2743 ct
2084 2689 2217 2759 abiit
2243 2690 2312 2744 ad
2351 2689 2561 2745 Dathan
2591 2698 2649 2745 et
2682 2692 2913 2758 Abiron,
2949 2701 3004 2747 et
3054 2695 3406 2764 sequentibus
3451 2709 3580 2752 euut

1993 2780 2301 2836 senioribus
2331 2780 2518 2848 Israel,
2543 2782 2682 2838 dixit
2723 2784 2793 2839 ad
2826 2784 3079 2840 turbam:
3118 2784 3382 2842 Recedite
3427 2802 3458 2842 a
3492 2797 3577 2842 ta-

1993 2873 2300 2930 bernaculis
2345 2874 2627 2930 hominum
2675 2875 2989 2946 impiorum,
3040 2885 3097 2931 et
3144 2877 3312 2934 nolite
3358 2888 3581 2948 tangere

1968 2980 2114 3034 .qute
2152 2966 2220 3021 ad
2267 2981 2361 3022 eos
2401 2969 2699 3037 pertinent,
2748 2984 2818 3024 ne
2856 2968 3207 3031 inrolvamini
3250 2970 3311 3033 in_
3337 2972 3580 3042 peccatis

286 3071 651 3143 (lbid.,55).i
680 3070 787 3128 Sed
811 3071 1131 3141 impiustille
1166 3071 1320 3125 ferali
1353 3069 1594 3123 avaritize
1614 3069 1886 3132 addictus,
1918 3050 1963 3112 C
1994 3071 2204 3110 eorum.
2228 3056 2471 3127 Cumque
2515 3059 2869 3115 recessissent
2902 3076 2933 3115 a
2965 3061 3217 3117 tentoriis
3238 3076 3429 3123 eorum
3476 3079 3575 3135 per

270 3166 443 3217 clam
464 3163 547 3218 eis
570 3162 797 3233 laqueos
840 3161 1169 3232 perditionis
1205 3162 1435 3232 aptavit,
1477 3160 1676 3231 quibus
1706 3160 1887 3231 palam

194 3291 218 3313 .
285 3252 437 3312 sein
472 3266 703 3312 mortem
735 3255 854 3311 ﬁeri
884 3254 1119 3310 similem
1150 3255 1382 3325 optavit.

913 3346 1145 3404 CAPUT
1183 3345 1269 3401 ΙΙΙ.

295 3441 372 3493 De
400 3449 619 3509 peccato
640 3438 775 3494 Care
801 3448 851 3494 et
862 3439 1133 3509 fautorum
1153 3436 1291 3506 ejus,
1318 3444 1476 3508 atque
1499 3450 1652 3506 pana
1680 3448 1884 3489 eorum.

360 3531 485 3586 iam
529 3532 586 3587 in
632 3531 751 3601 ipsa
789 3529 1226 3587 contradictione
1259 3526 1421 3596 Core,
1453 3528 1808 3598 praesumptio
1832 3536 1888 3582 et

297 3624 535 3678 avaritia
570 3624 713 3679 idem
739 3624 1001 3678 videntur
1016 3636 1157 3677 esse.
1187 3618 1341 3675 Nam
1364 3618 1656 3674 ambiendo
1681 3618 1889 3673 indebi-

296 3726 413 3769 tutn
453 3715 559 3771 sibi
603 3712 967 3769 sacerdotium
1007 3711 1371 3783 prmstnnpsit,
1409 3718 1466 3766 et
1509 3709 1889 3781 praesumendo

294 3805 547 3861 ambivit.
584 3803 756 3861 Porro
790 3804 1058 3871 avaritia,
1100 3814 1159 3858 ut
1191 3804 1253 3858 Β.
1286 3802 1586 3874 Gregorius
1625 3802 1731 3866 ait,
1777 3815 1887 3857 non

286 3898 468 3952 solum
488 3896 737 3967 pecunia;
751 3905 856 3962 est,
884 3895 1168 3952 sed‘etiam
1200 3894 1522 3949 altitudinis.
1546 3893 1713 3949 Recte
1738 3893 1886 3948 enim

298 3989 533 4045 avaritia
562 3989 787 4055 dicitur,
820 4003 947 4044 cum
996 4001 1158 4057 supra
1198 3986 1418 4041 modum
1449 3985 1753 4041 sublimitas
1774 3999 1889 4039 am-

302 4079 464 4135 bitur.
517 4078 579 4135 Si
607 4079 903 4134 enimnon
952 4077 1373 4133 ad~avaritiant
1416 4076 1641 4131 honoris
1700 4077 1889 4146 rapina

300 4171 617 4239 pertineret.
668 4183 1014 4241 nequaquam
1064 4167 1265 4223 Paulus
1306 4169 1373 4222 de
1412 4165 1706 4237 Unigenito
1748 4165 1889 4222 Filio

290 4260 535 4317 diceret:
570 4280 589 4313 ι
614 4260 732 4316 Νοη
755 4259 1006 4331 rapinam
1033 4260 1337 4316 arbitratus
1361 4268 1445 4315 est
1474 4273 1596 4314 esse
1621 4273 1683 4315 se
1708 4273 1890 4329 aequa-

304 4349 407 4406 lein
440 4351 553 4408 Deo
585 4348 841 4423 (Philipp.
879 4368 938 4417 tt,
965 4349 1043 4423 6).
1070 4369 1089 4403 ι
1124 4351 1180 4406 ln
1207 4352 1311 4407 hoc
1335 4362 1474 4421 ergo
1513 4348 1761 4406 diabolus
1791 4365 1889 4421 pa-
1914 4386 1917 4391 ι

1993 3149 2306 3215 circuitum,
2331 3150 2543 3207 Dathan
2588 3161 2646 3207 et
2681 3152 2887 3208 Abirou
2916 3155 3122 3224 egressi
3147 3156 3372 3212 stabant
3409 3157 3463 3211 in
3494 3158 3579 3212 iu-

1995 3240 2160 3296 troitu
2202 3241 2534 3312 papilionum
2572 3258 2796 3301 suorum
2833 3259 2959 3300 cum
2996 3246 3258 3302 uxoribus
3293 3256 3350 3301 et
3389 3246 3577 3303 liberis

1972 3333 2251 3403 omnique
2283 3332 2617 3404 frequentia.
2645 3336 2733 3395 Et.
2754 3337 2834 3392 ait
2864 3336 3077 3408 Moyses
3110 3357 3123 3393 :
3173 3337 3232 3393 ln
3282 3339 3368 3395 his
3393 3340 3579 3398 scietis

1961 3473 1965 3479 .
1990 3424 2136 3495 quod
2167 3425 2433 3482 Dominus
2461 3427 2673 3483 adserit
2697 3442 2804 3494 me,
2829 3438 2889 3485 ut
2910 3430 3150 3487 facerem
3178 3431 3431 3487 universa
3458 3447 3579 3502 qua:

1991 3520 2236 3585 cernitis,
2268 3528 2323 3575 et
2346 3536 2455 3576 non
2505 3536 2568 3576 ex
2607 3522 2827 3593 proprio
2856 3538 2921 3579 ea
2951 3525 3117 3579 corde
3139 3524 3478 3594 protulerint.
3519 3525 3577 3579 Si

1990 3620 2251 3668 consueta
2293 3612 2574 3669 hominum
2607 3622 2781 3669 morte
2812 3614 3143 3679 interierint.
3177 3623 3233 3671 et
3279 3616 3578 3670 visitarerit

1989 3716 2086 3758 eos
2110 3701 2291 3774 plaga,
2328 3718 2435 3773 qua
2472 3714 2529 3758 et
2557 3704 2742 3759 caeteri
2772 3704 2982 3759 visitari
3026 3705 3223 3769 solent,
3273 3720 3380 3759 non
3430 3705 3579 3760 misit

1966 3808 2078 3850 inte
2108 3792 2408 3851 Dominus:
2440 3795 2526 3849 sin
2573 3806 2755 3850 autem
2782 3809 2977 3850 novam
3007 3810 3121 3850 rem
3165 3795 3356 3850 fecerit
3393 3794 3577 3851 Domi-

1964 3934 1967 3937 .
1990 3899 2116 3950 nus,
2139 3894 2200 3940 ut
2219 3885 2474 3955 aperiens
2499 3894 2645 3941 terra
2673 3899 2737 3941 os
2756 3900 2916 3941 suum
2947 3886 3209 3955 deglutiat
3249 3902 3344 3941 eos
3372 3897 3428 3942 et
3459 3902 3579 3942 ont-

1990 3975 2223 4045 niaqute
2253 3976 2321 4030 ad
2345 3975 2467 4033 illos
2486 3977 2780 4046 pertinent,
2817 3978 3307 4047 descenderiutque
3336 3980 3577 4037 vitentcs

1990 4066 2048 4120 in
2065 4064 2368 4133 infernum,
2392 4066 2579 4125 scietis
2590 4067 2734 4137 quod
2754 4066 3250 4139 blasphetuaverint
3263 4069 3574 4129 Dominum.

1990 4157 2291 4215 Confestim
2317 4158 2497 4231 igitur,
2519 4169 2577 4215 ut
2605 4161 2841 4216 cessavit
2865 4161 3038 4231 loqui,
3069 4162 3286 4234 dirupta
3316 4175 3401 4220 est
3426 4174 3575 4220 terra

1970 4251 2094 4310 .sub
2124 4250 2357 4323 pedibus
2383 4266 2597 4319 eorum,
2620 4261 2678 4309 et
2697 4253 2953 4323 aperiens
2997 4268 3062 4309 os
3094 4269 3252 4309 suum
3296 4256 3578 4312 devoravit

1994 4341 2117 4398 illos
2140 4357 2268 4401 cum
2295 4340 2662 4403 tabernaculis
2684 4342 2822 4408 suis,
2858 4351 2916 4399 et
2945 4341 3199 4403 universa
3234 4345 3569 4413 substantia;

305 4453 506 4499 ventem
537 4416 883 4500 ttostrutn'ad
924 4416 1235 4516 superbiam
1261 4416 1450 4510 traxii,
1492 4457 1601 4514 quo
1644 4458 1768 4499 eum
1791 4416 1887 4499 *δά
1921 4416 1972 4477 υ
1995 4432 2496 4502 descendet-umque
2532 4432 2638 4487 vivi
2684 4431 2740 4487 in
2773 4431 3048 4489 infernum
3081 4435 3257 4506 operti
3290 4434 3478 4502 humo,
3517 4446 3567 4492 e'

311 4537 583 4592 avaritiam
616 4537 968 4593 sublimitatis
998 4536 1281 4591 excitavit.
1322 4534 1629 4590 Pertinacia
1667 4548 1886 4606 quoque

296 4625 442 4681 Core
469 4629 520 4681 in
547 4631 646 4684 hoc
673 4630 1005 4694 ostenditur,
1036 4629 1181 4698 quod
1210 4641 1313 4683 nec
1352 4627 1748 4697 increpatione,
1780 4641 1886 4683 nec

313 4717 667 4776 admonitione
701 4723 768 4777 ad
798 4738 896 4777 cor
918 4721 1018 4776 fuit
1047 4735 1321 4777 reversus.
1345 4718 1605 4790 Denique,
1635 4728 1693 4773 ut
1718 4718 1886 4774 histo-

315 4809 390 4861 ria
416 4808 590 4877 refert,
622 4815 697 4869 ita
740 4814 812 4869 illi
846 4815 1049 4869 acriter
1088 4813 1543 4884 impudenterque
1565 4810 1806 4881 jurgauti
1829 4817 1886 4863 et

314 4903 647 4970 exprobranti
665 4907 985 4962 mitissimus
1012 4906 1290 4961 hominum
1308 4902 1521 4975 Moyses
1554 4901 1831 4973 rospondit
1863 4917 1878 4954 :

322 5009 341 5042 ι
382 4994 523 5050 Mane
544 5008 731 5053 notum
757 5000 916 5053 faciet
937 4998 1196 5053 Dominus
1224 4996 1318 5067 qui
1358 4996 1423 5049 ad
1466 5010 1526 5051 se
1552 4997 1879 5067 pertineant,

317 5096 367 5139 et
401 5100 608 5147 sanctos
642 5092 935 5164 applicabit
978 5091 1106 5159 sibi,
1149 5102 1205 5148 et
1238 5106 1378 5160 quos
1420 5090 1646 5163 elegerit
1686 5104 1882 5160 appro-

306 5177 633 5247 ‘piuquabuut
657 5184 726 5238 ei.
760 5184 873 5239 lloc
896 5182 1060 5251 igitur
1087 5186 1273 5242 facite.
1308 5181 1485 5238 Tollat
1510 5184 1881 5253 unusquisque

318 5267 568 5326 thuribula
596 5288 716 5339 sua,
741 5283 796 5329 tu
822 5274 981 5335 Core,
1019 5283 1074 5328 et
1109 5289 1271 5331 omne
1301 5266 1584 5329 concilium
1623 5283 1792 5339 tuum,
1825 5280 1880 5328 et

1990 4524 2272 4594 perierunt
2281 4521 2350 4579 de
2361 4524 2540 4579 medio
2559 4522 2941 4585 multitudinis.
2957 4526 3031 4581 At
3044 4542 3174 4582 vero
3185 4529 3363 4583 omnis
3384 4528 3571 4594 Israel,

1989 4615 2083 4686 qui
2104 4617 2617 4684 stabatpergyrum,
2651 4613 2789 4686 fugit
2803 4617 2872 4671 ad
2892 4615 3186 4673 clamorem
3205 4618 3574 4685 pereuntium.

1987 4704 2178 4761 dicens
2203 4720 2217 4759 :
2248 4704 2328 4758 Ne
2346 4704 2489 4758 forte
2518 4714 2570 4758 et
2584 4719 2686 4760 nos
2710 4714 2855 4759 terra
2879 4705 3158 4774 deglutiat.
3211 4706 3319 4760 Sed
3353 4715 3409 4760 et
3434 4708 3578 4779 ignis

1990 4809 2244 4863 egressus
2266 4795 2537 4849 aDomino
2561 4792 2834 4850 interfecit
2867 4810 2962 4850 cet.
2979 4796 3124 4852 viros
3151 4796 3245 4864 qui
3276 4796 3582 4857 oll‘erebant

1970 4889 2275 4944 incensum
2306 4886 2470 4958 (Ibid.
2490 4925 2506 4951 ,
2534 4886 2742 4958 15-35).
2768 4906 2788 4939 ι
2822 4886 2898 4940 Ex
2922 4902 3032 4957 quo
3055 4889 3242 4957 utique
3268 4887 3468 4948 divina:
3493 4907 3582 4954 se.

1990 4980 2238 5038 veritatis
2264 4978 2495 5050 judicio.
2517 4980 2684 5034 etiam
2719 4979 2773 5033 in
2795 4980 3090 5048 superﬁcie
3117 4979 3382 5048 historite,
3407 4999 3582 5054 quam

1987 5095 2129 5149 pcne
2175 5082 2344 5129 totam
2393 5072 2519 5127 huic
2553 5072 2814 5144 Opusculo
2852 5073 3202 5132 inserendam
3243 5069 3584 5148 iudicamus,

1970 5171 2264 5240 conjicere
2298 5180 2586 5236 poswmus
2606 5164 2735 5235 quid
2758 5176 3072 5223 mercantur
3098 5175 3195 5222 aut
3213 5165 3341 5235 quid
3364 5175 3588 5237 passim

1972 5268 2108 5324 sint
2136 5260 2234 5332 qui
2271 5260 2637 5316 sacerdotium
2669 5256 2995 5315 Christianas.
3036 5260 3226 5332 gratia:
3264 5259 3369 5314 sibi
3403 5276 3590 5323 saecu-

2568 5364 2860 5374 .....---..---.ιι
2930 5365 2974 5374 Α-
3039 5364 3183 5374 .--Δι’
3238 5364 3412 5374 Α-Ααμ--
