4124 5374
619 298 756 359 ιοδδ
815 265 819 268 Α

1677 286 2034 352 IIUMBERTI
2074 286 2133 347 S.
2179 287 2244 345 ιι.
2281 283 2346 345 E.
2388 280 2798 352 CARDINAUS

3790 299 3924 366 ιωι

615 416 817 482 rentia,
846 413 925 469 sic
947 418 999 466 ct
1022 423 1182 481 quam
1212 408 1443 464 maxima
1479 406 1638 463 debet
1667 420 1790 461 esse
1836 406 1888 461 in
1925 404 2192 459 ministris
2225 413 2266 472 Α
2297 398 2502 454 cladem
2527 407 2735 472 experti
2763 417 2908 462 sunt.
2943 413 3200 467 Severior
3232 423 3378 469 enim
3409 417 3724 488 Evangelii
3755 434 3921 488 quam

618 508 902 576 utriusque
929 503 1203 564 distantia,
1247 507 1509 570 quantum
1551 499 1765 554 scilicet
1808 498 2013 552 distare
2054 497 2193 551 solet

616 595 813 653 servuli
840 597 907 650 ab
936 593 1278 665 imperatoﬁs
1318 607 1569 663 persona.
1599 590 1859 662 Equidem
1901 589 2190 644 Mosaicum

615 692 744 746 illml
807 689 1168 744 sacerdotium
1231 687 1514 741 sacrificiis
1564 686 1876 740 carnalibus
1932 685 2192 739 insistens

615 777 931 848 sanguinem
992 777 1265 831 hircorum
1308 784 1362 830 et
1417 785 1720 839 taurorum,
1771 774 2190 844 aliquorumque

614 867 950 929 animalium,
980 881 1087 936 quo
1113 867 1406 919 secundum
1433 865 1672 934 Apostoli
1705 866 1907 920 dictum
1938 865 2191 934 impossi-

612 957 865 1020 blle.erat
892 960 1095 1012 auferri
1124 969 1364 1028 peccata,
1391 957 1636 1011 umbram
1673 958 2006 1012 solummodo
2044 958 2188 1012 futu-

611 1067 798 1107 rorum
850 1053 1116 1106 bonorum
1165 1050 1523 1119 praeferebat;
1575 1050 1946 1105 Christianum
1981 1061 2184 1115 autem,

611 1140 989 1210 spiritualibus
1018 1139 1208 1193 hostiis
1242 1155 1462 1204 vacans,
1491 1140 1807 1209 sanguinem
1831 1139 1967 1209 Agni
2002 1143 2192 1194 incon-

612 1233 862 1286 taminati
893 1242 947 1287 et
969 1232 1296 1286 immaculati
1347 1229 1472 1287 Jesu
1502 1233 1730 1297 Christi,
1761 1221 1850 1302 qui
1889 1233 2026 1288 tollit
2062 1248 2188 1302 pec-

611 1334 732 1378 cata
762 1326 963 1390 mundi,
998 1326 1236 1394 quotidie
1275 1325 1450 1380 fundit
1488 1326 1955 1380 iii-remissionem
1999 1342 2192 1396 pecca-

612 1423 787 1467 torum
833 1429 927 1482 per
986 1414 1330 1470 manifestam
1390 1417 1677 1471 veritatem
1734 1417 2082 1486 prmsentium
2135 1417 2190 1472 et

612 1502 914 1556 futurorum
933 1505 1215 1558 bonorum.
1243 1505 1373 1560 llliid
1389 1522 1605 1576 quoque
1627 1507 2186 1574 animadvertendum,

609 1594 753 1662 quod
781 1593 919 1648 Core
965 1611 1069 1648 non
1105 1598 1330 1664 pecunia
1363 1596 1604 1668 [sibimet
1629 1599 1994 1653 sacerdotium
2039 1613 2188 1668 quie-

606 1681 806 1755 sierit],
831 1684 922 1736 sed
940 1685 1144 1752 gradus
1165 1687 1246 1740 sui
1276 1688 1702 1756 propinquitate,
1727 1690 1822 1743 sed
1845 1691 2183 1758 cognatione,

2295 489 2428 561 legis
2453 503 2537 546 est
2579 498 2782 561 cautio,
2814 500 2941 567 quia
2977 501 3028 554 in
3063 504 3163 557 hac
3190 520 3412 573 pravum
3440 506 3667 563 factum
3699 511 3924 567 solutae

2296 585 2474 650 modo,
2502 586 2552 639 in
2579 587 2664 640 illa
2696 599 2876 643 autem
2907 594 3130 661 punitur
3149 597 3312 651 etiam
3337 600 3633 669 cogitatio.
3661 601 3748 655 Et
3771 610 3924 659 certe

2292 673 2502 730 Datbau
2550 687 2606 732 et
2645 680 2848 736 Abiron
2893 693 3056 752 atque
3096 687 3234 742 Core
3277 690 3472 758 duplici
3526 693 3919 760 contritione,

2291 770 2536 837 corporis
2584 772 2793 826 scilicet
2843 783 2899 827 et
2932 777 3150 843 ani..-.e,
3199 782 3498 835 creduntur
3543 785 3836 849 contriti,
3865 793 3921 839 ut

2292 868 2586 916 attestatur
2615 862 2779 918 Judas
2813 865 3021 921 Jacobi.

2898 977 3128 1035 CAPUT
3166 980 3255 1036 IV.

2365 1066 2438 1123 De
2465 1069 2616 1140 vulgo
2643 1072 2855 1146 sequaci
2881 1087 3315 1142 prwsnmptorum
3339 1085 3388 1129 et
3413 1075 3479 1129 de
3505 1078 3851 1146 diﬂ'erem‘a

2754 1145 2858 1195 ceri
2889 1153 2945 1196 et"
2965 1145 3089 1212 fulsi
3115 1147 3417 1200 sacerdotii.

2360 1228 2518 1283 Jesus
2547 1233 2614 1285 de
2637 1244 2778 1286 terra
2815 1231 3037 1305 Egypti
3075 1236 3329 1304 populum
3365 1237 3602 1298 salvans.
3641 1242 3911 1293 secundo

2289 1334 2382 1374 eos
2417 1321 2506 1390 qui
2533 1339 2635 1377 non
2660 1325 3286 1395 credideruntperdidit.
3307 1327 3414 1382 Sed
3447 1329 3573 1382 hinc
3598 1330 3743 1399 jam
3777 1330 3914 1400 quid

2289 1414 2476 1466 eadem
2507 1415 2732 1468 historia
2791 1415 3081 1486 subjungat
3123 1420 3529 1488 perpendatur:
3581 1437 3600 1470 ι
3641 1421 3910 1474 Murmu-

2290 1503 2428 1556 ravit
2451 1513 2631 1558 autem
2657 1505 2836 1559 omnis
2859 1509 3147 1560 multitudo
3175 1509 3406 1561 filiorum
3431 1510 3594 1562 Israel
3626 1512 3903 1578 θυμιωιὶ

2289 1591 2376 1644 die
2399 1603 2584 1646 contra
2619 1593 2834 1663 Moysen
2866 1604 2921 1649 et
2949 1598 3153 1658 Aaron,
3186 1599 3372 1651 dicens
3401 1614 3415 1650 :
3445 1597 3560 1652 \‘us
3584 1599 3903 1654 interfeci-

2289 1682 2390 1736 stis
2439 1685 2692 1753 populum
2748 1687 2981 1740 Domini.
3012 1689 3258 1756 Cumque
3301 1690 3540 1742 oriretur
3579 1692 3806 1744 seditio
3847 1700 3900 1743 et

609 1790 710 1844 qua
744 1777 1080 1831 contribules
1115 1788 1272 1832 erant
1294 1780 1408 1846 ipse
1455 1789 1510 1833 et
1557 1780 1762 1844 Aaron,
1796 1781 2046 1849 quamvis
2077 1796 2181 1834 non
2217 1768 2258 1826 Β
2289 1773 2546 1826 tumultus
2573 1775 2920 1835 incresceret.
2959 1777 3168 1847 Moyses
3207 1789 3262 1831 ct
3290 1779 3468 1832 Aaron
3503 1779 3804 1848 fugierunt
3830 1784 3896 1834 ad

604 1866 845 1934 ejusdem
875 1866 1113 1932 familiai,
1143 1878 1195 1923 et
1222 1870 1346 1939 quia
1377 1869 1686 1924 confidebat
1736 1885 1794 1925 se
1824 1887 2041 1942 quoque
2074 1872 2181 1925 Do-

606 1957 737 2029 mini
765 1975 908 2024 esse,
937 1961 1077 2014 sicut
1107 1976 1170 2015 ex
1199 1963 1282 2016 his
1314 1964 1494 2017 verbis
1523 1963 1640 2033 ejus
1661 1965 2185 2036 coguosciturapcr-

605 2041 697 2104 te:
735 2067 756 2102 ι
786 2050 1048 2117 Sulliciat,
1084 2053 1277 2124 inquit,
1310 2057 1464 2110 vobis
1513 2057 1638 2124 quia
1693 2059 1870 2112 omnis
1898 2058 2184 2113 multitudo

605 2147 917 2194 sanctorum
949 2149 1052 2205 est,
1079 2151 1132 2196 et
1160 2145 1212 2197 iu
1247 2145 1380 2213 ipsis
1410 2155 1493 2199 est
1542 2146 1818 2201 Dominus.
1867 2147 1976 2202 Cur
2008 2150 2186 2203 eleva-

605 2228 738 2282 mini
763 2244 923 2298 Super
942 2232 1192 2301 pOpulum
1222 2234 1471 2286 Domini?
1491 2254 1509 2286 ι
1543 2234 1734 2305 (Num.
1758 2253 1871 2299 xvi,
1900 2237 1978 2308 5.)
2001 2238 2106 2293 Sed
2133 2255 2187 2293 et

605 2319 734 2373 illud
762 2336 868 2374 non
903 2322 1078 2376 minus
1120 2324 1679 2388 animadvertendum,
1709 2340 1869 2395 quam
1918 2330 2186 2384 horrendo

604 2421 656 2466 et
683 2415 973 2469 miserabili
1000 2419 1162 2471 modo
1190 2419 1400 2472 Dalhau
1424 2428 1480 2473 et
1510 2420 1712 2474 Abiron
1739 2423 1983 2478 virentes
2009 2426 2059 2478 in
2098 2427 2182 2479 iii-

603 2504 814 2560 fernum
842 2520 964 2561 cum
1010 2509 1264 2564 omnibus
1292 2511 1426 2578 suis,
1476 2527 1712 2583 cumque
1753 2517 1900 2569 omni
1951 2519 2185 2588 supelle-

603 2595 731 2652 ctile
761 2613 854 2652 sua
888 2599 1282 2667 descenderint,
1305 2618 1431 2657 cum
1452 2604 2042 2662 sibimetsaccrdotium
2076 2627 2181 2665 non

604 2691 941 2760 quaesierint,
996 2710 1172 2764 neque
1219 2697 1364 2750 enim
1409 2713 1478 2752 ex
1524 2699 1665 2752 tribu
1697 2698 1825 2754 Levi
1859 2711 2040 2766 erant,
2089 2704 2181 2757 sed

605 2781 978 2839 tantummodo
1030 2789 1511 2857 prmsumptoribus
1571 2791 1826 2846 faverint.
1879 2792 1947 2847 Et
2009 2802 2182 2849 tamen

601 2873 823 2943 gravius
853 2877 1023 2945 puniti
1074 2886 1201 2932 sunt
1252 2879 1496 2936 fautores
1548 2890 1602 2936 et
1644 2882 1980 2947 defensores,
2019 2901 2181 2955 quam

603 2962 704 3033 ipsi
733 2979 1164 3038 prtesumptorcs.
1190 2970 1420 3026 Gravius
1448 2980 1532 3028 est
1561 2974 1702 3029 enim
1745 2983 1886 3029 terra
1930 2976 2181 3045 deglntiri

603 3053 755 3110 vivos
783 3072 906 3111 cum
932 3059 1092 3112 rebus
1116 3051 1173 3114 et
1205 3061 1337 3130 ipsis
1364 3062 1623 3131 parvulis,
1661 3065 1752 3134 qui
1789 3079 1893 3118 non
1927 3081 2181 3134 peccavc~

602 3156 751 3215 rant,
777 3167 938 3220 quam
963 3151 1084 3221 igne
1114 3153 1324 3207 amburi
1357 3154 1500 3209 solos
1529 3156 1618 3225 qui
1644 3165 2024 3225 peccaverant.
2054 3157 2182 3211 Ani-

602 3240 948 3297 madverlant
971 3242 1071 3296 hoc
1097 3242 1217 3298 laici
1251 3256 1304 3298 et
1341 3245 1544 3310 clerici,
1579 3247 1669 3316 qui
1696 3263 1800 3301 non
1842 3247 2035 3303 timent
2059 3265 2183 3319 pra-

602 3329 686 3384 vis
731 3338 788 3385 et
843 3332 1260 3400 indiscipliuatis
1309 3338 1662 3404 patrocinari,
1718 3340 2057 3410 maximeque
2089 3343 2179 3412 qui

603 3419 872 3490 indignos,
901 3433 995 3476 aut
1023 3426 1263 3493 potentia
1303 3441 1419 3489 sua,
1477 3428 1556 3482 vel
1598 3430 1803 3491 favore,
1866 3446 1958 3483 seu
1999 3433 2174 3500 pretio

602 3508 670 3562 ad
703 3523 889 3564 sacros
918 3513 1136 3566 ordines
1195 3515 1420 3584 exigunt
1455 3519 1789 3586 promoveri.
1833 3520 2185 3574 Animadver-

603 3611 721 3657 tant
748 3619 961 3674 quoque
990 3607 1112 3674 quia
1145 3608 1446 3676 prohibitus
1476 3609 1574 3663 fuit
1607 3612 1832 3680 populus
1863 3614 2180 3680 contingere

602 3694 863 3765 quidquid
889 3713 1077 3752 eorum
1109 3715 1230 3767 qua:
1259 3700 1322 3752 ad
1374 3700 1582 3754 Dalhan
1609 3711 1664 3756 et
1703 3704 1905 3756 Abiron
1938 3704 2180 3773 pertine-

600 3785 753 3852 bant,
783 3802 850 3841 ne
895 3788 1298 3844 involverentur
1327 3793 1564 3861 peccatis
1590 3808 1803 3860 eorum,
1849 3809 1970 3848 cum
1998 3795 2178 3865 supel-

603 3879 685 3934 lex
717 3880 855 3934 Core
895 3900 944 3935 Ill
977 3895 1184 3937 tantum
1219 3901 1322 3938 non
1349 3888 1592 3955 perierit,
1622 3896 1679 3941 ut
1709 3890 1875 3942 etiam
1906 3890 2177 3944 thurilmla

601 3984 788 4022 eorum
823 3973 876 4023 in
932 3970 1158 4026 laminas
1203 3976 1462 4043 producta
1490 3975 1642 4046 jussu
1675 3977 1768 4031 Dei
1823 3978 1980 4032 altari
2008 3979 2177 4033 affusa

600 4065 729 4118 sint.
763 4065 829 4118 Et
853 4075 910 4118 ut
938 4067 1160 4121 historia
1189 4069 1352 4123 refert
1381 4071 1434 4125 in
1459 4071 1828 4146 sequentibus,
1860 4072 2062 4124 factum
2093 4081 2176 4124 est

600 4155 803 4221 grande
831 4156 1173 4222 miraculum,
1203 4167 1280 4224 ut,
1307 4174 1567 4228 pereunte
1587 4161 1745 4226 Core,
1778 4162 1868 4214 lilii
1900 4161 2040 4215 illius
2066 4177 2171 4215 non

601 4242 877 4312 perirent;
939 4250 1262 4316 tandemque
1319 4262 1649 4320 cognoscant
1715 4253 2029 4307 defensores
2094 4254 2176 4306 vel

603 4333 842 4388 fautores
865 4351 1157 4404 pravorum
1185 4353 1386 4407 quanio
1417 4342 1626 4408 pejores
1659 4343 1767 4396 sint
1791 4344 1977 4412 pravis
2015 4343 2170 4411 ipsis.

2289 1862 2700 1918 tabernaculum
2733 1866 2972 1920 fmderis.
2996 1867 3146 1933 Quod
3171 1879 3456 1938 postquam
3484 1872 3732 1940 ingressi
3761 1882 3894 1926 situt

2285 1956 2500 2023 operuit
2551 1957 2746 2019 nubes,
2785 1970 2840 2010 et
2865 1961 3115 2027 apparuit
3151 1961 3323 2031 gloria
3362 1963 3597 2027 Domini,
3626 1964 3893 2033 dixitque

2287 2046 2546 2101 Dominus
2567 2050 2631 2101 ad
2683 2049 2896 2119 Moysen
2953 2068 2964 2102 :
3046 2052 3298 2108 Recedite
3356 2055 3424 2108 de
3477 2057 3662 2110 medio
3717 2057 3890 2126 hujus

2287 2137 2660 2196 inultiunlinis.
2695 2141 2858 2194 etiam
2904 2155 3046 2194 nunc
3077 2142 3266 2197 delebo
3309 2159 3422 2199 eos.
3451 2145 3704 2214 Cumque
3724 2149 3887 2212 jace-

2285 2239 2405 2282 reut
2447 2231 2497 2282 in
2531 2240 2750 2295 terrain,
2787 2232 2922 2284 dixit
2955 2232 3165 2302 Moyses
3186 2237 3252 2287 ad
3281 2236 3460 2289 Aaron
3489 2255 3502 2289 :
3557 2238 3715 2292 'l‘olie
3751 2241 3852 2293 the
3873 2271 3885 2280 -

2286 2319 2539 2382 ribulum,
2565 2331 2616 2373 et
2641 2321 2835 2375 hausto
2867 2323 2987 2391 igne
3011 2328 3077 2377 de
3109 2325 3266 2378 altari
3293 2328 3446 2380 mitte
3471 2328 3766 2384 incensum
3790 2331 3884 2385 ιιι*-

2285 2423 2468 2478 super,
2494 2425 2724 2480 pergens
2753 2413 2863 2466 cito
2900 2414 2967 2466 ad
3011 2417 3289 2485 pupulum,
3340 2426 3399 2471 ut
3446 2433 3605 2489 roges
3647 2437 3752 2491 pro
3777 2424 3876 2476 eis.

2283 2498 2400 2553 Jani
2433 2503 2574 2554 enim
2606 2516 2824 2568 egressa
2857 2513 2942 2558 est
2969 2505 3047 2558 ira
3075 2523 3104 2558 a
3135 2506 3386 2573 Domino,
3422 2519 3478 2563 et
3514 2510 3673 2580 plaga
3708 2515 3875 2568 desat-

2285 2593 2447 2645 vitur.
2481 2593 2631 2659 Quod
2661 2609 2782 2650 cum
2826 2595 3043 2652 fecisset
3088 2598 3298 2665 Aaron,
3349 2609 3406 2656 et
3441 2605 3782 2659 cucurr-isset
3807 2604 3873 2659 ad

2285 2683 2514 2735 inediam
2557 2684 2974 2749 multitudinem,
3027 2703 3189 2756 quam
3226 2688 3342 2756 jam
3392 2696 3650 2747 vastabat
3684 2695 3871 2751 incetr

2283 2771 2453 2837 dium,
2500 2773 2694 2827 obtulit
2738 2775 3063 2844 thymiama;
3112 2789 3166 2833 et
3221 2790 3382 2837 stans.
3437 2783 3578 2838 inter
3627 2797 3870 2841 mortuos

2283 2871 2338 2916 et
2361 2864 2627 2930 viventes,
2653 2881 2751 2936 pro
2779 2869 2975 2938 populo
2995 2869 3318 2938 deprecatus
3345 2884 3450 2940 est,
3478 2886 3535 2929 et
3559 2876 3720 2946 plaga
3749 2894 3868 2932 ces-

2263 2993 2265 2996 ‹
2283 2955 2446 3009 savit.
2461 2954 2696 3036 [fuerunt
2718 2968 2897 3014 autem
2915 2961 3004 3030 qui
3021 2965 3413 3030 percussi'sunt
3450 2971 3865 3036 quatuordeciin

2285 3046 2450 3100 millia
2481 3033 2759 3103 hominum
2789 3059 2845 3103 ct
2868 3054 3436 3126 septingenti,absque
3465 3033 3550 3112 bis
3573 3062 3667 3128 qui
3693 3061 3867 3128 peric-

2287 3149 2408 3192 runt
2426 3139 2478 3192 in
2507 3141 2772 3197 seditione
2785 3143 2924 3199 Core
2937 3143 3126 3214 (Num.
3141 3163 3252 3213 xvi,
3266 3149 3474 3220 41-49).
3491 3171 3508 3203 ι
3529 3151 3584 3205 In
3600 3169 3710 3222 quo
3725 3156 3866 3222 vidc~

2283 3229 2413 3286 licet
2433 3231 2578 3288 facto
2603 3234 2884 3290 evidenter
2906 3248 3246 3293 monstratur
3279 3242 3421 3310 quod
3443 3244 3608 3296 etiam
3636 3260 3863 3314 perver-

2283 3337 2466 3378 sorum
2496 3340 2700 3394 sequax
2729 3327 2919 3395 vulgus
2945 3329 3127 3384 divina
3164 3331 3540 3402 indignatione
3562 3337 3863 3392 euoriniter
3905 3377 3916 3390 .

2261 3417 2676 3484 prosternitur,
2703 3419 2829 3472 dum
2861 3422 3080 3475 eosdem
3134 3437 3420 3492 perversos
3459 3439 3598 3494 quos
3636 3427 3865 3497 pepulus

2284 3504 2376 3558 Dei
2403 3505 2539 3558 falso
2567 3507 2821 3562 credebat
2869 3518 2924 3562 ct
2954 3510 3173 3565 dicebat
3219 3513 3535 3568 interfectos
3571 3518 3859 3586 conqueri-

2285 3603 2388 3647 tur.
2429 3595 2540 3650 Nec
2588 3597 2806 3662 mirum,
2854 3601 2981 3669 quia
3033 3603 3236 3658 amicus
3284 3605 3571 3660 stultorum
3601 3608 3860 3665 ellicietur

2282 3686 2550 3752 similiter,
2592 3699 2650 3743 ut
2689 3691 2764 3744 ait
2813 3690 3092 3758 Salomon,
3134 3710 3362 3763 quorum
3402 3700 3720 3755 societatem
3765 3718 3856 3756 ca-

2281 3783 2512 3835 vendam
2562 3785 2753 3838 edocet
2798 3785 2877 3839 sic
2924 3803 2986 3839 ει
3034 3787 3134 3842 Fili
3189 3791 3282 3852 ini,
3328 3792 3373 3845 si
3427 3801 3478 3846 te
3539 3794 3858 3849 lactaverint

2283 3883 2618 3940 peccatores,
2665 3890 2732 3930 ne
2776 3878 3093 3945 acquiescas
3128 3882 3229 3936 eis.
3277 3882 3334 3937 Si
3396 3884 3680 3940 dixerint:
3728 3886 3855 3942 \‘cni

2281 3965 2582 4028 nobiscum,
2629 3975 2718 4019 aut
2763 3977 2964 4023 sortem
2998 3971 3148 4026 mitte
3175 3973 3472 4038 nobiscum,
3526 3977 3856 4044 marsupium

2282 4069 2446 4108 unum
2483 4056 2553 4108 sit
2577 4057 2818 4111 omnium
2861 4069 3130 4114 nostrum.
3181 4063 3350 4118 P’edes
3395 4066 3544 4119 enim
3573 4081 3762 4120 eorum
3789 4068 3853 4120 ad

2282 4143 2480 4198 malum
2509 4155 2754 4199 currunt.
2785 4147 2860 4202 Ne
2889 4151 3158 4205 :eumleris
3185 4154 3330 4208 viros
3359 4155 3552 4224 impios
3574 4196 3590 4220 ,
3625 4173 3724 4213 nec
3751 4159 3847 4212 ile-'-

2279 4236 2484 4290 sideres
2531 4251 2652 4291 esse
2697 4253 2818 4292 cum
2873 4241 2974 4304 eis,
3026 4241 3152 4309 quia
3205 4244 3421 4300 fraudes
3478 4246 3620 4300 labia
3671 4263 3852 4302 eorum

2281 4327 2589 4397 loquuntur.
2621 4330 2689 4384 Et
2735 4346 2856 4385 cum
2884 4333 3282 4389 detractoribus
3319 4351 3387 4389 ne
3431 4340 3851 4404 commiscearis,

599 4423 814 4478 Etenim
863 4427 1003 4478 sicut
1056 4427 1267 4495 priores
1322 4429 1373 4482 in
1416 4431 1623 4484 scelere
1658 4433 1810 4500 prius
1860 4433 2068 4486 Dathan
2123 4444 2175 4486 et

2285 4420 2535 4486 quoniam
2578 4431 2798 4490 repente
2837 4433 3126 4492 consurget
3158 4426 3388 4493 perditio
3414 4443 3623 4488 eorum,
3655 4439 3708 4485 ‘et
3745 4432 3851 4484 rui-

598 4511 800 4563 Abiron
829 4517 974 4563 terra
999 4513 1305 4577 absorbuit;
1336 4513 1457 4567 dein
1482 4514 1618 4569 Core
1650 4531 1770 4569 cum
1802 4517 1914 4570 suis
1937 4519 2168 4586 compli-

599 4601 755 4655 cibus
808 4600 1023 4655 ﬂamma
1077 4602 1380 4670 corripiens
1431 4605 1751 4658 combussit.
1808 4604 1925 4658 Prae
1963 4608 2172 4660 cunctis

599 4702 782 4744 autem
804 4692 1242 4746 animadvertant
1274 4691 1590 4758 Simouiaci,
1623 4695 1713 4763 qui
1745 4704 1863 4762 post
1891 4695 2170 4748 innumera

599 4782 948 4835 anathemata
991 4782 1254 4851 Spiritum
1307 4793 1559 4838 sanctum
1639 4799 1736 4853 pro
1793 4785 2171 4840 ecclesiastica:

598 4870 875 4942 dignitatis
911 4872 1205 4926 ambitione
1227 4873 1454 4942 pecunia
1478 4873 1796 4944 impugnare
1813 4883 2169 4944 praisumunt,

533 4945 539 4953 ’
600 4966 802 5032 quique
843 4979 901 5016 se
930 4979 1242 5036 expugnare
1274 4967 1353 5018 vel
1398 4969 1694 5037 expugnari
1736 4984 1894 5036 posse
1923 4971 2170 5024 eumdem

2284 4511 2716 4580 namutriusque
2739 4512 2859 4580 quis
2886 4515 3075 4568 novit?
3113 4514 3190 4568 Ne
3219 4517 3312 4570 des
3361 4517 3553 4572 alienis
3598 4521 3848 4576 honorem

2282 4606 2429 4652 tuuni'
2453 4638 2467 4662 ,
2499 4609 2552 4652 et
2581 4617 2751 4655 annos
2800 4609 2918 4669 tuos
2957 4604 3201 4668 crudeli,
3242 4620 3309 4660 ne
3351 4605 3492 4662 forte
3536 4609 3852 4678 impleantur

2279 4691 2523 4744 extranei
2575 4692 2780 4747 viribus
2825 4693 2929 4747 tuis
2955 4733 2969 4758 ,
3001 4705 3056 4748 et
3091 4694 3304 4750 labores
3347 4698 3419 4751 tui
3461 4700 3569 4752 sint
3614 4701 3665 4753 in
3697 4701 3849 4754 deum

2277 4782 2451 4836 aliena
2468 4823 2482 4846 ,
2507 4793 2561 4836 et
2583 4800 2765 4853 gemas
2795 4785 2848 4838 in
2879 4787 3188 4842 novissimis
3213 4790 3431 4856 quando
3457 4795 3847 4861 consumpseris

2278 4891 2470 4929 carnes
2514 4885 2568 4928 et
2609 4893 2800 4946 corpus
2848 4887 3034 4943 tuuui,
3082 4889 3138 4934 et
3180 4879 3372 4936 dicas:
3400 4882 3511 4937 (Iur
3560 4886 3846 4939 detestatus

2281 4984 2397 5022 sum
2448 4969 2824 5037 disciplinam,
2866 4980 2921 5024 et
2957 4973 3413 5040 increpationibus
3450 4989 3556 5029 non
3591 4977 3844 5046 acquievit
