4124 5374
332 130 469 194 10.33

926 134 1293 193 ADVERSUS
1334 133 1746 218 SIMONLXCQS
1785 134 1965 193 LIBRI
2005 133 2204 191 τινες».
2250 165 2318 175 --—
2358 133 2560 193 LIBER
2598 134 2979 192 SECUNDUS.

3450 138 3583 193 ιιιξιε

331 265 441 319 cet,
487 264 749 307 excusare
788 252 1093 316 contendit,
1144 266 1263 306 cum
1311 251 1451 306 dicat
1482 249 1718 305 Paulus:
1757 268 1774 300 ‹
1808 248 1908 316 Qui
1942 258 1982 315 Λ
2014 254 2231 317 proplcr
2259 248 2611 317 pertinaciam
2637 288 2652 312 ,
2685 248 2848 302 etiam
2888 263 3012 303 cum
3042 248 3301 320 iumentis
3326 264 3421 307 eos
3448 249 3589 303 ulce-

332 343 542 413 ignorat
570 340 905 413 ignorabitur
930 339 983 409 (1
1017 339 1137 396 Cor.
1176 357 1286 405 κεν,
1316 341 1427 411 58).
1467 361 1484 391 ι
1524 339 1671 393 Unde
1697 338 1915 407 abjiciat

328 451 359 487 a
383 450 440 495 se
471 432 828 505 ignorantiam
853 447 970 502 qua:
998 443 1169 486 mater
1191 443 1273 485 cst
1300 433 1551 485 vitiorum
1574 429 1914 486 Christianus

293 516 301 523 ’
331 522 556 597 populus
583 563 599 587 ,
633 523 805 576 discat
832 522 951 591 quis
980 523 1049 575 sit
1090 531 1276 592 pastor
1297 564 1311 583 ,
1347 521 1467 590 quis
1502 522 1867 573 mercenarius
1896 559 1911 582 ,

329 615 451 686 quis
481 614 566 667 fur
590 622 645 667 ct
674 612 857 677 latro;
897 626 948 666 et
981 622 1253 681 pastorem
1302 611 1516 682 quidem
1568 609 1786 663 omnino
1828 625 1914 663 sc-

278 698 283 705 ’
328 722 530 779 quaer
570 715 627 759 et
654 705 874 767 audiat,
922 703 1312 759 mercenarium
1363 711 1540 755 autem
1580 699 1915 754 solummodo

323 797 534 861 audiat,
565 808 619 848 et
664 794 877 848 interim
906 792 1166 863 sufferat;
1203 792 1373 844 furem
1405 806 1532 845 vero
1560 799 1613 842 ct
1650 789 1912 842 latronem

324 904 431 943 nec
455 886 742 956 aliquando
763 886 947 939 audiat
979 924 993 949 ,
1024 901 1122 938 nec
1144 883 1383 947 sufferat,
1414 882 1539 953 quia
1565 897 1666 935 non
1694 881 1914 959 veniunt

276 974 281 981 ’
325 979 433 1032 nisi
467 990 524 1030 ut
551 977 801 1029 furentur
825 984 876 1028 et
903 983 1139 1028 mactent
1167 983 1221 1028 et
1250 976 1493 1044 perdant.
1521 972 1585 1026 Et
1617 972 1720 1027 heu
1745 971 1913 1042 lacry-

278 1070 283 1075 ’
324 1056 606 1125 mabiliter
641 1069 823 1122 vitiata
874 1080 1069 1121 nostra:
1097 1066 1447 1120 humanitatis
1475 1064 1751 1119 conditio!
1794 1080 1913 1134 quae

272 1156 279 1161 ’
320 1162 419 1216 vix
453 1176 709 1230 unquam,
763 1159 970 1213 diurnis
1023 1156 1479 1211 meditationibus
1508 1165 1561 1210 Ct
1586 1155 1912 1223 quotidianis

316 1249 825 1323 prannonitionihus
870 1248 1112 1315 fatigata,
1158 1247 1431 1317 cognoscit
1460 1246 1558 1298 sibi
1591 1244 1908 1315 appetenda,

320 1342 415 1398 vel
454 1340 704 1412 fugienda
730 1382 742 1403 ,
785 1355 907 1395 cum
955 1339 1155 1409 reliqua
1186 1339 1363 1391 omnia
1396 1336 1646 1389 animalia
1688 1337 1755 1387 ah
1799 1336 1912 1404 ipso

313 1432 412 1487 sui
442 1432 666 1487 θιιιιίΙὶο
705 1429 820 1484 solo
868 1429 1121 1482 instinctu
1167 1437 1370 1481 natura:
1400 1435 1653 1495 appetant
1693 1425 1792 1479 sibi
1827 1440 1911 1479 ac-

264 1507 277 1516 ‘
314 1525 632 1589 commoda,
660 1534 716 1578 et
761 1521 968 1594 fugiant
1017 1521 1377 1586 itu-onnnoda,
1414 1520 1515 1585 \‘cl,
1569 1530 1624 1572 nt
1675 1528 1911 1573 turtures

2017 336 2166 389 ribus
2194 343 2250 390 et
2275 336 2469 390 vesicis
2508 336 2844 406 turgentibus
2888 337 3200 408 deturpasse
3238 346 3294 392 et
3338 339 3592 395 condetu-

2014 442 2198 490 nasse,
2221 441 2287 480 ne
2304 424 2414 495 jam
2446 435 2666 497 possent
2697 436 2841 483 stare
2872 445 3052 483 coram
3081 427 3279 500 Moyse.
3308 428 3475 484 Porro
3513 431 3593 483 di-

2015 517 2184 584 gitum
2222 516 2310 569 Dei
2347 515 2608 585 Spiritum
2642 527 2891 572 sanctum
2919 533 3039 573 esse
3080 519 3191 590 ipse
3226 518 3483 575 Dominus
3537 520 3590 574 in

2014 606 2306 678 Evangelio
2335 608 2567 675 indicat,
2612 609 2834 663 dicens:
2870 628 2887 659 ι
2926 609 2984 664 Si
3020 610 3073 664 in
3104 611 3269 682 digito
3295 610 3388 667 Dei
3434 610 3594 682 cjicio

2016 699 2278 752 daemonia
2310 697 2461 768 (Luc.
2494 716 2567 760 XI,
2593 700 2705 768 20).
2738 718 2757 750 ι
2793 699 2943 768 Quod
2973 701 3111 755 allus
3140 702 3468 770 evangelista
3498 719 3596 758 εις

2015 804 2250 860 ponens,
2281 794 2351 845 ait
2380 808 2395 847 :
2428 811 2444 839 ο
2480 792 2536 846 Si
2576 793 2628 847 in
2661 792 2861 861 Spiritu
2897 793 3009 848 Dei.
3049 812 3067 844 ι
3096 792 3230 848 llinc
3263 795 3598 866 perpendam.

2016 883 2256 939 haretici
2286 885 2481 953 quibus
2505 885 2605 939 sint
2649 885 2952 948 assiniilati.
2979 895 3031 941 et
3053 896 3277 943 caveant
3306 903 3364 944 se
3389 904 3595 959 suaque

2014 988 2209 1026 arcana
2242 983 2363 1039 aut,
2398 976 2536 1029 sicut
2564 976 2660 1043 ipsi
2704 975 2803 1029 sibi
2850 988 3203 1046 praesumunt,
3254 987 3591 1033 sacramenta

1982 1060 1985 1063 ’
2015 1064 2317 1119 assimilare
2346 1068 2700 1122 sacramentis
2740 1069 3149 1138 Catholicornm,
3181 1069 3377 1140 quibus
3404 1085 3597 1141 coope-

2015 1163 2169 1208 ratur
2190 1156 2387 1227 digitus
2412 1157 2528 1223 Dei,
2553 1173 2651 1228 nec
2673 1174 2770 1227 pro
2792 1174 2888 1214 sua
2911 1159 3268 1215 irrationabili
3291 1161 3589 1231 pertinacia

2014 1262 2042 1300 a
2074 1246 2277 1319 Spiritu
2313 1260 2520 1315 sancto,
2572 1251 2657 1306 cui
2706 1253 3093 1308 contumaciter
3145 1270 3446 1326 repugnare
3488 1271 3594 1310 non

2015 1347 2281 1407 metuunt,
2316 1340 2452 1396 velut
2475 1339 2722 1409 jumenta
2748 1343 3136 1398 irrationabilia
3166 1345 3596 1415 irrccnperahili-

2016 1439 2099 1485 ter
2131 1432 2523 1502 percutiantur.
2550 1433 2890 1503 Pcrpendant
2915 1450 3127 1506 quoque
3161 1436 3434 1492 maleﬁcos
3477 1437 3596 1493 illos

2014 1524 2175 1579 nullis
2205 1527 2317 1581 suis
2349 1528 2781 1584 invocatiouibtts
2815 1538 2870 1583 et
2898 1532 3322 1589 exsecranzcutis
3357 1533 3597 1603 potuisse

270 1606 277 1611 ’
314 1616 564 1691 liiiilvos]
613 1626 667 1674 et
717 1616 1046 1687 hnjusmodi,
1084 1616 1195 1670 sive
1241 1616 1545 1684 accipitres,
1594 1613 1913 1683 generisque
1940 1603 1987 1662 Β
2015 1618 2228 1673 auferre
2261 1619 2342 1673 vel
2372 1621 2690 1676 imminuere
2735 1622 2915 1678 clades
2943 1639 3162 1680 suorum
3203 1635 3258 1682 ει
3290 1642 3415 1683 sua;
3440 1668 3455 1692 .
3499 1629 3597 1691 εει

312 1723 514 1763 eorum
548 1724 675 1763 aves
704 1708 970 1762 columba.
1003 1706 1057 1760 lu
1092 1705 1377 1776 superficie
1428 1719 1641 1774 quoque
1679 1703 1911 1772 prndium

311 1801 567 1856 historia:
598 1801 977 1855 indubitanter
1003 1809 1335 1853 monstratur
1374 1807 1633 1869 quantum
1661 1793 1912 1849 diﬂ'eraut

272 1882 285 1891 ’
314 1894 416 1964 qui
448 1900 669 1947 sumunt
700 1892 797 1945 sibi
826 1893 1080 1945 honorem
1112 1890 1180 1943 ab
1203 1890 1286 1942 his
1309 1888 1397 1958 qui
1429 1904 1457 1940 a
1490 1887 1599 1941 Deo
1630 1896 1907 1939 vocantur.

312 1985 465 2040 Core
500 1984 694 2054 quippe
738 1984 960 2053 ejusque
1008 1981 1296 2052 compliees
1323 1978 1599 2033 oﬂercndo
1630 1978 1909 2032 incensum

310 2087 377 2131 ct
408 2092 596 2147 preces
626 2076 849 2130 Domino
877 2074 1074 2129 nemini
1097 2073 1446 2143 profuerunt,
1478 2071 1578 2126 sibi
1605 2080 1783 2125 autem
1813 2085 1912 2139 per

312 2168 505 2220 munia
536 2166 859 2230 obfuerunt,
910 2165 996 2218 ubi
1037 2181 1134 2218 nec
1167 2179 1314 2216 n.0ra
1358 2160 1662 2216 incendium
1695 2175 1911 2247 merue-

278 2250 471 2311 runt.
515 2258 691 2310 Aaron
743 2265 920 2309 autem
971 2255 1118 2309 solus
1165 2254 1441 2309 offerendo
1487 2253 1764 2307 incensum
1792 2292 1807 2316 ,
1857 2259 1912 2306 ct

314 2349 566 2417 rogando
615 2363 711 2418 pro
756 2349 1145 2416 pereuntibus.
1196 2347 1335 2399 inter
1373 2353 1614 2397 mortuos
1657 2352 1713 2396 et
1759 2343 1913 2396 vivos

311 2452 499 2501 stans,
531 2440 681 2509 quasi
710 2436 926 2507 quidam
952 2436 1375 2507 incXpugnabilis
1403 2444 1456 2491 et
1490 2432 1911 2505 impenetrabilis

316 2545 537 2593 inuras,
576 2540 628 2581 et
676 2530 788 2598 ipse
821 2546 848 2582 a
883 2538 1029 2582 tanto
1060 2529 1309 2597 incendio
1341 2528 1642 2597 permansit
1688 2526 1908 2587 illalsus,

312 2630 490 2688 atque
517 2618 640 2672 illud
671 2619 866 2673 avertit
887 2636 913 2671 a
942 2619 1341 2688 superstitibus.
1369 2617 1573 2671 Taliter
1594 2617 1752 2673 unius
1776 2614 1913 2684 legi-

312 2710 448 2765 timi
488 2711 787 2765 sacerdotis
811 2712 1033 2777 oblatio,
1062 2721 1116 2765 et
1135 2710 1308 2765 oratio
1331 2708 1752 2776 indignationem
1778 2705 1912 2760 divi-

312 2804 516 2859 nitatis
564 2802 837 2874 placavit,
888 2819 1051 2874 quam
1115 2804 1467 2858 ducentorum
1522 2802 1911 2872 quinquaginta

310 2903 779 2965 praesumptorum
810 2895 910 2949 sibi
941 2904 994 2950 ct
1015 2894 1134 2949 aliis
1155 2894 1488 2965 provocavit.
1518 2882 1690 2958 Quod‘
1700 2899 1912 2960 oportet

304 2986 551 3040 audiant
579 2986 872 3042 Simoniaci
899 2996 1057 3057 atque
1078 3002 1263 3041 eorum
1290 2986 1621 3050 defensores,
1646 2984 1690 3038 si
1712 2985 1912 3037 habent

306 3095 489 3133 aures
518 3079 768 3134 audiendi
798 3119 815 3143 ,
849 3080 1171 3149 tandemque
1210 3079 1460 3134 desinant
1508 3077 1757 3149 precibus
1801 3077 1913 3131 suis

286 3180 372 3229 ,et
425 3169 710 3224 sacriﬁciis
748 3180 934 3224 contra
966 3186 1025 3227 se
1048 3183 1105 3226 et
1144 3180 1334 3227 contra
1366 3170 1622 3242 populum
1652 3170 1913 3226 incxstin-

312 3261 602 3333 gnibiliter
626 3263 923 3320 accendere
960 3265 1092 3317 iram
1124 3263 1247 3329 Dei.

286 3346 293 3351 ’
954 3356 1179 3411 CAPUT
1222 3355 1282 3409 Υ.

286 3516 293 3521 θ
319 3444 400 3499 De
431 3446 623 3499 Jumue
651 3458 695 3499 et
726 3446 984 3515 Humbre,
1012 3448 1196 3521 quibus
1219 3448 1423 3516 pejores
1448 3456 1567 3500 sunt
1595 3446 1905 3500 Siuwniaci.

395 3537 625 3591 Restant
654 3535 872 3591 .lam:.cs
911 3546 965 3592 ct
1011 3537 1250 3592 Mambrc
1284 3552 1513 3606 quorum
1566 3536 1910 3605 praesumptio

316 3637 375 3682 et
406 3628 636 3682 avaritia
666 3629 841 3698 palam
868 3640 971 3684 est.
1006 3628 1248 3699 Denique
1277 3644 1399 3683 cum
1430 3639 1613 3684 essent
1659 3627 1908 3691 malefici,

314 3721 555 3792 gentium
600 3721 839 3776 avaritim
877 3738 1058 3785 causa,
1101 3723 1497 3792 praesumebant
1539 3724 1693 3791 signa
1721 3720 1912 3785 divini-

324 3812 451 3865 tatis
472 3810 740 3874 azmulari,
772 3812 884 3865 sive
914 3822 969 3865 ut
1001 3829 1157 3882 pares
1184 3811 1350 3883 Moysi
1376 3811 1457 3865 vel
1488 3814 1793 3880 superiores
1822 3810 1911 3871 illo

319 3904 581 3957 mstimati
614 3920 644 3957 a
675 3904 868 3975 populo
902 3905 1392 3973 magnificarentur,
1423 3914 1517 3957 aut
1562 3914 1709 3957 certe
1740 3914 1798 3955 ut
1828 3917 1911 3963 re~

316 3990 429 4060 giis
475 3993 631 4047 donis
650 3993 1083 4047 .cunmlarentur.
1117 3994 1356 4062 Quorum
1384 3994 1714 4064 pertinacem
1746 3991 1907 4059 falla-

316 4084 465 4137 ciam
516 4085 659 4138 nuda
712 4086 911 4140 veritas
957 4094 1011 4140 et
1060 4088 1292 4140 maxima
1350 4086 1587 4155 potentia
1636 4084 1908 4154 signorum

328 4172 496 4245 Moysi
530 4192 635 4229 non
670 4176 946 4245 repressit.
978 4177 1145 4230 donec
1174 4177 1278 4229 illis
1307 4178 1458 4249 copia
1492 4174 1703 4259 fallendi
1735 4174 1910 4247 palam

1940 2941 1983 3000 Ο

2013 1710 2190 1777 potius
2212 1722 2611 1782 augmentasse,
2635 1722 2685 1768 et
2715 1714 2947 1778 tandem.
2975 1715 3198 1787 digitum
3222 1716 3315 1773 Dei
3338 1716 3593 1786 confessi,

2015 1797 2273 1868 incipiant
2314 1802 2413 1856 sibi
2448 1803 2667 1872 suisque
2707 1804 3102 1862 ecclesiasticos
3129 1808 3347 1864 ordines
3374 1809 3593 1866 humili-

2015 1894 2097 1942 ter
2125 1890 2440 1945 declinaudo
2467 1909 2685 1962 pavere,
2724 1896 2900 1965 potius
2948 1912 3109 1965 quam
3159 1906 3391 1968 superbe
3432 1915 3592 1959 usur-

2000 1981 2189 2065 pando
2240 1982 2517 2038 interitum
2561 2002 2879 2058 propagare.
2924 1988 3075 2055 Quod
3124 1990 3225 2046 tisi
3274 1994 3593 2064 sategerint,

2014 2070 2299 2140 nequiores
2332 2088 2391 2128 se
2411 2072 2600 2129 Jamne
2629 2086 2679 2130 et
2709 2077 2948 2134 Mainbre
2987 2080 3171 2150 procul
3217 2081 3382 2137 dubio
3426 2096 3595 2142 neve-

2012 2162 2144 2225 rint,
2168 2178 2288 2215 cum
2342 2163 2428 2218 isti
2470 2164 2695 2236 digitum
2734 2168 2825 2222 Dei
2853 2169 2953 2223 sibi
2984 2171 3263 2226 adversari
3295 2172 3594 2229 sentientes

2012 2254 2295 2319 cesserint.
2329 2256 2613 2326 ipsumque
2653 2256 2879 2327 professi
2910 2258 3131 2327 fuerint,
3178 2261 3304 2318 licet
3348 2263 3596 2333 impaui-

2014 2351 2187 2396 tcntes
2217 2344 2425 2397 veniam
2453 2360 2556 2399 non
2589 2348 2902 2401 meruerint.
2947 2347 3051 2418 Ipsi
3082 2366 3209 2406 vero
3232 2352 3364 2407 nihil
3398 2362 3596 2423 praeter

2013 2432 2181 2487 solam
2212 2435 2568 2502 pertinaciam
2599 2437 2917 2503 habuerint,
2952 2449 3103 2495 tanto
3127 2441 3336 2496 scilicet
3360 2444 3595 2514 nequio-

2015 2539 2122 2587 res,
2152 2536 2353 2593 quanto
2378 2526 2450 2578 illi
2485 2528 2535 2581 in
2568 2528 2771 2583 scelere
2807 2530 3065 2597 minores,
3104 2541 3163 2586 ut
3196 2542 3322 2603 puta
3351 2537 3443 2604 qui
3482 2534 3598 2592 fue-

2015 2615 2123 2669 rint
2165 2617 2301 2684 magi
2335 2615 2628 2672 Pharaonis
2666 2619 2910 2675 mortalis
2956 2623 3144 2692 utique
3180 2623 3435 2691 hominis,
3470 2640 3595 2681 cum

2013 2707 2120 2762 sint
2150 2709 2250 2778 ipsi
2279 2710 2379 2763 sub
2410 2710 2625 2766 nomine
2656 2710 2930 2783 religionis
2966 2713 3190 2772 lenones
3227 2717 3433 2793 antiqui
3477 2733 3594 2775 ser-

2011 2798 2210 2868 pentis.
2253 2799 2589 2870 Quapropter
2610 2802 2855 2872 exemplo
2889 2802 3041 2870 Cain,
3066 2803 3311 2877 Balaam,
3350 2817 3405 2863 et
3432 2807 3593 2874 Core,

2015 2890 2080 2943 de
2120 2891 2316 2959 quibus
2363 2906 2524 2960 supra
2571 2892 2836 2958 diximus,
2881 2902 2938 2949 et
2981 2911 3262 2966 magorum
3297 2899 3488 2957 borum
3529 2899 3597 2955 de

2012 2980 2209 3051 quibus
2242 2998 2420 3037 sermo
2449 2990 2552 3046 est,
2584 2984 2978 3052 perterrefacti,
3003 2996 3266 3058 quotquot
3286 2988 3508 3059 cupiunt
3527 2988 3597 3045 de

2012 3072 2291 3126 catholica}
2351 3073 2606 3129 Ecclesia}
2670 3091 2805 3144 pace
2870 3076 2924 3132 in
2981 3089 3248 3134 internum
3316 3079 3593 3151 gaudere.

2012 3173 2241 3218 careant
2270 3166 2765 3235 przesumptioncm,
2795 3167 3002 3236 fugiant
3027 3169 3333 3235 avaritiam,
3358 3171 3599 3227 devitem

2014 3257 2394 3326 pertinaciam,
2432 3256 2577 3311 illam
2610 3257 2669 3312 Β.
2701 3257 2848 3313 Pauli
2898 3276 3115 3329 semper
3161 3277 3270 3332 prae
3295 3263 3469 3321 oculis
3494 3264 3596 3318 ha-

2014 3348 2201 3402 bentes
2246 3349 2606 3403 sententiam:
2637 3368 2655 3400 ι
2691 3348 3035 3420 Qumcunque
3075 3354 3275 3421 scripta
3316 3362 3479 3419 sunt,
3526 3355 3597 3409 ad

2013 3446 2255 3492 nostram
2286 3438 2586 3493 doctrinam
2623 3440 2822 3510 scripta
2846 3452 2973 3496 sum
3002 3441 3178 3511 (Rom.
3210 3458 3302 3509 xv,
3337 3444 3412 3515 4).
3436 3462 3455 3496 ο
3484 3444 3592 3499 Et:

2017 3548 2036 3581 ‹
2074 3528 2198 3585 llaec
2236 3531 2416 3585 omnia
2458 3532 2511 3585 in
2560 3532 2727 3604 figura
2773 3536 3157 3606 contingebant
3202 3537 3326 3592 illis.
3377 3538 3594 3608 Scripta

2010 3629 2136 3674 sunt
2159 3632 2337 3676 autem
2367 3622 2433 3676 ad
2463 3624 2853 3679 correctionem
2901 3638 3163 3690 nostram,
3209 3627 3263 3682 in
3293 3642 3430 3699 quos
3458 3630 3594 3687 ﬂues

2012 3713 2327 3768 saeculorum
2375 3716 2509 3771 dere
2552 3723 2746 3769 nerunt
2778 3715 2827 3787 (1
2854 3715 2978 3779 Cor.
3007 3732 3074 3785 x,
3105 3718 3207 3788 ll).
3251 3737 3270 3775 ι

2626 3824 2854 3881 CAPUT
2896 3827 2976 3885 Vl.

2014 3936 2112 4014 L'bi
2159 3938 2510 3993 admonentur
2565 3937 2854 4014 Christiani
2907 3942 3074 4014 pilare
3117 3944 3589 4014 supplantationem

2083 4010 2444 4132 Itwreﬁcorum
2473 4049 2487 4073 ,
2537 4024 2759 4079 quorum
2818 4012 2947 4065 inibi
2990 4010 3189 4067 malunt
3217 4010 3394 4090 atque
3438 4032 3591 4091 pirus

2083 4091 2227 4132 oslen
2270 4093 2396 4132 itur.
2975 4129 2981 4132 _
3424 4128 3431 4132 .

2083 4091 2396 4134 ostenditur.
2974 4129 2982 4134 .
3424 4128 3431 4133 .

2084 4171 2143 4225 Et
2178 4188 2324 4227 nunc
2352 4156 2687 4241 sacerdotes,
2715 4190 2871 4245 reges
2889 4184 3066 4243 terrae,
3092 4186 3148 4235 et
3162 4193 3359 4237 omnes
3388 4195 3423 4251 p
3458 4181 3589 4253 puli.

322 4265 583 4319 onmibus
634 4264 847 4318 defecit.
895 4263 1027 4318 Nam
1061 4266 1184 4336 quia
1222 4265 1297 4319 uti
1372 4264 1578 4319 ratione
1610 4264 1676 4317 ad
1707 4264 1911 4318 discer-
1940 4281 1984 4339 ι)
2012 4261 2314 4334 intelligitc,
2364 4266 2690 4331 crudiinini,
2731 4268 3002 4338 [u‘ineipes
3045 4278 3101 4325 et
3145 4286 3334 4327 ouutes
3383 4272 3593 4340 iudices

328 4359 564 4409 nendum
595 4357 792 4412 bonum
821 4374 849 4411 a
891 4357 1032 4411 malo
1069 4358 1344 4429 nolebant,
1369 4374 1464 4413 eos
1507 4369 1760 4427 tanquam
1790 4356 1909 4410 inii-

306 4434 478 4513 _deles
514 4464 618 4501 non
662 4450 823 4503 verba
846 4489 860 4512 ,
897 4450 988 4504 sed
1030 4451 1177 4521 signa
1213 4452 1482 4520 respicere
1527 4452 1908 4518 admonebant,

332 4542 389 4613 et
423 4535 788 4608 increpabant.
822 4539 1097 4609 Siquidem
1130 4542 1423 4597 admonitio
1447 4542 1604 4597 simul
1633 4554 1687 4598 et
1731 4544 1910 4599 incre-

326 4626 481 4694 patio
526 4629 629 4683 illis
669 4632 1056 4699 adhibebatur,
1107 4632 1195 4687 ubi
1250 4649 1279 4686 a
1320 4634 1484 4701 virga
1535 4634 1699 4705 Moysi
1747 4637 1910 4704 virga:

338 4734 526 4783 eorum
566 4723 869 4781 devorahau
899 4741 983 4790 ur,
1031 4735 1084 4779 ct
1127 4740 1263 4794 aqua
1307 4725 1359 4780 in
1395 4726 1708 4795 sanguinem
1756 4742 1910 4782 versa

312 4815 500 4879 atque
534 4827 673 4867 rana:
699 4816 905 4868 educta:
954 4814 1021 4867 ad
1066 4813 1117 4868 id
1165 4814 1309 4886 quod
1348 4812 1562 4873 fuerant
1606 4831 1703 4885 per
1735 4816 1910 4870 solum

332 4895 553 4970 Moysen
584 4906 1013 4964 revertebantur.
1044 4919 1164 4958 cum
1195 4905 1294 4974 ipsn
1327 4902 1552 4959 malefici
1582 4905 1765 4976 plagas
1795 4905 1913 4960 illas

336 4989 438 5043 sibi
467 5002 520 5045 et
557 4996 676 5048 aliis
706 5007 913 5052 tantum
938 4992 1165 5060 addere,
1195 5011 1301 5052 non
1331 5000 1510 5061 autem
1556 5006 1777 5064 possent
1820 5010 1913 5048 au-

334 5074 499 5135 ferre.
530 5085 775 5150 Quicum
813 5094 998 5156 postea
1042 5082 1204 5139 etiam
1237 5087 1412 5155 ipsam
1459 5079 1673 5139 fallendi
1716 5097 1773 5143 et
1820 5102 1913 5152 no-

340 5165 492 5224 cendi
520 5166 923 5240 possibilitatem
954 5173 1003 5226 in
1033 5176 1189 5231 tertia
1217 5177 1374 5246 plaga
1406 5172 1735 5240 amisissent,
1760 5177 1913 5231 dixe-

339 5270 460 5315 runt
487 5280 500 5317 :
531 5280 552 5312 ι
586 5266 784 5334 Digitus
811 5266 902 5321 Dei
933 5273 1013 5318 est
1039 5265 1121 5318 hic
1147 5266 1348 5340 (Exod.
1384 5276 1502 5326 vm,
1550 5267 1659 5337 19).
1699 5286 1717 5319 ι
1759 5266 1911 5331 Unde

2013 4364 2171 4410 terra:
2195 4371 2209 4417 ;
2234 4353 2462 4424 juvenes
2498 4368 2552 4411 et
2594 4359 2850 4429 virgines.
2899 4376 3057 4418 senes
3094 4379 3219 4419 cum
3260 4364 3589 4436 junioribus.

2012 4448 2395 4516 apprehendite
2422 4449 2782 4518 disciplinam.
2810 4456 3095 4522 nequando
3121 4456 3385 4513 irascatur-
3408 4456 3592 4513 Domi-

2012 4554 2113 4593 nus
2135 4549 2190 4594 et
2212 4542 2449 4609 pereatis
2471 4542 2537 4595 de
2554 4542 2635 4596 via
2645 4540 2812 4609 justa.
2831 4544 3043 4613 Diligite
3055 4545 3343 4616 justitiam.
3366 4548 3594 4605 recolite

2010 4630 2133 4698 quis
2158 4630 2366 4683 dederit
2396 4631 2544 4684 vobis
2581 4632 2772 4701 pignus
2802 4634 3035 4703 Spiritus
3060 4675 3073 4697 ,
3105 4645 3160 4691 et
3188 4634 3357 4689 nolite
3377 4638 3590 4695 contri-

2012 4708 2158 4774 stare
2177 4720 2425 4773 cumdem
2458 4718 2717 4785 Spiritum
2754 4732 3003 4777 sanetum
3028 4722 3145 4789 Dei,
3178 4723 3232 4777 in
3261 4736 3372 4793 quo
3400 4725 3601 4796 signati

2012 4812 2145 4870 estis
2166 4812 2219 4866 in
2248 4809 2335 4864 die
2359 4811 2764 4878 redemptionis.
2792 4832 2810 4864 ι
2842 4816 2927 4870 An
2958 4818 3181 4871 nescitis
3209 4813 3336 4886 quia
3365 4830 3608 4888 corpora

2016 4912 2193 4977 vestra
2234 4898 2491 4968 templum
2530 4910 2659 4956 sunt
2679 4901 2915 4972 Spiritus
2959 4907 3157 4972 sancti.
3188 4919 3350 4975 quem
3381 4906 3613 4973 habet};

2010 5008 2045 5047 a
2069 4993 2197 5057 Deo,
2214 4998 2388 5044 etnon
2404 4988 2533 5041 estis
2548 4991 2710 5046 vestri
2725 4992 2747 5046 Υ
2762 4994 2816 5064 (Ι
2838 4994 2965 5052 Cor.
2981 5008 3056 5061 vi,
3079 4997 3322 5068 19.)ι--‹
3335 4979 3446 5053 vos
3458 5009 3617 5065 enim

2013 5086 2145 5141 estis
2192 5077 2451 5144 templum
2488 5078 2579 5134 Dei
2629 5082 2757 5147 vivi,
2789 5095 2847 5142 et
2871 5084 3110 5155 Spiritus
3143 5094 3370 5143 sanctus
3399 5088 3623 5158 habitat

2016 5173 2068 5229 in
2096 5172 2277 5230 vobis.
2313 5166 2369 5222 Si
2400 5168 2520 5236 quis
2542 5179 2724 5228 autem
2749 5176 3008 5246 templum
3034 5176 3130 5235 Dei
3160 5177 3464 5247 violaverit.
3497 5188 3626 5249 disc

2014 5268 2204 5335 μοιιίεοι
2219 5260 2367 5315 illum
2383 5257 2583 5329 Deus(l
2595 5259 3023 5335 Cor.m,t6,l7).
3036 5267 3453 5339 iu—c'l‘emplum
3464 5282 3627 5338 enim

2252 5361 2391 5374 -.ιι-α.
2425 5359 2497 5374 ΑΛ.
2534 5366 2599 5374 ρ.-
