4064 5394
514 356 646 412 tua?

1587 303 1945 405 uenerari
1986 345 2042 401 s.
2083 344 2148 398 ιι.
2187 301 2249 400 ιε..
2291 299 2716 399 emensus.

3623 330 3766 402 rem

509 462 1191 524 carcercdistrictiiudicis
1216 463 1418 518 exitum
1432 460 1630 516 frustra
1653 461 1898 531 speratis.
1915 460 2087 516 Nolite
2115 469 2164 526 Α
2191 455 2498 512 mortalium
2547 451 2786 510 venditio
2831 464 3052 506 suarum
3095 463 3284 504 rerum
3321 447 3418 502 vix.
3440 462 3546 502 non
3575 445 3771 516 infigit

510 561 689 614 facere
712 557 926 612 domum
957 554 1054 608 Dei
1083 552 1261 608 Patris
1307 552 1524 607 domum
1555 551 1966 622 negotiationis,
1994 563 2088 604 περ

503 654 614 720 oue
640 648 855 702 domum
887 642 1149 699 orationis
1194 641 1502 712 speluncam
1539 639 1833 695 latronum.
1881 639 2088 694 Sentite

508 741 577 792 de
605 730 835 791 Domino
869 734 922 788 in
947 735 1211 796 bonitate,
1243 730 1551 800 praesumite
1580 729 1646 783 de
1671 725 1759 782 illo
1794 729 1860 782 ad
1887 724 2086 782 bonum

509 825 764 894 incipere,
790 813 974 876 facere
1003 829 1057 874 et
1083 819 1364 888 perﬁcere,
1389 826 1444 872 et
1471 817 1520 870 in
1545 816 1886 885 simplicitate
1910 815 2090 869 cordis

509 916 735 985 quaerite
772 912 941 973 illmn,
971 926 1074 964 non
1113 917 1294 963 autem
1323 909 1373 962 in
1410 907 1586 975 aliqua
1617 904 1960 974 duplicitate,
1991 918 2089 958 ne-

509 1021 615 1074 que
633 1003 858 1074 potestis
883 1002 989 1056 Deo
1005 1015 1115 1054 serv
1131 1000 1231 1063 ire,
1253 998 1335 1052 vel
1361 998 1652 1058 adhaerere,
1669 1005 1723 1050 et
1744 1009 2085 1049 mammonae.

515 1096 755 1162 Denique
782 1093 906 1161 quia
954 1091 1066 1160 ipse
1111 1089 1348 1159 Spiritus
1377 1096 1594 1142 sanctus
1621 1085 1940 1154 simplicitas
1967 1084 2088 1148 est,

509 1197 567 1243 et
586 1186 858 1256 simplices
885 1183 1033 1247 facit,
1074 1183 1454 1250 simplicesque
1483 1189 1541 1235 ut
1570 1181 1638 1236 ab
1661 1181 1790 1250 ipsis
1819 1189 2093 1248 qumratur

512 1279 729 1346 qtmrit,
773 1289 1008 1345 congrue
1043 1273 1094 1328 in
1141 1272 1536 1342 simplicissima
1569 1271 1747 1327 arium
1775 1285 1936 1340 super
1963 1270 2092 1324 sim.

510 1366 866 1436 plicissimum
917 1362 1197 1416 Dominum
1244 1359 1427 1415 Josum
1474 1359 1723 1430 apparuit
1767 1368 1821 1414 et
1853 1360 2088 1413 mansit:

512 1470 666 1526 quae,
715 1455 1044 1525 simplicibus
1089 1452 1330 1521 frugibus
1373 1459 1665 1514 contenta,
1712 1449 1842 1504 nulli
1891 1449 2093 1517 rapinae

513 1546 705 1607 inhiat,
758 1546 886 1614 quin
933 1543 1110 1611 potius
1159 1541 1378 1596 fallaces
1419 1539 1633 1605 milvos,
1683 1548 1738 1594 et
1786 1539 2092 1607 huiusmodi

509 1633 945 1706 raptorcs[aves]
967 1643 1125 1689 caute
1153 1633 1373 1688 devitat.
1407 1651 1424 1682 ι
1459 1631 1790 1702 Simplicitas
1813 1631 2092 1700 autemju-

513 1737 721 1783 Storum
735 1727 782 1778 di
795 1726 926 1796 riget
944 1735 1122 1790 eos,’ct
1141 1725 1507 1796 supplantatio
1519 1739 1898 1794 perversorum
1915 1731 2094 1777 vasta-

2191 553 2493 615 peccatum,
2518 543 2662 612 quod
2707 542 2984 610 Scriptura
3010 539 3225 595 asserit
3261 538 3417 593 inice
3446 537 3770 593 vendentem

2189 643 2245 690 et
2289 643 2556 689 ementem
2588 632 2677 703 figi
2721 642 2777 688 et
2820 628 3378 702 coangustiari-velut
3425 628 3774 699 palusinter

2191 724 2399 779 medias
2443 721 2727 791 iuncturas
2770 721 3027 792 lapidum.
3092 720 3158 774 Et
3199 729 3461 789 quantum
3521 727 3772 789 putamus

2191 814 2397 869 crimen
2430 815 2850 884 incurrunt,-qui
2877 812 3060 868 illicita
3091 821 3144 866 et
3176 808 3434 880 pestifera
3461 808 3774 864 venditione

2143 953 2146 955 ,
2192 904 2422 961 alienam
2453 921 2588 968 rem,
2616 905 3020 962 corttradiaaite
3049 917 3114 960 eo
3147 900 3302 970 cujus
3329 912 3409 958 est
3429 902 3777 965 ,-distrabere

2189 998 2564 1068 pra‘sumunt?
2594 993 2756 1053 Planc
2791 998 3094 1053 violenti-et
3119 1007 3370 1066 raptores
3407 1003 3540 1049 sunt
3566 995 3771 1063 de-qui-

2192 1091 2292 1146 bus
2335 1091 2664 1160 Apostolus:
2698 1109 2716 1142 ι
2756 1089 2941 1160 Neque
2985 1099 3268 1159 raptores,
3298 1086 3508 1158 inquit,
3549 1087 3775 1155 regnum

2195 1182 2287 1236 Dei
2311 1181 2654 1252 possidebunt
2670 1181 2721 1253 (I
2737 1181 2857 1235 Cor.
2874 1197 2950 1246 vt,
2970 1181 3077 1251 10).
3111 1200 3128 1232 ο
3155 1181 3210 1234 In
3234 1177 3452 1249 quibus,
3476 1178 3519 1232 si
3544 1178 3774 1247 possint.

2186 1270 2334 1341 juste
2373 1273 2716 1328 considerent
2743 1283 2998 1342 quantam
3029 1271 3273 1340 rapinam
3305 1277 3656 1339 praesumant,
3681 1267 3779 1335 qui

2195 1365 2262 1420 de
2295 1366 2410 1435 ipso
2449 1367 2560 1420 Deo
2586 1374 2637 1420 et
2667 1367 2907 1418 omnium
2939 1378 3120 1420 rerum
3146 1361 3438 1416 visibilium
3455 1367 3511 1414 et
3535 1357 3781 1414 invisibi-

2195 1458 2325 1512 lium
2347 1457 2571 1512 Domino
2596 1456 2824 1512 nefande
2847 1455 3107 1527 negotiari
3133 1453 3408 1515 affectant,
3431 1449 3522 1506 ubi
3549 1451 3778 1520 gratiam

2195 1546 2331 1616 ejus,
2354 1563 2515 1616 quam
2543 1547 2712 1618 gratis
2737 1557 3013 1616 acceptam
3037 1561 3066 1599 a
3089 1558 3146 1598 se
3171 1543 3344 1613 gratis
3369 1541 3480 1596 dari
3503 1539 3777 1609 prmcipit:

2196 1640 2431 1694 vendere
2457 1648 2513 1693 et
2546 1654 2728 1692 emere
2774 1639 2839 1690 ad
2869 1636 3159 1692 multarum
3189 1634 3490 1688 animarum
3521 1630 3784 1699 perditio-

2198 1743 2322 1780 nem
2347 1742 2450 1780 non
2477 1726 2743 1781 dubitant.
2780 1724 2973 1779 Verum
2997 1725 3048 1778 in
3073 1725 3172 1778 hoc
3198 1739 3304 1790 non
3335 1721 3508 1776 solum
3529 1728 3783 1789 raptores

505 1821 591 1874 bit
625 1819 742 1872 illos
766 1814 947 1886 (Prov.
995 1834 1046 1872 χι
1076 1859 1089 1884 ,
1117 1818 1246 1888 3).,»
1286 1817 1438 1874 Unde
1460 1817 1590 1886 justi
1619 1832 1682 1871 ex
1719 1817 1823 1872 fide
1851 1817 2090 1871 viventes
2124 1801 2166 1858 Β
2192 1827 2248 1874 et
2269 1819 2534 1889 sacrilegi,
2567 1833 2754 1872 verum
2799 1827 2854 1870 et
2879 1816 3182 1880 homicida,
3236 1813 3490 1883 periuri,
3520 1821 3782 1880 apostata:

505 1912 628 1965 sive
649 1927 742 1981 pro
762 1910 934 1965 ofﬁcio
951 1927 1048 1966 suo
1071 1925 1260 1964 manus
1277 1911 1432 1965 alicui
1457 1910 1772 1980 simpliciter
1795 1910 2090 1978 imponant,

513 2002 629 2054 sive
663 2001 802 2054 aliud
831 2002 958 2070 quid
994 2001 1046 2055 in
1077 2001 1291 2056 nomine
1319 2000 1525 2055 Domini
1565 2009 1724 2071 aeaut
1751 2041 1766 2065 ,
1806 2001 1984 2056 omnia
2011 1999 2092 2054 eis

515 2102 872 2162 cooperantur
919 2093 971 2147 in
1029 2093 1248 2147 bonum.
1303 2092 1619 2147 Econtrario
1669 2092 1908 2161 perversi
1966 2091 2093 2160 quia

513 2182 935 2253 supplantationi
986 2190 1182 2236 mutua:
1211 2181 1590 2236 insatiabiliter
1631 2181 1864 2246 inhiant,
1911 2196 2093 2250 pecca-

517 2282 626 2326 tum
657 2283 740 2327 est
770 2273 1030 2342 quidquid
1061 2273 1308 2335 actitant,
1335 2272 1589 2340 quoniam
1619 2273 1736 2327 sine
1766 2271 1869 2326 fide
1893 2279 2089 2324 exstat.

512 2363 648 2417 Nam
677 2364 763 2418 ubi
789 2363 1148 2432 supplantatio
1168 2373 1270 2428 est,
1298 2364 1444 2417 fraus
1463 2378 1678 2431 quoque
1701 2371 1802 2418 est.
1829 2361 1932 2417 Ubi
1962 2375 2092 2416 vero

513 2451 684 2515 fraus,
728 2451 798 2506 ibi
825 2460 879 2506 ct
908 2449 1195 2507 iufi.lelitas
1233 2461 1393 2522 atquc
1425 2451 1750 2517 maledictio,
1794 2451 1934 2506 sicut
1966 2465 2092 2520 pro-

500 2545 675 2612 'pbeta
707 2543 1028 2598 denuntiat:
1063 2563 1079 2595 ι
1116 2543 1432 2598 Maiedictus
1455 2543 1546 2613 qui
1581 2543 1860 2612 facitopus
1884 2542 2091 2597 Domini

509 2633 894 2689 fraudulenter
924 2635 1054 2704 (.Ier.
1084 2650 1272 2699 xt.vttt,
1300 2634 1404 2703 ill).
1442 2653 1461 2687 ι
1489 2634 1674 2703 lzaquc
1691 2634 2097 2688 attendatur'in-

513 2732 599 2777 ter
625 2722 760 2777 alias
788 2723 876 2776 illa
915 2723 1347 2778 Simoniacorum
1381 2723 1762 2793 supplantant).
1789 2739 1898 2793 qua
1925 2738 1984 2777 se
2010 2723 2094 2776 in-

512 2812 689 2867 vicem
719 2812 1064 2884 supplantant
1113 2814 1393 2869 vendendo
1439 2823 1496 2869 et
1539 2815 1786 2869 emendo.
1837 2813 2094 2884 Equidem

512 2912 725 2972 emptor
751 2904 980 2973 pretium
1009 2904 1186 2960 dando
1215 2905 1523 2974 supplantat
1569 2906 1924 2971 venditorem,
1969 2905 2093 2960 dum

511 2994 661 3048 illum
692 2995 866 3064 gratia
908 2993 1008 3053 Dei
1043 2994 1253 3050 fraudat
1304 3012 1372 3051 ne
1409 3012 1528 3052 eam
1578 2997 1772 3052 habeat
1825 2997 2093 3061 venditor,

517 3092 611 3138 aut
640 3084 868 3153 pretium
912 3084 1225 3155 accipiendo
1255 3086 1603 3142 nihilominus
1631 3086 1940 3157 supplantat
1977 3102 2096 3142 cm-

517 3187 748 3245 ptorem,
767 3178 891 3232 dum
911 3178 1059 3232 illum
1083 3179 1250 3250 gratia
1269 3181 1360 3236 Dei
1377 3180 1609 3245 fraudat,
1634 3197 1700 3236 ue
1714 3197 1831 3236 eam
1849 3182 2095 3251 accipiat.

512 3267 627 3333 Qua
676 3269 1109 3338 supplantatione
1139 3272 1263 3341 quia
1303 3273 1517 3342 utrique
1547 3273 1778 3327 invicem
1824 3287 1882 3327 se
1927 3273 2100 3344 gratia

515 3359 609 3413 Dei
641 3358 910 3423 fraudant,
946 3357 1228 3432 elongatur
1253 3363 1320 3416 ab
1350 3363 1430 3418 eis
1468 3363 1788 3429 benedictio,
1823 3379 1928 3434 qua
1955 3373 2102 3434 post-

515 3446 732 3500 modum
750 3449 1083 3502 secumalios
1101 3450 1376 3504 damnent.
1402 3451 1762 3522 Quoscunque
1777 3453 1893 3508 sive
1912 3453 2098 3522 gratis,

516 3533 631 3588 sive
660 3549 764 3589 non
794 3537 961 3604 gratis
985 3536 1319 3591 contaminat
1353 3553 1542 3594 manus
1569 3554 1756 3595 eorum
1792 3540 2096 3610 itnpositio;

519 3637 585 3678 ac
633 3637 730 3692 per
760 3624 860 3678 hoc
902 3623 961 3678 fit
1002 3634 1056 3679 ιιι
1104 3625 1466 3695 supplantatio
1506 3643 1884 3696 perversorum
1930 3640 2101 3686 vastet

518 3713 660 3775 illos,
691 3729 789 3768 nec
819 3714 1088 3785 relinquat
1113 3717 1192 3770 eis
1217 3716 1450 3772 radicem
1477 3729 1533 3773 et
1561 3735 1778 3788 germen
1807 3722 2102 3790 spiritualis

519 3807 731 3874 gratim.
764 3804 896 3859 Nam
925 3821 1085 3876 quam
1123 3807 1485 3877 periculosum
1533 3810 1603 3864 sit
1631 3811 1793 3866 etiam
1839 3812 1992 3869 laicis
2033 3828 2097 3868 ex

507 3895 866 3951 smeularibus
892 3896 1052 3952 rebus
1081 3898 1371 3967 negotium,
1398 3897 1668 3968 Sapientis
1700 3910 1961 3956 nnmstrat
2000 3904 2102 3959 hoc

515 3986 861 4055 proverbium
893 4004 904 4038 :
945 4004 962 4035 ι
1018 3987 1141 4042 Duae
1175 3989 1381 4057 species
1419 3987 1662 4046 difﬁciles
1689 4000 1745 4046 et
1789 3993 2101 4062 periculosae

524 4073 656 4132 mihi
682 4088 1051 4146 apparuerunt
1079 4097 1091 4132 :
1118 4077 1338 4136 Difﬁcile
1367 4083 1588 4139 exuitur
1629 4086 1908 4156 negotians
1951 4103 1980 4140 a
2009 4103 2102 4144 ne-

516 4168 788 4236 gligcutia,
814 4178 866 4224 et
891 4168 1390 4237 noniustifieabitur
1411 4189 1583 4247 caupo
1606 4191 1636 4230 a
1664 4178 1900 4246 peccatis
1928 4177 2101 4234 labio-

523 4276 660 4314 rutn.
690 4259 918 4330 Propter
942 4263 1172 4331 inopiam
1199 4264 1351 4319 multi
1373 4266 1734 4336 deliquerunt,
1761 4278 1814 4324 et
1840 4271 1930 4340 qui
1953 4287 2099 4342 qua:-

521 4351 946 4423 iitlocupletari,
980 4355 1176 4408 avertit
1208 4357 1422 4410 oculum
1448 4373 1627 4424 suum,
1667 4361 1806 4414 sicut
1831 4360 1883 4414 in
1924 4362 2100 4417 medio

519 4442 857 4536 conipaginis
884 4443 1133 4536 lapidum
1167 4445 1324 4536 palus
1370 4447 1570 4518 figitur.
1611 4449 1702 4503 Sic
1735 4459 1788 4504 et
1817 4451 1956 4505 inter
1989 4467 2102 4506 me-
2133 4477 2180 4536 υ
2206 4449 2397 4506 Petrus
2425 4461 2604 4506 autem
2637 4454 2772 4507 dixit
2795 4454 2862 4507 ad
2891 4468 3013 4509 eum
3049 4470 3064 4509 :

2193 1917 2354 1979 atque
2383 1908 2645 1972 Ineretici,
2679 1922 2908 1976 quormu
2941 1906 3103 1975 justae
3149 1902 3350 1958 ultioni.
3379 1901 3466 1955 vix
3512 1898 3784 1956 sufﬁciant

2194 1999 2342 2052 varia
2387 2008 2440 2052 et
2469 1996 2878 2052 innumerabilia
2923 2004 3191 2050 tormenta
3237 1993 3509 2048 inferioris
3539 1990 3778 2046 inferni:

2194 2091 2286 2159 qui
2341 2105 2439 2146 nec
2489 2090 2728 2159 Dira-fatis
2757 2088 3051 2143 sceleribus
3094 2089 3362 2148 contenti,
3395 2089 3462 2155 ad
3497 2086 3778 2141 cumulum

2195 2183 2536 2250 sempiterna:
2567 2180 2926 2236 damnationis
2957 2193 3068 2234 sua:
3097 2177 3476 2247 blaspbcmant
3513 2176 3781 2246 Spiritum

2196 2281 2464 2336 sanctuni,
2499 2287 2658 2341 quem
2693 2285 2789 2325 suo
2817 2270 3099 2340 sacrilegio
3125 2278 3182 2323 et
3224 2269 3423 2338 rapina:
3457 2268 3785 2334 ueterisque

2195 2343 2450 2432 nequitiis
2478 2365 2528 2418 in
2563 2373 2768 2416 lautmn
2797 2362 3072 2432 cooperari
3104 2361 3394 2430 praedicant
3430 2368 3484 2414 et
3517 2359 3780 2420 credant,

2194 2464 2253 2508 ut
2273 2455 2339 2507 ad
2363 2463 2546 2508 votum
2571 2453 2779 2506 illorum
2807 2451 3142 2507 sacrificetur
3165 2461 3217 2505 et
3249 2449 3599 2505 benedicatur
3619 2447 3778 2516 quid-

2195 2545 2321 2616 quid
2350 2546 2448 2617 ipst
2475 2543 2678 2618 leprosi
2716 2554 2770 2601 et
2815 2544 3082 2600 maledicti
3117 2558 3212 2601 ore
3262 2557 3533 2612 ntanuque
3565 2539 3781 2596 comin-

2195 2647 2345 2710 guut.
2938 2675 2942 2680 -

2805 2725 3032 2782 CAPUT
3073 2725 3183 2781 Vll.
3211 2763 3214 2768 η

2268 2820 2346 2876 De
2376 2819 2712 2876 «irrumatione
2739 2819 2860 2886 ﬁcte
2889 2819 3232 2887 qua-renuunt
3264 2813 3541 2872 Dominum
3571 2853 3587 2880 ,
3612 2813 3708 2870 sub

2552 2883 2786 2960 exemplo
2815 2883 3041 2942 Auertite
3069 2899 3113 2940 et
3162 2883 3421 2956 Suphirre.

2265 2999 2434 3070 Igitur
2470 3007 2733 3068 quotquot
2761 2998 2890 3052 estis
2933 2997 3024 3052 ﬁlii
3073 2996 3191 3060 Dei,
3227 2996 3351 3066 quia
3409 2993 3616 3064 Spiritu
3678 2994 3774 3051 Dei

2200 3092 2476 3161 agitanti,
2545 3091 2596 3145 in
2657 3090 3004 3160 simplicitate
3058 3089 3239 3143 cordis
3307 3088 3536 3156 qumtiite
3601 3088 3779 3157 ipsum

2203 3181 2464 3252 Spiritum
2499 3181 2612 3246 Dei,
2663 3182 2918 3251 quoniatn
2967 3180 3237 3236 invenitur
3276 3180 3349 3235 ab.
3402 3179 3487 3235 his
3535 3179 3626 3248 qui
3673 3195 3779 3234 non

2203 3282 2409 3328 tentant
2438 3272 2608 3326 illum.
2639 3272 2875 3343 Simplex
2910 3281 2992 3326 est
3021 3273 3190 3338 enim,
3220 3273 3326 3334 imo
3356 3273 3470 3341 ipsa
3521 3271 3783 3338 simplici-

2205 3373 2307 3428 tas,
2339 3363 2422 3418 cui
2455 3378 2550 3432 per
2573 3363 2752 3416 omnia
2783 3363 3138 3418 exsecrabilis
3190 3372 3275 3420 est
3323 3362 3696 3418 siumlatorum
3727 3371 3781 3417 et

2201 3452 2501 3508 calidorum
2555 3452 2861 3522 duplicitas,
2911 3452 3068 3520 juxta
3118 3453 3261 3522 quod
3343 3453 3604 3523 scripzum
3661 3465 3778 3507 est:

2209 3560 2226 3593 ι
2264 3541 2621 3596 Sitnulatores
2650 3551 2704 3595 et
2731 3542 2911 3596 callidi
2969 3553 3270 3612 provocant
3327 3543 3464 3598 iram
3519 3543 3616 3598 Dei
3652 3544 3777 3608 (Job

2202 3648 2385 3698 xxxvr,
2421 3633 2528 3703 l5).
2564 3652 2582 3685 ι
2619 3633 2932 3700 Ubicunque
2969 3646 3148 3690 autem
3178 3634 3452 3702 simulatio
3492 3636 3578 3692 vel
3628 3636 3782 3696 calli-

2203 3721 2363 3786 ditas,
2417 3720 2488 3775 ibi
2532 3737 2744 3790 quoque
2792 3721 2968 3790 fraus;
3029 3733 3083 3778 et
3139 3723 3444 3794 ubicunque
3492 3725 3672 3790 fraus,
3704 3727 3778 3780 ibi

2204 3827 2417 3881 quoque
2456 3821 2699 3867 tentatur
2725 3814 3025 3870 divinitas:
3083 3831 3192 3886 qua
3241 3821 3428 3885 utique
3485 3821 3779 3878 tentatiouc

2205 3904 2281 3956 ira
2335 3903 2426 3957 Dei
2477 3915 2817 3973 provocatur,
2847 3907 2988 3961 sicut
3035 3906 3086 3959 in
3135 3908 3500 3977 apostolorum
3555 3911 3776 3968 Actibus

2205 3993 2372 4048 verbo
2401 4004 2456 4048 et
2506 3995 2646 4050 facto
2700 3996 2960 4066 principis
3011 3997 3377 4066 apostolorum
3430 4009 3775 4059 monstratur.

2208 4088 2300 4141 ubi
2342 4085 2423 4140 sic
2452 4083 2683 4151 legitur:
2719 4103 2736 4137 ι
2782 4086 2875 4141 Vir
2901 4095 3081 4141 autem
3112 4087 3327 4156 quidam
3368 4087 3586 4141 nomine
3631 4089 3772 4141 Ana-

2201 4176 2342 4240 nias,
2373 4193 2495 4232 cum
2529 4177 2758 4248 Saphira
2811 4193 2978 4232 uxore
3033 4193 3149 4240 sua,
3183 4178 3434 4232 vendidit!
3469 4193 3679 4241 agrum,
3721 4185 3775 4234 et

2202 4269 2472 4326 fraudavit
2496 4271 2563 4326 de
2590 4269 2762 4342 pretio
2791 4271 2930 4342 agri,
2967 4271 3182 4324 cousdat
3218 4285 3384 4324 uxore
3409 4285 3530 4334 sua,
3569 4281 3623 4324 et
3646 4269 3774 4331 affe-

2201 4377 2327 4415 rens
2350 4371 2556 4430 partem
2586 4363 2872 4431 quamdam
2898 4361 2962 4416 ad
2994 4361 3551 4430 pedeslapostolorum
3579 4362 3770 4428 posuit.

3119 4453 3348 4515 Auania,
3403 4470 3502 4506 cur
3553 4454 3776 4517 tentavit

519 4533 669 4586 dium
697 4531 1406 4604 venditionis,etemptionis
1431 4539 1803 4607 angustahitur
1823 4551 2102 4608 peccatum
2133 4531 2166 4536 ⁷
2207 4540 2438 4596 Satanas
2473 4559 2569 4597 cor
2623 4551 2771 4596 tuum
2807 4544 3022 4598 mentiri
3077 4552 3130 4597 te
3177 4543 3403 4614 Spiritui
3457 4554 3670 4608 sancto,
3720 4553 3775 4602 et

519 4621 713 4691 (Eccli.
740 4637 888 4687 xsvt,
909 4623 1008 4687 28;
1039 4625 1368 4694 xxvtt,1,2).
1391 4645 1409 4678 ι
1429 4627 1581 4692 Quod
1605 4629 1646 4681 si
1675 4638 1780 4682 tam
1802 4630 2028 4685 difﬁcilis
2050 4640 2105 4686 et

520 4713 1161 4783 periculo$aestvenditio
1181 4725 1233 4769 et
1257 4717 1459 4786 emptio
1484 4715 1700 4773 laicisin
1728 4702 2105 4776 communibus

521 4814 576 4856 et
599 4803 824 4872 privatis
854 4819 1040 4859 eorum
1090 4805 1434 4871 utilitatibus,
1475 4808 1597 4876 quis
1623 4823 1882 4864 enarrare
1925 4819 2105 4880 potest

524 4910 688 4962 quam
712 4894 942 4950 difﬁcilis
962 4906 1016 4950 ct
1061 4896 1363 4967 periculosa
1400 4899 1469 4952 sit
1497 4898 1712 4956 clericis
1751 4901 1802 4954 in
1848 4901 2106 4956 ecclesia-

523 4985 676 5040 sticis
697 4985 1166 5048 ordinationibus?
1193 4987 1258 5041 Et
1284 4997 1432 5042 certe
1467 4990 1561 5043 tibi
1593 4991 1737 5047 licita
1761 5001 1844 5047 est
1869 4993 2104 5047 venditio

524 5077 605 5129 rei
661 5085 787 5130 tute.
835 5077 958 5130 auia
989 5077 1282 5130 secundum
1313 5076 1373 5130 Ii.
1416 5077 1698 5130 Aunustini
1729 5082 1948 5130 dictum.
1997 5100 2101 5130 nnn

2204 4630 2459 4687 fraudare
2483 4633 2550 4688 de
2597 4635 2771 4701 pretio
2811 4634 2965 4701 agri?
3009 4632 3195 4688 Nonne
3224 4648 3449 4687 manens
3473 4633 3565 4686 tibi
3591 4647 3772 4686 ηιαηθο

2205 4722 2335 4787 bat;
2363 4730 2416 4777 et
2443 4723 2810 4776 venundatum
2847 4722 2900 4776 in
2931 4730 3022 4776 tua
3076 4733 3196 4776 erat
3249 4722 3551 4789 potestate?
3602 4722 3775 4789 Quare

2205 4810 2429 4880 posuisti
2461 4810 2513 4864 in
2541 4813 2704 4865 corde
2754 4819 2842 4864 tuo
2868 4810 3005 4864 hanc
3039 4810 3191 4864 rem?
3235 4809 3352 4864 Non
3405 4827 3470 4865 es
3520 4813 3775 4865 mentitus

2207 4901 2537 4964 hominibus,
2566 4902 2658 4957 sed
2690 4900 2818 4955 Deo.
2860 4902 3099 4956 Audiens
3146 4911 3325 4955 autem
3371 4903 3614 4963 Ananias
3666 4902 3774 4956 haec

2205 4991 2391 5056 verba,
2444 4992 2640 5046 cecidit
2690 5001 2747 5046 et
2786 4993 3113 5062 ,ex5pirarit.
3147 4993 3215 5049 Et
3266 4993 3440 5048 factus
3483 5005 3569 5049 est
3619 4995 3773 5062 timor

2206 5099 2430 5130 magnus
2461 5084 2515 5130 in
2543 5099 2731 5130 omnes
2751 5086 2840 5130 nui
2890 5085 3198 5130 mulier-unt-
3250 5087 3551 5130 Summum
3596 5096 3768 5130 anitum
