4064 5394
521 249 655 307 ΗΠΙ

1584 247 1936 303 ΙΙΕΜΒΕῘΠΊ
1977 249 2032 301 S.
2076 248 2138 301 ιι.
2182 249 2239 305 Ε.
2284 248 2693 306 (ᾺΒΟΙΝΛῐιιδ

3572 275 3593 291 ’ν
3631 256 3780 312 ιθτε

496 377 576 424 -ιη
600 379 722 439 φης
752 364 818 418 sil
850 370 1101 418 voluntas
1145 359 1238 419 Dei
1258 401 1272 426 ,
1321 359 1461 430 quod
1505 360 1702 414 bonum
1744 370 1799 414 et
1841 359 2089 430 benepla-
2119 370 2165 426 Λ
2198 368 2283 412 tur
2306 362 2371 414 ab
2401 362 2511 425 eis,
2541 361 2795 431 quoniam
2823 361 3121 419 fraudando
3145 370 3200 420 et
3223 365 3533 422 utentiendo
3563 376 3783 425 tentant

508 467 702 521 cuum,
734 466 786 511 et
812 454 953 525 quod
978 452 1275 524 perfectum
1304 461 1388 506 est
1420 452 1677 521 probetis.
1723 450 1874 517 Quod
1906 462 2087 505 votum

516 525 580 607 ne
626 549 949 620 ucgligeres,
997 546 1081 600 cui
1130 545 1340 599 voveris
1374 544 1607 599 inculcat
1650 546 1867 598 dicens:
1900 564 1919 596 ι
1952 544 2083 598 Ter-

515 640 677 697 ribili.
720 659 739 691 ι
770 638 1003 693 Putasne
1047 652 1213 706 quam
1263 635 1545 690 Terribili?
1585 636 1835 704 Adiecit:
1890 656 1907 687 ι
1949 638 2011 691 Et
2036 638 2085 691 ei

476 780 480 784 .
511 732 601 804 qui
628 730 804 785 aufert
833 730 1079 801 spiritum
1107 728 1431 798 principum.
1476 747 1494 780 ι
1537 728 1708 813 llujiis
1745 737 1986 783 tenorem
2030 738 2087 782 ut

510 838 634 879 vere
663 820 985 878 ini-flabilem
1014 820 1189 874 adhuc
1224 820 1463 874 revelare
1489 820 1806 875 mortalibus
1833 820 2086 874 laborans

509 913 775 970 conclusit
803 915 917 969 sic:
953 933 973 966 ι
1011 913 1262 967 Terribili
1295 913 1436 982 apud
1463 927 1648 966 omnes
1675 927 1827 982 reges
1860 919 2036 965 terrae.
2061 930 2078 961 ι

510 1007 652 1076 Ergo
689 1006 814 1076 quia
865 1005 1143 1076 indignant
1186 1005 1346 1059 nimis
1383 1013 1467 1060 est
1511 1013 1569 1058 ιιι
1615 1005 1841 1059 Domino
1894 1013 2082 1060 nostro

507 1095 633 1151 Jesu
665 1096 915 1159 Christo,
946 1096 1036 1165 qui
1064 1102 1210 1149 tanta
1232 1108 1285 1148 et
1309 1095 1434 1149 talia
1470 1094 1520 1148 in
1556 1094 1711 1148 nobis
1733 1103 1787 1148 et
1812 1109 1907 1163 pro
1931 1093 2082 1148 nobis

507 1198 593 1244 est
632 1200 887 1260 operatus
921 1198 976 1244 et
1004 1203 1221 1258 passus,
1257 1188 1454 1258 ingrati
1489 1188 1689 1252 sinms,
1739 1196 1907 1240 totum
1938 1186 2081 1255 quod

510 1283 768 1336 habemus
789 1322 804 1344 ,
833 1281 1066 1335 vivimus
1095 1289 1151 1335 ct
1177 1296 1363 1335 sumus
1382 1321 1396 1345 ,
1425 1280 1522 1349 ipsi
1552 1295 1842 1334 voveamus
1871 1289 1923 1333 et
1956 1280 2079 1333 red-

512 1372 722 1426 damus.
749 1371 1000 1441 Alioquin
1024 1370 1221 1428 melius
1243 1380 1325 1425 est
1357 1386 1460 1425 non
1492 1384 1691 1425 vovere
1712 1410 1728 1434 ,
1758 1385 1920 1439 quam
1955 1380 2081 1440 post

506 1471 685 1516 votum
723 1478 827 1517 non
863 1462 1115 1528 reddere;
1160 1478 1280 1517 cum
1329 1464 1491 1517 ciam
1539 1478 1635 1534 per
1679 1462 1895 1534 Moysen
1930 1481 2081 1519 mon-

476 1561 708 1609 stretur
738 1563 1015 1622 peccatum
1043 1568 1165 1607 esse.
1209 1554 1253 1607 si
1295 1554 1570 1609 tardamus
1617 1563 1798 1608 votum
1832 1554 2077 1610 reddere.

504 1644 656 1713 Quod
708 1645 753 1700 si
802 1654 1081 1714 peccatum
1142 1657 1226 1699 est
1281 1645 1324 1699 si
1380 1646 1603 1701 reddere
1653 1647 2075 1711 tardaverimus,

2193 448 2372 512 illum,
2405 462 2462 503 ut
2501 462 2625 520 puta
2659 452 2749 520 qui
2801 450 2959 507 fidem
3008 467 3113 508 non
3156 454 3356 510 habent
3379 457 3433 510 in
3472 456 3654 522 illum,
3694 473 3783 513 se.

2190 540 2424 595 cundum
2457 542 2598 612 quod
2644 543 3074 598 incredulitatem
3115 543 3423 614 judaeormn
3466 549 3775 605 cavendam

2190 630 2479 698 Apostolus
2498 647 2721 687 monens
2743 672 2757 697 ,
2784 635 2858 688 ait
2884 651 2896 687 :
2931 651 2947 684 ι
2980 632 3163 704 Neque
3181 645 3450 693 tentemus
3465 636 3774 704 Christum.

2188 721 2326 795 sicut
2360 721 2580 789 quidam
2628 738 2814 777 eorum
2860 734 3231 791 tentavcrunt,
3263 737 3317 782 et
3356 744 3385 783 a
3424 731 3776 799 serpentibus

2191 812 2470 879 perierunt
2492 811 2543 884 (Ι
2562 813 2754 879 Corax,
2780 820 2853 887 tt).
2897 837 2913 868 ι
2947 819 3017 872 Ite
3034 819 3231 888 quibus
3264 829 3318 874 et
3345 821 3631 877 Psalmista
3658 825 3773 877 ait:

2191 918 2209 951 ι
2251 898 2626 958 Tentaverunt
2660 905 2825 958 Deum
2858 906 2909 959 in
2946 908 3201 963 cornibus
3245 912 3388 975 suis,
3427 922 3483 965 ut
3517 923 3773 981 peterent

2186 1006 2340 1067 escas
2376 994 2663 1050 animabus
2693 997 2805 1051 suis
2835 994 3007 1068 (Paul.
3046 1015 3260 1065 Lxxvu,
3288 1002 3405 1067 i8),
3439 1022 3459 1054 ι
3494 1004 3767 1069 dicendo,

2187 1083 2501 1138 ut‘bistoria
2530 1086 2731 1140 refert:
2763 1108 2781 1139 ι
2816 1088 2910 1141 Est
2939 1105 3005 1143 ne
3040 1090 3180 1144 Deus
3211 1092 3261 1145 in
3296 1093 3451 1148 nobis
3483 1109 3551 1148 an
3580 1096 3724 1150 non?
3745 1115 3766 1149 ι

2186 1173 2313 1227 ΙΙΙΙιιΙ
2341 1192 2553 1246 qunque
2582 1178 2870 1246 Sapientia:
2892 1182 3154 1238 dicentis:
3190 1203 3208 1235 ι
3246 1186 3501 1251 Quan'ent
3524 1202 3615 1243 me
3641 1189 3773 1242 mali

2184 1273 2237 1318 et
2275 1282 2379 1319 non
2412 1267 2702 1325 invenient.
2748 1291 2765 1323 ι
2798 1273 2853 1325 Si
2886 1273 2938 1326 iu
2963 1274 3062 1328 ltoc
3085 1277 3282 1331 saecqu
3308 1279 3655 1345 subauditur,
3687 1296 3768 1335 se-

2146 1363 2417 1417 cundum
2452 1365 2811 1432 praecedentia
2838 1369 3213 1438 accipiendum
3268 1381 3377 1435 est,
3425 1374 3580 1442 quasi
3620 1376 3769 1430 diee-

2185 1464 2374 1507 retur:
2425 1454 2733 1512 Tcutabuut
2781 1475 2864 1513 nte
2893 1461 3014 1514 mali
3045 1471 3098 1516 et
3128 1478 3225 1518 nec
3249 1463 3404 1531 juxta
3437 1465 3575 1519 velle
3607 1483 3766 1520 suum

2184 1544 2530 1598 iuv'enientur
2559 1562 2643 1601 me
2669 1546 2934 1603 faventem
2959 1552 3345 1623 sibi;alioquin
3370 1556 3491 1625 quis
3513 1557 3768 1625 quaesivit

2182 1631 2466 1687 Dominum
2488 1644 2544 1689 et
2567 1650 2670 1689 non
2696 1637 2933 1693 invenit?
2965 1659 2984 1690 ι
3020 1641 3287 1707 Quoniam
3307 1644 3359 1697 in
3383 1648 3645 1699 smcnlum
3666 1646 3771 1698 mi-

463 1745 704 1807 -quanto
757 1737 930 1808 magis
980 1737 1025 1792 si
1077 1752 1184 1791 non
1238 1738 1670 1794 reddidcrimus?
1723 1739 1857 1793 Nam
1915 1739 2076 1794 simili

2181 1723 2477 1778 sericoru'ia
2508 1725 2626 1795 ejus
2649 1726 2819 1797 (Psal.
2845 1745 2954 1793 cvi,
2982 1732 3057 1800 l),
3082 1753 3100 1783 ι
3128 1734 3287 1803 ctqui
3309 1736 3524 1804 quaerit,
3556 1736 3768 1791 invenit

504 1829 661 1883 nobis
692 1828 898 1882 homini
932 1829 974 1883 si
1007 1831 1134 1899 quid
1167 1846 1420 1886 vovcmus
1451 1847 1550 1886 nec
1582 1833 1887 1897 reddimus,
1922 1835 2074 1903 quasi

504 1920 664 1975 rebus
716 1921 829 1976 suis
884 1937 1006 1975 eum
1067 1920 1530 1992 framlaverimus,
1590 1925 1867 1982 adversari
1922 1928 2078 1982 nobis

499 2022 976 2083 quantumcunque
999 2015 1195 2084 pOfcrit
1215 2015 1526 2072 sentiemus.
1557 2017 1611 2072 Si
1637 2028 1814 2072 autem
1838 2019 2077 2090 aggressi

501 2104 610 2157 Deo
634 2113 814 2159 votum
861 2104 1089 2159 reddere
1134 2104 1448 2169 deficimus,
1483 2116 1603 2176 post
1642 2106 1899 2162 Satanam
1949 2124 2077 2162 con-

501 2195 787 2257 vertimur,
831 2194 1091 2263 canisque
1122 2195 1187 2249 a.l
1218 2197 1483 2251 vomitum
1538 2213 1819 2263 reversus,
1876 2209 1931 2253 et
1983 2216 2076 2255 sus

501 2285 552 2337 in
587 2284 867 2339 volatabro
910 2285 1004 2337 luti
1044 2279 1149 2337 tota
1197 2284 1466 2341 efﬁcimur
1504 2286 1588 2359 (II
1627 2285 1778 2347 Petr.
1825 2305 1903 2356 ιι,
1949 2288 2066 2359 9.2).

502 2373 687 2443 itaque
714 2381 998 2443 postquam
1031 2373 1212 2429 multis
1250 2376 1425 2431 modis
1462 2376 1695 2449 sapienti
1733 2379 2074 2434 satisfactum

498 2472 720 2534 putatur
745 2472 1013 2535 quantum
1043 2465 1259 2521 vitanda
1308 2468 1379 2521 sit
1420 2467 1599 2533 l‘raus,
1652 2469 1867 2523 tandem
1901 2470 2075 2524 Simo-

497 2557 662 2622 nia'ci,
690 2558 886 2628 quibus
914 2570 1050 2628 pene
1076 2565 1185 2612 tota
1212 2558 1325 2614 luce
1352 2568 1534 2613 nostra
1563 2561 1822 2631 tragoedia
1853 2561 2071 2625 texitur,

499 2647 554 2703 in
584 2662 647 2703 se
669 2648 918 2708 redeant,
972 2657 1027 2703 et
1063 2658 1321 2719 quantam
1353 2649 1597 2705 fraudem
1639 2662 1951 2720 perpetrent
1990 2651 2075 2706 vel

500 2736 760 2792 admoniti
784 2746 1188 2806 recognoscant.
1214 2737 1280 2793 Et
1305 2739 1348 2793 si
1377 2739 1615 2795 Ananias
1637 2757 1703 2795 ex
1723 2741 1835 2795 sola
1864 2740 2070 2804 fraude,

406 2880 409 2881 ν
498 2833 645 2886 furto
667 2872 679 2894 ,
705 2830 989 2903 sacrilegio
1007 2872 1021 2896 ,
1058 2832 1341 2887 mendacio
1360 2872 1375 2897 ,
1406 2833 1810 2904 conspiratione
1838 2832 2001 2887 simul
2019 2841 2073 2889 et

498 2922 797 2976 lentatione
812 2921 1047 2992 Spiritus
1062 2920 1152 2975 Dei
1178 2932 1392 2976 notatus
1409 2931 1581 2975 morte
1600 2922 1777 2976 subita
1796 2921 2072 2986 multatur,

497 3030 601 3085 pro
629 3030 695 3069 eo
721 3022 927 3069 tantum
964 3015 1106 3084 quod
1156 3028 1222 3069 ex
1267 3014 1481 3086 agelluli
1513 3015 1593 3070 sui
1622 3014 1799 3084 pretio
1829 3014 2070 3083 aliquan-

499 3073 667 3158 inlum
696 3104 795 3158 sibi
855 3104 1081 3159 retinuit
1130 3105 1194 3157 de
1244 3105 1490 3159 crastino
1544 3103 1835 3168 sollicitus,
1894 3104 1977 3165 lii,
2026 3105 2072 3159 si
2101 3073 2145 3135 ς

499 3194 808 3251 sulticiunt.
836 3193 1109 3249 aestiment
1132 3202 1337 3263 quanto
1361 3191 1504 3246 furto
1524 3233 1539 3257 ,
1570 3192 1860 3263 sacrilegio
1879 3233 1895 3259 ,
1928 3209 2078 3247 men-

497 3289 656 3343 dacio
676 3327 690 3352 ,
720 3287 1120 3356 conspiratione
1142 3286 1301 3341 simul
1324 3296 1378 3342 et
1403 3287 1695 3341 lentatione
1717 3286 1952 3357 Spiritus
1980 3286 2072 3342 Dei

495 3377 713 3432 obnoxii
745 3377 883 3441 sint,
933 3386 988 3431 et
1034 3392 1138 3445 qua
1168 3391 1325 3447 pinna
1372 3376 1553 3448 digni,
1607 3377 1697 3447 qui
1745 3394 1804 3431 se
1846 3378 2074 3433 invicem

497 3466 720 3537 Spiritui
766 3476 956 3521 sancto
1011 3465 1343 3531 l‘randaturi,
1402 3469 1653 3522 eumdem
1716 3470 2071 3523 mcdiatorem

496 3557 598 3611 sibi
631 3565 686 3611 et
714 3572 938 3611 causam
967 3556 1123 3626 pretii
1153 3571 1459 3624 proponere
1489 3567 1774 3629 satagunt,
1807 3569 1864 3611 ut
1906 3573 2072 3613 ancu-

504 3657 697 3721 pantes
748 3648 978 3703 alienam
1035 3662 1149 3702 rem
1212 3648 1556 3718 alienumque
1608 3665 1848 3713 censum,
1902 3650 2073 3705 adim-

499 3740 681 3809 pleant
725 3738 1183 3808 conspirationem
1249 3755 1439 3802 suam,
1501 3755 1605 3810 qua
1668 3749 1877 3797 tentare
1943 3759 2073 3797 cou-

494 3832 643 3885 venit
668 3830 746 3885 eis
789 3831 962 3900 ipsum
993 3829 1255 3899 Spiritum
1290 3840 1559 3886 sautztnm.
1591 3833 1692 3901 Qui
1726 3843 1902 3889 tamen
1944 3836 2070 3905 quia

495 3937 602 3976 non
629 3922 897 3975 invenitur
923 3920 993 3974 ab
1019 3920 1102 3973 his
1125 3920 1216 3990 qui
1245 3930 1453 3976 tentant
1476 3922 1619 3975 illum
1642 3965 1656 3987 ,
1685 3926 1859 3978 omnis
1882 3942 2068 3983 eorum

496 4013 780 4085 e0gitatio,
814 4012 1014 4067 locutio
1048 4022 1102 4068 ct
1127 4014 1303 4079 actio,
1336 4014 1454 4071 sine
1487 4016 1651 4071 dubio
1681 4017 1911 4073 habetur
1942 4019 2068 4089 Spi-

494 4104 621 4159 ritui
645 4113 831 4158 sanoto
860 4106 1196 4159 mendacium
1218 4147 1231 4168 ,
1255 4108 1466 4162 etiamsi
1492 4109 1797 4165 hominibus
1826 4113 2072 4167 videatur

496 4195 725 4267 alicujus
760 4197 1003 4252 veritatis
1042 4198 1296 4267 prmferre
1330 4200 1608 4257 indicium.

1101 4288 1329 4343 CAPUT
1368 4291 1458 4347 IX.

2181 1816 2398 1888 (Matth.
2419 1821 2604 1890 vn,8).
2650 1822 2703 1875 Si
2737 1832 2912 1877 autem
2954 1825 3006 1878 in
3029 1828 3212 1881 futuro
3237 1829 3591 1893 subauditur,
3616 1846 3768 1899 qua:-

2179 1917 2329 1961 retnr
2352 1917 2496 1973 tunc,
2520 1920 2571 1963 et
2598 1926 2702 1965 non
2726 1912 3028 1969 invenietur
3046 1917 3307 1985 quiadum
3336 1920 3563 1974 inveniri
3584 1932 3767 1992 potest

2180 2013 2322 2052 nunc
2352 2014 2456 2053 non
2485 2010 2769 2069 quaeritur.
2802 2003 2954 2060 Unde
2982 2009 3242 2077 propheta
3275 2010 3341 2063 ad
3371 2025 3497 2067 vere
3518 2028 3769 2080 quaeren-

2178 2091 2304 2145 dum
2336 2092 2616 2147 Dominum
2648 2096 2949 2153 admonens
2986 2102 3061 2153 ait
3091 2118 3105 2154 :
3139 2100 3194 2155 Si
3233 2104 3509 2172 quatritis,
3534 2107 3769 2175 quaerite

2179 2179 2313 2251 (Isa.
2367 2197 2484 2247 XXI,
2517 2185 2626 2255 12).
2675 2187 2775 2252 Qui
2810 2188 2954 2243 enim
2992 2190 3118 2247 ficte
3168 2194 3363 2262 qiuerit
3398 2196 3594 2260 Deum,
3624 2214 3767 2251 nun-

2177 2286 2337 2340 quam
2387 2273 2625 2330 inveniet
2666 2293 2831 2332 eum:
2867 2299 2887 2330 σ
2926 2280 3198 2347 Quaerite,
3233 2284 3409 2354 inquit
3448 2285 3767 2353 Psalznista,

2181 2362 2504 2428 Dominum,
2552 2374 2607 2417 et
2645 2366 3072 2435 conlirmaruini,
3112 2374 3343 2440 quierite
3391 2374 3588 2430 faciem
3643 2374 3769 2445 ejus

2175 2468 2392 2524 semper
2437 2454 2609 2525 (Psal.
2638 2472 2747 2522 civ,
2776 2459 2853 2528 4).
2886 2481 2903 2511 ι
2936 2461 3001 2515 Ει
3027 2470 3211 2523 tamen
3250 2465 3374 2535 quia
3415 2468 3641 2522 omnino
3678 2485 3769 2525 ve-

2176 2559 2295 2599 rum
2332 2554 2462 2599 est:
2530 2545 2629 2612 Qui
2655 2549 2871 2618 quierit,
2927 2551 3154 2618 invenit,
3210 2556 3541 2611 concedatur
3591 2559 3771 2613 etiam

2177 2633 2517 2693 Simoniacos
2546 2654 2654 2692 non
2676 2640 2799 2695 licte
2826 2642 2919 2697 sed
2951 2643 3222 2717 inhiautcr
3241 2664 3506 2717 quaerere,
3536 2662 3593 2706 et
3615 2652 3687 2706 ob
3709 2652 3766 2707 id

2174 2729 2316 2798 quod
2385 2744 2637 2801 qumvnnt
2708 2736 3077 2794 indubitanter
3135 2741 3403 2805 invenire.
3460 2744 3569 2800 Sed
3628 2747 3769 2816 quid

2173 2819 2467 2886 quaeritur?
2528 2824 2679 2889 Quod
2732 2827 2973 2894 pSaInzus
3037 2829 3365 2900 inerepative
3421 2834 3766 2889 demonstrat

2175 2908 2396 2964 dicens:
2432 2930 2449 2963 ι
2483 2912 2605 2968 Filii
2640 2916 2943 2986 hominum,
2974 2936 3254 2992 usquean
3287 2927 3441 2995 gravi
3470 2928 3671 2982 corde?
3703 2936 3766 2982 ut

2174 3001 2301 3071 quid
2328 3003 2552 3075 diligitis
2592 3010 2905 3077 vanitatem,
2938 3024 2993 3069 et
3032 3017 3278 3087 qnzeritis
3309 3034 3431 3074 men
3455 3023 3649 3077 iaciunt
3680 3025 3703 3078 ἲ
3735 3044 3759 3074 ι

2178 3090 2349 3162 (Paul,
2384 3109 2456 3160 tv,
2483 3095 2561 3165 5.)
2602 3098 2669 3152 Et
2703 3102 2830 3169 quid
2872 3103 3190 3160 inveniunt?
3236 3108 3503 3166 Ninirum
3545 3123 3759 3182 patrem

2178 3185 2467 3251 mendacii,
2496 3190 2699 3246 scilicet
2730 3195 3035 3262 diabolum,
3068 3200 3158 3267 qui
3189 3209 3487 3259 attestante
3526 3206 3760 3261 Domino

2152 3275 2231 3349 _in
2263 3281 2489 3338 veritate
2512 3299 2615 3340 non
2648 3288 2817 3351 stetit,
2849 3292 2975 3358 quia
3007 3295 3207 3349 veritas
3232 3310 3339 3351 non
3370 3308 3453 3352 est
3482 3300 3535 3353 in
3566 3315 3654 3355 eo.
3693 3302 3761 3356 Et

2176 3382 2298 3423 cum
2348 3371 2584 3442 loquitur
2634 3381 3013 3448 mendacium,
3051 3384 3120 3438 de
3169 3401 3269 3440 suo
3306 3387 3583 3458 loquitur,
3626 3393 3756 3461 quia

2178 3464 2407 3517 mendax
2459 3477 2541 3520 est
2598 3469 2709 3539 ipse
2756 3484 2809 3525 et
2848 3486 3005 3545 pater
3042 3477 3179 3546 ejus.
3227 3479 3366 3535 Hinc
3419 3493 3474 3537 et
3523 3484 3758 3555 Sapiens

2175 3554 2305 3649 dicit
2370 3576 2387 3608 ι
2411 3558 2821 3636 Semperjurgia
2845 3570 3572 3645 quzeritmalusU’roe.xm,
3594 3554 3699 3649 lt).
3730 3596 3748 3629 ι

2174 3643 2408 3716 Angelus
2436 3660 2612 3704 autem
2638 3656 2872 3712 crudelis
2901 3661 3133 3716 mittitur
3156 3643 3347 3717 contra
3377 3680 3500 3719 eum
3522 3709 3536 3727 ,
3562 3643 3758 3723 auctor

2175 3735 2360 3805 utique
2386 3738 2684 3796 discordias.
2730 3743 2787 3799 Si
2817 3762 2946 3816 ergo
2974 3750 3094 3817 quis
3125 3753 3268 3821 quod
3298 3755 3493 3821 qua-rit
3523 3757 3753 3823 invenit,

2174 3833 2230 3880 et
2278 3827 2323 3883 si
2378 3845 2624 3898 qua-rens
2686 3840 3027 3893 mendacium
3084 3841 3167 3896 vel
3217 3842 3492 3913 iurgium,
3542 3857 3750 3917 patrem

2173 3919 2439 3973 mendacii
2464 3923 2543 3974 vel
2570 3939 2634 3976 an
2675 3934 2840 3979 torem
2878 3929 3160 3986 discordia:
3190 3933 3415 3999 invenit,
3446 3937 3749 3994 Simouiaci

2173 4009 2482 4064 venditores
2503 4020 2555 4065 et
2570 4024 2842 4082 emptores
2872 4019 3000 4088 quid
3032 4034 3302 4091 qnzcrunt,
3330 4025 3540 4082 lucrum
3565 4030 3753 4099 procul

2172 4097 2335 4169 dubio
2361 4109 2652 4169 terrenum,
2695 4115 2751 4160 et
2793 4117 2850 4162 ut
2879 4114 3186 4167 summatim
3209 4124 3265 4169 et
3294 4100 3482 4185 τιμῶ-ιο
3513 4097 3749 4185 dicatur,

2170 4191 2451 4258 pecuniam
2478 4202 2706 4250 tantum.
2742 4198 2846 4254 Sed
2881 4202 3010 4271 quid
3036 4204 3349 4265 inveniunt?
3373 4208 3748 4269 Tentatiunem

2171 4291 2228 4336 et
2256 4281 2507 4353 laqueum
2545 4288 2776 4356 diaboli,
2810 4294 2934 4361 quia
2976 4296 3343 4368 impugnando
3379 4304 3610 4373 gratiam
3650 4305 3756 4360 Dei

498 4375 652 4442 Quod
695 4372 1175 4471 Sphilm'mmms
1211 4381 1451 4471 ρίζςιιίῡηδ
1499 4396 1780 4467 “mare”,
1832 4389 2068 4457 ,ηραείεε
2096 4410 2147 4471 D
2172 4373 2358 4428 volunt
2388 4377 2569 4471 ditari.
2606 4381 2672 4435 Et
2700 4381 2854 4451 cujus
2875 4386 3115 4443 diaboli?
3151 4372 3471 4453 Mantineam
3517 4396 3750 4460 scilicet,

733 4458 904 4502 autent
935 4448 1092 4502 lateat
1125 4466 1157 4503 (ι
1189 4452 1374 4520 quibus
1402 4468 1492 4505 nec
1520 4448 1793 4523 ἰμιωνὶιιιιιι

565 4537 734 4593 Porro
762 4540 904 4607 quod
937 4541 1276 4596 mendacium
1310 4558 1339 4598 a
1371 4544 1573 4615 Spiritu
1622 4558 1811 4604 sancto
1841 4551 2065 4607 damna-

495 4630 696 4684 tionem
724 4630 825 4685 sibi
854 4639 904 4686 et
934 4633 1173 4687 consciis
1196 4636 1336 4695 suis,
1380 4636 1579 4692 nullam
1609 4650 1786 4695 autem
1823 4644 2067 4700 sanctifi-

496 4722 764 4776 rationem
817 4721 1237 4795 quibuscumque
1277 4728 1552 4796 acquirat,
1601 4731 1824 4787 Ananiae
1872 4744 1926 4790 et
1966 4734 2067 4790 Sa-

496 4811 665 4881 pliirae
704 4827 851 4869 mors
873 4814 1088 4871 chnnat.
1122 4818 1259 4885 Quin
1286 4821 1449 4875 etiam
1481 4822 1524 4877 si
1555 4825 1693 4880 Deus
1726 4837 1949 4897 apparet
1979 4829 2062 4885 his

477 4903 581 4972 qui
610 4902 772 4959 fidem
803 4906 1002 4962 habent
1030 4910 1083 4963 in
1125 4910 1304 4971 illum.
1340 4913 1584 4983 profecto
1612 4926 1759 4986 patet
1802 4921 2062 4990 Spiritum

2172 4468 2261 4537 qui
2302 4468 2465 4525 lucris
2504 4481 2559 4525 et
2602 4478 2848 4544 pecuniis
2887 4482 3119 4549 terrenis
3153 4494 3369 4553 prmest.
3408 4486 3477 4543 Et
3508 4489 3576 4543 ad
3618 4490 3749 4558 quid

2168 4556 2482 4615 inveniunt?
2509 4570 2564 4615 ut
2588 4565 2658 4618 sit
2682 4581 2866 4621 eormn
2894 4568 3171 4640 Dominus,
3201 4576 3412 4646 ipsique
3441 4581 3581 4635 servi
3606 4556 3748 4649 eius,

2166 4650 2463 4704 secundum
2499 4654 2642 4723 quod
2678 4657 2876 4713 dicitur
2897 4679 2908 4713 :
2932 4661 3157 4733 Amator
3187 4669 3430 4736 pecunia:
3452 4686 3641 4739 servus
3660 4682 3746 4728 est

2172 4735 2250 4790 Ma
2260 4753 2510 4797 mmonre.
3191 4735 3201 4736 ί
3386 4739 3391 4749 ’

2786 4859 3015 4918 CAPUT
3052 4863 3125 4920 x.
3194 4820 3227 4825 η

2173 4947 2245 4990 ηρ
2266 4966 2505 4990 annum
2528 4967 2706 4990 parum
2734 4952 3032 4990 rlo'ﬂ'prmuc'n
3057 4959 3145 4990 nu:
3172 4975 3324 4990 ...ω-.-
3350 4961 3741 4990 r.....r.....-....-..-
