4064 5394
311 322 448 380 I073

915 323 1284 381 ADVERSUS
1323 323 1728 382 SIMONIACOS
1765 323 1942 380 LIBRI
1982 321 2180 378 TRES.
2223 354 2292 362 —-
2331 320 2528 377 LIBER
2569 321 2953 378 SECUNDUS.

3421 317 3560 374 I071»

305 454 428 494 cere
466 439 804 494 conﬁdentes
835 439 958 508 quia
989 439 1121 494 nihil
1153 440 1325 494 deerit
1369 439 1684 494 timentibus
1719 455 1875 494 eum:
1912 457 1953 510 Α
1985 441 2046 494 Et
2100 439 2260 502 paulo
2304 450 2426 510 post
2460 456 2472 492 :
2511 460 2528 490 ι
2563 437 2766 494 lnitnici
2816 438 3027 492 Domini
3079 437 3288 492 mentiti
3327 444 3451 490 sunt
3511 436 3562 491 ei

213 581 220 586 .
303 529 394 599 qtti
415 569 429 591 ,
459 528 504 583 si
531 527 694 582 etiam
722 529 774 582 in
795 536 1132 584 legrenarutn
1161 546 1337 584 rerum
1363 531 1593 600 negotiis
1617 531 1882 584 interdum

301 619 593 686 excedunt,
647 619 1037 694 elecmosynis,
1087 622 1317 692 aliisque
1361 623 1516 677 bonis
1560 624 1884 693 quantocius

300 729 402 785 pro
465 723 616 768 certo
665 715 879 784 placare
937 717 1037 770 sibi
1094 715 1380 770 Dominum
1442 722 1698 784 possunt,
1757 713 1882 783 quia

304 804 592 860 catholica:
636 791 753 859 fidei
796 806 1201 862 fundamentum
1245 806 1296 860 in
1339 813 1520 860 mente
1559 816 1882 858 conservant

299 899 593 968 integrum.
632 899 798 970 Cujus
843 899 1178 954 fundamenti
1209 899 1402 954 merito
1431 899 1564 953 salvi
1617 897 1776 962 fiunt,
1803 898 1882 951 sic

303 1002 490 1048 tamen
520 993 674 1061 quasi
709 1007 804 1064 per
831 992 1044 1064 ignem,
1082 992 1293 1046 etiamsi
1334 981 1886 1061 superantilicavcrint

295 1081 480 1148 ligna,
527 1082 826 1150 aliquando
874 1081 1093 1145 fenum,
1143 1081 1372 1150 stipulas
1411 1079 1460 1138 (I
1495 1080 1618 1134 Cor.
1650 1095 1734 1142 ιιι,
1771 1066 1880 1147 Ill).

293 1175 440 1241 quod
469 1175 534 1226 de
563 1173 813 1228 omnbus
841 1172 1006 1226 etiam
1035 1173 1343 1226 criminosis
1365 1170 1604 1226 creditur
1631 1187 1658 1222 a
1688 1169 1884 1240 quibus

293 1266 712 1320 l'undmcntum
768 1263 818 1317 id
872 1265 1158 1326 rctiuetur,
1189 1265 1234 1318 si
1278 1273 1458 1342 tamen
1513 1261 1566 1316 in
1623 1261 1726 1316 hac
1770 1261 1878 1314 vita
1917 1265 1924 1272 '

288 1357 530 1412 fecerint
576 1355 768 1426 dignos
807 1355 1137 1425 paenitentia:
1171 1354 1399 1409 fructus.
1442 1351 1612 1406 Porro
1648 1350 1876 1418 cmptitii

293 1450 444 1504 servi
493 1447 842 1503 Mammonte.
877 1445 1103 1515 ejusque
1132 1459 1345 1500 vesanr.
1383 1443 1600 1498 malitize
1637 1442 1799 1494 duces
1829 1447 1882 1493 ct

286 1537 564 1610 signiferi,
590 1537 679 1607 qui
707 1553 809 1590 non
833 1535 1005 1592 solum
1035 1551 1162 1590 snas
1187 1535 1397 1588 animas
1419 1532 1640 1587 venales
1657 1531 1879 1592 habent,

287 1630 395 1684 sed
454 1628 618 1683 etiam
680 1628 919 1698 ipsarum
967 1627 1277 1682 Creatorem
1305 1634 1363 1678 et
1408 1622 1878 1678 Sanctificatoretn

285 1721 602 1778 animarum
645 1720 884 1773 Vnndere
933 1717 1205 1781 laborant,
1237 1715 1366 1786 quid
1396 1716 1594 1786 agent?
1625 1724 1720 1769 aut
1771 1729 1880 1784 quo

1990 531 2181 599 (Ibid.,
2210 529 2382 602 -16);ὀ
2407 531 2470 584 de
2496 529 2694 599 quibus
2723 528 2851 583 alibi
2882 529 3196 600 congeritur
3227 545 3239 581 :
3277 545 3295 577 ι
3337 525 3563 580 Verum-

1989 635 2165 680 tamen
2211 625 2444 694 pretium
2483 639 2658 678 meum
2683 623 3060 694 cogitaverunt
3096 621 3355 698 repellere
3386 618 3558 692 (Psal.

1986 735 2098 782 ut,
2125 716 2204 787 5),
2245 737 2263 770 ι
2305 717 2472 772 Deum
2516 731 2694 771 meum
2737 716 2948 771 scilicet
2975 716 3041 770 ad
3073 731 3179 770 me.
3212 715 3327 783 Qua
3358 713 3562 786 cogita-

1987 811 2136 865 tione
2167 811 2233 865 ad
2260 810 2388 881 quid
2416 811 2783 880 pervenerint,
2828 806 3104 880 subiungit
3141 808 3364 863 dicens:
3399 825 3416 858 ‹
3455 803 3562 862 Ore

1985 920 2083 960 suo
2107 904 2514 966 benedicebant,
2538 913 2588 958 et
2606 904 2766 960 corde
2788 918 2888 958 suo
2911 902 3299 958 maledicebant
3319 898 3505 971 (Ibid).
3536 918 3554 951 ι

1986 991 2042 1048 Si
2069 1009 2199 1065 ergo
2238 993 2330 1064 qui
2366 993 2740 1064 cogitaverunt
2772 993 2941 1046 Deum
2969 1006 2997 1046 a
3025 1001 3214 1066 sancto
3240 991 3356 1045 viro
3384 988 3558 1060 repel-

1984 1083 2116 1148 lere,
2166 1082 2280 1152 jam
2335 1082 2662 1138 tnaledicurt
2712 1083 2896 1147 corde,
2945 1081 3192 1152 quamvis
3244 1079 3564 1134 bcnedicant

1983 1187 2099 1235 ore,
2149 1172 2276 1241 quid
2305 1183 2462 1242 putas
2493 1182 2680 1244 agunt,
2727 1171 2816 1241 qui
2873 1187 2978 1226 non
3029 1170 3141 1224 sola
3197 1169 3552 1240 cogitatione.

1983 1277 2167 1316 verum
2205 1261 2476 1316 locutione
2505 1272 2560 1316 et
2603 1277 2767 1330 opere
2807 1261 3052 1315 laborant
3103 1259 3386 1315 Dominum
3433 1273 3464 1312 a
3501 1273 3561 1314 se

1983 1362 2038 1408 et
2069 1352 2138 1406 ab
2165 1351 2286 1406 aliis
2316 1350 2614 1422 repellere?
2647 1351 2884 1418 Quorum
2927 1352 3040 1405 oris
3067 1349 3376 1405 benedictio
3417 1363 3562 1418 qna:-

1982 1459 2196 1512 cunque
2249 1441 2334 1496 illa
2381 1443 2474 1506 sit,
2503 1443 2798 1498 indicibilis
2834 1442 3145 1497 tnalelictio
3210 1441 3350 1512 apud
3389 1440 3558 1494 Deum

1984 1533 2072 1598 lit,
2105 1533 2196 1602 qui
2230 1535 2389 1588 verba
2421 1534 2502 1588 vel
2543 1533 2680 1586 facta
2715 1533 2990 1586 hominum
3025 1547 3092 1586 cx
3119 1531 3230 1586 sola
3265 1529 3561 1585 intentione

1982 1627 2164 1681 cordis
2188 1627 2489 1702 perpendit.
2518 1625 2629 1680 Nec
2657 1625 3002 1679 considerant
3033 1623 3161 1694 quid
3194 1622 3322 1679 boui
3353 1622 3559 1680 dicant.

1982 1719 2076 1774 sed
2107 1699 2343 1773 dicendo
2362 1732 2470 1788 quo
2501 1717 2804 1772 intendant.
2846 1716 2997 1784 Quod
3029 1724 3232 1770 tantum
3275 1710 3442 1766 solius
3469 1699 3558 1765 Dei
3587 1785 3598 1796 ι

289 1810 463 1869 iidem
514 1808 662 1862 milvi
713 1807 1050 1864 fallacissimi
1105 1825 1134 1862 a
1191 1807 1330 1862 facie
1371 1806 1636 1861 columba:
1685 1803 1876 1875 ipsius,
1913 1800 2068 1865 Best
2107 1809 2448 1876 discernere,
2507 1809 2644 1864 sicut
2686 1808 2976 1879 ApoStolus
3025 1807 3283 1878 prrcdicat
3333 1813 3559 1875 aperte:

287 1915 456 1970 quam
515 1899 764 1953 venalem
814 1907 1043 1968 putant,
1094 1897 1328 1970 fugient,
1383 1899 1472 1967 qui
1529 1895 1881 1950 fundamento

290 1993 439 2060 quod
471 2001 555 2044 est
586 1989 834 2045 Christus
864 1989 1060 2054 Jesns,
1083 1989 1186 2047 ﬁde
1215 1989 1422 2050 scilicet
1463 2005 1519 2042 se
1572 1987 1880 2056 privarunt,

288 2094 459 2152 super
485 2096 668 2150 quem,
698 2080 845 2134 velut
871 2095 1034 2148 super
1059 2079 1268 2133 llrtnasn
1303 2077 1518 2132 Petram
1541 2119 1554 2138 ,
1583 2076 1880 2130 Ecclesium

291 2184 450 2229 suam
475 2169 590 2238 ipse
613 2169 878 2223 acdillt-at?
905 2167 1248 2238 Nequeenim
1274 2165 1632 2239 elccmosynis
1655 2165 1882 2235 aliisque

294 2261 478 2324 bonis,
505 2277 622 2330 quae
645 2261 850 2330 utique,
881 2262 1162 2314 subtracto
1186 2259 1306 2329 ipso
1333 2258 1707 2319 fundamento,
1737 2255 1880 2310 nulla

290 2353 375 2408 eis
406 2351 620 2412 insunt,
653 2349 829 2418 juvari
859 2358 1102 2418 posutnt,
1130 2364 1252 2402 cum
1283 2349 1466 2418 potius
1501 2347 1552 2400 in
1593 2353 1881 2416 peccatum

289 2448 404 2504 illis
451 2455 730 2518 reputetur
761 2445 1024 2514 quidquid
1052 2443 1174 2497 aliis
1203 2442 1432 2496 salutem
1461 2447 1740 2510 operatur.
1777 2437 1884 2493 Nec

293 2541 499 2592 mirum
551 2553 674 2592 cum
727 2537 825 2606 ipsi
879 2550 978 2589 nec
1027 2535 1256 2588 salutem
1311 2549 1487 2596 suam,
1517 2548 1617 2586 nec
1661 2529 1886 2596 alicujus

291 2637 540 2696 qumraat
600 2627 652 2680 in
700 2625 1082 2680 ecclesiasticis
1135 2623 1359 2686 (illiciis;
1413 2638 1536 2692 qua:
1585 2621 1686 2675 sibi
1745 2619 1886 2674 male

292 2726 665 2788 praesumunt,
695 2717 840 2787 quod
879 2733 944 2771 ex
989 2716 1088 2770 hoc
1121 2714 1384 2784 probatur
1416 2713 1538 2783 quia
1584 2711 1694 2765 sola
1725 2726 1887 2781 pecu-

289 2809 384 2862 nia
442 2809 522 2862 cis
569 2807 903 2871 dominatur,
950 2822 1070 2876 qua:
1122 2804 1234 2860 sola
1267 2805 1320 2858 in
1362 2803 1668 2859 actionibus
1697 2815 1886 2856 eorum

293 2907 589 2966 operatur;
626 2899 741 2967 ipsa
773 2898 915 2951 enim
945 2898 1170 2967 petitur,
1197 2896 1310 2964 ipsa
1345 2894 1606 2964 quaeritur
1633 2908 1663 2946 a
1703 2890 1888 2945 vendi-

291 2999 434 3052 tore,
467 2990 580 3059 ipsa
628 2989 909 3060 pulsatur,
939 2989 1052 3058 ipsa
1079 2987 1422 3058 proponitur,
1450 2986 1562 3056 ipsa
1600 2985 1884 3046 aduratur,

296 3083 436 3150 ipsa.
477 3081 782 3145 invocatur,
835 3083 948 3150 ipsa
1003 3081 1191 3144 datur,
1247 3079 1360 3148 ipsa
1419 3075 1706 3146 accipitur,
1767 3073 1882 3143 ipsa

297 3173 552 3235 habetur,
585 3173 699 3242 ipsa
727 3173 1051 3242 possidetur.
1087 3171 1214 3237 Quze
1245 3171 1287 3224 si
1320 3167 1384 3223 de
1417 3169 1592 3223 medio
1613 3166 1882 3228 aufertur,
1911 3137 1957 3200 (ἶ

295 3271 388 3314 aut
435 3270 614 3327 certe,
651 3263 775 3314 dum
819 3262 1075 3331 exigitur,
1125 3261 1446 3328 denegatur,
1485 3256 1675 3328 procul
1721 3255 1886 3310 dubio

295 3357 512 3405 constat
550 3351 676 3419 quia
732 3364 830 3404 nec
883 3349 1027 3404 Deus
1079 3350 1300 3418 petitur.
1335 3361 1434 3400 nec
1461 3345 1746 3414 quarritur,
1785 3357 1886 3398 nec

295 3441 580 3511 pulsatur,
622 3458 721 3496 nec
763 3441 1114 3512 proponitur,
1152 3455 1250 3494 nec
1288 3438 1566 3500 adoratnr,
1595 3450 1694 3491 nec
1735 3435 1884 3503 invo-

293 3543 472 3596 catur,
509 3549 608 3588 nec
639 3535 822 3598 datur,
871 3537 973 3587 'uec
1019 3519 1303 3601 aecipitur,
1351 3545 1449 3583 nec
1490 3528 1742 3588 habetur,
1775 3541 1877 3582 nec

297 3623 627 3692 possidetur.
664 3623 755 3678 Sic
798 3629 952 3678 versa
985 3621 1102 3676 vice
1147 3622 1261 3690 ipsa
1311 3619 1468 3688 petit,
1519 3619 1630 3688 ipsa
1678 3618 1878 3688 pulsat,

296 3711 468 3779 ipsam
493 3721 710 3781 emptor
725 3711 996 3782 proponit,
1019 3711 1191 3780 ipsam
1218 3709 1616 3776 adoral,ipsam
1645 3707 1880 3774 invocat,

294 3803 466 3872 ipsam
495 3804 612 3868 dat,
651 3819 747 3873 per
785 3803 954 3870 ipsam
981 3803 1197 3871 accipit,
1229 3817 1325 3873 per
1358 3801 1528 3870 ipsam
1559 3799 1720 3853 habet
1740 3799 1882 3869 quod

296 3892 454 3946 habet
476 3934 489 3952 .
521 3907 618 3961 per
651 3892 822 3962 ipsam
851 3893 1094 3961 possidet
1127 3890 1268 3960 quod
1294 3889 1551 3958 possidet.
1584 3886 1689 3942 Sed
1722 3887 1884 3956 quid?

297 3983 626 4036 exteriorem
666 3982 1066 4036 dealbationem
1107 3989 1161 4034 et
1199 3978 1516 4032 interiorem
1550 3977 1883 4048 denigratio-

299 4088 441 4134 nem,
471 4073 598 4142 quia
653 4073 1033 4142 perditionem,
1090 4073 1216 4140 quia
1271 4071 1702 4131 dmnuationcm,
1755 4070 1879 4137 quia

299 4163 762 4228 maledictionem,
803 4167 928 4234 quia
958 4163 1324 4234 sacrilegium,
1349 4163 1476 4232 quia
1517 4161 1876 4220 mendacium,

301 4254 426 4322 quia
481 4255 806 4326 apostasiam
871 4255 1102 4312 invicem
1157 4255 1258 4309 sibi
1307 4255 1438 4308 dant
1486 4261 1542 4307 et
1585 4250 1878 4320 accipiunt,

303 4343 500 4400 habent
540 4362 602 4400 ac
643 4347 936 4416 possident.
982 4346 1122 4414 Quin
1147 4347 1328 4416 potius
1358 4361 1386 4398 a
1423 4353 1501 4399 tot
1547 4343 1880 4398 daemonibus

1989 1921 2007 1952 ι
2042 1900 2204 1955 Vivus
2227 1912 2330 1965 est,
2357 1901 2551 1970 inquit,
2582 1916 2759 1956 sermo
2783 1897 2876 1955 Dei
2903 1908 2954 1954 et
2982 1899 3194 1962 ellicax,
3225 1905 3278 1952 ct
3308 1905 3560 1967 penetra-

1983 1990 2163 2045 biliter
2193 1993 2337 2046 omni
2371 1991 2550 2061 gladio
2571 1991 2825 2062 ancipiti,
2869 2001 2924 2045 et
2949 1990 3265 2060 pertingens
3296 2002 3466 2058 usque
3496 1986 3560 2038 ad

1983 2082 2305 2138 divisionem
2357 2083 2550 2138 animm
2593 2098 2658 2138 ac
2696 2083 2950 2154 spiritus,
2981 2094 3302 2158 compagtnn
3351 2092 3564 2146 quem"!

1983 2184 2038 2228 et
2067 2173 2449 2242 medullarum,
2477 2183 2531 2229 ct
2559 2174 2830 2229 tliscretor
2860 2170 3248 2242 cogitationum
3285 2177 3340 2222 et
3382 2167 3562 2221 inten-

1985 2262 2193 2318 tioaum
2218 2263 2420 2328 cordis,
2449 2271 2504 2318 et
2535 2279 2639 2317 non
2670 2271 2751 2317 est
2781 2260 2887 2317 ulla
2914 2267 3161 2316 creatura
3195 2255 3481 2312 invisibilis
3510 2255 3562 2309 ia

1984 2364 2276 2426 conspectu
2313 2355 2450 2424 ejus.
2481 2345 2672 2412 omnia
2717 2364 2897 2409 autem
2935 2352 3076 2408 nuda
3119 2359 3175 2406 ct
3209 2358 3400 2420 aperta
3441 2353 3566 2402 sunt

1985 2448 2157 2502 oculis
2185 2447 2300 2518 ejus
2320 2447 2387 2501 ad
2409 2462 2567 2517 quem
2592 2447 2748 2501 nobis
2771 2459 2951 2500 sermo
2971 2439 3157 2513 (Hebr.
3185 2455 3260 2504 tv,
3282 2435 3371 2502 12.
3393 2437 3502 2508 l3).
3542 2455 3562 2489 ›

2587 2555 2816 2614 CAPUT
2859 2555 2952 2610 XI.

2026 2648 2178 2715 Quod
2227 2648 2425 2702 rituudi
2457 2658 2578 2701 sunt
2621 2647 2856 2700 Inrrett’ct'
2884 2643 3118 2714 exemplo
3148 2643 3442 2712 vigerarum
3482 2647 3532 2691 ct

2568 2716 2725 2770 multa
2743 2715 2971 2769 arboris.

2058 2812 2165 2868 Sed
2218 2827 2285 2868 ne
2349 2804 2598 2880 crederet
2643 2806 2765 2876 quis
2823 2820 2881 2862 se
2947 2805 3239 2860 immunem
3291 2816 3474 2864 noxae,
3518 2801 3564 2855 si

1988 2903 2287 2975 negligerct
2335 2900 2470 2956 tales
2520 2911 2751 2964 cavere,
2805 2895 2955 2952 velut
3003 2895 3095 2966 qui
3153 2894 3338 2970 corda
3373 2907 3564 2948 eorum

1987 2993 2236 3062 nequiret
2280 2997 2587 3062 penetrare,
2639 2987 2751 3058 ipse
2811 2986 3118 3067 Dominus,
3160 2987 3212 3042 in
3271 2985 3566 3055 Evangelia

1990 3099 2217 3142 monens
2247 3099 2294 3149 ,a
2355 3081 2503 3138 falsis
2546 3081 2824 3152 prophetis
2862 3079 3267 3140 attendendum.
3309 3078 3568 3134 indicimn

1987 3176 2347 3250 cognoscendi
2400 3191 2523 3252 mox
2579 3174 2802 3239 addidit,
2859 3173 3050 3229 dicens
3093 3189 3108 3226 :
3160 3190 3177 3223 ι
3207 3173 3253 3226 Α
3303 3171 3566 3228 fructibus

1985 3283 2174 3324 eorum
2203 3255 2552 3338 cognoscetis
2569 3261 2907 3344 eostﬂalth.
2941 3279 3037 3329 vn,
3071 3262 3184 3332 16).
3212 3282 3230 3315 ι
3259 3263 3412 3319 Unde
3434 3278 3568 3332 quo-

1986 3377 2104 3416 rum
2135 3353 2366 3416 avaritia
2391 3344 2800 3430 videtnrpalatn
2833 3358 2914 3412 sic
2941 3355 3153 3421 saevire,
3185 3364 3244 3411 ut
3274 3371 3382 3411 non
3415 3355 3569 3411 dubi-

1987 3461 2104 3508 tent
2142 3451 2404 3521 Spiritum
2440 3461 2688 3507 sanctum
2728 3450 2970 3506 venalem
3002 3437 3325 3522 proponere,
3353 3457 3565 3505 constat

1984 3537 2080 3598 eos
2110 3541 2276 3596 falsos
2300 3543 2592 3612 prophetas
2619 3553 2760 3604 esse,
2785 3541 2933 3610 quia,
2967 3541 3116 3610 velut
3142 3539 3377 3611 profana:
3406 3539 3560 3594 arbo-

1986 3617 2062 3689 ris
2074 3633 2344 3688 occultum
2369 3621 2622 3703 germen,
2637 3632 2795 3702 quale
2817 3617 2890 3686 sit
2911 3647 3070 3703 sapor
3091 3631 3330 3700 pestiferi
3361 3631 3384 3684 f
3384 3638 3567 3686 ructus

1983 3723 2184 3794 prodit.
2239 3723 2424 3792 Itaque
2469 3737 2588 3792 quze
2643 3721 2710 3774 de
2765 3736 2858 3776 ore
2907 3720 3224 3792 procedunt,
3277 3719 3345 3772 de
3399 3718 3566 3774 corde

1983 3824 2214 3880 exeunt;
2247 3825 2302 3868 ct
2343 3815 2462 3868 ideo
2509 3813 2553 3868 si
2599 3813 2738 3868 mala
2779 3822 2907 3868 sunt
2952 3813 3006 3868 in
3047 3813 3229 3874 corde,
3274 3811 3412 3866 bona
3446 3826 3568 3867 esse

1984 3914 2261 3974 nequeunt
2302 3905 2354 3958 in
2405 3919 2532 3968 ore,
2562 3903 2774 3958 etiamsi
2823 3904 3110 3958 videantur
3143 3917 3284 3956 esse.
3330 3903 3402 3957 Ea
3438 3911 3567 3957 sun:

1983 3995 2126 4050 enim
2158 4009 2278 4063 quze
2305 3991 2987 4062 coinquinant-hominem,
3014 3989 3169 4060 cujus
3196 3991 3249 4044 in
3278 3990 3566 4047 orc'bene-

1983 4085 2172 4146 dictio,
2224 4085 2350 4154 quia
2381 4100 2487 4138 non
2549 4099 2648 4152 pro
2703 4083 2813 4138 Deo
2861 4092 3042 4143 sonat,
3088 4083 3181 4138 sed
3215 4099 3312 4160 pro
3341 4076 3602 4140 unmirto‘

1982 4174 2214 4244 plurima
2245 4182 2592 4244 computatur
2615 4172 2924 4228 maledictio
2943 4215 2957 4239 ,
2985 4183 3038 4228 et
3071 4173 3211 4228 nulla
3237 4173 3563 4229 benedictio.

1985 4263 2298 4342 Hujusmodt
2351 4264 2521 4336 enim,
2572 4273 2631 4318 ut
2679 4264 2756 4318 ait
2811 4263 3138 4336 Apostolus,
3196 4283 3214 4316 ι
3254 4281 3352 4336 per
3379 4264 3592 4330 dulces,

1981 4364 2267 4411 Sermones
2293 4365 2347 4410 et
2371 4355 2777 4410 benedictioncs
2798 4356 3065 4410 seducunt
3099 4355 3262 4410 corda
3305 4356 3568 4410 innocen-

300 4438 648 4504 tmsddeutm'
687 4447 818 4520 quo!
851 4440 1024 4494 modis
1055 4453 1218 4508 prave
1257 4437 1588 4508 negotiando
1631 4434 1880 4503 supplan-
1910 4477 1959 4534 υ
1987 4446 2464 4516 tiumUlonnxVI.
2494 4445 2657 4515 13).,»
2691 4446 2864 4507 Ecce,
2905 4445 3096 4516 quales
3134 4445 3564 4510 benedictioues,

307 4535 423 4580 tant
455 4539 510 4582 ct
540 4517 981 4601 supplantantur.
1027 4530 1351 4601 Speeialiter
1377 4539 1558 4582 autem
1585 4542 1619 4581 a
1649 4527 1888 4598 maligno

311 4630 638 4684 mammona,
669 4622 825 4692 cujus
862 4631 981 4675 sunt
1013 4623 1211 4676 sntnmi
1255 4619 1516 4684 usurarii,
1549 4621 1744 4688 cuique
1769 4635 1885 4673 om-

311 4706 395 4760 nis
429 4707 680 4775 intentio,
713 4721 766 4766 et
805 4712 947 4766 actio
997 4726 1183 4766 eorum
1231 4709 1447 4764 militat.
1490 4709 1690 4762 Neuter
1739 4707 1882 4762 enim

311 4809 522 4862 eorum,
550 4803 795 4858 venditor
833 4803 1040 4858 scilicet
1077 4817 1140 4857 ac
1165 4811 1400 4869 emptor,
1435 4799 1602 4853 Deum
1634 4797 1882 4869 proponit

315 4901 440 4942 ante
465 4907 811 4962 conﬁtectum
858 4913 1049 4958 suum;
1091 4897 1200 4950 imo
1227 4894 1442 4966 penitus
1479 4895 1728 4962 proponit
1781 4891 1883 4947 sibi

315 4978 477 5038 Deam
504 5029 519 5052 ,
555 4992 638 5043 cui
682 4992 933 5062 proposuit
981 5004 1283 5045 numerum.
1329 4985 1449 5052 Quo
1481 4987 1540 5040 lit
1583 4996 1640 5038 ttt
1668 4994 1922 5056 postpo--

320 5079 491 5133 uendo
544 5081 707 5138 Deum
734 5126 747 5149 ,
791 5085 1025 5156 primum
1069 5091 1122 5138 et
1171 5079 1528 5140 novissimum
1588 5081 1887 5150 Antiquam

320 5166 498 5234 utique
540 5171 765 5239 dierum,
807 5169 963 5242 cujus
997 5173 1111 5228 sine
1155 5179 1260 5231 line
1307 5184 1554 5238 regnum,
1586 5178 1890 5244 praponant

321 5259 417 5314 sibi
445 5278 706 5324 recentem
735 5271 922 5332 Deum,
955 5276 1116 5336 atque
1144 5263 1454 5326 deserendo
1480 5279 1635 5319 suum
1661 5269 1890 5321 adorent

319 5347 592 5384 not-uin"...
649 5360 777 5384 5.3-.-.

787 5375 872 5384 .-.κ
948 5359 1225 5384 η.σοιΙ-Δη²μιι-.
1285 5356 1698 5384 ΑΛιιΙΙοΛᾸῖΑη-ιΙΑ
1760 5359 1838 5384 ain
1870 5374 1883 5384 ο

1985 4553 2106 4609 quae
2155 4539 2421 4594 seducunt
2451 4539 2812 4593 innocentes!
2844 4539 2910 4592 Et
2939 4539 3070 4608 quid
3093 4548 3208 4594 ‘osl'
3231 4537 3449 4606 proprie
3482 4551 3570 4593 sc-
3599 4575 3606 4582 -

1985 4629 2224 4686 ducunt?
2271 4627 2518 4694 seorsum
2563 4632 2784 4686 ducunt.
2835 4629 2988 4684 Unde
3014 4639 3070 4682 et
3119 4628 3261 4698 quo?
3292 4641 3322 4678 a
3356 4627 3464 4680 lico
3501 4628 3570 4681 ad
3601 4659 3608 4667 ς

1986 4721 2284 4776 diabolum.
2315 4718 2450 4772 Nam
2481 4720 2526 4772 si
2558 4735 2588 4773 a
2612 4717 2826 4774 diabolo
2847 4718 2914 4772 ad
2946 4717 3140 4782 Deum,
3169 4717 3307 4788 bene
3341 4715 3569 4770 seduce-
3601 4745 3612 4764 ι

1987 4821 2129 4867 rent.
2166 4811 2326 4874 Vere,
2365 4807 2540 4862 malus
2576 4809 2740 4864 homo
2783 4811 2853 4862 tle
2899 4805 3044 4860 malo
3070 4808 3353 4862 ~thc‘sauro
3393 4806 3574 4862 cordis

1987 4902 2068 4957 sui
2097 4899 2306 4972 profert
2338 4896 2488 4952 mala
2514 4897 2670 4968 (huc.
2691 4911 2750 4952 ενι
2771 4938 2788 4963 ,
2818 4895 2936 4964 45).
2964 4891 3419 4969 Namquidaliud
3451 4894 3578 4958 inde
3611 4929 3619 4942 .

1987 4991 2236 5062 proferre
2265 4986 2489 5058 poterit,
2520 4988 2631 5044 nisi
2673 4988 2818 5056 quod
2845 4982 3322 5050 thesaurizaviti,
3348 4979 3426 5042 lu.
3445 4985 3625 5064 tales...

1990 5083 2271 5139 invehitur
2299 5075 2560 5134 Dominus
2595 5079 2828 5146 dicens:
2869 5090 2898 5138 σῖ
2925 5074 3218 5150 Gettimina
3247 5071 3630 5146 adimerem...

1989 5171 2262 5245 quomodo
2292 5167 2518 5238 potestis
2537 5169 2677 5226 bona
2701 5169 2874 5240 loqui,
2897 5182 3022 5224 cum
3039 5156 3322 5231 lsirismali
3340 5155 3594 5224 ?-aut.fa-
3619 5201 3632 5239 ι

1988 5278 2114 5319 cere
2133 5262 2206 5336 [fa
2216 5256 2344 5329 cite]
2367 5257 2616 5313 arborem
2641 5260 2836 5316 malam
2859 5266 2917 5314 et
2937 5258 3184 5322 fructum
3205 5255 3634 5334 ejus-maturus,

1992 5353 2186 5384 ιυηηι.
2256 5363 2328 5384 vn
2386 5347 2458 5384 xx
2518 5351 2608 5384 τω
2670 5370 2688 5384 .
2735 5351 2790 5384 ιη
2846 5349 3046 5384 ηηῖΙιηιι
3101 5339 3596 5384 ἰῗιυοῖιηιὶαονιηιὶξὶο
