4064 5394
287 372 423 430 ΝΠ

899 373 1269 432 Αυγεηευδ
1309 372 1717 436 ειωοκωεοε
1755 376 1863 433 LIB

1970 376 2168 434 'I‘RES.
2199 404 2271 427 -υ-
2309 377 2506 435 LIBER
2548 375 2932 434 SECUNDUS.

3402 379 3539 435 lOIS

285 487 383 547 illa
409 488 510 544 sua
548 490 659 545 vita
680 486 927 558 largitur,
960 502 1029 544 ne
1059 500 1277 558 semper
1304 488 1547 545 moriens
1569 487 1861 560 aliquando
1890 494 1936 552 Α
1964 486 2315 563 proponendo
2363 489 2605 557 cupitum
2660 502 2938 543 nummum
2964 526 2979 551 .
3032 485 3211 551 aufprt
3253 488 3302 541 ei
3356 489 3538 554 tidem,

286 578 571 640 moriatur.
605 584 661 633 et
695 577 777 634 vel
807 578 888 634 sic
916 579 986 635 ab
1021 580 1458 637 accrescentibus
1504 580 1613 636 sibi
1656 580 1867 652 suppli-

284 671 386 729 ciis
421 670 726 740 eripiatun
755 668 873 737 ipse
923 670 1071 725 enim
1135 670 1407 726 homicida
1468 681 1553 727 es:
1586 670 1655 726 ab
1710 671 1868 729 iniL’o

284 759 623 835 (homivttt,
644 759 757 827 Η).
782 758 1021 819 Primum
1046 760 1311 832 siquidem
1339 762 1615 818 hominem
1640 763 1864 829 occidit,

283 851 628 922 etdt-inceps.
650 859 912 921 quotquot
944 853 1118 923 potuit
1155 863 1206 908 et
1235 856 1452 924 poterit.
1483 855 1549 910 Et
1580 870 1685 911 non
1718 867 1868 913 certe

282 957 399 998 non
424 940 578 997 ferro
604 950 700 996 aut
726 956 945 1002 veneno.
974 952 1067 998 aut
1092 944 1335 1014 quolibet
1361 946 1470 1001 alio
1498 946 1648 1002 necis
1671 946 1867 1003 instru-

281 1041 485 1087 mento
514 1022 764 1091 armatus
804 1033 1203 1103 protoptastum
1250 1035 1402 1091 adiit.
1458 1036 1689 1091 Pravum
1744 1050 1868 1092 ver-

281 1123 421 1177 bunt
446 1123 742 1179 seminavit
769 1133 824 1179 et
870 1124 1091 1183 occidit.
1147 1124 1488 1197 Quapropter
1533 1127 1711 1182 nullus
1738 1127 1868 1185 mali

279 1224 475 1268 suasor
508 1213 717 1267 dubitet
740 1228 823 1269 se
851 1214 1201 1280 homicidam,
1240 1216 1292 1270 in
1321 1231 1429 1285 quo
1459 1231 1526 1271 ne
1566 1225 1717 1287 putet
1757 1216 1865 1272 alio

277 1304 469 1365 occiso
514 1317 576 1357 se
605 1303 783 1358 adhuc
828 1305 1044 1372 vivere,
1093 1305 1396 1375 apostolum
1439 1305 1704 1362 Joannem
1747 1307 1865 1363 ani-

277 1393 591 1457 madvertnt
653 1393 927 1450 dicentem
977 1409 990 1448 :
1058 1413 1079 1448 ι
1135 1396 1302 1451 Scitis
1369 1399 1626 1467 quoniam
1683 1399 1864 1456 omnis

276 1484 557 1543 homicida
579 1498 688 1549 non
710 1484 879 1539 habet
898 1484 1065 1541 vitam
1105 1485 1161 1540 in
1189 1498 1247 1541 se
1266 1498 1574 1544 manentem
1602 1485 1656 1557 (1
1694 1487 1859 1545 Joan.

275 1586 367 1637 ιιι.
420 1572 526 1642 15).
554 1592 577 1625 ν
631 1572 805 1641 Quod,
849 1588 917 1630 ne
959 1575 1447 1647 tergiversor-amur
1477 1587 1532 1634 et
1557 1593 1657 1650 pro
1707 1578 1865 1635 libita

275 1665 610 1723 sententiam
660 1665 778 1735 ejus
826 1675 1196 1735 verteremus,
1248 1668 1518 1740 prannisit
1562 1670 1861 1742 inquiens:

283 1778 305 1812 ί
344 1756 449 1826 Qui
517 1761 632 1814 odit
679 1761 905 1816 fratrem
956 1775 1112 1816 suunt
1160 1762 1435 1819 homicida
1495 1771 1580 1819 est
1646 1762 1860 1835 (Ibid.).

277 1848 483 1906 Omnes
512 1859 691 1904 autem
739 1866 868 1914 vos.
927 1851 1103 1923 inquit
1151 1851 1437 1919 Christus,
1487 1852 1686 1909 fratres
1728 1855 1863 1911 estis

278 1939 505 2010 (Matth.
542 1936 703 2005 um,
730 1942 808 2013 8).
834 1962 854 1995 ι
892 1941 1041 2011 Quos
1086 1945 1273 2012 procul
1307 1944 1471 2001 dubio
1516 1945 1630 2000 odit
1660 1945 1751 2016 qui
1783 1946 1864 2001 eis

277 2048 448 2104 prava
480 2034 721 2091 scienter
767 2036 1029 2106 suggerit.
1068 2034 1221 2091 Unde
1265 2044 1320 2091 et
1361 2045 1512 2091 tanto
1542 2036 1731 2107 majori
1767 2036 1865 2092 ιιο-

278 2120 504 2182 micidio
554 2138 680 2178 reus
729 2132 948 2178 tenetur
994 2135 1199 2183 auanto
1249 2126 1481 2196 primum
1511 2125 1865 2191 homicidam,

275 2211 491 2272 scilicet
518 2212 791 2269 diabolum
828 2215 882 2269 in
915 2216 1018 2271 hoc
1063 2215 1297 2272 similius
1334 2214 1597 2281 imitatur,
1630 2226 1864 2289 quanto-

275 2317 385 2373 que
436 2304 618 2372 potior
669 2314 752 2360 est
812 2306 991 2363 anima
1047 2322 1211 2383 quam
1268 2322 1490 2377 corpus.
1549 2307 1619 2364 Et
1677 2318 1860 2365 tamen

276 2395 486 2453 nullum
518 2396 791 2452 homicidii
818 2413 988 2469 genus
1013 2399 1357 2469 praetermisit
1390 2400 1530 2454 idem
1562 2400 1861 2470 apostolus,

278 2481 373 2541 ubi
405 2484 481 2567 ait
533 2499 548 2536 :
588 2504 606 2535 ι
645 2486 810 2543 Scitis
847 2487 1103 2559 quoniam
1133 2488 1312 2545 omnis
1349 2487 1645 2557 homicida,
1678 2498 1782 2546 etc.
1810 2489 1860 2562 (l

275 2570 442 2628 Icari.
471 2589 559 2641 ιιι,
591 2574 699 2646 I5).
734 2593 754 2628 ι

867 2667 1095 2725 CAPUT
1135 2668 1271 2725 XIII.

481 2755 726 2827 Qualiter
751 2759 944 2829 vipera:
976 2763 1286 2816 conveniant
1326 2759 1666 2818 Simouiacia.

351 2845 480 2904 ﬂare
509 2858 688 2904 autem
733 2863 854 2920 quae
894 2849 960 2905 de
1001 2858 1196 2905 natura
1240 2850 1552 2920 viperarum
1588 2850 1769 2923 typice
1798 2849 1867 2905 ad

278 2933 557 2992 diabolum
592 2936 898 3002 retulimus,
931 2939 1032 2992 etsi
1084 2937 1155 2993 ad
1206 2938 1392 2993 omnia
1442 2940 1684 2995 membra
1725 2938 1868 2995 illius

178 3036 184 3041 ‘
282 3023 483 3082 rcferri
514 3037 758 3094 possunt,
791 3027 1082 3099 specialius
1110 3035 1290 3083 tamen
1321 3026 1714 3099 principalibus
1738 3043 1868 3083 con-

281 3126 504 3186 gruunt,
533 3117 742 3174 scilicet
772 3119 1073 3184 lmrcticis,
1107 3128 1166 3173 ttt
1196 3128 1322 3189 puta
1351 3124 1422 3174 ab
1452 3119 1543 3173 illo
1573 3119 1860 3186 secundis;

280 3218 344 3265 ut
385 3208 533 3263 enim
577 3209 718 3264 inter
770 3210 941 3266 Deum
970 3220 1025 3267 et
1062 3212 1339 3282 seraphim
1393 3210 1524 3267 nulli
1574 3211 1861 3282 spirituum

283 3298 594 3365 intersunt,
646 3300 727 3355 sic
778 3300 920 3356 inter
976 3300 1245 3359 diabolum
1290 3310 1348 3356 et
1396 3301 1681 3358 haereticos
1733 3303 1864 3358 nulli

285 3388 567 3449 hominum
611 3388 904 3448 intersunt.
945 3387 1052 3445 Sed
1092 3391 1348 3459 quoniam
1384 3406 1486 3445 nec
1531 3391 1598 3445 ad
1644 3391 1863 3446 nomina

285 3492 368 3540 tot
407 3493 777 3540 monstrorum
808 3481 1127 3553 sullicimus,
1160 3482 1485 3539 Sintouiacis
1515 3493 1756 3551 tantum,
1799 3485 1865 3539 dc

284 3575 483 3651 quibus
513 3576 1003 3647 imprzescntiarum
1030 3578 1229 3647 agitur,
1266 3577 1536 3647 quomodo
1561 3585 1865 3647 congruant

283 3665 587 3722 videamus.
614 3666 960 3738 Qua-cunque
999 3668 1328 3724 Christiana:
1362 3667 1716 3738 professionis
1742 3684 1865 3737 per-

284 3769 445 3820 sona,
477 3757 522 3812 si
549 3757 736 3813 vitiato
777 3758 973 3813 anima:
1017 3774 1130 3827 suae
1172 3757 1404 3813 naturali
1453 3768 1625 3823 motu,
1658 3757 1866 3812 scilicet

286 3844 637 3917 laudabiliter
684 3847 1094 3918 concupiscibili
1130 3848 1450 3917 arripiatur,
1498 3856 1559 3901 ttt
1605 3846 1679 3900 ita
1719 3845 1865 3900 dica-

288 3943 395 3997 tur,
414 3936 640 3992 honoris
661 3936 979 4000 ambitione,
1002 3936 1274 3993 cbaritate
1296 3936 1388 3990 Dei
1415 3936 1565 4006 prius
1584 3935 1861 4006 privatur;

287 4038 352 4077 ac
384 4012 582 4079 deinde
627 4025 913 4080 ambitiosa
945 4022 1161 4092 effecta,
1194 4034 1257 4079 ut
1295 4023 1560 4081 Dominus
1604 4039 1662 4078 se
1706 4023 1866 4094 glsri-

292 4111 547 4171 ﬁcanteut
577 4114 847 4186 gloriﬁcet
891 4116 1118 4173 minime
1155 4124 1456 4187 exspectat.
1491 4113 1639 4170 Unde
1668 4113 1865 4185 quietis

290 4211 343 4263 et
374 4221 542 4265 mora:
586 4207 909 4278 impatiens,
959 4205 1163 4278 passim
1213 4216 1268 4261 et
1316 4204 1590 4262 inhiantcr
1632 4200 1869 4273 vestigat

288 4308 402 4355 sua:
421 4296 876 4366 concupiscentia:
898 4310 1106 4367 parent.
1131 4295 1228 4352 Cui
1255 4295 1394 4355 forte
1415 4297 1636 4350 invento
1660 4304 1864 4349 vastam

290 4378 525 4455 pectoris
571 4388 654 4442 sui
700 4385 975 4442 ﬂammam
1015 4388 1344 4472 patulopre
1388 4386 1650 4458 inspirat,
1683 4386 1771 4444 ubi
1811 4387 1864 4441 in

1969 578 2178 635 scilicet
2220 578 2523 648 principale
2563 593 2745 642 suum,
2786 592 2885 633 nec
2918 588 3097 634 tamen
3143 577 3246 637 sibi
3285 588 3379 634 aut
3423 582 3542 635 cui-

1968 687 2132 743 quam
2158 669 2392 726 ablatam
2426 669 2583 724 fidem
2616 670 2877 741 possidet,
2906 670 3002 725 sed
3032 669 3200 724 solam
3235 669 3537 741 perﬁdiam,

1968 778 2130 833 quant
2160 775 2367 825 veneno
2410 759 2610 815 diaboli
2662 760 2810 814 ebria
2862 759 3145 833 deglutivit
3193 759 3259 813 ad
3306 759 3543 815 semina-

1969 852 2110 907 rium
2156 851 2241 906 sui
2291 850 2544 905 interitus
2591 858 2647 904 et
2693 849 2943 908 aliorum.
2987 849 3171 920 Neque
3217 850 3363 905 enim
3408 851 3543 906 lldes

1966 942 2191 1015 perlldia
2224 940 2341 996 fieri
2373 948 2575 1012 potest,
2605 940 2701 996 sed
2728 939 2890 994 simul
2935 954 2999 994 ac
3045 940 3272 1011 pcrlidia
3311 941 3538 1001 accedit,

1967 1036 2103 1093 fides
2148 1035 2411 1100 abscedit,
2464 1043 2723 1105 tanquam
2772 1034 2841 1087 ab
2889 1047 2950 1088 ea
2982 1033 3067 1087 cui
3107 1033 3401 1103 aliquando
3435 1047 3542 1089 non

1966 1126 2349 1187 communicat.
2399 1124 2468 1181 Et
2514 1124 2659 1180 sicut
2701 1138 2926 1195 compar
2968 1123 3165 1193 viperre
3200 1124 3288 1181 ubi
3319 1123 3542 1179 detrun-

1965 1217 2197 1273 candum
2242 1225 2404 1286 caput
2431 1215 2655 1278 addicit,
2689 1214 2801 1285 jam
2850 1230 2951 1269 nec
2979 1213 3083 1269 sibi
3114 1223 3277 1284 caput
3303 1224 3410 1279 est,
3440 1229 3543 1269 net:

1968 1305 2202 1361 infanda:
2233 1305 2443 1378 coniugi
2485 1306 2582 1361 sed
2614 1304 2687 1360 illi
2745 1319 2893 1359 mors
2915 1345 2928 1368 ,
2964 1304 3052 1359 isti
3082 1314 3263 1359 autem
3295 1303 3355 1359 lit
3382 1305 3545 1359 semi-

1966 1398 2180 1454 narium
2215 1396 2437 1462 mortis;
2470 1396 2551 1452 sic
2587 1394 2807 1452 nefandi
2838 1394 3156 1457 Simoniaci,
3192 1395 3280 1449 ubi
3311 1393 3543 1464 gratiam

1965 1488 2304 1560 spiritualem
2335 1486 2669 1543 vendendam
2696 1495 2747 1542 et
2779 1484 3061 1541 emendant
3092 1483 3390 1548 adducunt,
3416 1498 3546 1537 vcn-

1965 1578 2199 1633 ditorem
2230 1576 2446 1646 quidem
2478 1574 2652 1646 gratia
2697 1574 2932 1639 deserit,
2967 1587 3066 1627 nec
3112 1582 3287 1625 tatnen
3337 1578 3547 1641 empto-

1967 1684 2083 1725 rem
2112 1668 2247 1736 adit,
2292 1667 2386 1723 sed
2438 1667 2515 1722 ira
2552 1667 2643 1721 Dei
2676 1674 2964 1734 utrumque
2990 1663 3322 1719 borribilitcr
3352 1677 3546 1741 perva-

1966 1760 2066 1815 dit.
2105 1759 2335 1814 Invicem
2379 1773 2437 1813 se
2474 1772 2605 1828 ergo
2651 1755 2847 1826 linguis
2877 1755 3019 1818 suis,
3059 1763 3120 1808 ut
3148 1753 3366 1822 vipctm,
3397 1752 3544 1813 occi-

1892 1829 2121 1916 Bdttttt,
2165 1852 2292 1921 quia
2357 1850 2446 1907 hic
2493 1849 2779 1920 exigendo,
2825 1845 2912 1902 ille
2960 1844 3266 1900 exhibendo
3315 1842 3546 1917 gratiam

1965 1943 2208 1999 venalem
2238 1941 2477 1998 literelici
2502 1940 2635 1995 facti
2662 1946 2909 2010 pereunt.
2940 1938 3013 1993 De
3039 1933 3546 2007 quibus,,qnoniam

1965 2036 2217 2092 venenati
2250 2043 2396 2100 sunt,
2429 2050 2535 2089 non
2568 2032 2672 2087 nisi
2712 2031 2959 2086 venenati
2989 2029 3081 2085 lilii
3132 2037 3550 2096 nascuntnrtut

1964 2127 2185 2198 quidam
2236 2125 2466 2192 Sapiens
2514 2130 2743 2177 testatur
2784 2135 2798 2174 :
2858 2116 3022 2174 «Filii
3080 2116 3545 2173 abominationutn

1968 2220 2101 2274 liuut
2140 2216 2234 2271 lilii
2280 2223 2658 2286 peccatorum,
2706 2218 2762 2265 et
2801 2209 2895 2280 qui
2945 2216 3339 2263 conversantur
3386 2219 3548 2269 secus

1966 2310 2154 2365 domos
2217 2306 2527 2376 impiorum.
2595 2301 2854 2356 Filiorum
2923 2305 3271 2370 peccatorum
3341 2293 3549 2364 peribit,

1967 2396 2279 2461 btereditas,
2299 2403 2355 2450 et
2383 2409 2505 2449 cum
2541 2389 2749 2447 semine
2779 2387 2990 2443 illorum
3023 2385 3314 2441 assiduitas
3350 2397 3548 2454 oppro-

1964 2486 2166 2542 brium.
2219 2483 2293 2538 De
2340 2492 2495 2551 patre
2543 2480 2707 2549 impio
2754 2487 3072 2548 quaeruntur
3119 2473 3233 2541 lilii,
3287 2471 3542 2544 quoniam

1966 2582 2188 2646 propter
2232 2572 2385 2628 illum
2429 2579 2554 2639 sunt
2605 2571 2658 2625 iu
2707 2568 3022 2641 opprobrio.
3074 2565 3166 2623 Vze
3217 2567 3392 2636 vobis,
3446 2566 3559 2621 viri

1968 2664 2152 2734 itttpii,
2185 2662 2277 2733 qui
2315 2660 2684 2731 det'eliqttistis
2728 2659 2900 2731 legem
2932 2660 3142 2715 Domini
3176 2657 3459 2723 altissimi;
3492 2670 3549 2711 et

1968 2754 2015 2810 si
2065 2753 2177 2808 nati
2222 2751 2435 2809 fueritis
2485 2751 2539 2806 in
2592 2749 2971 2806 tnaledictionc
3021 2748 3356 2815 nascemini,
3400 2755 3458 2802 et
3500 2748 3549 2802 si

1968 2846 2166 2902 mortui
2216 2844 2453 2909 tueritis,
2503 2859 2555 2898 tn
2607 2841 2990 2897 ntaledictione
3023 2840 3130 2896 erit
3176 2854 3303 2911 pars
3348 2847 3547 2894 vestra.

1968 2941 2162 2999 Omnia
2205 2956 2327 3013 qua:
2367 2941 2433 2995 de
2475 2949 2619 2994 terra
2659 2948 2805 3005 sunt,
2838 2938 2893 2994 in
2943 2948 3086 2994 terra
3128 2947 3546 2999 convertentur;

1969 3035 2050 3091 sic
2079 3033 2232 3104 impii
2263 3050 2291 3086 a
2324 3031 2614 3087 maledicto
2650 3030 2702 3085 in
2734 3029 3090 3102 perditionem
3122 3026 3310 3099 (Eccli.
3348 3044 3463 3095 xu,
3491 3030 3548 3093 8.

1974 3123 2092 3193 lli);
2129 3141 2146 3174 ι
2191 3129 2244 3177 et
2289 3120 2454 3175 alibi:
2493 3139 2511 3170 ι
2540 3118 2661 3175 Filii
2707 3118 3083 3174 adulterorum
3115 3118 3173 3173 in.
3209 3112 3551 3172 consumma-

1969 3216 2113 3273 tioue
2141 3222 2321 3281 erunt,
2352 3221 2405 3267 et
2437 3212 2505 3268 ab
2551 3211 2737 3282 iniquo
2785 3212 2944 3267 tboro
2990 3227 3175 3268 semen
3217 3210 3551 3267 extermina-

1965 3309 2158 3366 bitur:
2196 3316 2249 3363 et
2296 3305 2562 3376 siquidem
2612 3304 2786 3376 longae
2834 3305 2958 3359 vita:
3007 3313 3188 3370 erunt,
3224 3304 3279 3358 in
3324 3302 3549 3358 nihilum

1965 3399 2444 3472 eoutputabuntttr,
2472 3406 2527 3453 et
2572 3396 2692 3452 sine
2736 3396 2946 3451 honore
2986 3397 3090 3450 erit
3132 3394 3426 3450 novissima
3464 3409 3553 3449 sc-

1967 3501 2155 3550 ttectus
2186 3490 2425 3556 illorum,
2455 3497 2511 3544 et
2555 3488 2599 3543 si
2645 3486 2880 3543 celerius
2916 3486 3154 3542 defuncti
3188 3484 3407 3550 fuerint,
3442 3501 3549 3541 nou

1967 3584 2242 3641 habebunt
2275 3598 2448 3652 spem,
2477 3596 2578 3637 nec
2605 3580 2663 3635 iu
2697 3580 2785 3635 die
2825 3577 3117 3651 agnitionis
3143 3575 3547 3631 allocutionem.

1966 3675 2211 3731 Nationis
2254 3674 2399 3731 enim
2446 3672 2645 3743 iniqua:
2699 3671 2832 3726 dira:
2883 3679 3010 3725 sunt
3056 3667 3551 3724 consunnnationes

1967 3767 2118 3840 (Sap.
2151 3783 2236 3832 ttt,
2264 3767 2355 3833 lli,
2384 3765 2494 3833 l9).
2519 3784 2536 3818 ι
2574 3764 2832 3819 Domin’ns
2861 3777 3075 3833 quoque
3105 3776 3203 3832 per
3228 3758 3549 3829 prOphetani

1965 3860 2536 3931 pseudosacertlounm
2582 3856 3056 3928 reprobansrait:
3103 3853 3269 3921 «Quia
3304 3848 3569 3921 repnlisti,

1967 3950 2277 4014 scientiam,
2304 3947 2559 4017 repellam
2591 3955 2664 4011 te,
2696 3961 2765 4000 ne
2804 3943 3114 3999 sacerdotio
3142 3940 3383 4010 fungaris
3417 3939 3550 4005 mihi

1967 4039 2114 4111 (Ose.
2143 4054 2215 4105 tv,
2258 4036 2337 4105 6).
2365 4056 2385 4090 ›
2422 4034 2661 4091 Scientia
2689 4034 2833 4088 enim
2876 4031 2968 4088 Dei
3016 4039 3121 4096 est,
3168 4029 3317 4084 verbi
3350 4028 3551 4101 gratia,

1967 4128 2201 4200 gratiam
2248 4127 2338 4181 Dei
2389 4133 2670 4196 acceptam
2718 4123 2889 4194 gratis
2935 4122 3087 4176 dare.
3142 4119 3260 4193 Scit
3311 4134 3549 4195 namque

1969 4220 2103 4291 ipse,
2141 4218 2283 4273 sicut
2310 4217 2363 4271 in
2404 4215 2825 4272 Dctttcronontio
2854 4212 3237 4293 Iegiturnquid
3272 4212 3546 4282 loquatur.

1967 4312 2141 4378 Quam
2189 4307 2497 4373 scientiam,
2544 4306 2671 4376 quia
2725 4304 3022 4376 Simoniaci
3066 4302 3356 4374 repellunt,
3399 4310 3454 4357 et
3496 4302 3547 4356 ei

1967 4401 2213 4474 prtebcre
2261 4399 2327 4453 ad
2366 4413 2425 4456 se
2455 4397 2661 4454 aditum
2694 4396 2903 4463 nolunt,
2935 4396 3147 4470 etiamsi
3199 4410 3306 4452 non
3343 4393 3565 4466 verbis,

291 4478 483 4544 corde,
540 4486 598 4533 et
645 4493 769 4541 cum
821 4477 987 4535 corde
1039 4480 1303 4534 hactenus
1360 4479 1655 4549 repositam
1704 4479 1862 4534 anxia

1970 4502 2148 4548 tamen
2182 4490 2338 4547 lactis
2370 4490 2473 4562 ipsi
2520 4489 2757 4555 Domino
2780 4489 2890 4559 Deo
2934 4489 3121 4544 dicunt
3151 4505 3164 4542 :
3219 4505 3239 4539 ‹
3270 4484 3483 4542 Recede
3516 4503 3561 4549 a

292 4564 616 4635 proferendo
664 4566 995 4635 manifestat.
1026 4566 1126 4635 Ubi
1176 4570 1322 4624 enim
1369 4570 1674 4632 thesaurus,
1707 4570 1779 4625 ibi
1810 4581 1866 4626 ct

294 4670 390 4725 cor
418 4657 633 4729 (Matth.
684 4674 762 4723 vt,
808 4658 927 4731 2t),
962 4660 1149 4731 Itaque
1181 4660 1270 4715 ille
1318 4662 1505 4728 miser,
1558 4660 1702 4716 velut
1728 4660 1866 4717 alter

297 4760 344 4798 at
379 4747 591 4806 diabolo
642 4752 888 4817 adulter,
934 4752 1076 4809 visa
1130 4753 1390 4822 pecunia,
1454 4753 1601 4809 velut
1652 4754 1864 4810 occulta

298 4839 563 4921 quondam
582 4882 597 4907 ,
627 4843 723 4897 sed
750 4858 895 4899 nunc
925 4841 1265 4899 manifestata
1298 4843 1400 4899 sibi
1433 4843 1660 4900 alterius
1689 4846 1868 4901 cordis

299 4927 547 4999 avaritia,
575 4931 796 4988 insanus
821 4948 1007 4989 amore
1033 4933 1277 5002 pecunia!
1303 4943 1467 5005 caput
1497 4948 1653 4990 suum
1688 4936 1866 4990 eidem

300 5018 649 5090 condemnat,
682 5023 933 5083 ubivitac
979 5039 1092 5078 sum
1120 5024 1393 5087 inimicus.
1444 5025 1868 5098 ctsempitcrnte

301 5110 484 5142 Inui-03¢-
516 5113 714 5142 ιιι-ηειιη
759 5115 917 5142 (2.1-...
963 5129 1115 5142 totum

1182 5115 1267 5142 ..ΑΙ
1317 5114 1578 5142 -.δἐι-ιλιι...
1644 5132 1802 5142 -..δ-α.
1838 5133 1862 5142 Α

1965 4584 2161 4649 nobis;
2222 4581 2513 4639 scientiam
2563 4580 2773 4647 viarum
2828 4589 3040 4635 tuarum
3095 4579 3352 4633 nolumus
3406 4573 3548 4648 (Job

1966 4693 2078 4741 ut,
2125 4675 2236 4747 Η).
2272 4694 2291 4728 ι
2328 4674 2486 4742 Unde
2512 4681 2568 4735 et
2612 4672 2712 4743 ipsi
2737 4672 2883 4742 juste
2924 4687 2955 4725 a
2992 4671 3102 4726 Deo
3141 4668 3377 4740 repulsi,
3406 4681 3474 4721 ne
3497 4668 3548 4721 ei

1967 4764 2275 4822 sacerdotio
2323 4746 2935 4834 fungantur“quidquid
2980 4755 3338 4814 sacerdotalis
3391 4753 3549 4810 cilicii

1968 4857 2146 4926 Specie
2186 4864 2344 4914 tenus
2382 4859 2734 4922 prtesumunt,
2787 4849 2893 4913 sibi
2941 4854 3148 4902 tantum
3181 4855 3239 4903 ct
3282 4859 3392 4899 non
3420 4845 3555 4906 Deo.

1968 4959 2069 5001 nec
2117 4942 2315 5019 populo
2358 4940 2478 5008 eius
2527 4940 2864 5010 funguntur:
2907 4936 3145 5019 alioquin
3194 4936 3327 4996 Dco,
3364 4936 3410 4990 si
3442 4934 3563 5005 eius

1968 5034 2187 5108 populo.
2227 5032 2472 5107 Quorum
2502 5031 2659 5101 panis
2707 5030 2762 5085 in
2810 5038 2965 5083 utero
2995 5027 3210 5085 illorum
3246 5025 3482 5081 vertitur
3512 5029 3570 5084 iu

1972 5114 2064 5142 F,I‘
2094 5140 2101 5141 κ
2128 5140 2167 5141 κη
2188 5123 2199 5137 ⁸
2226 5122 2327 5142 I--_.-
2381 5120 2705 5142 !_I_’_---_--
2766 5118 2781 5142 Ι
2801 5119 2885 5142 ’-Ι-
2928 5133 2990 5142 -ιυ
3096 5119 3113 5142 Ι
3134 5119 3178 5142 ιι
3270 5114 3400 5142 ιιι-ιιι
3452 5119 3569 5142 -.Σίκα

2928 5133 2990 5142 ι...
3096 5119 3113 5142 Ι
3134 5119 3178 5142 It
3270 5119 3400 5142 nn}-
