4064 5394
380 345 386 352 “
431 357 570 416 tota
1507 348 1862 407 uestimenti
1905 347 1964 403 s.
2007 347 2046 400 ιι

2142 347 2176 400 Ξ.
2218 335 2637 407 (ιιιιιυιΝΑιιε,
3547 325 3702 394 ίοεα

426 472 553 542 Dei,
599 470 695 529 sc'd
753 470 908 542 panis
955 468 1097 540 ejus,
1137 468 1386 524 videlicet
1438 465 1703 529 luurclici,
1763 464 1814 518 in
1873 461 2010 515 libro
2039 466 2084 522 Α
2114 459 2242 529 quid
2267 456 2536 528 petieritis
2562 453 2774 510 Patrem
2816 467 2868 508 ιιι
2916 445 3141 508 nomine
3171 463 3309 515 meo,
3355 445 3701 504 dabitvobis

431 561 575 618 beati
606 559 705 618 Job
734 561 934 618 dicitur
957 559 1078 632 (Job
1109 577 1204 626 xx,
1235 559 1345 632 14).

1011 669 1242 727 CAPUT
1301 667 1438 724 XIV.

437 765 592 831 Quod
652 765 958 819 uniusmodi
1023 763 1126 816 sint
1181 761 1512 815 subrersorcs
1565 769 2012 831 sacrmuentorum

503 845 552 889 et
587 837 857 891 verborum
895 833 1114 898 Christi,
1150 842 1196 887 et
1235 832 1374 902 quod
1417 845 1508 883 nec
1545 837 1748 900 petunt,
1783 843 1873 880 nec
1911 827 2010 878 im—

505 915 705 971 petrent
733 904 798 958 ab
827 920 911 959 eo.

509 1015 638 1072 Ilaec
683 1030 784 1072 nos
831 1015 886 1071 in
927 1015 1032 1070 hoc
1076 1013 1347 1070 versiculo
1375 1013 1520 1068 beati
1559 1009 1807 1082 Gregorii
1857 1022 2015 1064 sensa

439 1109 715 1182 sequendo
751 1123 872 1178 quae
899 1107 967 1163 ad
999 1107 1290 1163 haereticos
1337 1121 1490 1165 sacra
1537 1103 1754 1175 eloquia
1798 1115 2017 1172 perver-

441 1211 620 1257 tentes
656 1198 863 1262 retulit,
887 1199 954 1254 ad
993 1199 1126 1254 istos
1153 1197 1246 1266 qui
1279 1203 1624 1252 sacramenta
1675 1193 1866 1248 altaris
1894 1207 2018 1262 per-

441 1299 660 1346 vertunt
704 1305 810 1346 non
854 1289 1298 1345 inconvenieuter
1329 1285 1722 1349 transtulimus,
1751 1284 1876 1352 quia
1902 1297 2017 1336 ver-

440 1383 570 1436 bum
595 1379 691 1436 Dei
721 1387 772 1435 et
803 1380 960 1450 panis
996 1380 1112 1444 Dei,
1162 1377 1516 1433 nihilominus
1543 1377 1714 1448 paris,
1745 1376 1853 1430 imo
1877 1372 2020 1442 ejus-

443 1472 566 1526 dem
614 1471 931 1542 dignitatis,
987 1480 1044 1524 et
1092 1470 1478 1526 (.ozeternitatis
1538 1477 1684 1523 sunt.
1740 1465 2017 1537 Siquidem

442 1562 667 1617 verbum
693 1561 786 1617 Dei
819 1559 1012 1626 nostri,
1037 1561 1192 1632 juxta
1224 1561 1444 1626 Isaiam,
1473 1559 1640 1614 stabit
1672 1547 1726 1612 in
1757 1566 2018 1612 teternutn

444 1655 600 1724 (lani.
630 1671 722 1721 XL,
752 1654 830 1726 8),
875 1665 928 1712 et
951 1655 1106 1724 juxta
1145 1656 1318 1726 ipsum
1345 1666 1673 1712 coaeteruum
1718 1650 1828 1708 Deo
1870 1651 2020 1706 Patri

444 1744 684 1818 verbum
735 1745 788 1800 in
850 1745 1142 1818 Evangelio
1188 1747 1414 1800 dicens:
1473 1763 1489 1794 ι
1527 1743 1701 1797 Verba
1747 1757 1864 1796 mea
1914 1757 2020 1795 non

2112 549 2296 614 (Joau.
2336 563 2450 612 xvi,
2483 545 2601 616 9.3).
2623 565 2642 597 ι
2672 544 2782 600 Et:
2838 562 2854 596 |
2883 543 3254 612 Quodcunque
3289 539 3553 612 petieritis
3585 537 3702 594 Pa-

2115 651 2253 696 trem
2280 641 2333 694 in
2368 638 2587 693 nomine
2624 651 2769 702 meo,
2791 634 2957 690 'dabit
2997 632 3151 688 vobis
3179 631 3362 699 (locu.
3391 644 3505 694 3m,
3533 628 3642 699 l5).
3671 645 3698 678 ι

2183 732 2412 786 Constat
2435 729 2618 798 itaque
2651 726 2927 782 bmretieis
2958 723 3044 778 his
3072 721 3190 778 dari
3225 719 3370 792 quod
3399 726 3586 790 petunt
3625 717 3703 772 ab

2123 828 2180 876 τό
2207 835 2366 891 quem
2391 827 2605 889 petunt.
2636 816 2700 871 Et
2733 829 2892 886 quem
2925 811 3154 883 petunt?
3179 819 3388 882 patrem
3431 816 3486 861 et
3513 805 3666 861 domi
3693 833 3704 844 -

2119 924 2247 967 num
2283 927 2438 966 suum
2484 923 2871 964 mammonam.
2927 906 2994 961 Et
3039 905 3170 975 quid
3217 899 3448 972 petunt?
3477 911 3706 980 panem.

2117 1004 2289 1073 Quem
2317 1001 2548 1073 panem?
2574 1000 2828 1054 nimirum
2864 997 2954 1066 qui
2987 986 3101 1050 sibi.
3125 993 3280 1048 dulce
3322 1003 3513 1059 sapere
3536 986 3706 1051 solet,

2117 1101 2178 1148 ut
2203 1092 2459 1148 Salomon
2486 1092 2602 1146 ait:
2636 1109 2655 1142 α
2679 1088 2876 1144 Suavis
2904 1096 2988 1140 est
3016 1083 3220 1140 homini
3247 1081 3404 1152 panis
3433 1077 3706 1135 mendacii

2120 1181 2300 1254 (Prov.
2354 1193 2445 1244 xx,
2491 1178 2610 1250 l'i);
2645 1196 2664 1230 ι
2703 1160 2863 1246 quem
2916 1190 2984 1229 ne
3012 1174 3282 1228 dubitaret
3313 1170 3437 1241 quis
3465 1167 3719 1238 lapidem.

2118 1286 2276 1337 esse,
2329 1269 2650 1338 subiunxit:
2702 1285 2722 1318 ι
2753 1267 2817 1320 Et
2870 1275 3059 1334 postea
3109 1261 3424 1332 implebitur
3469 1273 3534 1314 os
3585 1257 3718 1327 ejus

2120 1361 2324 1416 Calculo
2349 1358 2564 1432 (Ibid).
2599 1376 2618 1410 ι
2645 1357 2876 1412 Videsne
2907 1355 2994 1409 hic
3022 1369 3122 1424 pro
3148 1367 3286 1423 pane
3311 1348 3600 1405 cbaritatis
3625 1346 3714 1399 la-.

2119 1453 2300 1524 pidem
2349 1451 2534 1505 datum
2587 1445 2990 1510 obduratio‘nis,
3037 1442 3192 1512 cujus
3228 1441 3466 1513 pessimo
3514 1437 3720 1492 merito

2120 1543 2351 1600 eﬁicitur
2397 1551 2454 1596 ut
2485 1540 2792 1610 petentibus
2821 1538 2983 1591 ﬁdem
3013 1535 3263 1605 perlidia,
3297 1532 3446 1587 velut
3479 1541 3713 1600 serpens

2122 1650 2224 1704 pro
2261 1634 2433 1703 pisce,
2471 1629 2666 1684 detur?
2709 1626 2844 1682 Nam
2875 1626 2966 1680 ubi
3013 1624 3173 1695 panis
3215 1619 3488 1676 mendacii
3529 1632 3722 1672 come-

2125 1729 2289 1791 ditttr,
2325 1728 2622 1793 vinumque
2652 1720 2954 1791 iniquitatis
2985 1717 3212 1782 bibitur,
3240 1713 3462 1770 dubium
3494 1726 3604 1766 non
3630 1711 3745 1763 est'

445 1813 756 1892 transibunt
797 1803 1148 1907 (Mamurius,
1181 1837 1296 1908 5|).
1327 1856 1347 1888 ι
1399 1836 1475 1892 De
1513 1838 1710 1906 quibus
1737 1843 1794 1889 et
1833 1834 2024 1888 beatus
2055 1822 2098 1878 B
2127 1822 2255 1892 quin
2289 1819 2364 1874 ibi
2406 1815 2524 1872 sola
2553 1813 2778 1886 perlldia
2829 1809 3158 1866 dominetur.
3207 1805 3363 1862 Unde
3393 1803 3455 1858 ﬁt
3481 1812 3563 1868 ut,
3601 1809 3720 1855 tam
3773 1873 3785 1882 -

447 1930 644 1986 Petrus
690 1931 866 1986 cidem
915 1933 991 1986 ait
1041 1951 1054 1985 :
1119 1951 1136 1984 ι
1185 1930 1362 1986 Verba
1409 1931 1531 1984 vita:
1589 1939 1807 1984 aeternae
1857 1928 2029 1982 babes

449 2019 634 2094 (Joan.
660 2039 740 2090 γι,
769 2023 881 2096 69).
905 2043 922 2075 ι
953 2022 1076 2079 Pari
1105 2023 1266 2081 modo
1313 2023 1468 2094 panis
1518 2023 1635 2086 Dei,
1685 2031 1741 2076 ut
1783 2019 1942 2076 docet
1972 2020 2026 2073 in

448 2115 746 2188 Evangelia
785 2116 960 2186 ipsum
995 2116 1252 2181 Verbum,
1288 2115 1397 2168 imo
1439 2115 1595 2184 panis
1637 2111 1916 2167 descendit
1960 2109 2028 2164 de

448 2208 612 2274 creto,
655 2217 714 2263 et
757 2208 850 2264 dat
896 2208 1064 2262 vitam
1099 2208 1341 2262 mundo:
1401 2227 1418 2257 ι
1449 2207 1517 2262 Et
1560 2221 1661 2279 ego
1709 2221 1827 2260 sum
1874 2203 2038 2272 panis.

449 2299 626 2366 vivus,
655 2300 746 2373 qui
776 2300 841 2354 de
867 2299 1010 2355 coelo
1055 2298 1332 2354 descendi.
1376 2295 1431 2351 Si
1465 2297 1586 2366 quis
1621 2293 2033 2350 Iuanducaverit

451 2381 518 2444 ei
550 2391 653 2446 hoc
679 2405 839 2460 pauc,
863 2391 1010 2444 vivet
1029 2389 1081 2442 in
1103 2398 1362 2444 mternum
1389 2387 1576 2458 (Ibid.,
1594 2386 1689 2453 5i,
1709 2386 1820 2456 5'2).
1845 2407 1862 2438 ι
1895 2385 2033 2440 Hinc

451 2498 585 2555 ergo
621 2485 843 2554 apparet
882 2481 1041 2536 Verbi
1088 2479 1187 2536 Dei
1226 2487 1282 2535 et
1326 2480 1483 2552 panis
1526 2478 1646 2550 ejus
1685 2476 2035 2548 coaequalitas

452 2585 509 2628 et
537 2575 902 2640 ceteternitas,
939 2573 1066 2644 quia
1102 2573 1244 2628 sicut
1274 2569 1405 2626 illud
1437 2587 1504 2625 ex
1547 2569 1752 2624 sanctis
1790 2569 2035 2638 Scriptu-

453 2668 554 2733 ris,
586 2665 659 2722 ita
693 2667 780 2722 bic
811 2681 876 2722 ex
907 2667 1266 2721 sacramentis
1291 2666 1458 2718 vitam
1499 2673 1762 2718 mtcrnam
1791 2668 2032 2734 praestat.

454 2759 566 2816 Nec
603 2760 800 2815 mirum
833 2774 954 2816 cum
986 2774 1124 2814 unus
1154 2759 1406 2828 idemque
1443 2758 1699 2812 lloumtus
1725 2765 1912 2810 noster
1943 2753 2028 2810 Je-

455 2868 550 2908 sus
585 2851 838 2910 Christus
880 2859 936 2906 'ct
980 2850 1036 2906 in
1086 2849 1384 2920 Scripturis
1425 2849 1634 2904 sanctis
1681 2847 1752 2901 sit
1801 2835 2064 2903 Verbum-

455 2943 575 3008 Dei,
603 2951 661 2998 et
702 2943 756 2998 in
802 2940 1167 2998 sacramentis
1193 2939 1349 3010 panis
1380 2938 1495 2994 Dei.
1526 2937 1680 2998 Unde
1703 2949 2042 3006 consequens

457 3045 544 3092 eSt
577 3045 636 3092 ut
663 3035 782 3108 pari
812 3035 1216 3092 abominatione
1247 3033 1548 3088 devitemus
1582 3045 1862 3088 eversores
1905 3028 2042 3084 divi-

460 3145 652 3184 norum
699 3131 1061 3201 eloquiorutn,
1095 3137 1259 3196 atque
1305 3141 1592 3183 eversores
1619 3122 1925 3180 caelestium
1955 3137 2044 3176 sa-

461 3231 889 3277 cramentorum.
935 3219 1143 3286 Quibus
1178 3227 1234 3272 et
1278 3219 1322 3274 si
1365 3217 1642 3274 cmlcstem
1690 3215 1942 3280 Patrem,
1987 3223 2048 3268 ut

463 3323 702 3383 putatur,
723 3322 910 3384 petant
931 3329 1148 3383 panem,
1172 3313 1321 3367 datm
1357 3320 1534 3366 tamen
1557 3311 1724 3382 lapis;
1749 3311 1794 3364 si
1819 3305 2048 3380 piscem,

463 3395 720 3476 serpens;
771 3405 814 3458 si
856 3421 1040 3472 ovmn,
1097 3405 1349 3474 scorpius
1396 3402 1610 3476 (Matth.
1666 3418 1762 3467 vn,
1819 3400 1874 3466 9,
1926 3400 2046 3470 10).;

465 3495 594 3564 quia
644 3503 702 3548 ut
739 3493 1029 3550 Psalmista
1061 3495 1380 3566 prophetico
1422 3493 1773 3564 imprecatur,
1822 3493 1914 3546 dat
1946 3491 2052 3548 illis

466 3587 730 3642 Dominus
771 3587 1070 3642 secundum
1117 3601 1283 3656 Opera
1331 3585 1612 3656 ipsorum,
1657 3594 1712 3639 et
1755 3585 2052 3651 secundum

468 3680 769 3748 nequitiam
801 3679 1249 3734 adiuventiouum
1292 3678 1530 3748 ipsorum
1562 3676 1856 3743 secundum
1888 3690 2054 3744 opera

471 3785 730 3825 nia-unum
774 3785 963 3826 eorum
996 3769 1190 3825 tribuit
1239 3768 1378 3832 illis,
1424 3767 1602 3822 reddit
1638 3765 2055 3822 retributionem

471 3877 661 3938 eorum
703 3863 854 3934 ipsis.
889 3863 1156 3933 Quoniam
1187 3876 1292 3916 non
1339 3859 1722 3915 intellexerunt
1752 3873 1915 3928 opera
1953 3859 2060 3913 De.

472 3955 628 4022 mini,
667 3965 724 4011 et
772 3955 828 4012 in
877 3970 1042 4025 opera
1087 3970 1343 4010 manuum
1372 3968 1562 4008 eorum
1607 3953 1854 4007 destrues
1903 3949 2059 4016 illos,

473 4055 530 4122 et
565 4061 669 4100 non
699 4045 994 4101 aediﬁcabis
1030 4061 1124 4102 eos
1157 4043 1333 4116 (Paul.
1386 4058 1556 4108 χιιι-ιι,
1593 4042 1650 4107 4,
1697 4041 1774 4113 5).
1805 4039 1915 4097 Nec
1958 4039 2059 4095 mi-

475 4151 630 4202 rum;
684 4151 859 4205 neque
904 4134 1051 4190 enim
1099 4135 1381 4192 ctelestem
1423 4133 1644 4190 Patrem
1691 4143 1882 4203 petunt
1915 4131 2061 4202 quod

476 4235 562 4282 est
603 4225 848 4290 caeleste,
883 4236 939 4282 et
974 4227 1095 4281 ideo
1135 4227 1268 4280 nihil
1317 4227 1386 4289 ab
1417 4240 1483 4282 co
1513 4233 1920 4292 consequuntur
1949 4237 2062 4278 coe-

477 4316 639 4382 teste,
673 4317 766 4390 sed
788 4316 938 4387 justo
975 4317 1144 4385 ipsius
1172 4315 1264 4371 Dei
1309 4315 1493 4370 Patris
1537 4314 1807 4390 permissu
1840 4324 1895 4367 et
1919 4311 2062 4383 judi-

479 4405 565 4459 cio
609 4405 886 4476 accipiunt
919 4421 950 4459 a
979 4405 1218 4471 diabolo,
1251 4420 1346 4459 seu
1381 4403 1476 4458 lilii
1519 4403 1648 4458 ntali
1690 4418 1717 4456 a
1763 4411 1916 4472 patre
1942 4415 2065 4470 pes-

479 4495 652 4580 simo,
683 4510 791 4566 pro.
813 4511 952 4566 pane
982 4493 1268 4550 charitatis
1313 4492 1396 4547 vel
1439 4492 1806 4555 sacramenti,
1831 4489 2066 4544 obdura-
2092 4497 2144 4557 ι)

485 4590 650 4672 tionis
694 4590 948 4662 lapidem,
985 4605 1083 4661 pro
1110 4588 1277 4658 pisce,
1311 4587 1433 4642 ﬁdei
1466 4584 1708 4656 perﬁdize
1736 4591 2068 4664 serpentem,

481 4698 581 4752 pro
605 4696 726 4741 ovo,
759 4679 873 4751 spei
902 4679 1300 4750 desperationis
1343 4677 1708 4748 scorpionem.
1752 4672 1887 4728 Nam
1935 4672 2072 4728 nihil

487 4775 734 4830 beneﬁcii
767 4773 1014 4831 caalestis
1055 4772 1323 4842 malignus
1367 4771 1457 4824 hic
1493 4775 1649 4838 pater
1671 4767 1785 4822 suis
1817 4765 1942 4836 ﬁliis
1981 4779 2073 4820 va-

485 4865 562 4920 let
597 4863 884 4928 conferre,
931 4879 1056 4921 cum
1111 4859 1363 4917 carnales
1418 4869 1600 4932 patres
1650 4857 1899 4930 quamvis
1944 4856 2104 4934 mali‘

490 4945 760 5024 recusent,
815 4958 918 5012 nisi
965 4958 1104 5014 bona
1152 4955 1300 5021 data,
1349 4964 1610 5027 quantum
1653 4953 1719 5007 ad
1757 4953 1860 5008 hoc
1905 4966 2076 5006 saecu-

491 5050 622 5115 lum,
667 5049 794 5104 ﬁliis
834 5063 896 5105 se
943 5046 1252 5118 petentibus
1281 5046 1436 5112 dare,
1472 5054 1531 5100 ut
1579 5043 1622 5100 si
1672 5051 1818 5114 petat
1855 5055 2073 5111 panem,

2127 1891 2384 1985 pestifero
2419 1917 2674 1979 serpente
2701 1903 2962 1976 possessi,
2993 1902 3038 1956 si
3079 1914 3242 1956 ovum
3279 1896 3396 1968 spei
3429 1891 3725 1964 petierint,

2129 1984 2446 2058 mereantur
2484 1995 2830 2066 scorpionem
2879 1991 3098 2048 extizna:
3142 1985 3560 2058 desperationis.
3598 1984 3732 2050 Qua,

2129 2094 2383 2165 impletur
2413 2092 2465 2147 in
2497 2089 2626 2154 illis,
2673 2086 2816 2157 quod
2863 2082 3096 2152 Sapiens
3141 2081 3257 2134 ait:
3296 2097 3314 2130 ί
3343 2078 3568 2146 Impius,
3594 2089 3720 2129 cum

2131 2164 2342 2240 venerit
2374 2183 2430 2238 in
2475 2177 2804 2252 profundum
2843 2175 3135 2238 malorum,
3185 2166 3486 2226 contemnit
3531 2164 3721 2235 (Prov.

2130 2293 2288 2342 xvm,
2314 2275 2392 2346 5).
2427 2293 2445 2324 ι
2483 2274 2613 2340 Qua:
2665 2269 2852 2340 utique
2885 2267 2985 2322 tria
3033 2261 3352 2334 principalia
3387 2259 3552 2326 mala,
3585 2271 3728 2328 prmo.

2134 2370 2262 2424 fatis
2295 2366 2468 2421 tribus
2495 2372 2552 2418 et
2597 2357 2988 2432 principalibus
3032 2355 3228 2410 anima:
3268 2351 3564 2406 virtutibus
3596 2361 3727 2402 con-

2137 2471 2330 2526 tra-ria,
2359 2473 2425 2513 ex
2454 2457 2567 2512 sola
2601 2453 2898 2524 procedunt
2924 2447 3180 2503 avaritia.
3209 2445 3283 2498 Dc
3307 2442 3464 2513 cujus
3491 2439 3740 2512 pessima

2137 2549 2346 2614 sobole,
2389 2547 2612 2618 quidam
2647 2542 2754 2598 tale
2783 2540 3078 2597 distichum
3109 2535 3422 2609 prompsit:

2199 2664 2406 2724 Semper
2431 2671 2604 2708 avarus
2627 2663 2766 2718 eget,
2793 2653 2860 2702 nil
2887 2664 3098 2724 namque
3120 2649 3383 2724 scelestius
3402 2645 3521 2710 illo;

2201 2713 2408 2786 Semper
2429 2731 2605 2771 avarus
2625 2713 3044 2776 afuat'mendaeia,
3070 2713 3221 2775 furta,
3249 2713 3461 2774 rapinas.

2140 2833 2240 2902 Qui
2273 2841 2474 2887 tantam
2507 2837 2804 2900 egestatem
2834 2835 2888 2881 ct
2917 2822 3192 2880 miseriam
3232 2821 3434 2875 idcirco
3464 2816 3727 2884 incurrit,

2143 2924 2268 2994 quia
2317 2921 2608 2977 inﬁdeliter
2643 2932 2834 2989 panem
2881 2917 3090 2985 petens,
3127 2912 3359 2984 lapidem
3404 2907 3733 2982 promeruit.

2145 3014 2299 3070 Unde
2353 3013 2565 3084 prodito
2617 3009 2782 3066 corde
2837 3021 3061 3072 carueo,
3105 3005 3157 3059 in
3208 3019 3314 3072 quo
3364 3002 3736 3072 requiesceret

2147 3106 2370 3176 spiritus
2406 3103 2622 3174 pictatis
2659 3110 2715 3156 et
2756 3096 3174 3160 misericordiae,
3215 3093 3420 3148 invenit
3461 3091 3734 3174 lapideum

2151 3205 2340 3252 contra
2409 3193 2590 3249 omnia
2647 3188 2940 3246 cbaritatis
2987 3185 3160 3242 cilicia
3219 3183 3302 3239 vel
3374 3165 3736 3238 humanitatis

2151 3285 2539 3343 insensibilitcr
2569 3269 2919 3338 obduratum.
2945 3276 3100 3344 Quod
3143 3275 3396 3330 videlicet
3429 3288 3520 3329 .or
3545 3272 3733 3327 Domi-

2083 3383 2087 3390 '
2151 3393 2253 3432 nus
2283 3391 2382 3431 nec
2412 3377 2502 3430 dat
2528 3372 2758 3437 ltntniui,
2801 3385 2902 3426 nec
2943 3367 3094 3431 facit,
3130 3367 3223 3422 sed
3255 3365 3400 3434 juste
3433 3361 3751 3419 deserendo.

2153 3468 2270 3523 ﬁeri
2301 3464 2589 3538 permittit,
2621 3463 2711 3516 ubi
2749 3460 3009 3516 ultronea:
3045 3455 3421 3513 obdurationis
3457 3453 3742 3510 subditum.

2155 3577 2252 3614 sua
2314 3558 2648 3627 aspiratione
2691 3569 2798 3610 non
2835 3550 3062 3617 emollit,
3105 3550 3199 3604 sed
3248 3547 3745 3617 spiritualibusue.

2155 3651 2342 3722 quitiis
2389 3649 2712 3704 obduratum
2763 3647 3049 3714 adhucque
3090 3642 3416 3698 obduratmu
3460 3635 3738 3708 relinquit.

2156 3741 2310 3812 Quod
2333 3741 2376 3796 si
2402 3755 2530 3795 vere
2551 3746 2851 3810 peteretur,
2879 3734 3126 3813 spiritum
3149 3730 3433 3794 cbaritalis
3460 3735 3742 3802 gratanter

2158 3824 2468 3908 largiretur,
2506 3833 2660 3903 cujus
2700 3831 2914 3885 fervore
2954 3827 3124 3899 frigus
3161 3824 3402 3881 avaritia:
3440 3821 3743 3877 resolvere-

2161 3907 2267 3984 tur.
2295 3925 2428 3995 Nam
2451 3925 2521 3992 si,
2544 3934 2602 3978 ut
2631 3921 2892 3976 Dominus
2917 3920 3012 3984 ait,
3032 3924 3235 3988 patres,
3262 3934 3280 3965 ι
3313 3912 3565 3984 quamvis
3591 3907 3756 3983 mali,

2160 4027 2361 4074 norunt
2391 4018 2528 4072 bona
2555 4015 2681 4070 data
2709 4013 2838 4068 dare
2868 4010 2995 4087 ﬁliis
3027 4009 3164 4077 suis,
3190 4017 3396 4078 quanto
3427 4003 3600 4075 magis
3625 4001 3739 4074 ipso

2161 4109 2323 4165 Pater
2343 4109 2408 4163 de
2435 4107 2574 4162 coelo
2596 4105 2746 4161 dabit
2777 4101 3030 4175 spiritum
3071 4099 3272 4154 bonum
3309 4094 3617 4166 petentibus
3640 4091 3738 4145 se!

2164 4203 2296 4274 (Luc
2325 4218 2382 4260 tt.
2425 4201 2512 4271 15)
2561 4217 2580 4250 ι
2621 4197 2748 4267 hinc
2773 4196 2932 4250 datur
2959 4189 3182 4262 intelligi
3213 4189 3360 4258 quia,
3393 4187 3436 4242 si
3465 4184 3591 4240 mali
3621 4188 3756 4252 sunt

2163 4294 2415 4350 liberales
2459 4292 2526 4346 ad
2563 4289 2878 4362 petitionem
2905 4293 2960 4340 ct
2987 4284 3320 4339 voluntatem
3351 4280 3585 4334 ﬁliorum
3617 4289 3740 4332 suo.

2168 4403 2310 4450 rum,
2357 4383 2524 4438 multo
2564 4381 2736 4453 magis
2767 4391 2822 4436 et
2857 4375 3352 4447 incomparabiliter
3395 4369 3638 4444 liberalis
3663 4377 3745 4422 est

2174 4479 2334 4532 Pater
2374 4490 2582 4532 summe
2617 4475 2788 4530 bonus
2809 4471 2935 4528 ﬁliis
2952 4485 3010 4526 se
3025 4468 3357 4540 petentibus,
3384 4465 3527 4520 velut
3548 4464 3747 4519 incom-

2171 4568 2437 4647 parabilia
2469 4576 2596 4623 sunt
2638 4566 2837 4621 bonum
2871 4573 2926 4618 et
2969 4562 3206 4626 malum;
3246 4560 3324 4615 sic
3353 4555 3496 4627 quod
3525 4553 3748 4626 quilibet

2174 4661 2418 4719 lueretici
2458 4671 2512 4717 et
2552 4657 2870 4718 nominatim
2913 4653 3206 4714 Simoniaci
3254 4651 3515 4722 Spiritum
3549 4649 3762 4714 bonum.

2175 4772 2281 4812 non
2317 4753 2614 4824 accipiunt,
2651 4759 2865 4806 constat
2905 4749 3030 4818 quia
3075 4762 3105 4800 a
3143 4745 3304 4799 Patre
3329 4741 3540 4798 cwlesti
3578 4737 3749 4809 Spiri-

2177 4834 2291 4900 tum
2323 4847 2522 4899 bomuu
2550 4856 2656 4897 non
2679 4848 2888 4911 petunt.
2927 4837 2997 4892 Et
3032 4836 3159 4906 quid
3201 4844 3257 4890 ct
3302 4850 3332 4888 a
3380 4848 3487 4902 quo
3531 4825 3757 4902 petunt?

2175 4937 2427 5009 Spiritum
2461 4932 2646 5001 utique
2672 4928 2868 4983 malum
2903 4943 2932 4981 a
2962 4926 3196 4994 maligno
3220 4934 3372 4993 patre
3397 4936 3518 4982 suo,
3545 4929 3600 4972 ut
3628 4925 3770 4990 puta.‘

2176 5006 2396 5080 auctore
2425 5033 2480 5078 et
2503 5023 2784 5077 inventore
2825 5018 2991 5074 totius
3021 5014 3167 5070 mali.
3211 5013 3318 5068 Sed
3355 5021 3580 5067 econtra
3625 5006 3751 5062 dici-

3253 5122 3298 5146 η’
3353 5113 3398 5146 In
3409 5103 3486 5146 Im
3537 5103 3750 5146 Patrem

2581 5113 2833 5146 ινῖιΙιιηΙηι·
2903 5120 2952 5146 nl
3005 5108 3246 5146 altilinnh

2202 5135 2266 5146 non
2298 5135 2310 5146 ο
2345 5114 2532 5146 κιιιιιιιί
