4064 5394
282 228 409 309 1081
873 230 1244 290 ADVERSUS
1281 229 1694 287 SlilONlAtlUS
1736 230 1916 286 LlBlil
1957 228 2157 287 Tlll-LS.
2193 262 2263 272 —
2288 231 2516 287 'LlBER
2551 231 2933 291 SECUNDUS.

275 342 601 417 quotidianis
654 343 985 408 excessibus,
1036 341 1305 413 quomodo
1358 343 1588 398 credunt
1634 342 1718 407 ei,
1760 343 1854 412 qui
1884 349 1926 407 Λ
1959 357 2032 397 vi.
2066 341 2152 411 5);
2190 362 2208 394 ›
2241 353 2293 398 et

276 440 536 491 diuturna
567 431 1036 501 praemeditatione
1067 440 1123 486 et
1157 431 1384 485 consilio
1411 432 1463 486 in
1494 429 1651 500 hujus
1683 432 1852 486 luere-

276 540 399 583 seus
448 524 651 577 crimen
695 522 827 591 lapsi
880 522 1233 586 contendunt,
1268 527 1372 576 'nee
1410 523 1635 577 audiunt
1672 522 1854 576 dicen-

278 625 387 671 tem
421 632 464 667 ει
493 612 673 670 Gratis
696 613 1002 683 accepistis,
1024 615 1193 685 gratis
1226 612 1386 668 date?
1427 633 1444 664 ι
1476 613 1699 668 Constat
1720 627 1852 683 ergo

277 707 405 778 quia
444 719 549 759 non
576 702 629 757 in
652 721 774 758 eum
806 706 1035 759 credunt
1062 720 1077 770 ;
1105 704 1463 759 sacramentis
1488 706 1601 759 suis
1627 702 1854 759 ἱιιιείυιςιο

278 796 406 853 bilia
449 805 807 866 et‘petpetua
849 796 1128 869 privilegia
1158 798 1539 853 decernentem
1563 806 1617 851 et
1655 794 1855 853 consti-

282 897 524 944 tuentem
552 903 658 942 non
683 887 932 942 audiunt.

880 994 1111 1053 CAPUT
1143 995 1259 1052 XV.

285 1086 528 1156 Qualiter
566 1105 598 1141 tt
626 1078 940 1159 quibusdam
958 1088 1118 1157 juxta
1162 1090 1402 1159 quietiam
1443 1106 1547 1144 non
1584 1089 1863 1155 audiatur,

526 1166 574 1212 et
604 1157 762 1227 juztu
787 1160 1030 1228 quaedam
1057 1157 1311 1213 audiatur
1334 1159 1612 1214 Dominus.

354 1244 482 1311 Sed,
515 1263 583 1302 ne
611 1248 733 1316 quis
769 1247 897 1301 hinc
923 1262 1111 1302 ansam
1147 1248 1431 1303 calumnia:
1472 1251 1524 1305 in
1554 1265 1652 1306 nos
1688 1258 1863 1304 retor-

282 1339 554 1410 quendam
604 1339 919 1399 arbitretur,
967 1339 1259 1395 asserenda
1301 1357 1525 1423 nec‘nns
1555 1342 1778 1395 credere
1809 1341 1861 1395 in

246 1440 255 1443 λ
284 1431 476 1495 Demu,
505 1431 627 1502 quia
656 1429 929 1485 multoties
959 1440 1181 1501 peccata
1210 1440 1264 1486 et
1296 1432 1525 1487 crimina
1570 1440 1861 1495 vetantem,

3401 241 3538 293 1082

2348 363 2360 397 :
2416 364 2434 397 ι
2497 344 2709 402 liouora
2757 362 2966 419 patrem
3017 361 3068 406 et
3127 363 3379 421 matrem,
3428 371 3537 412 non

1954 436 2190 501 occides,
2242 453 2346 490 non
2397 441 2757 498 mmebaberis
2796 444 2978 515 (Deut.
3011 461 3060 514 ν,
3095 446 3300 519 16-18).
3330 468 3349 500 ι
3382 449 3542 506 Tales

1959 525 2002 580 si
2033 540 2065 579 ει
2094 525 2235 579 malo
2260 527 2554 594 declinant,
2594 545 2690 584 nec
2721 541 2899 587 tamen
2938 536 3075 589 bona
3104 533 3330 599 faciunt,
3354 535 3539 595 ﬁdeles

1956 615 2174 684 quidem
2204 624 2353 681 sunt,
2386 618 2480 672 sed
2504 620 2677 674 otiosa
2721 631 2803 677 est
2852 624 2986 678 lides
3014 639 3221 679 eorum.
3266 625 3324 681 Si
3353 638 3534 683 autem
3568 664 3577 677 .

1958 719 2059 760 nec
2111 720 2141 760 a
2200 706 2342 760 malo
2389 706 2683 774 declinant,
2746 712 2837 766 sed
2897 712 3117 783 insuper
3168 715 3543 773 eriutinalihus

1959 797 2199 866 peccatis
2264 798 2472 868 seipsos
2528 803 2917 871 pessunidant;
2965 804 3077 874 jam
3126 808 3343 876 quidem
3410 808 3545 866 fides

1959 880 2149 942 eorum
2181 898 2465 959 reputatur
2492 902 2549 946 ut
2572 894 2736 946 arbor
2759 903 2991 956 tnortua,
3018 896 3112 949 sed
3143 912 3247 952 non
3282 900 3546 954 radicitus

1960 976 2170 1043 evulsa,
2216 992 2339 1032 cum
2381 987 2558 1034 tamen
2606 997 2821 1053 quoque
2854 983 3011 1038 modo
3055 985 3230 1040 adhuc
3278 987 3423 1043 vivat
3476 1005 3546 1044 ex

1960 1082 2056 1138 Spe
2083 1084 2187 1138 qua
2227 1070 2438 1125 veniam
2472 1072 2573 1127 sibi
2615 1084 2857 1144 Sperant,
2885 1086 2939 1130 et
2970 1075 3134 1130 Deum
3167 1092 3197 1131 a
3229 1092 3337 1146 quo
3372 1078 3544 1147 ipsam

1968 1156 2183 1215 veniam
2226 1172 2490 1229 sperant,
2546 1171 2600 1219 et
2652 1166 2955 1235 proximum
3009 1167 3551 1240 quantulumcunque

1964 1263 2166 1306 ament.
2193 1252 2458 1329 Denique,
2506 1264 2564 1308 ιιι.
2601 1253 2896 1324 Apostolus
2924 1256 2999 1308 ait
3031 1274 3043 1310 :
3076 1276 3091 1306 ι
3128 1256 3287 1312 Fides
3315 1269 3399 1314 est
3425 1274 3553 1331 spe-

1966 1345 2259 1400 randarum
2307 1344 2608 1401 substantia
2658 1362 2839 1401 rerum
2892 1345 3080 1419 (llebr.
3121 1348 3359 1420 λι,1).-›
3401 1348 3555 1406 Unde

1964 1426 2112 1508 patet
2157 1436 2316 1490 [idem
2360 1437 2472 1506 spei
2514 1437 2869 1493 substantiam
2894 1452 3034 1491 esse.
3069 1436 3166 1492 Ubi
3193 1447 3372 1493 autem
3405 1453 3553 1508 spes,

290 1533 453 1595 atque
478 1526 544 1578 ad
574 1524 802 1578 virtutes
841 1523 1155 1578 invitantem
1188 1540 1293 1579 non
1330 1524 1597 1587 audimus,
1630 1523 1860 1587 noverit,
1967 1528 2039 1583 ibi
2066 1538 2117 1583 et
2146 1545 2319 1595 amor,
2344 1532 2469 1599 quia
2501 1545 2721 1584 necesse
2749 1538 2831 1583 est
2856 1544 3007 1583 ames
3031 1532 3168 1583 bona
3192 1545 3310 1601 qua:
3341 1526 3551 1601 speras.

285 1619 430 1673 sicut
486 1616 769 1685 plurimam
798 1630 919 1671 esse
947 1615 1317 1671 diversitatem
1369 1616 1672 1671 divinorum
1723 1631 1862 1686 prte-
1967 1617 2045 1670 Ae
2075 1632 2173 1687 per
2194 1619 2294 1672 hoc
2316 1627 2530 1673 constat
2556 1618 2683 1672 illud
2713 1617 2770 1671 Β.
2801 1616 3045 1687 Gregorii
3068 1617 3294 1683 dictum,
3314 1637 3332 1670 ι
3364 1634 3552 1673 ιιιιυιιι-

287 1718 589 1777 ceptorum,
621 1708 697 1761 sic
725 1716 779 1763 et
810 1706 1094 1775 plurimam
1126 1721 1530 1761 cmvcrsorutn.
1560 1704 1694 1761 Sunt
1720 1706 1863 1759 enim
1897 1687 1941 1743 Β
1968 1726 2239 1781 quemque
2259 1721 2521 1780 quantum
2545 1710 2715 1765 credit
2744 1718 2951 1764 tantum
2978 1724 3197 1779 sperare
3220 1721 3274 1766 et
3301 1726 3504 1765 amare.
3530 1730 3547 1761 ι

286 1795 532 1866 quidam
562 1796 741 1849 ἀίνίηίι
769 1805 1057 1865 Ιπίεεθῐηθο
1086 1809 1209 1865 ειειω
1244 1795 1287 1848 εί
1317 1795 1453 1864 .‘ll'is
1477 1794 1563 1866 ρίο
1594 1805 1867 1864 ll‘ansgrc-
1972 1802 2144 1857 Porro
2192 1818 2317 1873 spes
2364 1803 2418 1856 in
2463 1811 2667 1858 tantmn
2700 1803 2899 1857 dicitur
2926 1803 3143 1873 proprie
3172 1819 3351 1857 rerum
3381 1804 3552 1859 bona-

288 1888 454 1948 ditur.
482 1903 587 1941 non
616 1887 787 1940 solum
841 1884 916 1939 nil
963 1885 1149 1957 culpm,
1184 1887 1277 1940 sed
1310 1896 1364 1939 et
1408 1886 1695 1957 plurimum
1728 1901 1869 1940 tner-
1971 1909 2091 1947 runt
2130 1908 2271 1956 esse,
2303 1891 2646 1947 uthabeatnr
2671 1907 2699 1945 a
2724 1891 3096 1964 grammaticis
3127 1906 3225 1961 pro
3254 1892 3381 1947 vitio
3408 1891 3555 1962 quod

288 1976 438 2032 cedis
469 1977 824 2042 nanciscttur,
874 1976 1020 2030 velut
1070 1976 1157 2031 ille
1208 1975 1870 2047 gloriosustramgressor
1954 1984 2159 2041 .crmcc
2218 1984 2548 2058 acyrolngia.
2606 1982 2795 2038 ιηιίηο
2850 1997 2980 2036 vero
3045 1984 3340 2054 ίηηηςυρι-ίη
3391 1982 3558 2039 diem,

291 2067 513 2133 Paulus,
564 2068 658 2139 qui
714 2084 836 2123 cum
890 2084 918 2121 a
971 2068 1197 2123 Dmtino
1249 2079 1572 2139 pra-ceptum
1619 2069 1764 2123 sicut
1814 2076 1869 2123 et
1970 2075 2208 2141 dicitur,
2242 2073 2759 2147 ubicunque'aliter
2810 2072 2986 2143 posita
3039 2074 3332 2140 invenitur,
3378 2080 3439 2127 ut
3472 2082 3591 2137 est,

290 2160 584 2232 eoapostoli
615 2161 733 2227 ejus
762 2160 1030 2222 habuerit,
1061 2170 1119 2215 ut
1153 2159 1499 2231 Evangelinm
1540 2161 1869 2216 annuntians
1972 2163 2101 2219 illud
2124 2174 2299 2235 poetae
2340 2181 2354 2218 :

290 2250 361 2306 de
408 2250 696 2320 Evangelia
745 2251 944 2305 viveret
975 2248 1023 2320 (Ι
1054 2249 1175 2303 (.‘or.
1220 2266 1311 2315 ιι,
1358 2250 1467 2318 Η),
1515 2250 1644 2304 nihil
1676 2251 1869 2305 borum
2022 2250 2027 2255 ’

294 2355 447 2407 usus,
474 2341 660 2396 labore
688 2357 937 2395 manuum
968 2357 1186 2395 suarum
1222 2342 1377 2405 vixit,
1418 2359 1484 2397 ne
1516 2360 1677 2413 quam
1714 2359 1871 2399 Occa-

293 2434 502 2489 sionetn
537 2433 693 2487 daret
744 2434 1033 2503 Evangelia
1086 2434 1285 2490 Christi
1322 2434 1457 2501 (Act.
1506 2451 1597 2500 xx,
1637 2435 1750 2506 δι).
1781 2433 1875 2489 Sic

294 2530 423 2578 sunt
459 2530 513 2575 et
550 2521 749 2589 aliqua,
796 2538 914 2591 qua:
958 2522 1001 2575 si
1056 2523 1412 2577 continuatim
1465 2533 1719 2596 aguntur,
1774 2538 1873 2579 nec

297 2612 588 2681 aliquando
609 2627 705 2680 pro
727 2622 967 2683 tempore
994 2612 1442 2682 intermittuntur,
1472 2630 1578 2669 non
1605 2614 1873 2668 modicum

298 2706 567 2766 deviatur.
619 2706 758 2759 sicut
813 2706 878 2760 de
925 2706 1161 2769 sacculo,
1193 2705 1278 2761 vel
1310 2722 1461 2777 pera,
1509 2722 1604 2761 seu
1655 2706 1878 2776 reliquis

299 2808 407 2851 non
435 2795 685 2849 tollendis
714 2805 765 2849 et
794 2795 1064 2863 tollendis,
1094 2797 1299 2852 scilicet
1336 2808 1578 2866 tempore
1612 2796 1759 2867 pacis
1783 2805 1878 2851 aut

298 2886 716 2960 persecutionis.
748 2886 879 2940 Nam
907 2888 1021 2957 ipse
1053 2890 1141 2958 qui
1181 2888 1331 2958 prius
1361 2888 1565 2943 dixerat
1599 2902 1614 2942 :
1647 2907 1664 2940 ι
1702 2886 1878 2943 Nolite

298 2987 521 3051 portare
574 2978 850 3033 sacculmn
892 2988 984 3033 aut
1031 2996 1215 3050 peram
1251 2980 1397 3052 ~(Luc
1430 2997 1485 3045 κ,
1515 2980 1604 3051 4);
1662 3000 1679 3033 ι
1735 2970 1875 3035 idem
1905 3022 1949 3057 ρ
1983 2983 2332 3040 nihilominus
2380 2998 2501 3053 qua:
2550 2982 2809 3045 minatur,
2865 2996 2987 3034 cum
3034 2989 3211 3057 tamen
3260 2979 3397 3053 bona
3447 2975 3565 3045 ipsa

299 3076 488 3141 postea
526 3068 656 3123 dicit
707 3086 720 3121 :
779 3068 825 3120 ι’
854 3068 1008 3123 Nune
1057 3069 1147 3140 qui
1204 3070 1367 3124 habet
1395 3070 1691 3135 saecolum,
1729 3068 1880 3124 tollat.
1909 3067 1949 3084 ⁸⁸
1988 3083 2195 3128 tantum
2245 3090 2549 3143 speremus,
2598 3071 2739 3125 mala
2787 3080 2965 3125 autem
2997 3078 3203 3123 tantuut
3257 3067 3563 3121 timeamus.

299 3160 555 3219 similiter
588 3168 643 3214 et
685 3175 867 3230 peram
897 3160 1029 3232 (Luc
1052 3177 1191 3226 xm,
1214 3161 1325 3231 56).
1358 3180 1377 3213 ι
1411 3160 1723 3231 llujusmodi
1755 3175 1883 3229 ergo

1984 3166 2063 3220 Ae
2094 3181 2191 3233 per
2219 3166 2321 3220 hoc
2345 3164 2403 3218 Β.
2434 3148 2665 3217 Iacobus
2687 3162 2810 3215 licet
2843 3161 2987 3215 dicat
3025 3177 3039 3214 :
3075 3178 3093 3210 ι
3130 3158 3209 3213 Tu
3234 3150 3569 3225 credisquia

304 3249 581 3305 Dotuiuica
629 3260 896 3320 prtecepta
948 3264 1069 3305 eum
1130 3252 1366 3306 discrete
1430 3251 1880 3315 intermittuntur,
1986 3272 2125 3311 unus
2156 3266 2236 3310 est
2264 3255 2437 3320 Deus;
2474 3256 2611 3309 bene
2648 3253 2799 3317 facis,
2832 3262 2886 3306 et
2918 3252 3192 3306 daemones
3229 3247 3478 3310 credunt,
3511 3254 3569 3300 et

303 3340 495 3398 beatus
549 3342 735 3413 procul
788 3343 952 3398 dubio
995 3343 1335 3398 intertnissor
1395 3343 1573 3398 taliter
1633 3344 1879 3397 hatetur.
1985 3347 2411 3402 contremiscunt
2439 3344 2583 3412 (Jac.
2612 3362 2671 3409 ιι,
2704 3345 2824 3415 19);
2859 3367 2873 3394 ι
2909 3344 2959 3399 in
2990 3343 3091 3398 hoc
3116 3352 3294 3396 tamen
3340 3339 3571 3397 creduli-

307 3433 447 3488 Sunt
468 3448 681 3503 quoque
732 3432 837 3488 alia
893 3449 1013 3503 quze
1048 3435 1208 3488 ctiam
1242 3432 1522 3503 perfectos
1560 3433 1894 3488 conturbant
1989 3448 2068 3492 tas
2123 3454 2410 3507 pravorum
2468 3430 2746 3492 hominum
2803 3452 2832 3489 a
2888 3434 3207 3489 credulitate
3255 3431 3562 3486 diemonnm

309 3523 480 3580 nimia
510 3525 809 3580 subtilitate
858 3540 977 3588 sua,
1024 3534 1083 3579 ut
1131 3534 1263 3583 est:
1307 3542 1324 3576 ι
1377 3523 1491 3578 Νοιι
1534 3524 1883 3593 concupisces
1985 3518 2191 3589 diiiert,
2253 3528 2379 3597 quia
2429 3529 2580 3597 pravi
2639 3526 2889 3581 homines
2936 3525 3165 3580 credunt
3203 3533 3259 3578 et
3305 3528 3605 3592 sperant;

308 3611 506 3685 (Exod.
537 3631 632 3680 xx,
671 3616 781 3686 Π),
818 3632 838 3666 ι
868 3624 922 3670 et
959 3631 1061 3668 non
1112 3614 1284 3669 solum
1343 3612 1737 3677 contumeliosi,
1790 3614 1883 3668 sed

1988 3621 2260 3675 dtemones
2293 3630 2473 3675 autem
2508 3621 2732 3674 credunt
2758 3620 2999 3690 quidem,
3030 3619 3124 3671 sed
3173 3631 3279 3670 non
3328 3621 3571 3684 sperant,

308 3705 469 3761 etiam
518 3706 677 3761 otiosi
745 3707 895 3762 verbi
962 3706 1250 3761 velzemcns
1315 3704 1621 3759 interdictio
1666 3702 1879 3775 (Matth.

1988 3714 2095 3766 imo
2120 3714 2428 3782 desperant,
2456 3722 2510 3765 et
2557 3713 2673 3764 ideo
2711 3711 3159 3765 contremiscunt.
3192 3705 3346 3773 Quod
3374 3706 3417 3760 si
3449 3718 3572 3773 per-

309 3812 410 3861 xu,
441 3796 567 3869 '56);
596 3797 652 3855 in
675 3806 869 3873 quibus
900 3813 1021 3852 cum
1052 3798 1542 3868 transgrediuntur,
1570 3810 1674 3848 non
1702 3794 1885 3862 utique

1985 3803 2126 3856 versi
2186 3802 2429 3857 homines
2476 3803 2703 3856 creduat
2745 3800 2995 3871 quidem,
3048 3799 3140 3853 sed
3189 3814 3293 3853 non
3325 3804 3568 3865 sperant,

308 3894 498 3944 eorum
535 3890 667 3945 fides
692 3888 972 3947 sauciatur
1015 3888 1109 3943 sed
1151 3888 1414 3943 sanctitas
1457 3885 1885 3941 conversationis

1982 3906 2096 3960 1am
2129 3909 2158 3947 a
2187 3876 2506 3949 credulitate
2542 3895 2844 3948 daemonum
2877 3892 2952 3946 nil
2994 3893 3215 3947 distant.
3252 3890 3358 3946 Sed
3393 3890 3569 3944 scien-
3596 3940 3603 3953 ί

2032 2301 2159 2352 Hine
2182 2314 2280 2365 ego
2301 2302 2342 2351 si
2378 2303 2512 2363 potui
2537 2309 2731 2353 tantum
2752 2314 2955 2364 sperare
2976 2302 3218 2353 dolorem.

1974 2406 2129 2463 Unde
2156 2417 2210 2461 et
2229 2422 2308 2462 src
2330 2417 2643 2474 exponunt;
2677 2423 2890 2475 sperare
2933 2406 3072 2461 dixit
3105 2421 3203 2474 pro
3230 2405 3429 2458 timere.
3458 2401 3565 2458 CI-

1968 2499 2058 2572 jus
2089 2500 2236 2554 verbi
2266 2499 2648 2569 proprietatem
2676 2513 2900 2552 servans
2926 2497 3064 2551 alter
3092 2495 3165 2550 ait
3189 2511 3203 2550 :

2039 2607 2211 2657 Liceat
2232 2620 2438 2670 sperare
2464 2608 2678 2657 timenti.

1977 2709 2342 2778 Quamobrem
2372 2709 2624 2780 quamvis
2678 2708 2812 2763 lides
2857 2706 3123 2761 bonarum
3178 2718 3359 2759 rerum
3389 2702 3463 2759 sit
3508 2710 3567 2756 et

1980 2801 2267 2861 malarmn.
2296 2814 2420 2870 spes
2468 2808 2645 2854 tamen
2674 2798 2884 2853 nonnisi
2916 2796 3198 2853 bonarum.
3227 2810 3353 2863 quia
3385 2792 3564 2848 credi-

1980 2909 2100 2957 tnus
2146 2892 2361 2964 quidem
2401 2894 2539 2946 bona
2596 2906 2715 2961 qua:
2768 2897 3038 2959 promittit
3092 2888 3252 2951 Deus,
3314 2896 3373 2941 et
3414 2885 3557 2940 unda

312 3984 708 4048 deterioratur,
764 3982 1010 4050 quamvis
1055 3988 1177 4049 post
1225 3977 1694 4049 concupiscentias
1759 3990 1886 4029 suas

314 4092 422 4131 non
448 4075 644 4135 eundo,
674 4090 737 4128 ex
777 4074 954 4127 verbis
992 4087 1207 4142 qucque
1236 4071 1348 4125 suis
1376 4085 1494 4124 sese
1521 4068 1724 4123 acriter
1749 4066 1888 4134 diju-

312 4167 544 4223 diCando
591 4174 835 4235 reparata
881 4163 1211 4228 melioretur,
1261 4163 1528 4232 prmcipue
1566 4159 1652 4215 ubi
1702 4161 1883 4223 corde,

313 4271 429 4321 ore,
475 4271 637 4327 opere
675 4255 782 4310 Deo
819 4254 964 4308 Patri
998 4269 1096 4307 suo
1136 4253 1376 4326 quotidie
1406 4251 1484 4306 sic
1525 4252 1883 4322 prolitentur:
1926 4262 1931 4267 ‘

1990 3983 2114 4037 dum
2144 3984 2294 4052 quia,
2345 3982 2488 4036 sicut
2520 4001 2549 4033 ιι
2574 3981 2715 4035 alnin
2762 3990 2845 4036 est
2894 3979 3205 4036 hominibus
3235 3978 3577 4049 desperando

1988 4090 2242 4145 peccare,
2282 4075 2383 4139 sic,
2431 4084 2486 4127 et
2523 4090 2683 4144 supra
2720 4074 2934 4127 modum
2966 4072 3252 4143 sperando,
3298 4072 3364 4127 de
3394 4070 3480 4125 die
3513 4068 3574 4124 in

1990 4166 2130 4221 diem
2196 4165 2570 4235 putiiitentiam
2635 4163 2875 4229 differre,
2939 4164 3282 4233 peecatisque
3345 4169 3573 4232 peccata

1992 4252 2210 4320 addere,
2254 4263 2309 4308 et
2354 4272 2418 4308 ex
2466 4255 2546 4308 eis
2588 4253 2731 4308 velut
2759 4253 2942 4308 restim
2987 4251 3196 4325 longam
3226 4251 3326 4306 sibi
3357 4261 3573 4313 texere,

321 4366 343 4401 ι
368 4340 597 4402 Dimitte
643 4346 797 4401 nobis
830 4346 1007 4399 debita
1054 4358 1258 4408 nostra,
1284 4344 1423 4399 sicut
1452 4352 1504 4398 et
1535 4359 1631 4396 nos
1662 4341 1887 4396 dimitti-
1921 4355 1965 4415 ι)
1992 4360 2097 4414 qua
2149 4344 2200 4398 in
2251 4343 2355 4397 line
2400 4342 2545 4413 ligati
2594 4358 2783 4397 manus
2808 4353 2862 4396 et
2894 4342 3056 4413 pedes
3082 4342 3485 4411 prtecipitenlur
3516 4339 3575 4392 in

314 4454 440 4493 mus
462 4438 795 4493 debitoribus
817 4436 1016 4492 nostris
1050 4435 1263 4499 (Matth.
1294 4451 1371 4502 vt,
1404 4434 1513 4505 19.).
1548 4454 1566 4488 ι
1601 4434 1734 4489 liine
1769 4438 1921 4488 sunt'

317 4526 384 4593 et'
418 4528 520 4582 alia
565 4543 687 4600 quze
735 4528 835 4583 etsi
876 4529 943 4581 ad
980 4528 1366 4598 perfectionem
1408 4527 1584 4581 minus
1629 4524 1894 4595 perfectos
1930 4516 1933 4521 “

321 4618 575 4685 invitent,
627 4629 806 4674 tamen
855 4618 1136 4673 arbitrium
1189 4608 1374 4689 coruni
1416 4615 1737 4670 necessitate
1765 4628 1897 4684 prte-

324 4716 575 4776 gravant,
622 4717 681 4762 ut
729 4717 814 4764 est
854 4725 867 4761 :
908 4727 927 4759 ι
976 4706 1032 4761 Si
1096 4708 1176 4760 vis
1230 4705 1500 4776 perfectus
1550 4717 1687 4766 esse,
1736 4707 1893 4765 vade,

324 4797 494 4853 vende
536 4798 731 4852 omnia
781 4812 902 4867 qua:
942 4798 1108 4851 habes
1153 4795 1366 4867 (Matth.
1418 4790 1529 4855 x'tx,
1582 4792 1696 4861 21).
1734 4810 1759 4842 ι
1790 4791 1894 4845 Et:
1928 4814 1937 4819 -

327 4908 347 4943 ι
380 4887 479 4956 Qui
502 4898 681 4959 potest
708 4902 904 4958 capere
924 4888 1101 4956 capiat
1127 4884 1313 4957 (Ibid,
1342 4884 1485 4953 12).)
1517 4881 1644 4948 Quae
1669 4891 1901 4949 quatuor

320 4979 667 5035 diversitates
695 4976 996 5032 divinorum
1024 4986 1414 5048 prteceptortnn
1449 4970 1819 5043 spiritualibus
1838 4977 1903 5045 et

320 5084 448 5124 vere
470 5067 760 5124 catholicis
781 5073 1115 5137 competunt,
1147 5066 1237 5134 qui
1274 5062 1523 5135 quamvis
1551 5076 1655 5114 non
1696 5061 1899 5120 omnia,

324 5162 578 5218 mandata
612 5158 708 5214 Dei
740 5159 818 5212 sic
843 5161 1070 5213 audiunt
1124 5167 1182 5211 ut
1226 5159 1449 5218 faciant,
1494 5163 1671 5207 tamen
1714 5168 1901 5208 eorum

322 5267 504 5307 sanam
536 5253 706 5307 (idem
750 5259 895 5303 recta
942 5266 1104 5322 opera
1130 5247 1449 5304 clariﬁcant.
1478 5246 1662 5299 Restat
1691 5245 1901 5313 quinta,

320 5346 438 5394 una:
471 5341 667 5394 ﬁdeles
709 5338 946 5394 quidem.
993 5341 1087 5394 sed
1140 5347 1319 5394 tamen
1369 5335 1616 5392 carnales
1645 5344 1697 5389 et
1744 5337 1906 5389 rudes

1999 4435 2252 4491 tenebras
2295 4443 2614 4497 exteriores,
2647 4449 2803 4505 quos,
2837 4433 3073 4502 quandiu
3120 4448 3218 4486 nec
3258 4432 3581 4499 desperant,
3614 4488 3619 4499 _

1997 4512 2096 4581 nec.
2124 4534 2341 4596 peccata
2371 4540 2467 4578 sua
2511 4522 2829 4589 defendunt,
2862 4536 3203 4593 nequaquam
3235 4537 3264 4573 a
3295 4518 3582 4573 catholicae

1998 4614 2253 4670 Ecclesia!
2308 4613 2558 4683 paradiso
2604 4621 2845 4675 extrema
2905 4610 3175 4664 sententia
3230 4609 3584 4669 damnamus,

1998 4709 2244 4778 quamvis
2285 4706 2554 4759 interdum
2588 4719 2617 4756 a
2649 4702 3029 4757 communione
3053 4709 3236 4754 nostra
3261 4693 3587 4779 aliquandiu

2000 4797 2220 4853 medclze
2266 4809 2432 4850 causa
2484 4804 2877 4845 removeamus.
2934 4788 2999 4842 Et
3046 4787 3167 4841 ideo
3198 4788 3416 4842 constat
3459 4780 3598 4837 tales

2000 4880 2177 4944 adhuc
2219 4884 2519 4954 computari
2566 4883 2707 4937 inter
2733 4879 2942 4944 ﬁdeles,
2965 4889 3018 4934 et
3048 4880 3303 4947 quamvis
3335 4872 3600 4928 crimino-

2002 4964 2115 5043 sos,
2146 4995 2246 5033 non
2277 4987 2454 5031 tamen
2486 4981 2634 5026 recte
2683 4970 2787 5027 dici
2842 4970 3055 5040 impios,
3082 4974 3213 5040 quia
3234 4990 3268 5039 γι
3322 4963 3545 5031 impius,
3579 4983 3600 5018 ι

2004 5069 2057 5124 id
2086 5078 2169 5125 est
2199 5063 2458 5128 infidelis,
2491 5079 2511 5112 ι
2547 5076 2670 5115 cum
2702 5060 2915 5115 venerit
2964 5060 3017 5114 in
3066 5058 3410 5129 profundum
3438 5054 3609 5110 malo-

2002 5174 2148 5222 rum,
2175 5153 2472 5212 contemnit
2499 5147 2681 5219 (Prov.
2722 5166 2812 5214 xv,
2854 5148 2930 5221 3).
2964 5170 2983 5201 ι
3017 5149 3210 5223 itaque
3240 5163 3352 5209 nec
3390 5144 3481 5200 isti
3510 5162 3611 5200 au-

2004 5249 2223 5304 dierunt
2268 5244 2556 5301 Dominum
2590 5240 2821 5296 crimina
2856 5239 3302 5303 interdicentent.
3336 5243 3398 5291 et
3428 5243 3613 5293 tamen
3659 5314 3663 5319 '

2005 5340 2236 5394 credunt
2274 5337 2349 5394 ei.
2389 5324 2529 5389 sicut
2557 5349 2717 5394 supra
2750 5343 3083 5389 monSZratur
3105 5339 3424 5394 evidenter,
3470 5329 3616 5394 quod
