4064 5394
540 330 678 388 1085

1114 439 1343 498 CAPUT
1382 439 1522 496 XVI.

537 534 642 592 Ubi
662 533 1042 591 contradicitur
1052 534 1345 593 hrrreticos.
1373 548 1467 586 nec
1485 533 1620 586 sicut
1646 532 1954 586 criminosas
1975 530 2118 586 intra

963 603 1258 659 Ecclesium
1283 601 1452 657 Deum
1477 603 1684 656 audire.

609 712 810 770 Verum
858 728 930 770 ne
983 713 1194 786 praefati
1247 712 1487 769 hteretici
1539 712 1626 768 bis
1675 714 1877 770 nostris
1927 713 2116 781 armis,

535 807 684 863 velut
719 807 999 874 incautos,
1023 806 1428 877 aggrediantur,
1459 814 1767 860 asserentes
1798 819 1854 860 se
1881 819 2115 875 quoque,

537 897 792 969 exenqtlo
819 915 1008 954 eorum
1048 914 1186 968 quos
1227 897 1798 962 commemoravimus,
1847 896 1901 950 in
1952 897 2118 952 Deum

539 991 788 1055 credere,
825 991 1072 1061 quamvis
1097 1006 1221 1046 eum
1265 1006 1370 1046 non
1414 991 1634 1046 audiant
1661 988 2062 1059 praecipientem
2099 1004 2113 1042 :

545 1097 565 1130 ι
601 1078 784 1133 Gratis
825 1080 1135 1150 accepistis,
1162 1080 1330 1150 gratis
1356 1080 1500 1141 date,
1542 1099 1558 1128 ι
1593 1080 1842 1133 noverint
1873 1087 2117 1133 nostram

540 1184 572 1223 ι
597 1184 695 1224 sua
733 1185 893 1225 causa
948 1171 1420 1239 incorporabiliter
1449 1171 1778 1239 discrepare.
1812 1169 1868 1226 Si
1899 1171 2117 1240 quidem

539 1261 713 1316 nostri
751 1263 996 1332 quaedam
1029 1262 1229 1318 Christi
1263 1265 1509 1318 mandata
1549 1263 1700 1333 quasi
1731 1281 1835 1320 non
1868 1265 2117 1329 audiunt,

541 1349 632 1404 ubi
660 1365 724 1406 ea
753 1362 848 1405 ant
871 1368 980 1408 sua:
1009 1369 1273 1424 suprema:
1301 1355 1648 1424 perfectionis
1673 1357 1844 1427 gratia
1867 1357 2119 1413 alacriter

527 1453 848 1509 transeunt,
898 1456 991 1502 ant
1041 1447 1412 1505 imbecillitate
1465 1452 1661 1508 mentis
1705 1454 1978 1523 perterriti
2011 1471 2116 1510 non

503 1531 760 1597 ‘adeunt,
804 1542 900 1588 aut
949 1534 1240 1606 fragilitate
1281 1540 1515 1595 humana
1545 1541 1815 1598 interdum
1859 1544 2002 1599 ducti
2032 1545 2116 1599 in-

529 1631 694 1678 caute
736 1635 1078 1694 praetereunt,
1109 1639 1201 1684 aut
1229 1634 1530 1689 tentatione
1575 1633 1836 1690 diabolica
1880 1637 2114 1708 superati

539 1716 647 1772 illis
700 1718 923 1784 obeunt,
984 1732 1076 1776 aut
1129 1724 1196 1777 ab
1249 1725 1354 1780 ills
1402 1727 1647 1781 redeunt.
1687 1727 1926 1794 Quorum
1959 1730 2114 1800 primi

535 1824 646 1862 non
691 1809 862 1865 solum
913 1824 1040 1869 sunt
1098 1815 1345 1872 laudandi
1395 1829 1452 1874 et
1501 1821 1766 1886 imitamli,
1819 1838 2003 1878 verum
2061 1833 2114 1877 et

534 1898 924 1968 beatificandi;
978 1905 1139 1960 medii
1193 1915 1374 1964 autem
1431 1908 1684 1965 laudandi
1725 1913 1970 1981 quidetn,
2019 1913 2113 1968 sed

535 1990 885 2058 miserandi;
940 1998 1197 2064 postremi
1262 2015 1392 2055 vero
1451 2003 1658 2072 pariter
1709 2005 1999 2060 miserandi
2059 2016 2114 2061 et

534 2083 820 2152 arguendi,
844 2095 897 2139 et
939 2097 1119 2142 tamen
1165 2106 1263 2162 pro
1303 2100 1542 2161 tempore
1569 2103 1621 2148 et
1649 2111 1810 2149 causa
1839 2096 1883 2149 si
1915 2097 2111 2168 corripi

539 2180 598 2226 et
643 2175 844 2244 corrigi
877 2177 1176 2245 patiuntur,
1220 2181 1489 2250 patienter
1517 2182 1777 2238 tolerandi
1821 2194 1876 2239 et
1920 2201 2114 2256 exspe-

536 2266 738 2321 ctandi.
766 2267 866 2334 Qui
889 2271 990 2324 etsi
1019 2287 1046 2324 a
1073 2273 1181 2326 Deo
1210 2286 1579 2344 apostatarum
1611 2279 1760 2346 pravi
1787 2279 1966 2348 operis
1994 2296 2113 2350 per-

535 2359 859 2425 petratione,
905 2370 1084 2417 tamen
1131 2366 1307 2421 adhuc
1347 2378 1473 2424 sunt
1499 2384 1623 2423 cum
1649 2386 1714 2425 eo
1744 2382 1798 2426 et
1837 2381 1983 2427 stant
2015 2389 2113 2443 pro

533 2461 600 2501 eo
628 2463 692 2504 ex
726 2449 847 2506 fidei
881 2453 1216 2530 professione
1241 2473 1404 2527 quam
1435 2461 1664 2516 retinent
1703 2465 1866 2518 corde
1903 2475 1958 2520 ct
1994 2481 2108 2521 ore.

531 2537 791 2605 Quamvis
839 2543 984 2596 enim
1034 2543 1214 2610 factis,
1264 2563 1368 2602 non
1420 2559 1597 2604 tamen
1632 2552 1735 2606 fide
1763 2569 1791 2607 a
1822 2553 1932 2609 Deo
1966 2571 2113 2610 recc-

535 2631 688 2694 dnnt,
736 2634 864 2688 dum
906 2652 1029 2691 eum
1061 2638 1271 2694 fidelem
1317 2641 1370 2696 in
1408 2645 1662 2700 omnibus
1687 2647 1865 2704 verbis
1893 2649 2027 2713 Suis,
2060 2661 2114 2705 et

536 2736 787 2780 sanctum
819 2729 869 2782 in
895 2731 1147 2785 omnibus
1182 2735 1439 2802 Operibus
1463 2738 1575 2791 suis
1603 2736 1777 2807 (Psal.
1809 2755 1992 2804 chtv,
2017 2742 2108 2814 {5)

531 2817 761 2870 credunt
804 2826 860 2871 et
905 2819 1114 2881 dicunt.
1162 2822 1324 2878 etiam
1354 2840 1476 2878 cum
1527 2826 1684 2881 fidem
1735 2829 1904 2896 ipsam
1953 2828 2111 2886 factis

531 2915 780 2960 astruere.
809 2909 1105 2980 negligunt.
1137 2911 1238 2979 Qui
1282 2915 1498 2984 quidem
1545 2917 1612 2970 ad
1656 2918 1982 2974 credendum
2009 2937 2107 2975 au-

531 2999 686 3052 diunt
710 3000 984 3055 Chri-ttt'n
1015 3004 1298 3060 Dominum
1331 3005 1596 3062 dicenti-tn
1627 3027 1639 3062 :
1675 3029 1691 3060 ι
1730 3009 1840 3062 Hoc
1867 3020 1949 3065 est
1977 3028 2110 3080 opus

531 3090 650 3156 Dei,
685 3102 743 3146 ut
786 3095 1020 3150 cret‘latis
1075 3097 1126 3150 in
1182 3113 1324 3153 eum.
1380 3115 1539 3168 quem
1585 3102 1732 3154 misit
1780 3103 1868 3157 ille
1923 3102 2104 3172 (Joau.

533 3197 607 3244 vr,
643 3183 831 3248 991;.)
861 3194 918 3242 et
949 3203 961 3240 :
997 3206 1015 3234 ι
1053 3187 1284 3242 Creditis
1321 3190 1374 3242 in
1409 3191 1594 3252 Deum.
1633 3202 1686 3245 et
1715 3193 1766 3246 in
1800 3208 1882 3245 me
1912 3194 2116 3249 credite

533 3272 715 3340 (Joan.
743 3290 848 3335 xlv.
873 3275 950 3344 i);
986 3297 998 3328 ι
1033 3277 1127 3332 scd
1157 3295 1258 3333 non
1282 3280 1508 3334 audiunt
1537 3298 1659 3335 eum
1691 3283 1764 3336 ad.
1788 3282 2115 3348 faciendum,

536 3359 810 3416 dicentem
853 3382 865 3417 :
914 3383 932 3415 ι
981 3365 1197 3436 Diligite
1241 3369 1488 3425 inimicos
1533 3385 1770 3435 veStros;
1813 3373 2115 3429 benefacite

541 3448 628 3502 bis
656 3451 746 3518 qui
780 3453 1006 3506 oderunt
1041 3472 1155 3519 vos,
1190 3467 1241 3511 et
1270 3470 1420 3514 orate
1461 3476 1558 3529 pro
1588 3463 2033 3533 persequentibus
2062 3475 2116 3519 et

533 3537 988 3596 calumniantibus
1020 3560 1114 3598 vos
1145 3545 1426 3611 (Manibv.
1444 3550 1588 3618 1H),.
1613 3579 1664 3591 --
1685 3569 1703 3601 ι
1727 3563 1779 3606 ct
1806 3553 1968 3607 nolite
1998 3555 2114 3609 the-

1617 321 1974 383 "UMBERTI
2015 323 2074 380 S.
2117 323 2182 382 Β.
2227 323 2288 380 Ε.
2323 323 2733 386 αιιιοηιιιιε

1992 457 1996 462 λ
2063 477 2067 482 ι
2138 445 2186 504 Α
2211 451 2320 492 non
2349 445 2494 493 sunt.
2527 436 2633 494 Sed
2661 437 2880 494 interim
2910 439 3287 510 [intermissis
3311 438 3452 502 aliis.
3496 435 3818 496 εἰωθυίαςί

2149 1801 2189 1860 Β

2141 3145 2185 3207 C

535 3627 812 3684 sanrizare
839 3633 1288 3690 vobistbesauros
1322 3637 1372 3692 in
1406 3647 1547 3693 terra
1587 3639 1800 3710 (Matth.
1828 3657 1906 3705 vt.
1929 3644 2044 3713 l9);
2088 3626 2130 3697 ι’

532 3725 587 3770 et
615 3718 808 3774 similia
859 3721 943 3776 his
986 3726 1404 3794 quamplurima.
1437 3730 1511 3785 De
1549 3731 1744 3800 quibus
1795 3748 1861 3786 ex
1902 3731 2004 3788 fide
2036 3735 2113 3787 vi-

535 3809 811 3876 ventibus,
857 3813 938 3866 vel
992 3817 1315 3882 virentibus,
1349 3828 1511 3886 atque
1540 3837 1604 3875 ex
1636 3822 1954 3890 operatione
2000 3839 2111 3878 mo-

539 3898 812 3954 rientibus
862 3903 944 3957 vel
1005 3905 1316 3970 arentibus.
1382 3907 1510 3962 illud
1567 3911 1943 3979 propheticum
2004 3929 2109 3968 non

534 3987 830 4062 incongrue
853 3993 1052 4049 dicitur
1087 4013 1101 4050 :
1143 4013 1162 4046 ι
1191 3996 1324 4052 Pars
1349 4014 1449 4051 una
1477 3999 1746 4069 complnta
1777 4011 1882 4066 est,
1910 4011 1961 4055 et
1987 4017 2112 4071 pars

531 4096 697 4152 super
724 4101 886 4154 quam
937 4104 1040 4143 non
1073 4090 1227 4160 pluit,
1261 4093 1405 4146 aruit
1431 4093 1612 4162 (Amos
1656 4110 1726 4160 tv,
1756 4094 1829 4166 7).
1865 4115 1883 4148 ι
1924 4097 2111 4151 Vit-ent

532 4186 662 4233 ergo
711 4190 876 4230 succo
931 4177 1050 4232 fidei
1106 4196 1266 4250 quam
1323 4183 1564 4238 auditam
1632 4195 1988 4254 perceperunt
2042 4187 2108 4240 ad

530 4262 881 4329 credendum,
935 4278 988 4321 et
1040 4273 1304 4334 retinent;
1359 4281 1416 4327 et
1464 4284 1620 4328 arent
1683 4277 1927 4346 neglectu
1985 4278 2108 4332 boni

531 4352 733 4420 operis,
765 4357 908 4421 quod
939 4358 1176 4412 auditum
1223 4362 1288 4414 ad
1331 4361 1636 4418 faciendum
1687 4381 1794 4418 non
1849 4368 2105 4422 retinent.

530 4443 611 4496 Ad
639 4457 794 4514 quos,
826 4457 1084 4515 quantum
1134 4449 1200 4503 ad
1242 4451 1422 4515 fidem,
1461 4453 1546 4506 illa
1581 4455 1788 4510 Domini
1814 4457 2104 4523 sententia,
2139 4482 2187 4542 υ

529 4534 840 4592 incredulos
866 4538 966 4592 sibi
991 4539 1206 4594 Jmlaros
1228 4545 1523 4614 arguentis,
1549 4561 1652 4599 non
1677 4546 1832 4616 plene
1852 4549 2106 4617 pertinet,

529 4637 634 4693 qua
681 4626 879 4682 dicitur
925 4646 937 4682 :
991 4649 1013 4680 ι
1065 4631 1119 4685 Si
1168 4633 1450 4688 veritatem
1496 4635 1636 4701 dico,
1683 4653 1851 4708 quare
1879 4653 1974 4693 vos
2001 4654 2108 4693 non

527 4719 752 4774 creditis
799 4722 976 4778 mihi?
1025 4723 1126 4790 Qui
1185 4736 1270 4780 est
1320 4740 1387 4780 ex
1435 4726 1574 4792 Deo,
1617 4729 1779 4783 verba
1809 4729 1901 4784 Dei
1935 4731 2104 4786 audit.

527 4810 822 4881 Propterea
863 4831 958 4868 vos
994 4832 1099 4871 non
1136 4819 1358 4881 auditis,
1391 4820 1516 4889 quia
1556 4836 1623 4875 cx
1670 4821 1780 4876 Deo
1829 4837 1934 4874 non
1977 4823 2108 4878 estis

527 4899 711 4969 (Juau.
737 4918 852 4967 vut,
880 4904 993 4970 46).
1029 4925 1046 4960 ι
1081 4906 1211 4961 Nam
1242 4909 1488 4965 carnales
1517 4911 1715 4981 quique
1766 4911 1818 4965 in
1867 4910 2104 4966 Ecclesia

524 4989 798 5046 Christum
831 4995 1112 5051 veritatem
1153 4998 1334 5054 dicere
1379 5000 1629 5064 credunt,
1671 5011 1726 5055 et
1773 5001 1936 5056 verba
1984 4999 2103 5068 ejus

525 5081 770 5147 audiunt,
815 5093 872 5138 et
915 5085 960 5139 si
1000 5103 1105 5140 non
1155 5088 1222 5142 ad
1269 5090 1593 5157 profectum.
1642 5090 1794 5148 Unde
1821 5101 1871 5145 et
1899 5107 1963 5144 ex
1996 5090 2105 5144 Deo

3665 323 3825 378 1038

2220 530 2291 587 ab
2337 531 2470 600 ipsis
2522 531 2944 588 Christianitatis
2996 533 3317 589 rudimentis
3367 532 3614 588 haeretici
3671 540 3832 586 sunt

2219 620 2350 678 dicti
2375 633 2431 678 et
2455 623 2640 679 habiti.
2671 623 2815 696 Ergo
2840 625 2958 680 sine
2978 624 3084 680 ﬁde
3107 635 3268 689 sunt;
3299 625 3341 680 si
3361 625 3481 680 sine
3513 623 3624 679 ﬁde
3647 635 3814 688 sunt,

2223 727 2324 767 nec
2350 728 2501 784 spem
2529 713 2730 770 habere
2759 723 3006 782 possunt,
3035 715 3160 786 quia
3201 716 3333 771 fides
3361 725 3445 770 est
3473 715 3816 769 substantia

2220 803 2358 874 spei.
2392 803 2448 859 Si
2477 819 2626 876 spem
2655 821 2759 861 non
2785 805 3002 870 habent,
3033 821 3132 860 nec
3158 807 3504 868 charitatem,
3530 804 3661 876 quia
3694 822 3818 860 non

2220 903 2398 964 potest
2427 911 2612 949 amare
2655 895 2799 966 quod
2851 912 2952 951 nec
2992 905 3198 966 sperat,
3258 910 3358 952 nec
3409 897 3602 960 credit,
3661 896 3822 952 sicut

2219 985 2380 1055 paulo
2410 986 2658 1057 superius
2684 987 2948 1041 astruitnr
2973 991 3125 1044 satis.

2294 1073 2430 1128 liinc
2468 1057 2662 1146 conjici
2691 1087 2862 1143 potest
2897 1076 3180 1134 haereticos
3217 1084 3540 1147 etpaganos
3577 1074 3822 1130 inferio-
3855 1119 3860 1122 .

2221 1177 2309 1218 res
2335 1179 2454 1219 esse
2477 1179 2543 1219 es
2579 1165 2974 1232 incredulitate,
2999 1166 3122 1238 quia
3145 1167 3420 1224 dzcmones
3441 1184 3605 1222 unum
3633 1167 3820 1222 Deum

2220 1268 2340 1310 esse
2379 1256 2607 1311 credunt
2645 1265 2702 1310 et
2727 1257 3184 1323 contremiscunt;
3229 1257 3499 1322 iliiautem
3547 1273 3658 1324 nec
3699 1258 3821 1316 hoc

2223 1347 2516 1404 tantillum.
2561 1347 2625 1405 Et
2674 1357 2856 1404 tamen
2896 1350 3204 1421 superiores
3232 1339 3822 1411 daemonibttsinboc

2220 1447 2341 1493 sunt
2377 1438 2526 1508 quia,
2576 1450 2634 1494 et
2680 1439 2874 1511 pagani
2923 1455 3020 1510 per
3057 1441 3400 1512 baptismum.
3431 1449 3508 1496 et
3557 1440 3816 1498 bwtetici

2220 1526 2404 1584 forsan
2447 1543 2544 1602 per
2596 1531 2974 1600 ptenitentiam
3009 1530 3203 1588 salvari
3245 1541 3487 1602 possunt;
3536 1531 3818 1598 Quamvis
3843 1573 3856 1582 .

2219 1621 2272 1677 si
2299 1623 2438 1679 bene
2465 1622 2710 1680 definitio
2741 1624 2860 1681 fidei
2887 1627 3290 1691 consideretur,
3317 1627 3450 1683 fides
3481 1639 3574 1684 aut
3605 1629 3817 1684 credu-

2221 1711 2342 1768 litas
2369 1713 2707 1769 dannoaibus
2758 1715 2934 1770 inesse
2982 1731 3091 1772 non
3137 1719 3373 1788 proprie.
3407 1718 3502 1773 sed
3549 1718 3809 1781 abusive,

2216 1804 2437 1864 dicitur.
2489 1805 2623 1861 Nam
2656 1807 2701 1863 si
2759 1807 2914 1872 fides,
2969 1819 3029 1864 ut
3070 1809 3360 1878 Apostolus
3407 1810 3619 1872 deﬁnit,
3663 1829 3684 1862 ι
3717 1820 3816 1866 est

2215 1901 2610 1970 Sperandarum
2654 1903 2959 1958 substantia
3017 1917 3220 1968 rerum,
3259 1913 3634 1974 argumentum
3694 1918 3850 1958 non.

2214 1991 2586 2060 apparentinm
2633 1991 2821 2062 (Hebr.
2870 2009 2930 2059 ιι,
2983 1993 3036 2060 1)
3094 2013 3112 2047 ι
3159 2003 3371 2051 constat
3399 1993 3672 2049 dtemoncs
3701 2009 3810 2051 nec

2217 2079 2375 2135 fidem
2409 2082 2630 2147 habere,
2661 2099 2758 2138 nec
2782 2085 3010 2138 credere
3053 2084 3243 2149 Demn,
3273 2101 3434 2154 quem
3475 2086 3526 2138 in
3562 2100 3808 2156 evange-

2214 2169 2314 2226 lica
2341 2172 2608 2242 dignitate
2630 2174 2698 2228 ab
2729 2176 2844 2245 ipso
2883 2176 3054 2231 creati
3097 2187 3223 2232 ante
3257 2177 3464 2246 lapsum
3507 2191 3664 2232 suum
3701 2193 3806 2233 no-

2215 2274 2430 2324 verant,
2459 2277 2513 2318 et
2538 2266 2780 2321 solebant
2815 2266 2963 2321 facie
2985 2269 3050 2324 ad
3082 2267 3280 2324 facient
3306 2268 3686 2338 contetnplari.
3720 2270 3804 2325 Ac
3843 2303 3850 2308 -

2213 2367 2312 2423 per
2342 2355 2445 2409 hoc
2488 2373 2592 2410 non
2624 2359 2853 2413 credunt
2889 2359 3058 2414 Deum
3097 2373 3235 2425 esse,
3275 2375 3378 2414 non
3419 2375 3579 2430 posse
3615 2361 3804 2416 dicere

2214 2445 2358 2514 quod
2393 2447 2530 2500 dixit
2558 2447 2817 2517 insipiens
2849 2451 2900 2503 in
2927 2451 3090 2505 corde
3115 2465 3246 2506 suo:
3280 2470 3300 2503 ι
3335 2449 3450 2505 Non
3471 2461 3556 2505 est
3583 2452 3750 2514 Deos,
3776 2469 3796 2503 ι

2214 2535 2340 2604 quia
2393 2537 2444 2591 in
2483 2553 2556 2592 eo
2601 2541 2742 2608 quod
2796 2541 2945 2608 prius
2983 2540 3251 2606 viderunt,
3287 2546 3464 2596 sciunt
3497 2557 3622 2598 eam
3649 2557 3796 2597 esse.

2213 2625 2365 2692 Quod
2397 2628 2540 2683 enim
2577 2631 2722 2685 videt
2759 2633 2903 2701 quis,
2937 2633 3063 2702 quid
3101 2634 3322 2704 sperat?
3347 2631 3484 2688 lline
3510 2649 3642 2701 ιιι-κο
3665 2649 3802 2690 cou-

2213 2723 2322 2768 stat
2343 2716 2487 2785 quod
2521 2733 2624 2774 nec
2658 2719 2932 2776 daemones
2969 2720 3128 2776 fidem
3163 2721 3422 2777 habeant.
3453 2723 3708 2794 Alioquin
3746 2725 3794 2778 si

2215 2803 2372 2859 fidem
2417 2820 2543 2862 vere
2585 2809 2870 2873 haberent,
2917 2827 3012 2881 spe
3033 2827 3248 2883 quoque
3291 2821 3348 2866 et.
3385 2813 3660 2869 ‘charitate
3688 2829 3796 2868 non

2212 2907 2482 2961 carerent,
2537 2915 2602 2954 ac
2645 2915 2743 2970 per
2794 2902 2896 2956 hoc
2936 2903 3048 2972 jam
3107 2903 3379 2959 dtemones
3417 2921 3531 2958 non
3585 2914 3794 2960 essent.

2211 2985 2550 3059 Quapropter
2595 3000 2653 3046 et
2701 2991 2788 3045 illa
2839 3007 2964 3062 spes
3006 2993 3228 3059 diaboli,
3269 2996 3338 3051 de
3383 3010 3492 3066 qua
3534 2995 3798 3052 Dominus

2213 3075 2274 3134 Β.
2315 3075 2418 3132 Job
2457 3079 2590 3134 dicit
2623 3099 2636 3134 ε
2677 3100 2694 3133 ι
2730 3081 2866 3154 Spes
2912 3081 3031 3150 ejus
3082 3084 3434 3140 frustrabitur
3471 3100 3597 3140 cum
3644 3086 3792 3140 Uab.

2217 3182 2305 3228 ιι..
2334 3167 2444 3239 28).
2478 3189 2493 3220 ι
2530 3185 2634 3225 non
2665 3181 2750 3226 est
2781 3188 2905 3227 vera
2937 3189 3080 3243 spes,
3105 3175 3200 3230 sed
3228 3177 3472 3244 quaedam
3501 3175 3792 3240 securitas,

2216 3273 2320 3326 qua
2361 3259 2578 3316 sibimet
2608 3261 2722 3332 ipse
2752 3262 2832 3319 vel
2859 3265 2942 3318 sui
2969 3264 3036 3317 de
3057 3264 3428 3319 misericordia
3467 3265 3558 3321 Dei
3588 3263 3792 3320 flustra

2215 3349 2585 3416 blandiuntur,
2638 3367 2761 3407 cum
2810 3351 3165 3426 cjnsjustitite
3207 3355 3546 3411 districtione
3588 3371 3796 3424 nequa-

2215 3455 2376 3508 quam
2403 3451 2681 3496 vercntnr.
2721 3444 2893 3510 Quam
2927 3443 3112 3513 procul
3153 3444 3316 3500 dubio
3349 3445 3695 3509 titncrenysi
3724 3460 3791 3501 cx

2217 3530 2322 3588 fide
2365 3548 2490 3602 spes
2541 3533 2755 3590 iikil‘lllll
2788 3536 3132 3603 subsisteret,
3174 3537 3299 3608 quia
3332 3537 3476 3594 fides
3520 3539 3692 3594 credit
3735 3539 3788 3594 in

2215 3620 2388 3680 Deum
2419 3631 2472 3677 et
2517 3639 2583 3679 ex
2615 3639 2682 3679 eo
2719 3642 2826 3696 quo
2873 3628 3148 3684 timendus
3192 3639 3296 3693 est,
3345 3637 3400 3683 et
3455 3645 3524 3685 ex
3572 3645 3638 3686 eo
3680 3645 3788 3701 quo

2213 3713 2498 3769 amandus.
2528 3713 2684 3770 Unde
2711 3716 2864 3782 fides,
2898 3728 3109 3775 retento
3132 3719 3236 3775 sibi
3269 3720 3488 3783 timore.
3506 3719 3788 3788 justissmi

2211 3801 2415 3858 .lntlicis
2443 3819 2537 3875 spe
2562 3808 2931 3862 communicat
2958 3825 3197 3865 atnoretu
3231 3811 3462 3880 piissimi
3494 3811 3702 3879 Patris,
3732 3821 3788 3866 ut

2215 3897 2590 3951 tantummodo
2623 3898 2859 3953 amando
2881 3909 3063 3968 speret
3091 3901 3234 3970 quod
3269 3901 3402 3956 fides
3433 3916 3651 3970 quoque
3678 3916 3788 3957 creo

2212 3985 2292 4040 dit
2320 3987 2633 4042 ornandum.
2680 3988 2771 4044 Sic
2811 3990 2944 4045 fides
2989 4000 3047 4045 et
3099 4007 3224 4061 spes
3269 4005 3374 4045 nec.
3409 3991 3646 4056 diabolo,
3689 4007 3786 4047 nec

2212 4077 2394 4147 impiis
2430 4090 2634 4146 Insunt,
2661 4083 2909 4150 quamvis
2939 4083 3056 4150 ejus
3099 4082 3275 4137 inesse
3322 4081 3635 4136 inveniatur
3661 4082 3784 4138 abu-

2210 4172 2325 4226 sive
2355 4172 2579 4236 dietutn,
2611 4173 2742 4228 sicut
2770 4171 2830 4226 Β.
2854 4172 3152 4244 Gregorius
3183 4173 3346 4228 fidem
3368 4173 3563 4228 asserit
3593 4173 3785 4230 habere

2211 4263 2476 4328 infideles,
2507 4279 2630 4318 cum
2670 4265 2897 4320 credunt
2943 4281 3002 4320 se
3053 4275 3209 4319 natos
3259 4265 3329 4318 ab
3372 4265 3454 4319 eis
3497 4279 3634 4334 quos
3685 4265 3784 4319 sibi

2209 4364 2458 4424 parentes
2503 4357 2712 4421 dicunt,
2757 4358 3006 4426 quamvis
3065 4357 3472 4426 conceptionem
3523 4371 3678 4410 sttam
3729 4365 3784 4409 et

2210 4445 2550 4501 nativitatem
2571 4462 2678 4500 non
2707 4448 2960 4512 viderint,
2999 4460 3054 4503 et
3082 4450 3313 4518 plurima
3343 4447 3658 4517 hujnsmodi
3688 4448 3780 4500 hu-

2211 4550 2386 4590 manze
2422 4541 2872 4604 conversationis,
2913 4557 3006 4595 seu
3041 4540 3292 4594 actionis.
3340 4540 3414 4593 De
3445 4539 3646 4607 quibus
3675 4539 3782 4609 ipse

2209 4623 2552 4681 doctissimus
2576 4626 2738 4682 Pater
2762 4629 2875 4684 ait:
2912 4649 2930 4683 ι
2961 4629 3172 4686 Habent
3195 4629 3438 4686 infideles
3465 4629 3654 4696 fidem,
3685 4629 3775 4686 sed

2209 4717 2412 4772 utinam
2445 4718 2499 4773 in
2531 4719 2729 4776 Deum!
2769 4741 2788 4775 ι
3408 4738 3412 4742 '
3814 4733 3816 4736 ’

2771 4809 3000 4868 CAPUT
3058 4811 3220 4868 XVII.

2208 4920 2286 4977 De
2329 4922 2628 4992 tliﬂ‘ereutia
2676 4923 3052 4997 negotiawrum
3108 4925 3290 4997 διετειιί
3351 4934 3402 4980 et
3454 4941 3640 4981 eorum
3695 4929 3777 4997 qui

2683 4994 2930 5048 dicuntur
2979 4995 3291 5050 Simoniuci.

2277 5083 2406 5148 Sed,
2459 5083 2546 5139 his
2599 5098 2706 5138 non
2745 5099 3130 5155 usquequaque
3173 5085 3446 5140 incassum
3505 5087 3770 5155 praefixis,
3809 5111 3812 5114 ~
