4064 5394
515 275 673 337 1037,
1472 284 1475 285 ⁷
1596 276 1962 335 ’ΠΕΜΒΕΒἸῚ
2003 279 2061 334 S.
2095 279 2120 332 l‘

2205 278 2267 333 Ε.
2308 279 2717 335 C.\RDiN.\LlS
3026 300 3029 303 ·
3634 280 3800 335 ωδε

516 388 668 459 prius
690 388 995 458 relintptunt
1019 406 1181 460 quam
1205 383 1491 456 eisﬂtoste
1524 391 1741 464 fortiter
1758 384 2085 465 expugnato,
2119 397 2159 454 Α
2190 400 2241 446 et
2290 392 2414 461 jure
2458 392 2645 449 ﬁdeles
2698 395 2969 449 dicantur.
2999 396 3088 450 Ait
3115 395 3256 452 enim
3286 396 3338 449 in
3371 394 3513 450 libro
3547 409 3742 448 χχχιιι
3779 412 3797 447 :

515 492 756 552 optatam
808 485 1042 555 quie‘em
1095 485 1400 554 acquirunt.
1461 482 1566 541 Sed
1598 486 1665 542 ad
1700 480 1850 542 suam
1877 528 1892 553 ,
1939 496 2089 542 trans
2195 502 2212 534 ι
2253 482 2553 538 Vel-temeti;
2584 486 2741 549 alios,
2777 486 2876 540 sub
2915 485 3341 541 Christianitatis
3371 486 3601 540 nomine
3628 486 3800 555 posis

515 573 826 639 Iordanem,
867 577 1190 645 quantocius
1237 586 1617 644 revertuntur,
1650 580 1773 648 quia
1820 577 1940 634 licet
1993 593 2086 634 ea-
2192 582 2275 626 los
2303 573 2545 643 devorat,
2569 577 2695 646 quia
2735 576 2786 630 in
2811 577 2926 646 ipso
2954 592 3048 631 eos
3069 565 3190 631 ﬁdei
3211 591 3396 632 errore
3421 575 3759 646 supplantat
3780 620 3799 644 ,

518 669 732 723 tholicze
757 668 881 723 ﬁdei
909 669 1043 734 zelo,
1083 685 1244 738 quam
1292 670 1635 740 proﬁtentur,
1662 670 1969 727 catholicis.
1992 685 2090 741 pro
2190 664 2326 720 alios
2353 681 2382 719 τι
2411 668 2736 722 rectitudine
2792 668 2914 723 ﬁdei
2958 682 3295 738 nequaquam
3320 670 3550 734 ἀθνῖιτιιο
3583 671 3693 725 SBd
3727 672 3803 725 ad

517 770 762 828 tempore
801 759 1188 829 snﬂ'ragentnr,
1218 767 1398 818 tamen
1449 769 1568 830 post
1611 760 1866 818 Iordanis
1918 770 2087 817 trans-
2191 760 2346 811 usnni
2398 772 2579 827 pravae
2627 760 2959 828 operationis
3009 759 3248 815 inclinat;
3284 752 3459 824 Alios,
3503 770 3809 830 quantum

518 851 676 918 itum,
716 852 973 922 baptismi
1024 853 1229 909 scilicet
1257 854 1872 917 sacramwtmu,.n.]etn
1916 854 2091 924 bapgi-
2191 847 2323 911 vult,
2349 848 2401 902 in
2423 851 2791 918 operationem
2817 849 3170 904 immunditite
3200 848 3475 905 inﬂectere
3506 865 3619 903 non
3647 849 3807 915 vult;-

518 942 710 998 amatis
739 944 996 1013 quantum
1028 946 1094 1000 ad
1129 961 1294 1015 opera
1340 947 1830 1017 transgrediuntur,
1864 963 2090 1017 eamque
2190 938 2285 993 sed
2312 939 2453 1007 apud
2483 941 2803 1009 semetipsos
2845 941 2991 994 intus
3024 941 3075 994 in
3109 942 3286 996 studio
3318 940 3649 995 intentionis
3700 939 3809 993 inc.

519 1035 572 1088 in
597 1050 729 1103 pace
757 1043 1256 1104 przrtereuutquam
1289 1037 1341 1091 in
1360 1037 1497 1091 bello
1524 1036 1735 1093 fortiter
1774 1036 2085 1093 defendunt.
2193 1040 2407 1099 torquet
2428 1039 2482 1085 ut
2509 1035 2633 1086 dum
2663 1048 2692 1085 a
2724 1034 2992 1088 charitate
3009 1044 3241 1088 mentem
3262 1035 3530 1099 dividunt,
3560 1045 3802 1089 rectum

518 1127 642 1181 Sola
663 1128 809 1183 enim
838 1129 1070 1183 Iab‘ntia
1102 1138 1155 1183 et
1202 1130 1514 1184 transitoria
1560 1145 1885 1200 magnopere
1928 1145 2088 1200 appec
2191 1139 2297 1180 non
2328 1125 2399 1200 sit
2428 1124 2652 1194 quiquid
2678 1127 3020 1181 extrinsecus
3042 1137 3318 1197 operatur.
3351 1127 3415 1182 Et
3445 1126 3614 1182 ﬁdem
3651 1143 3811 1198 ergo

518 1226 716 1294 tentes,
741 1234 845 1273 non
864 1220 1230 1279 curantaliam
1262 1221 1361 1275 sibi
1399 1236 1520 1276 cum
1548 1199 1808 1289 fratribus
1830 1199 2090 1293 suis
2190 1199 2399 1280 teneni,
2432 1219 2526 1271 sed
2553 1218 2717 1271 vitam
2753 1217 2873 1273 ﬁdei
2922 1236 3026 1273 non
3079 1228 3262 1273 tenent
3292 1221 3416 1290 quia
3453 1231 3546 1272 aut
3582 1230 3815 1289 aperte.

515 1308 687 1363 videri
720 1310 1115 1375 haureditatem,
1145 1300 1244 1364 nisi
1276 1309 1516 1380 ejusdem
1542 1310 1663 1366 ﬁdei
1696 1310 2089 1383 professionem
2192 1309 2376 1364 illicita
2434 1308 2667 1375 faciunt,
2708 1320 2801 1364 aut
2840 1325 2918 1365 'ex
2964 1326 3221 1381 perverso
3266 1311 3428 1366 corde
3458 1327 3582 1381 qtne
3612 1322 3804 1381 agunt

515 1413 580 1453 ac
607 1397 994 1455 defensionem.
1068 1434 1074 1440 ι
1455 1473 1458 1477 ὓ
1910 1407 1917 1415 ’
1986 1402 1993 1411 ’
2190 1414 2441 1472 perversa
2481 1410 2629 1467 sunt,
2674 1402 2889 1456 etiamsi
2943 1413 3132 1458 saneta
3180 1403 3488 1458 videantur.
3531 1402 3685 1470 Quia
3737 1414 3823 1458 et-

586 1487 739 1557 Quod
765 1491 928 1546 etiam
972 1490 1121 1545 velut
1168 1491 1355 1548 altaris
1399 1508 1565 1564 super
1593 1493 1766 1564 ipsum
1796 1492 2089 1549 Iordanem
2191 1493 2429 1547 nonnulli
2455 1492 2761 1548 conﬁtendo
2791 1492 2975 1548 ﬁdeles
3017 1503 3162 1557 sunt,
3205 1508 3307 1547 non
3339 1493 3604 1557 vivendo;
3654 1493 3800 1545 hinc

516 1580 571 1636 in
599 1587 742 1636 terra
788 1583 1226 1653 repromissionis
1273 1601 1301 1639 a
1345 1600 1404 1641 se
1458 1587 1739 1641 constituti
1780 1588 2090 1643 testimonio
2191 1592 2274 1639 est
2320 1584 2461 1653 quod
2501 1599 2629 1638 mre
2685 1583 2942 1639 Veritatis
2989 1584 3224 1639 dicitur:
3256 1603 3276 1635 ε
3312 1584 3426 1638 Non
3456 1585 3641 1638 cumis
3691 1587 3797 1650 qui

514 1673 888 1741 comprobant,
939 1676 1368 1746 quandocunqne
1412 1677 1695 1733 catholicis
1727 1687 1888 1747 atque
1939 1681 2089 1750 Spiri-
2122 1734 2164 1750 ﬁ
2192 1675 2324 1729 dicit
2353 1694 2367 1729 :
2399 1673 2645 1740 Domine,
2675 1675 2921 1741 Domine,
2949 1676 3175 1730 intrabit
3222 1676 3274 1730 in
3329 1689 3554 1745 regnum
3606 1676 3796 1729 caelo-

515 1760 751 1817 tualibus
785 1764 916 1819 viris
936 1780 1122 1820 eorum
1171 1767 1444 1822 carnalem
1500 1749 1977 1823 conversationem
2006 1783 2086 1823 re-
2124 1749 2164 1793 δ
2194 1781 2312 1820 rum
2364 1765 2583 1837 (Matth.
2606 1782 2703 1828 vn,
2736 1766 2867 1835 2|):
2908 1785 2926 1819 ι
2963 1768 3090 1821 hinc
3147 1749 3370 1821 rursum~
3414 1767 3527 1819 ait:
3575 1786 3595 1816 ι
3622 1765 3798 1833 Quod

516 1852 903 1923 darguentibns
927 1865 982 1910 et
1011 1857 1406 1913 detestantibus
1438 1859 1490 1914 in
1523 1869 1754 1925 tantum,
1784 1871 1843 1916 ut
1879 1871 2087 1932 partem
2189 1865 2369 1911 autem
2405 1858 2614 1910 vocatis
2654 1872 2759 1920 me,
2806 1856 3050 1920 Domine,
3083 1854 3327 1920 Domine,
3370 1865 3423 1910 et
3455 1871 3561 1908 non
3598 1855 3797 1908 facitis

514 1941 596 1997 eis
641 1943 694 1998 in
750 1943 862 2000 Deo
907 1946 1173 2017 denegent
1227 1949 1294 2004 ad
1349 1950 1745 2007 confessionem
1809 1953 2090 2007 catholica:
2190 1961 2311 2015 anr
2332 1946 2496 2000 dico?
2528 1944 2680 2015 (an.
2729 1960 2799 2007 γι,
2830 1945 2945 2013 46.)
2978 1965 2996 1996 ι
3033 1945 3096 1999 Et
3128 1954 3249 2016 post
3295 1959 3510 2015 pauca:
3551 1962 3572 1995 ‹
3605 1943 3792 1998 Nemo

517 2033 847 2104 ﬁ.lei,quam
879 2053 1040 2108 supra
1071 2041 1275 2097 fontem
1328 2044 1467 2097 sacri
1517 2043 1892 2115 baptismatis,
1935 2046 2088 2115 quasi
2191 2035 2351 2090 ﬁdem
2381 2036 2497 2091 sine
2554 2036 2810 2105 operibus
2857 2034 3102 2090 suﬁlcere
3152 2050 3307 2104 posse
3337 2034 3605 2097 conﬁdat,
3654 2051 3787 2088 cum

516 2123 688 2182 altare
735 2142 894 2197 supra
947 2127 1258 2196 Iordanem,
1299 2133 1397 2202 ipsi
1430 2144 1479 2189 ct
1509 2143 1690 2203 patres
1735 2151 1920 2188 eorum
1969 2151 2092 2204 pro-
2191 2126 2427 2180 sciamus
2478 2128 2619 2194 quod
2656 2125 2915 2193 scriptum
2947 2125 3106 2179 sitzr
3149 2124 3308 2178 Fides
3354 2125 3473 2179 sine
3520 2124 3791 2192 operibus

516 2213 642 2271 fessi
688 2227 1128 2283 construxerunt,
1180 2221 1246 2275 ad
1290 2222 1711 2281 conﬁrmandam
1746 2225 1844 2279 sibi
1877 2235 2091 2279 sancto-
2191 2219 2362 2273 013053
2392 2228 2472 2272 es!
2498 2217 2636 2289 (Jac.
2671 2234 2725 2279 II.
2757 2219 2852 2282 20.
2876 2218 2991 2287 9-6)-
3030 2238 3048 2268 ι
3085 2218 3272 2272 Nullus
3301 2217 3604 2272 Velinum”!
3637 2235 3791 2272 mor.

516 2320 636 2360 rum
687 2310 1121 2366 communiorzem
1166 2323 1475 2378 recurrunt,
1513 2330 1687 2383 eoque
1733 2316 1834 2370 sibi
1884 2325 2089 2385 partem
2191 2323 2309 2363 sum
2342 2324 2407 2363 ex
2433 2310 2544 2362 sola
2569 2310 2911 2364 confessione
2944 2310 3064 2364 ﬁdei
3093 2309 3247 2379 plene
3276 2311 3520 2363 evasisse
3546 2324 3607 2363 se
3637 2309 3790 2362 aesti-

516 2395 571 2452 in
612 2398 719 2453 beo
749 2399 1048 2465 vindicant,
1086 2418 1193 2473 quo
1224 2405 1345 2458 tidei
1382 2405 1681 2476 symbolum
1708 2413 1869 2461 corde
1909 2414 1960 2459 et
1999 2421 2092 2461 Ore
2191 2412 2326 2465 met,
2355 2400 2478 2470 quia
2500 2401 2613 2470 jam
2642 2400 2857 2469 quidem
2890 2399 3107 2455 fluvium
3138 2401 3437 2461 absorbuit.
3469 2401 3563 2455 sed
3599 2403 3787 2455 adhuc

515 2487 751 2545 ﬁdeliter
793 2500 1101 2558 retentant,
1148 2503 1334 2563 atque,
1396 2489 1823 2566 quotiescunque
1866 2497 2087 2565 expetit,
2191 2488 2483 2545 Iordanem
2511 2492 2642 2555 sitit,
2673 2502 2728 2547 et
2764 2493 2921 2546 toties
2946 2492 2998 2545 in
3021 2507 3116 2546 ore
3140 2491 3282 2545 illius
3313 2490 3611 2546 Iordanem
3640 2491 3786 2558 ﬁuit,

516 2583 781 2638 admoniti
810 2598 908 2652 pro
946 2584 1150 2640 viribus
1202 2586 1458 2641 alacriter
1510 2588 1822 2644 defendant.
1869 2589 1986 2656 Quo
2034 2588 2092 2644 ﬁt
2193 2587 2406 2657 quoties
2431 2585 2777 2641 Christianus
2806 2588 3037 2656 quisque
3085 2587 3151 2641 ad
3194 2588 3538 2656 iniquitatem
3567 2588 3785 2643 deﬁnit.

514 2685 572 2731 ut
609 2675 782 2732 altare
808 2679 951 2748 quod
1003 2693 1152 2747 prius
1198 2680 1489 2748 putabatur
1515 2690 1567 2736 et
1597 2680 1880 2736 dicebatur
1906 2676 2097 2736 'sacri-
2193 2677 2267 2735 Os
2321 2679 2537 2748 qunlem
2578 2679 2695 2745 ejus
2724 2677 2837 2746 jam
2889 2680 2994 2733 ﬁde
3042 2694 3139 2733 nos
3175 2679 3495 2734 sublevante
3551 2679 3784 2745 fuimus.

515 2765 716 2839 legum,
742 2770 895 2839 quasi
924 2769 1087 2823 fuerit
1114 2770 1181 2823 ad
1214 2770 1523 2826 holocausta
1550 2781 1603 2827 et
1633 2773 1881 2827 victimas
1902 2783 2092 2828 contra
2193 2770 2289 2825 se}
2338 2784 2534 2839 magno
2585 2769 2766 2824 studio
2796 2770 3091 2823 curandum
3120 2778 3200 2823 est
3236 2786 3300 2823 ne
3349 2770 3405 2824 in
3441 2770 3543 2825 hoc
3565 2770 3785 2826 lubrica

515 2857 695 2913 divina
721 2860 974 2914 mandata
1003 2859 1361 2926 tediﬁcatuen;
1394 2872 1575 2932 postea
1603 2860 1906 2917 rationabili
1930 2880 2092 2919 causa
2193 2863 2507 2931 operatione
2526 2860 2847 2914 dilabamur.
2874 2860 2930 2913 Si
2956 2859 3268 2915 ambulandi
3295 2860 3505 2914 cautela
3552 2860 3793 2932 negligi.

515 2951 865 3021 approbatur,
889 2960 942 3006 et
973 2960 1194 3006 vocatur
1223 2952 1751 3023 ﬁzleisoCEetatisque
1775 2954 2097 3008 Cbristiauze
2195 2961 2306 3016 tur,
2348 2952 2621 3006 incassum
2668 2950 2937 3021 credendo
2981 2958 3185 3004 rectum
3234 2950 3339 3005 iter
3389 2959 3607 3004 tenetur
3653 2952 3791 3020 quia

517 3042 661 3097 inter
694 3041 943 3097 carnales
964 3050 1017 3095 et
1062 3042 1368 3110 Spirituales
1397 3043 1783 3098 testimonium.
1816 3043 1969 3111 Quod
2001 3043 2090 3113 qui
2119 3073 2164 3134 ο
2195 3046 2302 3099 vita
2329 3044 2541 3113 quidem
2580 3042 2703 3097 ﬁdei
2741 3043 2808 3096 ad
2843 3042 3118 3098 caelestem
3156 3043 3388 3112 patriam
3423 3042 3655 3113 profuit,
3688 3045 3797 3099 sed

514 3147 615 3203 per
643 3131 802 3188 ﬁdem
831 3142 885 3187 et
909 3147 1073 3200 opcta
1104 3139 1187 3185 est
1238 3131 1494 3187 Dominus
1550 3133 1929 3203 spiritualium.
1979 3134 2091 3203 ipse
2147 3131 2158 3134 ⁷
2193 3135 2529 3193 οῐῐειιιιριιῑυδ
2559 3135 2781 3188 minime
2808 3134 3133 3203 perducit.)
3324 3142 3332 3150 '

516 3222 585 3278 sit
618 3238 717 3292 per
738 3222 897 3277 ﬁdem
926 3222 1090 3276 eziam
1121 3221 1259 3276 Dens
1282 3222 1596 3276 carnalium.
1628 3223 1707 3277 Ad
1730 3223 1885 3291 cujus
1917 3238 2091 3278 causa
2282 3244 2283 3247 η
2761 3226 3013 3281 -ΟΑΙἮΤ
3050 3226 3190 3280 XIX.

518 3313 702 3368 discus
724 3314 1060 3369 ionem-non
1109 3314 1227 3367 sine
1267 3328 1425 3368 causa
1456 3313 1687 3369 l’hinees
1734 3316 1967 3369 mittitur
2011 3314 2090 3368 le-
2195 3325 2271 3381 De
2297 3345 2355 3381 ρο
2386 3320 2525 3393 quod
2552 3319 2838 3393 εἰωθυῖαι-ἰ
2871 3338 2900 3372 a
2933 3318 3134 3393 Sqlana
3160 3320 3786 3393 pervadunturexemplo

517 3405 803 3473 gatns,cni
837 3415 1048 3474 pactum
1074 3406 1386 3472 sempiterni
1422 3407 1709 3460 sacerdotii
1761 3407 1951 3461 statuit
1987 3407 2091 3462 Do-

1987 3407 2091 3462 [)ο.
2387 3389 2565 3453 λιιάασ,
2588 3392 2934 3459 proditionem
2969 3389 3177 3445 Domini
3209 3391 3582 3460 aggredienda.

518 3493 716 3555 minus,
768 3495 893 3564 quia
947 3497 1244 3550 sacerdotis
1270 3507 1351 3551 es!
1382 3499 1671 3568 dipgemcr
1697 3502 1996 3569 requirere.
2027 3517 2095 3557 ne
2263 3483 2400 3536 lliuc
2427 3493 2711 3550 postquam
2759 3480 2994 3534 evidenti
3025 3480 3302 3549 multaque
3330 3485 3661 3536 auctoritate
3685 3483 3797 3536 sub

519 3586 660 3642 forte
681 3582 1208 3657 quilibet,derehcto
1238 3590 1345 3645 Deo
1377 3600 1431 3645 et
1477 3592 1633 3645 unica
1666 3590 1769 3646 ﬁde
1803 3593 1940 3663 ejus,
1973 3603 2092 3645 tau-

2193 3575 2481 3628 occasione
2511 3572 2846 3627 saecularium
2880 3575 3273 3644 negotiatorum
3307 3584 3676 3629 monstratum
3701 3587 3787 3629 est

517 3693 680 3747 quam
708 3679 873 3734 ‘unico
902 3680 1059 3735 altari
1086 3689 1418 3748 contempto,
1469 3693 1800 3751 praesumant
1859 3683 1959 3738 sibi
2012 3683 2093 3737 in-

2194 3673 2456 3735 qnanttnn
2479 3664 2686 3718 distent
2714 3664 2885 3718 nostri
2921 3665 3187 3725 carnales.
3227 3665 3388 3719 etiam
3413 3681 3538 3720 cmn
3569 3675 3794 3720 mortua

519 3766 759 3822 debitum
787 3768 1170 3833 επορνοιοιεηιη,
1208 3781 1262 3825 et
1284 3773 1454 3827 auare
1476 3773 1620 3826 aliud
1654 3773 1855 3843 eligam
1876 3774 1941 3827 ad
1973 3790 2093 3845 per-
2196 3758 2302 3815 ﬁde
2330 3766 2449 3826 sua,
2474 3762 2542 3815 ab
2568 3762 2835 3816 luerctieis
2866 3762 3063 3831 quibus
3093 3771 3418 3817 necmortua
3445 3764 3580 3817 ﬁdes
3597 3778 3785 3830 super-

522 3858 661 3911 ﬁdiat
699 3875 810 3915 stne
845 3861 1133 3927 sacriﬁcia,
1191 3872 1245 3918 et
1296 3864 1499 3919 cultum
1553 3865 1881 3919 dmmonutn.
1940 3866 2092 3933 Quod

2196 3862 2296 3916 est,
2331 3852 2423 3907 sed
2472 3854 2691 3907 omnino
2737 3853 2900 3917 nulla,
2952 3863 3009 3907 ut
3057 3863 3182 3923 puta
3218 3854 3465 3922 stirpitus
3504 3853 3693 3908 evulsa
3732 3865 3784 3909 et

519 3950 933 4019 ιςείίιιιθΐὲιρὶιιιιῑ
961 3953 1085 4023 quia
1117 3953 1219 4012 ﬁde
1246 3955 1500 4010 aberrant
1521 3997 1535 4020 ,
1560 3964 1615 4011 et
1641 3957 1875 4026 Speciem
1922 3960 2096 4013 eccle-

2195 3942 2492 4007 exinanita,
2517 3951 2684 3996 restat
2713 3944 2951 3997 seriatitn
2983 3945 3388 3998 monstrandum
3425 3943 3780 4000 ecclesiastici

519 4038 859 4094 siastieorum
892 4054 1349 4098 sacramentorum
1401 4057 1683 4115 usurpant,
1746 4049 2096 4117 quemadmo-

2195 4035 2481 4089 ministerii
2517 4036 2819 4090 venditores
2849 4037 3120 4106 inquibus
3160 4036 3499 4107 delinquant,
3525 4038 3782 4092 nimirum

520 4127 647 4180 dum
673 4138 788 4197 post
814 4130 1008 4187 multos
1038 4148 1207 4189 annos
1241 4134 1334 4190 ﬁlii
1374 4135 1536 4190 Israel
1570 4137 1833 4191 derelicto
1865 4137 2093 4194 Domino
2196 4125 2286 4180 “hi
2336 4133 2390 4180 ει
2437 4125 2534 4195 liiSi
2581 4125 2739 4179 (mari
2782 4127 3152 4195 lle‘OI'aliler
3178 4137 3447 4197 mlml‘t'ﬂl.
3495 4130 3591 4182 8αά
3616 4127 3782 4182 (Mill-

521 4228 625 4287 per.
650 4219 869 4287 imp'um
914 4221 1198 4279 Ieroboam
1232 4225 1422 4280 altaria
1462 4228 1648 4282 vitulis
1679 4230 1889 4293 aureis,
1928 4238 1980 4281 et
2009 4246 2096 4283 sa-

2196 4226 2369 4285 qnunt
2399 4224 2547 4270 tanto
2577 4217 2695 4286 plus
2742 4217 3166 4285 negotiatoribus
3188 4217 3311 4271 aliis
3343 4227 3549 4285 quanto
3581 4218 3779 4286 sempi-

519 4310 770 4366 cerdotes
818 4312 1098 4369 daemoniis
1146 4300 1406 4373 adverSns
1457 4318 1628 4374 altare
1685 4320 1895 4373 Domini
1930 4329 1982 4374 et
2009 4336 2095 4375 sa-

2199 4314 2372 4367 terna,
2400 4319 2560 4374 quam
2607 4306 2920 4374 temporalia
2960 4306 3201 4362 cmlestia
3230 4321 3351 4360 cum
3396 4307 3634 4361 terrenis
3660 4316 3781 4361 sunt

520 4399 825 4464 catatonum
852 4400 968 4474 (qus
1003 4406 1374 4462 ξηειίιηρπυηι,
2122 4407 2170 4464 υ
2197 4396 2385 4465 pluris.
2442 4405 2516 4459 et,
2574 4404 2634 4451 ut
2682 4396 2899 4451 brevius
2932 4405 2988 4452 et
3026 4396 3266 4468 apertius
3314 4396 3555 4452 dicatur.
3583 4406 3781 4452 quanto

590 4478 703 4547 Sed
729 4494 795 4559 de
825 4496 925 4551 hoc
954 4498 1163 4569 plenius
1190 4499 1240 4552 in
1272 4501 1388 4554 loco
1412 4500 1517 4553 alio
1546 4501 1771 4555 dicetur.
1795 4500 1905 4554 Hoc
1922 4499 2093 4554 solum
2195 4487 2423 4541 Creator
2461 4486 2700 4540 omnium
2751 4486 2890 4541 Deus
2929 4487 3203 4541 vilissimi}?
3238 4495 3617 4540 εΐθίιιυτεπυηι
3651 4501 3781 4555 P71“

522 4583 736 4640 interim
787 4587 914 4643 hinc
971 4588 1471 4656 animadvertatur,
1521 4590 1664 4659 quod
1706 4592 1944 4660 quandiu
2000 4588 2095 4645 ﬁlii

2199 4576 2392 4631 fertur.
2422 4578 2498 4632 De
2525 4578 2680 4648 cujus
2715 4577 3072 4632 sacramentis
3108 4577 3417 4644 ubicunque
3455 4575 3779 4645 negotiando

518 4673 682 4728 lsrael
713 4674 884 4731 altare
906 4687 1103 4745 prteter
1142 4695 1305 4733 unum
1362 4687 1415 4734 ct
1454 4680 1815 4734 sacerdotium
1866 4679 2096 4734 alterum

2198 4676 2446 4737 quan-unt
2472 4669 2651 4731 ditari,
2698 4667 2879 4737 procul
2903 4667 3063 4721 dubio
3084 4682 3128 4718 ra
3150 4666 3225 4720 lttt
3253 4666 3391 4720 alter
3409 4665 3580 4721 Iudas
3609 4668 3776 4736 ipsum

521 4765 625 4820 sibi
652 4779 1133 4838 praesumpserant,
1158 4771 1259 4824 sub
1288 4771 1446 4826 unius
1473 4772 1562 4826 Dei
1586 4771 1752 4833 cultu,
1788 4772 1838 4827 id
1865 4770 2091 4835 cstﬁde,
2200 4758 2398 4823 Dem".
2449 4760 2537 4828 ‘1"i
2570 4759 2699 4829 ἱρείε
2739 4758 3097 4812 sacramentis
3149 4755 3515 4812 essentiam"
3562 4756 3703 4811 Ῐ¹¹⁰εί
3728 4764 3782 4810 ei

523 4868 712 4923 pacen:
766 4858 907 4911 inter
959 4873 1018 4913 se
1070 4860 1431 4916 retinuerunt.
1492 4861 1610 4916 Mox
1672 4872 1852 4917 autem
1883 4871 2098 4931 utprae-

2198 4858 2542 4915 cooperatur,
2599 4846 2828 4915 prodere
2881 4844 3104 4915 perﬁdis
3146 4845 3461 4915 disponunt.
3502 4843 3663 4899 Unde
3690 4857 3777 4898 ne-

519 4954 888 5012 snmpscrnnt,
925 4962 985 5000 se
1033 4947 1262 5003 invicem
1311 4952 1569 5007 continuo
1626 4950 1767 5008 bello
1815 4955 2095 5023 impugna-

2199 4950 2355 4992 cesse
2402 4943 2486 4991 est
2533 4944 2593 4989 ut
2639 4952 2774 5005 quos
2802 4935 2987 4991 eadem
3023 4934 3248 4988 intentio
3285 4933 3452 5003 impio
3477 4942 3530 4988 et
3575 4932 3773 4989 crudeli

522 5041 669 5078 runt-
702 5030 800 5078 nec.
820 5035 1153 5078 nmmordarn
1196 5035 1359 5078 1mm
1389 5057 1510 5078 mm.
1557 5042 1722 5078 [cI-nol
1764 5041 1934 5078 Mum
2003 5051 2095 5078 mn
2197 5026 2348 5078 Iudte
2367 5033 2632 5078 consonat.
2659 5028 2844 5078 eadem
2896 5026 3053 5078 euloa
3077 5025 3365 5078 devinciat.
3392 5038 3605 5078 namnc
3635 5024 3775 5078 dam-
