4064 5394
256 5216 265 5225 ’
302 5217 541 5240 -l!-l.-,l.--

312 332 451 401 tt‘89

909 343 1279 400 ADVERSUS
1321 331 1730 399 SIMONIACOS
1768 338 1951 394 Lilllll
1995 337 2195 395 TRES.
2236 337 2529 395 -—-LIDER
2570 338 2956 398 SECUNDUS.

3404 332 3568 400 4090

305 452 502 512 diaboli
523 453 651 525 quid
674 452 857 509 infelix
888 452 1055 509 indas
1076 454 1302 524 adeptus
1334 454 1426 519 sit,
1453 455 1625 507 Lucas
1664 452 1892 521 apertis-
1921 468 1963 521 Α
1997 448 2147 518 prius
2173 464 2269 518 per
2296 448 2455 504 fidem
2495 448 2773 505 habitabat
2801 449 2855 505 in
2885 445 3074 507 eurum
3104 452 3359 508 cordibus
3388 467 3576 509 succe-

305 546 440 602 sinte
467 546 546 601 sic
566 545 801 599 ostendit
841 562 854 599 :
886 564 905 595 ι
944 544 1169 599 Intravit
1214 542 1447 598 Satanas
1495 543 1547 596 itt
1578 539 1886 610 Judamqui

305 636 785 707 cognominabatur
839 638 1119 691 lscariutes
1159 651 1325 688 unum
1377 634 1442 687 de
1478 632 1783 696 duodecim,
1835 638 1892 685 et

305 728 454 785 abiit.
490 736 544 783 et
590 727 801 781 locutus
829 738 911 780 est
935 743 1055 781 cum
1092 725 1429 796 principibus
1459 723 1801 778 sacerdotum
1832 730 1890 775 et

304 818 739 888 magistratibus,
788 817 1242 888 quemadmodum
1292 816 1439 870 illum
1487 816 1722 871 traderet
1785 812 1886 867 cis.

302 909 370 965 Et
391 907 559 981 gavisi
609 916 758 975 sunt,
806 917 861 963 et
890 909 1030 978 pacti
1068 916 1193 964 sunt
1234 907 1516 977 pecuniam
1548 905 1621 959 illi
1657 905 1807 969 dare,
1834 910 1890 957 et

304 1000 606 1071 spopondit.
638 1000 704 1054 Et
730 1004 1006 1070 qttterei'at
1034 999 1491 1071 opportunitatem
1541 1005 1599 1049 ut
1652 995 1889 1049 traderet

302 1090 453 1146 illum
495 1091 613 1146 sine
644 1091 813 1145 turbis
844 1090 975 1163 (Luc
1007 1107 1118 1146 ml
1149 1131 1161 1153 ,
1196 1090 1334 1161 5-6).
1373 1108 1392 1141 ι
1422 1089 1479 1143 In
1509 1087 1707 1157 quibus
1737 1102 1889 1141 vera-

301 1183 446 1237 cium
499 1183 953 1252 evangelistarum
1022 1182 1388 1238 veracissintis
1461 1180 1639 1235 verbis
1703 1190 1888 1246 aperte

300 1272 547 1327 innuitnr
574 1282 840 1343 quantum
887 1281 1101 1327 reatum
1130 1286 1195 1326 ex
1234 1272 1552 1341 proditionis
1585 1272 1731 1327 illius
1760 1286 1888 1326 con-

301 1362 549 1431 ceptione
579 1362 807 1417 incurrit
837 1362 1082 1432 proditor
1109 1363 1394 1432 pessimus,
1435 1364 1550 1430 qui,
1576 1363 1701 1416 licet
1729 1362 1886 1432 longe

301 1460 425 1506 ante
448 1451 617 1519 ipsam
640 1454 999 1522 proditionem
1021 1449 1110 1507 fur
1135 1451 1434 1523 sacrilegus
1462 1452 1642 1517 fuerit,
1669 1456 1887 1523 quando

303 1540 637 1596 Dominicam
708 1543 992 1614 pecuniam
1057 1543 1241 1614 egenis
1297 1542 1659 1612 profuturam,
1720 1557 1886 1612 quant

303 1633 603 1688 ministerio
651 1634 921 1704 portabat,
951 1632 1094 1688 furto
1124 1650 1153 1687 a
1196 1633 1388 1688 loculis
1408 1635 1750 1703 exportabat,
1780 1649 1884 1687 non

303 1725 558 1780 tamenin
589 1741 712 1779 eum
743 1726 990 1781 diabolus
1041 1726 1271 1780 intrasse
1320 1725 1536 1796 legitur,
1569 1725 1670 1780 nisi
1704 1725 1792 1780 ubi
1829 1725 1882 1779 in

1990 539 2071 591 dit
2096 539 2165 592 ad
2196 537 2555 595 invadendum
2600 540 2841 609 perfidiat
2881 540 3080 611 hospes
3106 541 3370 598 diabolus.
3410 542 3573 609 llinc,

1992 630 2081 684 tibi
2135 640 2299 686 tanta:
2354 628 2658 700 iniquitatis
2709 641 2973 701 conceptu
3021 636 3388 702 parturientes
3423 636 3571 691 clauo

1991 719 2263 773 dcstinnnt
2320 733 2423 788 pus
2462 723 2724 775 mentium
2780 738 3026 790 suarum,
3056 725 3253 795 quibus
3286 726 3576 781 refundazt

1991 810 2198 865 similes
2227 810 2328 866 sibi
2375 811 2610 867 solerter
2638 812 2929 881 vestigant,
2965 816 3152 884 eisque
3191 820 3420 887 repertis
3448 822 3573 877 talia

1994 900 2356 957 insusurrant.
2410 902 2547 971 Quid
2598 903 2756 958 vultis
2812 905 2968 960 nobis
3011 908 3141 963 dare
3166 946 3182 974 ,
3214 918 3270 964 et
3297 926 3392 965 nos
3418 912 3574 967 vobis

1956 1018 1959 1021 π
1992 991 2252 1062 Spiritum
2282 1005 2526 1049 Saneturn
2562 996 2868 1050 tradimus?
2893 994 3143 1066 Nunquid
3184 1014 3288 1055 non
3328 1001 3441 1056 lucc
3473 1016 3575 1057 vox

1960 1098 2110 1152 ~qna:
2148 1098 2252 1136 una
2288 1082 2385 1137 fuit
2413 1081 2588 1147 .lud;e,
2617 1094 2671 1138 et
2704 1100 2810 1139 uno
2851 1095 3057 1141 tantum
3097 1087 3207 1154 die,
3239 1104 3375 1159 pene
3403 1092 3574 1146 conti-

1991 1190 2095 1229 nua
2122 1184 2178 1230 et
2203 1176 2513 1246 quotidiana
2548 1188 2630 1230 est
2658 1178 2811 1233 istis?

2061 1267 2236 1336 Atque
2262 1269 2470 1321 utinam
2512 1269 2600 1324 hic
2644 1269 2813 1336 milvi,
2863 1272 3164 1328 secundum
3200 1274 3412 1335 isaiam,
3438 1277 3574 1332 alter

1989 1356 2056 1411 ad
2132 1357 2363 1411 alterum
2452 1358 2504 1412 in
2599 1374 2750 1413 suam
2828 1361 3150 1434 Babylonem
3230 1370 3578 1437 congregati,

1990 1445 2022 1498 lt
2060 1462 2128 1500 nc
2160 1447 2444 1501 nefandam
2486 1462 2669 1503 vocem
2700 1449 2802 1503 sibi
2838 1450 3065 1507 invzcem
3096 1452 3239 1509 lente
3261 1465 3311 1509 et
3345 1458 3581 1512 tenuiter

1989 1536 2414 1604 iusnsurrarent,
2442 1548 2621 1594 etnon
2651 1551 2901 1609 proterve
2941 1552 2995 1597 et
3016 1546 3289 1611 granditer
3320 1547 3581 1604 inclama-

1978 1614 2138 1682 trcnt'!
2172 1627 2461 1697 Sed,-quod
2487 1627 2639 1698 pejus
2659 1638 2760 1692 est,
2792 1629 2842 1684 ιιι
2869 1639 3075 1686 tantum
3098 1633 3319 1689 inolevit
3352 1635 3575 1706 hujusce

1989 1720 2367 1789 negotiationis
2422 1735 2554 1774 usus
2598 1728 2657 1775 ιιι
2675 1719 2811 1789 jant,
2854 1722 2996 1777 velut
3049 1739 3116 1779 ex
3162 1727 3484 1782 auctoritate
3526 1737 3582 1783 ct

268 1844 275 1847 -
300 1814 521 1882 corejus
551 1826 607 1871 ut
630 1825 825 1887 prodat
847 1816 1162 1889 Magistrum
1188 1819 1450 1883 mittitur;
1477 1818 1617 1888 quod
1645 1818 1689 1874 si
1722 1818 1882 1873 talent
1919 1808 1961 1866 ll
1991 1810 2170 1881 regula
2195 1850 2209 1873 ν
2238 1810 2472 1879 δρία-ἓως
2497 1820 2718 1865 sanctus
2760 1813 2811 1865 in
2852 1815 3207 1870 sacramentis
3234 1818 3347 1872 suis
3377 1817 3583 1873 venalis

276 1908 661 1966 tltabitatorem
721 1913 917 1965 meruit
968 1926 1037 1966 ex
1105 1912 1222 1967 solo
1290 1913 1609 1982 proditionis
1658 1911 1885 1976 affectu,

303 2001 518 2070 qualem
562 2011 817 2071 putamus
873 2003 1071 2057 meruit
1121 2017 1191 2058 ex
1232 2003 1348 2072 ipso
1391 2001 1618 2057 t-ll‘eetu?
1652 2003 1889 2073 Denique

300 2095 577 2150 sciendum
600 2105 683 2149 est
708 2094 855 2163 quia,
889 2094 1031 2149 sicut
1067 2095 1279 2149 bonitas
1303 2095 1501 2165 gradus
1539 2110 1666 2149 suos
1704 2094 1886 2159 habet,

300 2188 497 2258 quibus
548 2187 809 2257 paulatim
862 2188 1205 2242 ascendendo
1262 2188 1495 2257 prolicit,
1553 2188 1634 2242 sic
1684 2187 1887 2242 malitia

300 2297 446 2345 suos,
488 2282 683 2351 quibus
752 2282 1120 2337 indesinenter
1157 2282 1225 2335 ad
1276 2281 1458 2350 pejora
1509 2280 1887 2334 descendendo

300 2374 502 2428 deficit.
537 2373 645 2429 Nec
695 2374 888 2429 mirunt
941 2388 1064 2429 cum
1114 2373 1390 2443 suggestio
1425 2375 1546 2427 bont
1591 2372 1662 2426 sit
1700 2386 1885 2426 semen

302 2465 436 2532 Dei;
471 2465 743 2536 suggestio
784 2474 962 2519 autem
1016 2465 1139 2518 mali
1173 2462 1525 2518 nihilominus
1553 2477 1734 2517 semen
1766 2462 1886 2515 dia-

302 2557 431 2611 boli.
494 2559 562 2610 Et
598 2565 658 2610 nt
702 2570 886 2610 semen
938 2556 1054 2621 Dei,
1094 2555 1147 2609 ιιι
1184 2556 1379 2610 bonam
1434 2565 1631 2608 terram
1657 2554 1885 2624 jartum,

300 2650 597 2703 secundum
654 2646 953 2716 evangelici
1021 2645 1273 2717 agricola:
1341 2644 1674 2713 parabolam,
1740 2644 1888 2712 prius

303 2745 473 2797 tnittit
522 2757 785 2812 germen,
840 2743 963 2795 dein
1022 2738 1330 2795 fructiferat
1380 2738 1638 2801 lterbam,
1695 2737 1887 2793 deinde

300 2835 527 2905 spicam,
582 2835 706 2887 inde
754 2832 968 2903 plentttn
1021 2831 1350 2885 frumentum
1401 2828 1454 2882 itt
1522 2828 1689 2898 spica,
1745 2826 1887 2896 qttod

298 2925 485 2982 statim
547 2924 572 2979 f
602 2924 683 2980 lee
762 2922 1030 2979 defectum
1078 2931 1242 2992 atque
1300 2920 1578 2991 palearum
1627 2918 1886 2973 selectum

300 3016 581 3085 reponitur
620 3016 673 3069 in
725 3014 947 3069 ctnleste
993 3014 1248 3068 horreum
1279 3010 1498 3083 (Matth.
1543 3024 1638 3063 xm
1670 3048 1685 3072 ,
1714 3007 1882 3061 Marc.

299 3125 374 3174 tv,
407 3109 515 3162 Luc
543 3107 696 3179 vin);
730 3109 801 3163 ita
826 3117 880 3162 et
906 3122 1092 3163 semen
1119 3100 1316 3160 diabOli
1347 3105 1399 3159 ιιι
1435 3102 1575 3157 mala
1601 3111 1742 3156 terra
1772 3102 1887 3155 suis

299 3202 603 3272 augmentis
648 3200 925 3255 contendit
978 3198 1287 3269 provenire,
1339 3203 1398 3249 ιιι
1450 3210 1573 3249 mox
1617 3195 1684 3247 ad
1726 3208 1884 3246 suum

299 3295 578 3366 perveniat
647 3291 846 3357 locum,
899 3298 1216 3361 perpetuum
1286 3286 1496 3341 scilicet
1556 3286 1885 3339 incendium.

300 3383 485 3455 Neque
532 3384 677 3439 enim
711 3382 997 3453 quisquam
1054 3389 1275 3451 repente
1335 3377 1395 3432 ﬁt
1442 3379 1580 3431 imus
1628 3377 1680 3431 itt
1713 3375 1884 3443 malo,

270 3480 440 3535 “sicut
461 3492 623 3532 nemo
654 3487 876 3545 repente
904 3485 1151 3529 summus
1178 3470 1230 3523 in
1257 3468 1418 3524 bono.

348 3556 527 3624 'Unde
555 3575 610 3620 et
663 3580 848 3620 semen
880 3561 1128 3617 diaboliei
1160 3559 1266 3613 lolii
1301 3559 1353 3611 in
1381 3573 1477 3613 cor
1497 3556 1714 3628 pessimi
1738 3553 1888 3610 Iuda:

296 3662 499 3733 jactum
561 3661 712 3729 prius
778 3657 990 3712 occulte
1061 3652 1386 3723 germinavit
1439 3651 1885 3706 deliberationem

303 3754 642 3825 proditionis,
678 3753 870 3807 deinde
922 3759 1110 3819 aperte
1155 3748 1335 3816 erupit
1365 3746 1589 3801 herbam
1618 3743 1886 3815 pestifera:

303 3845 743 3909 machinationis,
776 3842 863 3897 ubi
897 3841 1144 3896 abeundo
1170 3850 1222 3894 et
1251 3838 1517 3907 loquendo
1544 3835 1667 3889 inde
1689 3834 1887 3890 Judaeis

262 3939 484 3993 ‘vcrbis
526 3938 660 3999 suis,
718 3936 866 3990 velut
923 3932 1322 3988 luxuriantibus
1362 3929 1462 3985 sibi
1505 3928 1646 3982 foliis
1696 3927 1885 3979 mnbra

302 4030 559 4100 nequitia:
594 4044 722 4093 suat,
766 4026 857 4080 alii
912 4023 1104 4079 semini
1152 4036 1382 4090 ncqnaut
1408 4020 1473 4073 ad
1512 4016 1887 4072 mortilicando

300 4119 679 4191 principalem,
708 4127 762 4172 et
794 4115 1066 4185 singulare
1091 4126 1318 4183 granum
1352 4108 1604 4162 frumenti
1647 4121 1891 4161 contmn-

304 4213 522 4267 nicavit.
559 4209 604 4278 ρ
629 4210 762 4264 sibus
787 4208 911 4261 dunt
944 4220 1108 4276 super
1136 4206 1239 4260 hoc
1265 4202 1465 4272 gavisis
1508 4209 1564 4254 et
1601 4199 1885 4269 pecuniam

264 4309 464 4373 ’super
509 4302 613 4357 hoc
665 4298 1094 4371 pascisccntihns
1145 4294 1453 4364 spopondit,
1500 4290 1648 4346 velut
1683 4292 1885 4359 Spicum

268 4400 275 4403 ’
303 4394 546 4466 protulit,
578 4410 697 4463 qum
735 4390 1099 4453 adolescebat,
1137 4387 1262 4441 dnttt
1294 4382 1541 4438 tradendi
1572 4379 1888 4451 opportuni-

1991 1900 2168 1972 palam
2208 1902 2459 1956 omnibus
2511 1913 2863 1973 proponatur,
2901 1908 3075 1977 palam
3120 1918 3356 1977 taxetur,
3401 1910 3578 1982 palam

1991 1991 2223 2059 pretium
2261 1990 2378 2059 ejus
2405 1995 2793 2063 expostuletur,
2825 1997 3027 2067 palam,
3056 2008 3115 2052 ιιι
3159 2001 3420 2065 creditur,
3449 2016 3582 2057 ven-

1990 2082 2170 2149 datur,
2212 2084 2500 2155 palamque
2536 2096 2773 2153 ematur,
2817 2104 2924 2158 qua
2987 2092 3040 2144 in
3095 2106 3154 2145 re
3202 2092 3580 2148 sceleratiores

1989 2182 2115 2227 sunt
2164 2174 2584 2229 sceleratissimo
2634 2174 2793 2243 Juda,
2846 2179 2936 2248 qui
3001 2174 3381 2250 proditionem,
3435 2180 3581 2238 nullo

1991 2265 2150 2319 ntodo
2183 2267 2554 2320 attentandant
2591 2282 2619 2320 a
2646 2266 2838 2336 quottis
2865 2270 2948 2324 vel
2997 2270 3241 2334 latenter,
3272 2273 3579 2327 attentavit.

1990 2355 2142 2422 Quod
2195 2356 2240 2411 si
2293 2357 2435 2411 inter
2472 2358 2574 2412 alia
2620 2348 2903 2415 Dominum
2960 2362 3128 2417 Deum
3168 2365 3330 2418 etiam
3369 2378 3436 2419 ex
3478 2365 3582 2419 hoc

1991 2444 2300 2500 immaniter
2366 2446 2593 2503 oﬂ‘endit
2661 2452 2803 2519 quod
2874 2450 3300 2507 ina‘stimaltiletn
3353 2455 3581 2509 arbitrio

1987 2535 2293 2592 Iudaeorum
2322 2539 2731 2608 appretiandum
2778 2541 3018 2612 reliquit,
3048 2553 3101 2597 et
3129 2547 3272 2614 quod
3305 2561 3585 2617 meompa-

1991 2629 2216 2683 rabilem
2264 2635 2401 2683 adeo
2435 2633 2794 2702 parvipendit,
2865 2643 2924 2689 ut
2974 2636 3318 2690 denariorum
3357 2636 3583 2693 numero

1991 2736 2114 2773 eum
2150 2723 2382 2772 traderet
2411 2720 2671 2788 profanis,
2698 2738 2805 2793 quo
2837 2724 2988 2778 ibuttt
3030 2740 3059 2776 a
3090 2725 3293 2794 Spiritu
3324 2726 3440 2792 Dei,
3468 2735 3522 2780 et
3548 2743 3579 2782 a

1991 2808 2273 2876 facieejus,
2296 2826 2404 2879 quo
2431 2811 2635 2881 fugient
2667 2812 2775 2876 isti,
2801 2815 2888 2882 qui
2923 2830 3064 2869 nunc
3085 2831 3201 2881 suo,
3228 2831 3370 2871 nunc
3400 2818 3581 2875 alieno

1953 2954 1959 2962 _
1988 2901 2218 2957 arbitrio
2250 2901 2422 2971 ipsum
2467 2903 2725 2972 Spiritum
2755 2915 3002 2961 sanetum
3040 2906 3344 2974 appretiare
3371 2908 3578 2974 solent,

1989 2994 2231 3063 adeoque
2283 2993 2489 3047 minimi
2539 2993 2762 3058 facittnt,
2815 3003 2874 3047 nt
2919 3010 3022 3047 non
3081 2997 3252 3049 solum
3285 3011 3580 3065 paucorum

1988 3087 2254 3138 summula
2284 3100 2649 3148 nunmtorum,
2674 3101 2861 3139 verum
2899 3087 3061 3139 etiam
3110 3087 3273 3156 piget,
3307 3090 3580 3160 pudetque

1989 3177 2191 3240 dicere,
2244 3194 2340 3246 pro
2392 3193 2547 3241 eane,
2589 3194 2705 3241 sne,
2738 3180 3020 3248 accipitre,
3058 3189 3113 3234 et
3161 3181 3382 3250 reliquis
3406 3182 3583 3252 quali-

1988 3270 2325 3340 bnsennqne,
2377 3282 2430 3325 et
2478 3272 2846 3341 hujuscemodi
2905 3274 3133 3328 xettiulis
3168 3276 3403 3329 vendere
3465 3290 3575 3332 non

1988 3361 2271 3415 dubitent?
2322 3362 2715 3417 lnmstimabilis
2756 3363 2899 3418 enim
2932 3365 3104 3436 culpae
3131 3374 3213 3420 est
3264 3366 3576 3422 Creatorem

1987 3453 2110 3508 cadi
2141 3463 2194 3508 et
2227 3462 2385 3508 terrae
2417 3470 2515 3523 pro
2554 3458 2950 3525 qtntntumlihet
2997 3473 3210 3529 tragua,
3242 3467 3298 3515 et
3342 3461 3578 3529 pretiosa

1988 3559 2169 3599 merce
2218 3545 2354 3600 velle
2390 3547 2711 3601 distrahere.
2762 3548 2905 3613 Ideo,
2955 3550 3095 3604 sient
3141 3564 3303 3619 supra
3357 3551 3580 3618 dicitur,

1990 3636 2326 3692 intolerabile
2366 3636 2578 3693 facinus
2610 3648 2926 3709 perpetrant
2974 3642 3402 3712 quotiescunque
3435 3643 3581 3713 quod

1988 3733 2306 3802 pretiosum,
2333 3740 2386 3787 et
2424 3747 2586 3802 super
2613 3735 2795 3787 omnia
2819 3749 3006 3788 carum
3034 3742 3135 3799 est,
3166 3734 3341 3789 viliter
3372 3750 3581 3788 venun-

1952 3846 1955 3847 ν
1988 3823 2121 3878 dare
2168 3832 2393 3877 tentant.
2425 3824 2564 3890 Quid
2599 3825 2764 3879 enim‘
2793 3826 2973 3880 carius
3015 3835 3063 3879 et
3105 3826 3396 3895 pretiosius
3428 3825 3536 3880 Deo
3557 3826 3583 3880 2

1987 3916 2154 3987 Cujus
2215 3916 2689 3985 incomparabilem
2750 3917 3141 3981 excellentiam,
3211 3918 3312 3973 sub
3364 3918 3582 3971 nomine

1951 4034 1955 4039 τ
1989 4006 2286 4076 Sapientiae,
2328 4005 2556 4076 Sapiens
2611 4005 2691 4060 sic
2726 4007 3091 4072 commendat,
3121 4007 3347 4061 dicens:
3383 4024 3402 4057 ι
3438 4004 3583 4062 Nihil

1988 4113 2109 4152 esse
2139 4098 2265 4151 duxi
2328 4097 2383 4151 in
2456 4095 2860 4164 comparatione
2892 4096 3060 4161 illius;
3113 4110 3213 4151 nec
3268 4096 3581 4166 comparavi

1990 4189 2063 4244 illi
2112 4189 2345 4259 lapidem
2394 4188 2712 4258 pretiosum,
2768 4188 3023 4258 quoniam
3074 4202 3238 4243 omne
3285 4203 3477 4243 aurum
3521 4187 3577 4243 in

1989 4279 2395 4349 comparatione
2444 4278 2587 4333 illius
2628 4293 2791 4331 arena
2843 4287 2922 4333 est
2972 4279 3189 4348 exigua,
3219 4287 3273 4333 et
3322 4289 3581 4348 tanquam

1990 4371 2157 4425 lutum
2178 4370 2532 4425 :estimabitur
2562 4378 2845 4439 argentum
2865 4385 2917 4423 ιιι
2949 4379 3242 4440 conspectu
3266 4369 3430 4435 illius,
3446 4385 3583 4440 quo-

304 4459 469 4542 ίηιειηι
522 4459 799 4556 “meum
852 4479 1067 4551 (31mm.
1099 4494 1256 4543 xm,
1307 4475 1394 4539 15,
1429 4474 1541 4545 16),
1574 4482 1629 4528 ct
1673 4473 1885 4543 plenum
1919 4486 1966 4545 ι)
1994 4465 2136 4518 niam
2165 4460 2604 4532 ineitstingnibile
2638 4469 2721 4516 est
2748 4459 2925 4516 lumen
2958 4460 3119 4515 illius.
3163 4460 3409 4515 lnﬂnitus
3433 4462 3579 4515 enint

263 4578 269 4583 ’
302 4578 486 4631 loliuut
539 4577 592 4629 iu
640 4589 760 4628 sese
782 4571 1046 4631 exhibuit.
1072 4570 1301 4641 quando
1332 4567 1676 4621 traditionem
1716 4564 1888 4619 osculi

258 4668 271 4677 ’
302 4668 456 4737 signo
484 4666 707 4736 perfecit
743 4661 929 4734 (Ibid.,
980 4660 1094 4727 49).
1127 4659 1222 4714 Cui
1253 4657 1467 4713 tandem
1503 4655 1607 4709 falx
1639 4655 1889 4718 arcessit,

266 4758 393 4811 ‘nbi
450 4756 641 4825 laqueo
694 4766 987 4823 suspensus
1041 4749 1248 4804 medius
1278 4749 1508 4816 crepuit,
1542 4757 1594 4799 et
1636 4747 1685 4800 in
1712 4745 1889 4798 locum

301 4864 458 4902 suum
484 4846 821 4917 reponendus
865 4845 990 4898 hinc
1012 4843 1144 4896 abiit
1171 4841 1306 4913 (Act.
1338 4854 1379 4901 ι.
1426 4838 1534 4909 l8).
1576 4837 1742 4907 Cujus
1773 4852 1892 4905 pro-

273 4932 617 5011 pinquiores
666 4950 927 5008 sequaces
976 4934 1150 4988 effecti
1195 4931 1519 4995 Simoniaci,
1556 4947 1661 4985 non
1693 4929 1885 4985 minori

260 5031 527 5087 'aVaritia
582 5030 649 5084 ad
707 5031 809 5085 hoc
862 5041 1034 5096 usque.
1082 5025 1465 5087 devolvuntur,
1522 5033 1582 5077 ut
1625 5022 1888 5093 Spiritunt

297 5136 546 5179 sanetum
581 5123 804 5192 prodere
828 5128 1113 5173 conentur.
1137 5117 1271 5173 Cum
1302 5130 1406 5185 qua
1431 5129 1524 5166 sua
1556 5112 1888 5169 immissione

1001 5204 1232 5240 ηπνιιηίῖο
1265 5204 1468 5240 Γηνῖίιιιε
1494 5203 1616 5240 ηιῖηἶ
1676 5202 1882 5240 cnilinnt

568 5215 725 5240 an-..“
763 5224 948 5240 Ann-IO!‘

1996 4557 2283 4610 thesaurus
2316 4560 2399 4608 ρει
2424 4553 2732 4608 hominibus
2760 4550 2910 4623 (δίῳ.
2946 4567 3053 4617 vn,
3085 4552 3119 4606 8
3138 4582 3155 4592 -
3176 4552 3288 4622 l4).
3317 4571 3336 4604 ι
3364 4550 3431 4605 Ει
3458 4560 3583 4621 post

1946 4664 1952 4674 ί
1993 4665 2159 4719 pauca
2192 4661 2207 4702 :
2239 4666 2257 4699 ι
2288 4647 2383 4701 Est
2403 4648 2546 4701 enim
2570 4646 2621 4699 in
2650 4645 2739 4699 illa
2767 4647 2989 4715 spiritus
3016 4644 3322 4699 intellectus
3336 4653 3579 4705 sanctus,

1993 4742 2204 4804 tuticus,
2238 4738 2538 4807 multiplex.
2564 4736 2777 4792 subtilis
2830 4737 3066 4799 mobilis,
3094 4737 3352 4795 disertus.
3377 4734 3587 4787 incoitz-

1992 4849 2267 4903 qumams,
2312 4842 2418 4886 etc.
2454 4831 2627 4900 (ibid.,
2658 4829 2772 4900 22).
2814 4849 2833 4881 ι
2867 4828 3067 4883 Beatus
3093 4811 3310 4897 quoque
3333 4822 3436 4878 Joh
3459 4825 3589 4898 inde

1991 4927 2066 4979 ait
2091 4940 2105 4978 :
2142 4942 2160 4975 ι
2199 4921 2382 4976 Nescit
2407 4921 2568 4974 homo
2592 4921 2820 4989 pretium
2845 4918 2984 4986 ejus.
3008 4916 3125 4974 Non
3151 4918 3371 4981 dahttnr
3394 4915 3593 4972 attruin

1950 5034 1953 5039 ‘
1989 5016 2231 5072 obrisum
2282 5027 2379 5082 pro
2426 5026 2510 5070 ea.
2543 5026 2643 5065 nec
2668 5011 3005 5080 appendetur
3039 5014 3328 5079 argentum
3359 5004 3413 5058 in
3443 5022 3600 5067 cum.

1991 5107 2288 5163 mutatione
2314 5102 2450 5166 ejus.
2500 5098 2615 5155 Non
2643 5099 2921 5155 confertur
2961 5097 3149 5156 tinctis
3179 5112 3233 5151 tn
3283 5091 3373 5146 die
3405 5100 3613 5155 color.—

1991 5200 2105 5240 Imc,
2151 5209 2250 5240 non
2306 5193 2467 5240 lanidi
2519 5194 2806 5240 sardomco
2850 5188 3282 5240 pretiosissinttt.
3343 5185 3427 5239 vel
3480 5205 3612 5240 San-
