4064 5394
536 287 682 347 .109!
1156 301 1159 303 ‘
1395 297 1434 303 "
1565 299 1572 304 ·
1609 281 1969 339 ΗΗΜΒΕΙΠἸ-
2004 282 2063 338 5'.
2107 282 2141 337 Ε

2262 281 2290 335 '..
2328 275 2738 336 CARDINALIS
2875 297 2878 300 '
3144 295 3150 304 '
3686 271 3867 328 1091

549 419 720 476 pauca
743 403 982 459 breviter
999 401 1246 471 aperiens
1260 399 1389 470 quid
1413 399 1484 454 sit
1505 399 1792 469 sapientia,
1813 413 1880 452 ex
1905 411 2132 469 persona
2160 398 2207 458 Α
2235 393 2647 454 catecltisnnun,
2673 388 3016 458 baptismum,
3038 392 3092 440 et
3117 381 3374 476 perlecta:
3393 378 3882 476 Christianitatis

553 472 645 550 bei
688 495 819 549 dicit
888 492 1133 549 homini:
1168 511 1187 543 ‹
1226 491 1364 546 Ecce.
1403 490 1565 545 timor
1616 487 1828 544 Domini
1880 488 1992 558 ipsa
2049 496 2134 542 est
2196 480 2470 550 sigillum
2519 481 2777 542 vendunt,
2828 475 3036 532 scilicet
3082 490 3112 528 a
3153 475 3327 544 primo
3365 472 3570 544 pabulo
3637 476 3877 528 sacrati

550 585 836 655 sapientia,
889 591 940 639 et
997 584 1251 638 recedere
1316 597 1346 635 a
1405 581 1549 634 malo
1597 579 1943 650 intelligentia
2002 577 2132 647 (Job
2234 571 2559 640 salisusquc
2593 569 2658 623 ad
2700 567 3172 622 conﬁrmationem
3201 581 3303 635 per
3337 564 3700 634 episcopum,
3729 579 3878 635 qua:

551 691 746 736 xxvttt,
775 674 888 744 28).
925 693 943 726 ι
999 673 1134 728 Iliae
1183 673 1372 727 beatus
1410 670 1788 740 llieronymus,
1822 669 1873 722 iit
1920 667 2135 737 exposi-
2231 672 2318 717 est
2343 663 2568 732 septima
2615 668 3081 716 sacramentorum
3133 660 3584 729 regenerationis,
3633 671 3867 712 secun-

553 764 698 820 tione
746 763 1024 818 Zachariae
1051 802 1066 826 ,
1105 763 1223 817 ait:
1253 780 1271 812 ι
1311 760 1556 815 Salvator
1594 759 1824 828 pretium
1873 773 2048 819 suunt,
2081 755 2132 810 id
2235 755 2361 808 dum
2407 751 3087 820 euntdentsettlemplicent
3121 748 3404 819 Spiritum,
3452 751 3524 802 ad
3552 749 3872 802 remissio-

549 866 635 911 est
671 854 988 923 majestatis,
1025 852 1077 906 in
1111 866 1213 905 xxx
1247 865 1481 904 cernens
1509 848 1800 917 argenteis,
1830 857 1881 901 et
1909 855 2016 899 tam
2042 844 2130 900 vili
2237 861 2356 901 nent
2384 844 2625 898 omnium
2659 852 3025 913 peccatorum.
3059 841 3124 896 Et
3172 843 3286 909 hate
3323 841 3542 910 quidem
3570 844 3871 907 vendunt,

553 946 802 1001 mercede
855 960 911 1000 se
949 945 1216 1015 proditum
1265 942 1468 997 ironice
1507 942 1627 994 ait:
1664 959 1681 993 ι
1727 941 1986 996 Decorum
2020 953 2136 1008 pre-
2235 934 2666 1004 quotiescunque
2701 932 2950 987 ordinant
2989 933 3161 1002 pretio
3201 933 3505 1002 epiScopos,
3543 933 3870 1004 presbyte-

555 1036 687 1092 tittttt
739 1052 845 1105 quo
890 1036 1220 1105 appretiatus
1253 1050 1372 1088 sunt
1418 1035 1486 1087 alt
1530 1032 1610 1087 eis
1632 1029 1814 1102 (Zuclt.
1858 1046 1934 1095 xl,
1964 1029 2070 1099 l5).
2107 1048 2126 1081 ι
2237 1041 2348 1090 t'os,
2396 1026 2663 1095 aliosque,
2715 1039 2943 1093 quorum
2996 1023 3170 1077 ollicia
3224 1025 3619 1094 regeneratrici
3649 1025 3870 1092 gratiae

552 1127 666 1185 Hoc
694 1139 872 1184 autem
928 1138 1010 1182 est
1067 1129 1347 1198 .egendum
1386 1142 1520 1180 cum
1567 1125 1818 1179 irrisione
1863 1123 2131 1178 dicentis:
2237 1118 2289 1172 itt
2347 1117 2583 1172 Ecclesia
2641 1115 2908 1170 catholica
2968 1114 3299 1170 deserviunt.
3356 1114 3747 1168 Nihilominus
3803 1111 3868 1167 in

557 1238 577 1270 ς
617 1217 793 1274 Tanto
844 1236 928 1273 me
957 1219 1184 1289 populus
1229 1233 1404 1279 meus,
1453 1227 1508 1270 et
1553 1231 1815 1286 pauperes
1864 1216 2133 1284 qttondattt
2234 1208 2576 1269 diaconilnts,
2637 1206 2894 1276 quidquid
2940 1214 3404 1259 sacramentorum
3457 1206 3510 1257 in
3567 1205 3868 1258 diacoms

551 1309 751 1378 gregis,
783 1318 837 1361 et
864 1324 893 1361 a
926 1324 1010 1362 me
1040 1307 1198 1362 electi
1231 1309 1282 1360 itt
1310 1305 1466 1369 lilios,
1495 1306 1782 1360 emendum
1816 1315 1978 1375 atque
2002 1319 2132 1359 ven-
2236 1303 2467 1370 pertinet
2491 1314 2505 1364 ;
2538 1299 2588 1352 in
2614 1297 3034 1352 subdiaconibus
3056 1295 3314 1365 quidquid
3338 1296 3404 1348 ad
3423 1295 3861 1357 subdiaconos;

553 1397 784 1454 dandum
825 1387 1430 1468 pretiojudiCavernnt!
1465 1415 1485 1448 ι
2082 1419 2084 1424 ι
2237 1392 2289 1445 in
2317 1390 2547 1462 acolytis
2575 1390 2834 1459 quidquid
2863 1391 2928 1443 ad
2965 1389 3238 1460 acolytos;
3273 1389 3324 1441 itt
3357 1388 3652 1441 exui-cistis
3692 1385 3865 1456 quid-

1148 1490 1374 1546 CAPUT
1414 1488 1530 1545 XX,
2237 1482 2362 1551 quid
2395 1482 2462 1535 ad
2503 1482 2832 1544 exuri-istas;
2867 1481 2917 1535 itt
2940 1481 3242 1553 lectoribus
3266 1479 3528 1552 quidquid
3558 1481 3632 1532 ad
3670 1478 3862 1532 lecto-

556 1604 692 1673 Qttot
720 1605 1302 1660 ntnledictianilmsrum
1326 1605 1469 1676 ltitia
1495 1604 1783 1660 Simoninci
1810 1605 2132 1676 sttbjaceanl.
2240 1573 2976 1676 tesi"'_°s_“a'“5"W'd‘lm“
3009 1573 3075 1674 3"]
3093 1583 3376 1676 05|.|:Itt'les-;
3404 1589 3454 1676 tu
3482 1572 3652 1676 ciet-ts
3682 1572 3863 1641 quid-

777 1688 824 1730 ει
855 1679 1080 1746 qualiter
1105 1693 1304 1730 omnem
1335 1674 1625 1729 Εσείεδεαηι
1661 1662 1920 1730 venda)“:
2119 1662 2132 1669 ⁷
2168 1741 2199 1746 λ
2235 1664 2364 1734 quid
2389 1666 2454 1718 ad
2480 1664 2673 1728 clerus,
2701 1665 2753 1717 itt
2777 1663 3073 1718 (Bcouutttis
3098 1662 3356 1730 quidquid
3380 1662 3447 1714 ad
3476 1673 3854 1724 (l‘CUtIOtIIOS;

623 1763 775 1819 lland
797 1781 953 1820 secus
984 1767 1081 1820 hos
1117 1767 1396 1820 lia-retices
1424 1767 1638 1820 nefandi
1667 1767 1959 1821 ambitione
1988 1781 2137 1821 com-
2168 1741 2208 1798 Β

2259 1775 2290 1813 ιι
2321 1758 2567 1814 ecclesiis
2616 1757 2875 1828 quidquid
2925 1756 2995 1810 ad
3045 1753 3327 1818 ecclesias;
3359 1755 3425 1808 in
3483 1755 3857 1809 monasteriis

553 1855 740 1909 mercii
766 1855 1073 1924 dirumpere
1114 1854 1322 1910 vincula
1353 1855 1674 1911 Christiana:
1703 1857 1854 1926 legis,
1898 1866 1954 1912 et
1979 1857 2137 1928 proji-
2235 1851 2494 1921 quidquid
2512 1851 2564 1904 in
2593 1852 2915 1903 monasteria
2930 1849 3062 1902 ctad
3085 1846 3236 1912 ejnsn
3260 1846 3345 1900 odi
3373 1847 3603 1916 reliqua.
3633 1844 3858 1899 Taliter

553 1960 676 2000 cere
722 1963 749 1998 ιι
789 1961 848 2000 se
891 1943 1077 2015 jugutn
1123 1946 1432 2014 apostolica:
1480 1948 1776 2016 disciplitue
1807 1959 2134 2018 quan-entes,
2239 1941 2363 1994 dum
2416 1940 2622 1994 ttnllutu
2659 1939 2982 1993 Christiana:
3034 1938 3309 2007 religionis
3345 1936 3593 1990 ordinem
3638 1939 3853 1989 inmm-

554 2036 644 2104 qui
673 2035 878 2089 habitat
928 2037 978 2090 itt
1025 2037 1181 2090 caelis
1233 2037 1421 2091 irridet
1449 2046 1504 2091 et
1547 2036 2040 2109 subsannat(Psal.
2076 2056 2136 2104 tt,
2240 2049 2361 2087 item
2403 2032 2730 2088 venditionis
2773 2031 3106 2100 relinquunt,
3157 2030 3230 2084 ttil
3272 2041 3375 2082 non
3435 2029 3731 2083 venditum
3796 2026 3852 2080 in

552 2129 675 2197 5-4)
703 2140 720 2192 ,'
750 2129 835 2182 tibi
871 2127 1204 2194 impudenter
1241 2129 1565 2198 negotiando
1590 2131 1656 2182 de
1685 2130 1793 2184 Deo
1821 2130 1952 2183 nihil
1987 2130 2138 2184 inve-
2242 2127 2405 2182 tutius
2471 2127 2901 2183 Christianitatis
2959 2127 3158 2180 mundo
3203 2126 3657 2195 prieterntittnnt.
3714 2121 3847 2178 Non

557 2220 710 2274 ninnt
742 2220 794 2272 in
833 2221 1082 2272 manibus
1117 2221 1246 2286 suis
1285 2220 1460 2290 (Ρδηι.
1516 2236 1686 2284 Lxxv,
1727 2221 1819 2288 6),
1861 2222 1957 2274 nisi
1996 2220 2141 2290 quod
2241 2219 2726 2288 quantulaecunque
2775 2218 3130 2288 possessionis
3175 2217 3465 2288 angulum,
3527 2233 3637 2271 non
3699 2217 3851 2287 agel-

554 2307 722 2377 Judas
749 2318 807 2362 et
853 2308 1022 2362 Juda-i
1068 2309 1120 2362 itt
1173 2310 1309 2373 suis,
1342 2309 1656 2379 perpetuam
1686 2310 1894 2364 scilicet
1924 2310 2144 2364 ntalcdi-
2243 2309 2374 2376 lum,
2414 2326 2518 2364 tton
2570 2310 2922 2383 tuguriolttm,
2971 2310 3064 2365 sed
3105 2325 3204 2364 nec
3253 2311 3536 2364 minimum
3570 2309 3845 2375 obnlunt;

557 2397 790 2454 ctinnctn
874 2407 931 2454 et
983 2400 1420 2467 damnationem,
1470 2400 1619 2471 quia,
1672 2403 1918 2472 exemplo
1968 2401 2141 2467 Judm,
2245 2407 2514 2460 iutantunt
2541 2418 2597 2460 ιιι
2629 2421 2732 2461 non
2762 2406 2934 2461 solum
2961 2417 3279 2476 prie-sentes,
3315 2422 3502 2460 verum
3535 2418 3593 2462 et
3632 2409 3841 2462 futura:

549 2491 693 2546 .liunt
743 2491 833 2546 ﬁlii
885 2506 1074 2546 eorum
1119 2494 1345 2562 orphani
1393 2492 1566 2563 (Psal.
1611 2509 1770 2560 cvut,
1815 2497 1894 2566 9),
1931 2504 1986 2549 et
2009 2511 2146 2549 uxor
2247 2500 2484 2554 ﬁdelium
2565 2499 2870 2554 oblationes
2933 2499 2985 2554 in
3045 2498 3281 2554 Ecclesia
3353 2486 3844 2568 deprehendantur

556 2583 738 2647 Vidua,
766 2587 888 2654 quia
931 2587 1152 2655 sanguis
1177 2585 1377 2640 Christi
1407 2602 1570 2658 super
1598 2604 1690 2644 eos
1733 2599 1783 2644 el
1819 2605 1979 2660 super
2009 2590 2147 2644 ﬁlios
2247 2594 2396 2664 prius
2435 2592 2668 2646 vendita:
2712 2607 2871 2660 quant
2908 2583 3145 2646 collata}.
3199 2589 3291 2646 Sic
3336 2592 3387 2645 hi
3439 2591 3531 2661 qui
3581 2591 3842 2645 «finiatur

556 2689 746 2731 eorum
796 2673 1011 2744 (Matth.
1054 2692 1232 2742 χχιιι,
1285 2677 1406 2748 ‘25),
1465 2689 1525 2733 tit
1569 2680 1890 2746 vindicetur,
1944 2690 2143 2735 manet.
2247 2681 2563 2744 Christiani,
2604 2689 2775 2734 totum
2803 2680 3237 2735 Christianorum
3271 2681 3529 2735 mundum
3561 2695 3837 2750 quantum

559 2771 796 2836 Quorum
827 2768 981 2839 plane
1019 2771 1109 2824 ﬁlii
1146 2770 1214 2823 ab
1245 2770 1356 2840 ipsa
1391 2773 1743 2840 conceptione
1779 2788 1874 2826 sua
1900 2781 1955 2828 et
1984 2773 2146 2827 'nati-
2250 2773 2303 2828 in
2330 2774 2408 2828 eis
2435 2781 2514 2827 est
2549 2771 2817 2836 vendunt;
2877 2787 3033 2842 quem
3067 2791 3086 2824 ι
3116 2773 3192 2826 sic
3245 2773 3384 2827 Deus
3433 2770 3626 2826 dilexit
3657 2760 3837 2825 nun-

560 2862 724 2916 vitale
771 2862 906 2917 ﬁunt
941 2863 1190 2932 orphani,
1236 2863 1358 2932 quia
1387 2864 1502 2918 sine
1538 2865 1646 2919 Deo
1675 2865 1857 2931 Patre;
1897 2874 1952 2920 et
1988 2881 2147 2929 ttxor,
2250 2865 2399 2927 dtutt,
2424 2873 2480 2916 tit
2514 2861 2706 2917 Filium
2741 2877 2897 2916 suum
2946 2863 3280 2931 unigenitum
3327 2864 3480 2915 t’arct
3519 2862 3703 2930 (Jorm.
3755 2878 3834 2927 nt,

559 2951 768 3006 scilicet
822 2952 1004 3020 plebes
1056 2968 1263 3015 eorum,
1317 2953 1498 3018 vidua,
1546 2954 1670 3023 quia
1728 2955 1845 3010 sine
1907 2955 2148 3025 legitimo
2253 2955 2342 3026 16)
2387 2974 2405 3006 ι
2437 2953 2860 3023 redemptionem
2893 2961 3113 3022 propter
3142 2967 3286 3006 eum.
3334 2951 3511 3006 Etcni
3569 2953 3833 3014 vendunt,

565 3046 778 3105 marito,
805 3046 1044 3101 Christo.
1092 3044 1246 3100 Unde
1275 3056 1501 3117 apparet
1533 3049 1815 3104 haereticos
1844 3050 2150 3118 generando
2174 3083 2221 3145 C
2255 3045 2356 3097 nisi
2389 3042 2637 3098 diabolo?
2693 3043 2756 3096 Et
2789 3044 2856 3096 ad
2884 3041 3012 3112 quid
3040 3043 3087 3095 ei
3121 3042 3461 3096 vendantur?
3496 3041 3567 3098 Ut
3603 3041 3714 3097 sint
3747 3046 3836 3098 dc-

517 3134 520 3135 ⁷
563 3135 720 3196 mori,
754 3149 984 3202 quorum
1025 3151 1162 3189 uxor
1203 3135 1362 3190 vidua
1395 3147 1654 3203 remanet,
1689 3147 1743 3193 et
1777 3138 1868 3192 lilii
1899 3138 2147 3208 orpltani.
2177 3129 2221 3145 ν
2252 3151 2359 3190 nuo
2391 3135 2576 3206 ipsius,
2611 3143 2665 3188 ct
2697 3134 2897 3187 faciant
2924 3133 3060 3187 mala
3098 3133 3164 3188 ad
3194 3129 3529 3188 voluntatem
3561 3133 3699 3202 ejus,
3746 3152 3834 3190 nco

560 3225 628 3280 Et
664 3241 790 3279 vere
811 3229 1026 3294 penitus
1055 3226 1161 3281 Deo
1212 3229 1533 3296 utorinntur,
1571 3229 1658 3282 tibi
1687 3235 2148 3284 sacramentorum
2252 3243 2356 3298 que
2387 3227 2593 3297 prosint
2630 3228 2711 3281 eis
2762 3238 3104 3282 sacramenta
3151 3215 3354 3300 aliqua
3382 3225 3830 3289 liltristiani‘atis,

562 3316 681 3383 eius
705 3317 935 3387 gratiam
992 3333 1247 3386 perverse
1273 3320 1411 3374 alios
1437 3320 1739 3375 ordinando
1778 3320 2014 3374 vendere
2042 3334 2149 3373 non
2252 3321 2375 3390 quia
2398 3319 2566 3390 gratis
2592 3329 2811 3388 accepta
2857 3312 2957 3373 nec
2994 3319 3192 3372 dantur
3233 3334 3333 3373 nec
3386 3317 3833 3373 administrantur

566 3415 842 3470 verentur,
896 3417 955 3460 ttt
1007 3407 1098 3461 lilii
1145 3410 1453 3474 atttborum,
1513 3409 1724 3464 nonnisi
1767 3410 2018 3478 orphani,
2051 3425 2149 3462 na-
2253 3409 2462 3478 gratis;
2497 3407 2588 3477 qtti
2613 3407 2656 3462 si
2682 3409 2842 3461 ctiant
2875 3409 3014 3462 bona
3036 3407 3320 3462 vidcantur
3348 3422 3532 3479 agere,
3555 3401 3669 3476 jam
3699 3411 3830 3461 bona

527 3564 533 3570 ι
563 3509 808 3560 scantnr,
835 3497 958 3566 quia
1013 3514 1135 3553 mox
1185 3500 1519 3568 sempiterno
1563 3499 1725 3554 Patre
1757 3501 2036 3561 orbantur,
2061 3498 2150 3553 tibi
2255 3513 2358 3551 non
2399 3505 2547 3559 sunt,
2577 3497 2702 3566 quia
2738 3495 2808 3550 illi
2836 3506 3152 3566 reputantur
3182 3497 3268 3551 cui
3315 3496 3455 3550 servi
3485 3498 3684 3551 addicti
3712 3507 3833 3550 διιιςι

565 3589 922 3642 Sacramentis
962 3603 1086 3655 qua:
1141 3589 1281 3657 apud
1340 3582 1622 3643 haereticos
1651 3589 1906 3643 dicuntur
1936 3587 2154 3642 initian-
2253 3600 2352 3654 per
2396 3582 2777 3654 magistrorum
2827 3600 3046 3638 suorum
3095 3584 3233 3639 male
3283 3593 3501 3639 cautum
3559 3585 3834 3655 chirogra-

569 3683 676 3732 tur.
715 3676 920 3743 Quibus
959 3679 1166 3746 pariter
1206 3678 1274 3732 ad
1317 3693 1429 3733 suae
1472 3677 1836 3732 damnationis
1880 3678 2153 3732 cumulum
2254 3676 2453 3746 phum;
2481 3675 2595 3744 qui,
2623 3673 2770 3729 velut
2810 3675 2952 3728 vasis
2982 3673 3106 3729 boni
3133 3675 3366 3744 pastoris
3392 3674 3668 3744 praecincti
3698 3673 3832 3744 (l8),

566 3768 855 3831 accrescit,
885 3777 941 3821 ιιι
987 3783 1016 3822 a
1067 3767 1416 3838 generatione
1443 3783 1629 3823 eorum
1678 3767 1985 3836 requiratur
2013 3767 2155 3823 blas-
2256 3765 2626 3821 fraudulenter
2657 3765 2891 3835 maligno
2934 3765 3074 3820 leoni
3104 3766 3387 3820 retrahunt
3426 3780 3562 3834 quos
3607 3766 3832 3834 benigno

569 3861 782 3932 phemia
825 3860 1060 3930 Spiritus
1109 3860 1305 3925 sancti,
1354 3859 1443 3930 qui
1479 3869 1561 3914 est
1622 3859 1871 3914 remissio
1907 3867 2157 3930 peccato-
2253 3859 2409 3930 Agno
2431 3859 3152 3928 pertinacitersubtrahunt.
3187 3857 3339 3914 Unde
3367 3867 3423 3912 et
3475 3857 3833 3912 inconsolabi-

569 3969 712 4014 rum,
748 3953 885 4007 sicut
911 3953 979 4007 ab
1007 3953 1198 4008 insano
1223 3951 1360 4008 Jttda
1384 3962 1438 4007 ct
1462 3952 1679 4022 perﬁdis
1701 3951 2156 4022 Jttdatis,sangttis
2257 3955 2380 4009 liter
2409 3953 2693 4025 plangendi
2727 3961 2874 4020 sunt,
2905 3952 3028 4023 quia
3061 3951 3172 4005 sola
3206 3967 3298 4005 sua
3333 3950 3529 4019 injuria
3557 3952 3639 4004 vel
3683 3951 3830 4021 igno-

569 4040 789 4100 Cnristi.
825 4042 914 4111 qui
945 4041 1146 4099 effusus
1161 4054 1253 4098 est
1282 4044 1334 4098 itt
1381 4041 1757 4097 remissionem
1785 4050 2153 4110 peccatorum.
2261 4045 2709 4115 rantia‘perennt,
2735 4044 2861 4097 dunt
2891 4043 3128 4098 devitare
3157 4049 3426 4097 tantorum
3462 4051 3515 4097 et
3545 4040 3730 4096 talium
3753 4040 3830 4095 luo

569 4130 812 4198 Quorum
846 4135 1206 4189 substantiam
1242 4150 1457 4189 omnem
1489 4135 1730 4204 perﬁdus
1769 4133 1856 4189 ille
1886 4133 2158 4188 fenerator
2257 4151 2448 4208 porum
2475 4136 2738 4190 malitiam
2761 4144 2854 4188 aut
2885 4133 3174 4206 negligant,
3209 4143 3300 4187 aut
3324 4132 3593 4188 nesciunt.

573 4237 913 4277 mamutonas
985 4238 1084 4293 pro
1171 4226 1575 4280 accommodato
1614 4226 1697 4280 eis
1757 4225 1994 4295 perﬁdia:
2047 4239 2158 4278 sua:
2328 4229 2568 4293 Quorum
2602 4225 2770 4282 rabici
2810 4227 2854 4281 si
2882 4225 3032 4281 ludat
3081 4224 3265 4280 rabies
3311 4233 3680 4292 comparetur,
3709 4216 3830 4278 tole-

575 4326 797 4366 nntnuto
825 4322 1124 4375 scrutatur,
1160 4312 1480 4381 laboresque
1503 4327 1690 4366 eorum
1720 4312 2155 4380 tlirlpittntalietti
2244 4316 2481 4372 ‘rabilior
2515 4315 2698 4370 multis
2722 4315 2894 4368 modis
2927 4306 3244 4382 reperietur.
3269 4311 3360 4368 ille
3390 4310 3613 4376 etauiut,
3646 4327 3827 4380 repen-

577 4403 678 4467 illi,
705 4419 934 4473 quouun
984 4419 1141 4458 voces
1188 4417 1290 4456 non
1336 4413 1602 4457 noverunt
1651 4418 1782 4459 oves
1822 4404 2048 4459 Cltt'iSti.
2095 4403 2160 4457 Et
2189 4420 2235 4478 ι)
2265 4408 2372 4462 tina
2405 4405 2552 4459 ‘l'nria
2584 4403 2758 4466 actus,
2787 4404 2954 4458 semel
2986 4397 3324 4473 Magistrum,
3357 4400 3519 4473 quem
3555 4401 3822 4456 mortalem

573 4494 704 4562 quid
730 4491 904 4562 plura,
937 4509 1062 4546 eum
1087 4492 1342 4560 psalmus
1394 4492 1618 4561 dequo
1655 4493 1768 4547 ltrec
1805 4494 2035 4548 strictim
2064 4494 2161 4546 de-
2263 4495 2480 4550 videbat
2509 4505 2559 4548 ct
2588 4494 2894 4565 passibilent
2935 4508 3040 4546 non
3087 4493 3400 4566 dubitabat,
3439 4491 3707 4554 vendidit;
3746 4491 3824 4544 isti

576 4584 901 4652 cerpsimus,
948 4583 1110 4639 latius
1159 4584 1296 4639 tales
1327 4583 1664 4638 insectetur?
1694 4581 1862 4651 Quem
1899 4583 1943 4637 si
1993 4581 2163 4637 ﬁdelis
2263 4597 2468 4653 autem,
2500 4586 2707 4642 diutina
2759 4579 3114 4640 meditaioue
3145 4585 3413 4648 succensi,
3449 4583 3647 4639 millies
3674 4581 3826 4638 Sniri-

578 4675 751 4730 lector
788 4674 1101 4730 Christiano
1148 4690 1308 4729 sensu
1359 4675 1696 4740 discusserit,
1747 4687 1845 4729 nec
1888 4687 2035 4728 mora
2063 4674 2163 4728 sub
2265 4687 2375 4732 ttntt
2430 4687 2702 4744 sanctum,
2753 4691 2915 4746 quem
2963 4675 3318 4731 immortalem
3358 4683 3414 4729 et
3459 4671 3820 4743 impassibilcm

574 4763 738 4820 titulo
764 4763 916 4820 Judtc
944 4765 1236 4835 prodituris
1264 4765 1661 4820 animadvertat
1685 4776 1924 4837 quantae,
1954 4764 2159 4837 quales,
2263 4784 2356 4826 ore
2382 4769 2721 4840 proﬁtentur,
2746 4759 3001 4823 vendunt.
3028 4765 3140 4829 Ille,
3191 4766 3436 4836 quamvis
3466 4780 3564 4834 pro
3609 4774 3821 4834 tempore

575 4861 637 4913 et
705 4865 836 4926 quut
909 4855 1318 4910 nntledictiones
1372 4845 1533 4925 atque
1585 4857 1818 4912 ultiones
1867 4857 2163 4913 debeantur
2263 4876 2465 4931 paucos
2500 4857 2792 4930 discipulus
2820 4858 2885 4910 ad
2909 4858 3097 4912 horam
3128 4855 3557 4918 conturbaret-it,
3616 4862 3813 4907 nonta-

572 4946 925 5004 Simouiacis.
981 4944 1164 5016 Neque
1190 4947 1332 5002 enint
1377 4946 1645 5016 aliquibus
1681 4949 1950 5005 ltmreticis
1992 4950 2163 5020 magis
2265 4965 2387 5006 tnen
2427 4950 2506 5004 eis
2534 4948 2810 5004 Christum
2838 4947 3001 5004 etiam
3024 4947 3262 5002 occisum
3311 4944 3569 5008 abstulit;
3622 4944 3703 4998 isti
3739 4936 3820 4997 au-

583 5041 754 5112 aptari
783 5050 955 5109 potest
982 5040 1170 5109 psalmi
1204 5038 1346 5094 illius
1377 5040 1692 5109 prophetica
1740 5039 2083 5109 ituprecatio,
2110 5046 2162 5093 in
2267 5050 2374 5096 tem
2418 5049 2472 5116 et
2521 5038 2879 5094 ttniversalcm
2940 5037 3236 5093 Ecclesium
3269 5036 3386 5089 sine
3443 5033 3820 5088 intermissione

584 5132 917 5170 rotulitnrmn
967 5131 1166 5170 Πιηίειῖ
1199 5139 1246 5170 nl
1285 5142 1557 5170 mnntnrne
1585 5129 1700 5170 nine
1725 5129 1928 5170 riirpnln
2001 5145 2162 5170 nttstm

2267 5132 2592 5170 nnntnrlmnt
2649 5141 2697 5170 με
2735 5131 2801 5170 :.'.-.
2851 5126 3335 5170 innumerabilibus
3378 5125 3582 5170 Christi
3641 5123 3818 5170 hortulis

967 5131 1166 5170 Πιηίειῖ
1199 5139 1246 5170 nl
1285 5142 1557 5170 mnntnrne
1585 5129 1700 5170 nine
1725 5129 1928 5170 riirpnln
2001 5145 2162 5170 nttstm
2267 5132 2592 5170 nnnlnrlmnl
2649 5141 2697 5170 με
2735 5131 2801 5170 :.'.-.
