4064 5394
252 338 395 401 tota

857 343 893 396 Α
906 341 1221 399 υγεηδυει
1276 338 1687 398 SIMONIACOS
1724 339 1846 394 LIBI

1948 338 2142 395 TRES.
2178 369 2235 381 —-
2270 336 2470 394 LIBER
2511 336 2896 394 SECUNDUS.

3370 336 3508 393 1094

255 457 509 514 incsciens
560 456 817 519 servivit;
868 455 958 509 isti
1018 469 1168 519 vero,
1222 454 1349 508 dum
1410 450 1830 507 innumerabiles
1859 458 1904 515 Α
1938 451 2078 505 idem
2104 449 2315 521 Moyses
2335 451 2388 505 in
2414 450 2832 505 Denteronomio
2856 450 2934 506 sic
2960 460 3105 507 vetat
3135 470 3151 505 :
3188 469 3207 502 r
3243 451 3358 506 Non
3381 449 3511 505 olfe-

255 565 422 603 unnm
447 547 703 618 produnt,
729 560 789 601 se
830 546 973 615 ipsos
1001 561 1237 614 suosque
1286 545 1526 598 fautores
1578 545 1829 614 perdunt,

254 648 313 695 et
352 638 404 692 in
437 637 730 706 perniciem
776 637 940 690 totius
983 636 1164 689 mundi
1214 643 1544 705 grassantes.
1590 648 1831 685 onmmm

242 727 493 782 ,lidelium
520 726 681 780 saluti
710 725 987 786 resistunt,
1010 733 1067 777 et
1099 738 1199 777 nec
1226 723 1349 785 sibi,
1384 737 1483 775 nec
1533 718 1691 774 alicui
1727 718 1830 773 nisi

252 819 398 875 forte
430 816 798 885 resipiscendo
828 815 1088 883 prodesse
1121 814 1413 883 aliquando
1464 820 1708 881 possunt.
1744 809 1836 863 Ille

250 910 577 977 magistrum
601 908 795 972 solum,
820 916 873 960 et
897 907 1013 962 sine
1033 922 1128 961 sua
1152 918 1479 973 suorumque
1501 901 1836 971 supellectile

258 1000 545 1065 distraxit;
572 1000 663 1054 isti
710 1010 888 1055 autem
918 1016 1023 1053 non
1067 998 1239 1052 solum
1290 996 1551 1065 Spiritum
1598 993 1837 1064 parale-

228 1142 229 1145 η
262 1100 398 1154 tum,
433 1090 527 1144 sed
553 1090 773 1159 insuper
797 1089 1057 1159 quidquid
1086 1088 1201 1158 ejus
1232 1100 1338 1151 est,
1368 1096 1423 1141 et
1462 1100 1682 1140 suorum
1720 1086 1839 1136 nbi-

260 1180 364 1242 vis,
389 1192 558 1248 usque
586 1180 651 1234 ad
688 1180 968 1233 miniunnu
995 1179 1153 1232 assis.
1194 1178 1287 1232 ille
1336 1187 1530 1245 praeter
1560 1190 1619 1229 se
1669 1174 1841 1227 teni-

259 1286 381 1325 nent
426 1272 797 1332 mediatorum,
841 1268 924 1323 vel
956 1278 1149 1324 testem
1177 1283 1425 1337 quterere
1457 1265 1834 1335 pnesumpsit;

260 1364 349 1418 isti
378 1371 560 1418 autem
589 1376 694 1418 nun
727 1361 897 1417 solum
924 1377 983 1415 se
1005 1369 1060 1414 et
1088 1360 1417 1413 domesticas
1466 1372 1614 1421 suos,
1648 1371 1834 1409 verum

259 1460 317 1505 et
335 1463 625 1507 extraneos
661 1451 741 1507 sui
784 1450 982 1520 negotii
1030 1449 1356 1503 mediatores
1405 1461 1467 1502 ac
1518 1455 1683 1499 testrs
1702 1460 1835 1513 per-

259 1559 399 1613 sepe
434 1544 649 1598 aecinnt
673 1552 726 1597 et
757 1541 983 1597 faciunt.
1017 1540 1107 1596 Ille
1141 1540 1457 1609 paenitentia
1488 1539 1683 1592 ductus
1732 1552 1836 1590 xxx

262 1642 550 1702 argenteos
583 1634 745 1686 etiam
790 1630 1096 1686 nolentibus
1125 1628 1354 1691 refudit;
1389 1628 1474 1681 isti
1523 1636 1704 1681 autem
1739 1628 1839 1680 int-

260 1726 583 1795 ptenitcntes
611 1740 716 1779 non
741 1723 915 1779 solum
948 1738 1051 1776 non
1083 1720 1369 1775 refundunt
1394 1718 1841 1789 quantuluuCun-

1935 557 2025 595 res
2045 541 2351 596 mercedem
2384 540 2690 608 prostibuli,
2736 557 2833 595 nec
2864 541 3096 613 pretium
3141 541 3293 595 canis
3323 542 3375 595 in
3411 541 3511 596 do-

1936 647 2079 685 mum
2115 631 2321 684 liotniui
2363 629 2455 682 Dei
2486 631 2593 694 tui;
2620 632 2880 699 quidquid
2913 631 3039 684 illud
3066 642 3145 685 est
3171 631 3314 701 quod
3345 644 3512 685 vove-

1936 722 2033 785 ris,
2057 722 2184 791 quia
2238 719 2569 775 abominatio
2595 731 2676 773 est
2705 731 2996 790 utrumque
3048 724 3189 790 apud
3227 722 3512 775 Dominum

1936 811 2103 865 Deum
2129 824 2274 866 tuum
2304 809 2481 882 (Deut.
2514 826 2671 873 xxttt,
2700 812 2840 881 18).»
2858 815 2975 878 Quo
3002 814 3196 868 «liviua'
3222 814 3354 884 legis
3377 830 3515 883 prat—

1936 918 2094 973 cepto
2125 905 2444 975 reprobatur
2467 920 2564 973 per
2596 905 2783 958 vitium
2824 908 3089 975 acquisita
3116 908 3340 969 oblatio,
3386 905 3513 976 quia

1938 998 2196 1052 Dominus
2242 998 2365 1051 odio
2408 998 2573 1049 habet
2621 995 2867 1064 rapinam
2916 999 2967 1050 in
3018 996 3368 1061 bolocausto;
3424 998 3517 1067 qui

1940 1090 2241 1145 mercedem
2272 1086 2550 1159 prostibuli
2593 1087 2787 1140 merito
2845 1087 3186 1155 deliguntur,
3234 1102 3395 1155 quam
3445 1100 3515 1142 ex

1939 1197 2051 1235 sua:
2072 1190 2125 1235 et
2148 1178 2337 1234 aliena:
2365 1180 2546 1233 carnis
2589 1179 2936 1247 corruptione
2989 1181 3243 1232 meretrix
3294 1180 3518 1248 profana

1940 1288 1969 1326 a
2019 1271 2260 1342 profanis
2290 1271 2604 1326 fornicando
2657 1272 3027 1340 consequitur,
3087 1281 3291 1341 quanto
3347 1274 3522 1341 magis

1941 1364 2108 1426 illam,
2139 1378 2297 1431 quam
2329 1377 2395 1417 ex
2428 1376 2537 1415 sua:
2564 1361 2777 1418 animm.
2814 1361 3212 1431 amitarumque
3258 1369 3520 1430 prositu-

1942 1453 2085 1506 tione
2102 1451 2455 1505 Simoniacns
2486 1467 2513 1504 a
2547 1450 2648 1505 title
2670 1451 2980 1505 Christiana
3008 1450 3325 1505 fornicando
3373 1466 3521 1505 mer-

1942 1542 2132 1597 catur?
2166 1541 2521 1595 Nihilominus
2547 1541 2893 1595 aiiouiinatur
2922 1540 3153 1611 pretium
3182 1556 3354 1604 canis,
3407 1554 3517 1596 non

1943 1632 2085 1701 quod
2114 1632 2190 1686 cis
2216 1631 2582 1698 cujuscunque
2611 1630 2859 1683 animalis
2914 1642 3105 1685 natura
3133 1629 3206 1684 sit
3240 1630 3525 1684 abantioa-

1945 1722 2085 1779 bills.
2115 1723 2208 1776 sed
2235 1721 2377 1789 quod
2407 1723 2754 1775 abominetur
2782 1720 2930 1775 oblat
2954 1736 3134 1783 onem,
3187 1737 3346 1784 quam
3379 1719 3523 1789 quis,

259 1835 365 1887 que
396 1818 648 1887 pretium,
674 1817 767 1870 sed
794 1815 985 1869 vellent
1009 1814 1128 1883 plus
1156 1822 1455 1881 acceptum.
1484 1811 1625 1877 Quin
1651 1811 1838 1879 etiam,
1874 1797 1914 1854 ll
1947 1811 2088 1865 velut
2110 1822 2289 1865 mutus
2311 1810 2461 1864 canis
2483 1809 2750 1863 adulando
2773 1820 2828 1864 et
2859 1810 3084 1863 favendo
3112 1810 3260 1864 vitiis
3311 1809 3522 1872 alirnis,

260 1925 330 1962 ne
360 1910 409 1962 in
436 1908 615 1977 aliquo
647 1905 928 1961 inferiores
968 1905 1174 1973 perdito
1196 1903 1332 1957 .luda
1360 1903 1584 1971 ejusque
1621 1900 1843 1971 compli-

263 2002 412 2057 cibus
440 2013 695 2070 putentur
718 2000 805 2069 qui
838 2000 889 2053 in
923 2009 1005 2053 tot
1026 1997 1344 2053 criminibus
1395 1996 1704 2065 superiores
1738 1996 1843 2050 illis

264 2102 657 2153 monstrantur,
685 2092 919 2161 gaudent
944 2101 1000 2144 et
1028 2090 1114 2145 isti
1147 2105 1273 2144 cum
1302 2088 1564 2157 Spiritum
1594 2096 1842 2141 sanetum

264 2183 706 2253 appretiaveriut,
740 2182 911 2236 instar
933 2182 1166 2246 illorum,
1196 2182 1286 2249 qui
1310 2182 1589 2250 appretian
1614 2182 1661 2233 lo
1683 2180 1844 2234 Chri-

265 2286 404 2330 stum
435 2285 561 2329 Slllll
597 2274 787 2344 gavisi,
816 2285 869 2327 et
907 2286 965 2328 nt
990 2274 1061 2328 illi
1087 2276 1547 2344 opportunitatem
1587 2273 1846 2342 proditio-

264 2368 367 2432 nis,
392 2368 471 2423 sic
495 2376 549 2421 et
591 2367 677 2421 isti
704 2366 996 2435 exquirunt
1027 2381 1136 2421 sum
1162 2363 1560 2435 negotiationis.

850 2454 1077 2512 CAPUT
1103 2455 1244 2510 XXI.

263 2547 342 2603 De
363 2564 424 2603 co
443 2546 583 2619 quod
607 2563 711 2602 non
738 2550 896 2603 prosit
912 2545 1235 2669 [Simonideis
1257 2544 1635 2617 qualiscunque
1666 2559 1846 2599 eorum

882 2637 907 2669 ι’
932 2634 1228 2669 εινηιοδυηη.

882 2634 1228 2686 eteemosyna.

342 2710 543 2777 bempe
570 2708 711 2763 velut
740 2709 863 2777 quis
904 2709 1254 2762 avariSsimus
1284 2706 1604 2775 negotiator,
1654 2706 1847 2760 anxius

268 2812 571 2871 exspectat,
609 2812 663 2856 et
688 2800 913 2856 anhelus
940 2802 1142 2869 expetit
1194 2801 1462 2854 nundinas
1492 2815 1701 2854 antiuas
1730 2817 1743 2853 :
1769 2800 1849 2852 sic

269 2904 323 2947 et
351 2893 440 2947 isti
468 2892 861 2956 ordinationes,
918 2902 1158 2959 tempore
1200 2905 1298 2943 suo
1349 2890 1604 2959 agendas,
1654 2901 1712 2943 ut
1757 2897 1849 2942 ant

269 2984 394 3038 inde
420 2984 684 3037 redimant
712 3000 795 3037 res
827 2999 972 3044 suas,
1000 2983 1121 3035 talis
1143 2982 1299 3051 pretii
1327 2997 1418 3050 spe
1445 2985 1846 3052 oppigneratos,

271 3081 365 3125 aut
393 3072 678 3125 saccellum
712 3088 936 3125 vacuum
985 3072 1260 3141 impleant,
1317 3080 1411 3125 aut
1453 3071 1610 3140 pleno
1660 3086 1847 3140 super-

1943 1917 1974 1955 a
2000 1902 2206 1956 vitiosis
2238 1902 2452 1954 meruit.
2502 1899 2594 1953 Vel
2641 1908 2792 1954 certe
2829 1901 3060 1968 pretium
3108 1900 3260 1954 canis
3290 1901 3398 1954 Dro
3442 1906 3529 1955 est

1944 1994 2202 2062 quidquid
2237 2002 2357 2060 post
2395 1992 2768 2059 pamiteutiam
2800 1993 2866 2045 ad
2901 1993 3103 2061 peceati
3144 1992 3403 2045 vomitum
3436 2007 3527 2046 re-

1948 2098 2133 2137 versus
2168 2082 2347 2136 oll'ett.
2392 2080 2692 2151 Utrumque
2731 2082 2875 2135 enim
2906 2082 3239 2135 abominatio
3271 2092 3351 2137 est
3385 2083 3527 2151 apud

1948 2175 2139 2241 Deum,
2193 2174 2305 2228 sive
2350 2172 2746 2236 fonticationis,
2795 2174 2911 2226 sive
2967 2173 3356 2241 assentationis
3423 2185 3527 2225 tua:

1946 2263 2177 2334 pretium
2222 2264 2270 2317 ei
2334 2278 2534 2318 voveas
2586 2262 2941 2327 oll‘erendum,
3006 2263 3402 2331 quantumlbet
3458 2263 3533 2317 sit

1948 2353 2076 2407 illud
2143 2368 2399 2421 magnum
2465 2352 2719 2422 pretium,
2774 2360 2831 2405 ct
2877 2353 3198 2420 pretiosum.
3251 2352 3533 2417 Quomodo

1945 2458 2075 2513 ergo
2099 2444 2401 2514 placabitnr
2427 2443 2566 2497 Deus
2606 2443 2779 2512 pretio
2804 2456 2912 2511 quo
2962 2444 3245 2510 virginitas
3283 2442 3532 2496 inmune-

1951 2534 2204 2587 rabilmm
2237 2534 2564 2593 animarum,
2593 2533 2750 2585 idest
2793 2532 2927 2585 fides
2969 2532 3277 2599 incorrupta
3322 2532 3533 2600 sibique

1948 2626 2310 2696 desponsanta
2342 2623 2701 2693 prostituitnr,
2733 2632 2827 2675 aut
2864 2637 2970 2691 quo
2990 2621 3289 2690 pertinacia
3322 2621 3404 2673 vel
3434 2624 3534 2673 im-

1948 2716 2262 2789 ptBnitentia
2315 2715 2597 2783 ﬂagitiosis
2630 2713 3062 2775 administratur,
3096 2713 3531 2781 quandocunqne

1954 2829 1974 2862 ι
2031 2810 2281 2864 laudatur
2333 2816 2587 2875 peceator
2638 2806 2691 2858 in
2736 2805 3022 2858 desideriis
3088 2804 3283 2857 anitum
3328 2819 3440 2858 sua:
3476 2814 3534 2859 et

1952 2901 2169 2969 iniquus
2199 2896 2607 2952 benedicitur?»
2643 2891 2816 2964 (Psal.
2852 2910 2908 2959 κ,
2944 2898 3049 2960 ltl.)
3081 2893 3231 2959 Quod
3255 2896 3299 2948 si
3324 2910 3446 2965 poss
3480 2910 3533 2948 s-

1952 2992 2154 3053 siones,
2185 2990 2418 3055 familias
2454 2998 2510 3043 et
2541 2987 2769 3055 reliqua.
2824 2996 3032 3039 tantum
3079 2986 3326 3039 sa'ciilari
3362 2987 3534 3039 Itomi-

1952 3096 2080 3134 llllm
2119 3078 2515 3134 conversationi
2570 3076 2749 3138 utilia,
2785 3076 2906 3130 inde
2931 3078 3031 3130 sibi
3064 3076 3284 3145 suisque
3317 3078 3535 3147 propin-

271 3162 519 3215 fundant.
546 3161 622 3215 Ex
651 3178 754 3232 qua
787 3162 972 3231 utique
1003 3162 1251 3231 pecunia,
1284 3177 1445 3231 quam
1471 3162 1549 3215 sic
1577 3172 1758 3215 autaut
1790 3171 1847 3215 ut
1876 3137 1919 3195 ρ
1951 3172 2074 3239 quis
2107 3178 2160 3223 et
2189 3167 2372 3233 amici,
2397 3180 2454 3221 ut
2478 3168 2617 3221 alter
2646 3166 2819 3233 Giozi,
2851 3168 3302 3236 cunmm-avaram,
3336 3168 3534 3223 nihilo.

272 3253 540 3325 Spiritum
577 3265 821 3310 sanctum
877 3256 1108 3310 vendere
1161 3272 1266 3309 non
1324 3264 1585 3321 metuant,
1638 3253 1848 3309 fructus

191 3406 199 3412 ,
274 3363 379 3402 non
408 3349 627 3416 capient
678 3347 889 3400 etiamsi
923 3348 974 3400 iu
1009 3361 1273 3417 pauperes
1308 3355 1360 3401 et
1395 3344 1506 3399 loca
1550 3356 1731 3398 sancta
1762 3359 1850 3398 ex-

275 3440 533 3507 pendant,
585 3437 1038 3507 quemadmodum
1096 3452 1195 3491 nec
1241 3435 1407 3493 ludas
1464 3451 1528 3489 ex
1581 3449 1701 3499 sua,
1745 3450 1847 3503 qua

275 3539 486 3599 emptus
504 3539 585 3583 cst
607 3546 732 3599 ager
761 3528 812 3581 in
843 3529 1248 3598 peregrinorum
1280 3524 1572 3593 sepultura.
1605 3540 1725 3593 qua:
1753 3539 1852 3579 nec

279 3618 539 3675 venditori
607 3617 841 3682 Christi,
901 3634 998 3673 nec
1036 3617 1371 3686 emptorilms
1426 3617 1492 3671 ad
1547 3617 1849 3669 animarum

280 3725 498 3764 suarum
551 3713 852 3765 mercedem
897 3710 1195 3780 quidquam
1237 3707 1488 3778 profecit,
1538 3708 1593 3762 in
1645 3716 1849 3763 tantum

279 3815 381 3854 nec
407 3801 512 3854 vile
542 3802 754 3854 bustum
804 3802 998 3853 ibidem
1049 3799 1310 3869 profanus
1350 3798 1518 3853 Judas
1563 3800 1851 3868 acciperet,

280 3892 362 3944 vel
395 3892 704 3945 inbmnatus
734 3891 1118 3959 superjaccret.
1154 3888 1291 3943 llinc
1331 3890 1376 3942 si
1428 3889 1554 3943 illud
1600 3889 1848 3945 conside-

282 3990 447 4042 retur,
473 3982 610 4049 quod
636 3983 974 4035 sacerdotum
1006 3982 1279 4051 principes
1336 3980 1618 4049 pecuniam
1667 3980 1852 4049 prodi-

283 4074 443 4125 tionis
472 4072 571 4126 sibi
601 4071 834 4125 refnsam
861 4071 1107 4125 arbitrati
1144 4079 1289 4132 situt,
1321 4070 1477 4124 simul
1521 4078 1576 4124 et
1627 4069 1854 4141 professi

280 4180 385 4219 non
414 4164 574 4218 licere
622 4163 760 4217 mitti
814 4162 863 4216 in
896 4163 1219 4224 corbmtm,
1260 4160 1309 4214 id
1363 4170 1444 4214 est
1497 4160 1682 4229 reponi
1731 4176 1854 4215 cum

282 4258 518 4311 denariis
542 4255 720 4325 templi
746 4254 909 4319 sacri,
937 4257 1059 4325 quia
1105 4258 1334 4325 pretium
1384 4253 1665 4323 sanguinis
1711 4260 1857 4317 esset

282 4344 476 4414 (.lluttlt
526 4361 691 4405 xsvu,
716 4344 749 4398 5
783 4345 867 4415 8);
902 4355 1221 4416 putamusne
1250 4352 1451 4412 quanto
1479 4342 1858 4397 sceleratiores

1950 3263 2129 3315 minus
2152 3261 2361 3314 frucztts
2403 3277 2504 3314 non
2532 3261 2745 3326 capient
2778 3274 2844 3313 ex
2878 3260 2977 3325 eis,
3005 3260 3129 3328 quia
3160 3260 3307 3328 lepra
3345 3259 3530 3315 Simoi-

1951 3352 2119 3408 niaca:
2148 3352 2545 3406 maledictionis
2574 3351 2675 3405 sibi
2705 3360 2757 3405 et
2781 3351 2972 3406 semini
3018 3367 3207 3405 eormn
3255 3351 3305 3405 iu
3344 3369 3537 3423 perpe-

1952 3450 2102 3497 tuum
2149 3442 2229 3497 sic
2258 3441 2555 3496 adluercbit
2585 3450 2641 3493 ut
2689 3450 2943 3494 nutantes
2994 3439 3390 3494 transferantur
3434 3442 3529 3496 lilii

1951 3547 2142 3586 eorum
2175 3542 2228 3586 et
2251 3534 2642 3587 interdicentur
2664 3540 2718 3584 et
2756 3532 3043 3599 ejiciantur
3073 3531 3139 3586 de
3176 3532 3208 3585 lt
3231 3533 3526 3587 ibitatioui-

1949 3620 2052 3677 bus
2082 3623 2195 3676 suis
2222 3619 2389 3693 (Ριαι.
2419 3636 2573 3686 cvm,
2608 3621 2713 3691 l0).
2740 3621 2864 3676 Sive
2892 3636 3022 3691 ergo
3042 3622 3155 3690 spir
3176 3620 3293 3675 tuai
3314 3634 3394 3675 ter
3420 3626 3535 3678 sive

1952 3713 2240 3767 carnaliter
2258 3713 2432 3780 pretia
2453 3712 2539 3764 illa
2562 3718 2887 3780 expetufant.
2903 3711 3226 3765 omnimodis
3248 3727 3341 3767 eos
3364 3712 3538 3765 incas-

1954 3820 2072 3859 sum
2098 3805 2348 3859 laborare
2376 3812 2611 3867 constat,
2653 3804 2779 3872 quia
2808 3819 2907 3858 nec
2925 3804 3091 3873 jnste,
3127 3819 3226 3855 nec
3253 3802 3529 3856 fructuose

1955 3899 2205 3966 cuiquam
2245 3912 2482 3967 unquam
2517 3896 2727 3958 tribuit,
2760 3895 2849 3963 qui
2887 3895 3083 3963 injuste
3111 3893 3268 3947 tollit.
3304 3893 3453 3948 Unde
3478 3893 3532 3946 bi

1957 3987 2282 4057 negotiando
2312 4001 2430 4040 sese
2471 3987 2699 4041 invicem
2728 3986 3181 4049 circumveniunt,
3210 3994 3262 4038 et
3294 3986 3395 4039 Slbl
3449 3987 3533 4039 in-

1955 4080 2128 4131 vicem
2152 4093 2273 4146 qua:
2300 4076 2567 4132 habebant
2596 4074 2869 4130 auferunt.
2907 4074 3168 4130 Venditor
3194 4078 3395 4145 quippe
3418 4078 3538 4132 exi-

1955 4168 2130 4236 gendo
2156 4167 2463 4237 pecuniam,
2496 4170 2726 4237 emptori
2757 4166 2919 4221 simul
2977 4168 3135 4220 tidem
3199 4167 3430 4237 subripit
3478 4177 3535 4223 et

1954 4258 2264 4327 pecuniam.
2289 4257 2510 4326 Emptor
2544 4266 2725 4312 autem
2755 4256 3059 4312 exhibendo
3091 4258 3354 4311 venditori
3395 4257 3538 4312 nihi-

1956 4348 2191 4404 lominus
2239 4348 2470 4417 subripit
2508 4348 2665 4402 ﬁdem
2705 4358 2757 4402 et
2796 4348 3033 4419 Spiritus
3052 4349 3235 4402 sancti
3262 4349 3531 4417 gratiam;

280 4438 479 4492 Joda-is
506 4438 837 4491 arbitramur
880 4438 1028 4495 istos.
1062 4436 1151 4504 qui
1188 4437 1420 4504 pretium
1455 4432 1714 4489 Paracleti
1774 4434 1851 4487 in-
1884 4472 1931 4529 υ
1958 4438 2122 4509 ﬁtque
2152 4443 2288 4496 tniro
2315 4448 2372 4495 et
2407 4440 2607 4494 misero
2634 4440 2793 4493 modo
2845 4449 2903 4493 ut.
2950 4450 3140 4493 neuter
3183 4440 3326 4508 quod
3376 4440 3532 4494 alteri

285 4533 495 4582 teritum
525 4546 645 4581 cum
672 4527 1052 4589 oblationibus,
1077 4542 1211 4593 quas
1237 4522 1664 4577 Christianorum
1692 4525 1855 4577 devo-

282 4619 358 4671 tio
406 4619 651 4672 ecclesiis
690 4616 780 4670 Dei
826 4616 1051 4670 contulit
1086 4628 1179 4669 aut
1225 4619 1456 4680 confert,
1490 4617 1855 4686 reponendum

284 4712 658 4765 arbitrantur?
688 4711 877 4764 Solent
916 4710 1179 4778 siquidem
1237 4710 1483 4781 sacrilegi
1523 4724 1587 4764 ex
1632 4722 1738 4763 tam
1768 4723 1859 4761 sa-

286 4804 485 4871 crilego
508 4804 680 4874 pretio
704 4805 934 4872 quadam
959 4816 1091 4853 vana
1123 4815 1218 4869 spe
1250 4800 1639 4869 redempLonis
1662 4800 1859 4853 anith

286 4908 396 4948 sure
427 4894 585 4948 modo
633 4892 856 4963 priedia,
908 4892 1066 4945 modo
1121 4890 1305 4960 pallia,
1358 4892 1517 4944 modo
1573 4890 1857 4952 librorum,

287 4986 444 5040 modo
472 5000 721 5038 vasorum
745 4994 905 5051 atque
933 4982 1244 5037 utensilium
1291 4981 1653 5037 ecclesiastici
1699 4980 1858 5034 mini-

288 5076 438 5130 stcrii
471 5075 621 5128 varia
653 5084 706 5127 et
735 5072 998 5143 superflua
1027 5073 1279 5144 insignia,
1330 5070 1761 5143 possessionibus
1806 5080 1862 5125 et

284 5167 667 5196 κει-ιιιιιιίιιιηῖἶο
717 5167 1068 5196 Δημιιινῖιιιιηιιι
1096 5165 1185 5196 nn:
1217 5168 1510 5196 u.I:.anna-n
1581 5166 1732 5196 n..n.l
1782 5164 1855 5196 ὀγ

1959 4534 2225 4602 subripuit
2278 4532 2494 4595 habeat,
2524 4532 2620 4586 sed
2669 4533 2887 4601 insuper
2922 4540 3147 4599 uterque
3174 4529 3363 4600 perdat
3390 4532 3532 4599 quod

1958 4622 2106 4689 prius
2136 4621 2385 4689 habebat,
2421 4623 2570 4676 etab
2606 4620 2839 4675 invicem
2891 4621 3125 4690 accipiat
3178 4620 3345 4674 solam
3389 4621 3538 4675 dam-

1960 4710 2231 4765 nationem
2256 4724 2421 4779 quam
2454 4710 2605 4777 prius
2629 4725 2735 4764 non
2763 4710 3013 4763 habebat.
3063 4708 3199 4774 QuiJ
3232 4708 3279 4761 si
3305 4718 3535 4777 uterque

1958 4811 2041 4853 est
2078 4800 2261 4861 miser,
2304 4799 2552 4853 miserior
2574 4808 2752 4853 tamen
2777 4797 3009 4866 ille,qui
3057 4809 3114 4851 et
3163 4812 3317 4851 suam
3372 4812 3540 4866 peco-

1959 4892 2103 4947 niam
2129 4902 2182 4946 et
2206 4890 2371 4947 fidem
2395 4890 2625 4957 perdidit
2648 4898 2704 4943 et
2732 4892 2959 4958 gratiam
2988 4887 3344 4958 spiritualcm,
3372 4902 3537 4957 qttam

1958 4996 2058 5050 pro
2079 4985 2206 5036 dato
2236 4980 2408 5048 pretio
2429 4978 2707 5049 exigebat;
2752 4979 2906 5034 alteri
2935 4980 3151 5048 quidem
3204 4977 3449 5038 abstulit.
3490 4992 3545 5035 et

1960 5074 2061 5128 sibi
2099 5090 2204 5129 non
2229 5071 2477 5140 accepit;
2514 5072 2642 5139 quin
2676 5072 2853 5139 potius
2882 5085 2980 5140 pro
3010 5070 3392 5126 benedictione
3421 5086 3543 5127 nta-

1964 5164 2304 5196 |nJ=nsl=Aosalll
2335 5161 2552 5194 inrisu-ah
2611 5160 2729 5192 nulli
2752 5161 2808 5192 Ro
2831 5173 2884 5190 ac.
2915 5158 3365 5190 sco-nan-.'-nn.lacm
3394 5166 3515 5188 n..:,-
