4064 5394
556 328 559 335 .
585 274 720 333 1093

1634 272 2007 362 immissum
2044 274 2113 329 .s.
2150 273 2217 329 ιι
2257 272 2319 328 E.
2359 264 2772 328 cauutaaus

3720 261 3875 317 “1‘36

582 397 797 447 mutum
822 383 963 456 (Jac.
990 399 1030 449 ι,
1063 384 1171 456 15).
1199 383 1354 441 Unde
1377 398 1503 438 mox
1533 383 1752 440 diabolo
1782 386 1871 454 qui
1903 385 2052 454 prius
2076 383 2151 438 in-
2182 390 2227 445 Α
2256 383 2392 437 mias
2422 399 2433 434 :
2467 400 2485 433 ι
2521 379 2769 434 Moestum
2800 378 3118 447 factnmlest
3150 378 3200 432 in
3229 375 3418 435 dolore
3445 392 3547 433 cor
3574 386 3872 443 nostrum,

583 474 744 529 travit
774 474 934 528 corda
977 473 1187 529 illorum
1217 473 1283 528 ad
1314 472 1674 528 invadendum
1709 474 1999 528 traduntur
2024 472 2162 545 divi;

583 564 730 619 nitus
769 563 836 617 ad
864 577 1080 633 semper
1105 562 1206 618 sibi
1240 564 1290 616 in
1340 576 1472 633 pace
1524 561 1929 633 possidendum,
1977 563 2163 632 sicque

548 648 674 709 ~eos
720 656 917 719 demto,
959 654 1105 709 velut
1157 654 1385 707 alterum
1432 652 1651 718 Judnm,
1701 661 1825 722 post
1866 653 2159 708 huceellam

582 745 887 810 intinctam,
919 744 1149 799 Satanas
1194 745 1357 799 intrat
1383 743 1560 815 (Joan.
1598 760 1718 809 xm,
1746 743 1860 813 27),
1904 743 1991 797 ubi
2044 758 2163 811 pro-

580 836 780 891 ditores
811 834 930 890 fidei
959 851 1068 890 sum
1098 851 1164 890 ex
1191 844 1373 889 mutua
1408 834 1591 888 fraude
1617 834 1891 889 convictos
1914 833 2014 889 sibi
2046 833 2161 886 vin-

550 924 746 981 ‘dieat.
772 916 1036 982 Intinctus
1063 926 1205 981 enim
1236 927 1392 996 panis
1424 924 1614 980 fraude
1645 923 1901 980 infectam
1952 925 2161 995 signiﬁ-

579 1002 722 1070 cavit
754 1027 986 1070 mentem
1011 1008 1321 1086 proditoris.
1348 1016 1590 1087 Denique
1619 1032 1722 1070 non
1746 1031 1962 1086 semper
1988 1016 2160 1073 ablui-

551 1120 555 1125 ‘
583 1113 671 1159 tur
705 1106 845 1176 quod
877 1105 1181 1177 inliugitur,
1215 1107 1305 1159 sed
1337 1105 1622 1173 aliquando
1650 1088 1928 1174 polluitur.

1161 1194 1388 1251 CAPUT
1411 1187 1577 1249 XXII.

710 1286 850 1355 Quid
888 1287 1058 1357 culpes
1088 1285 1401 1342 Simoninca:
1429 1273 1625 1355 faciant
1658 1284 1734 1340 rel
1760 1287 2051 1356 patiamur.
2106 1286 2116 1295 ”

651 1377 837 1447 Itaque
891 1379 1014 1446 quia
1048 1376 1368 1432 l‘randulcnti
1398 1389 1453 1431 et
1487 1377 1800 1447 versipelles
1838 1376 1922 1432 isti
1954 1393 2049 1447 pro
2078 1378 2158 1445 ui-

582 1468 692 1523 hilo
722 1470 920 1523 habent
951 1478 1007 1522 ut
1037 1467 1295 1523 Dominus
1330 1484 1454 1539 pars
1481 1474 1681 1523 eorum’
1696 1468 1767 1522 sit
1797 1467 2006 1537 ipsique
2030 1460 2156 1538 pars

520 1561 527 1567 ’
580 1557 829 1613 Domi'nt:
884 1569 1137 1627 tanquam
1187 1556 1500 1628 vulpeculae,
1533 1573 1599 1613 ne
1628 1558 1767 1613 sicut
1799 1557 2155 1633 Sodomorum

580 1648 757 1709 vinea.
791 1650 1171 1714 demoliantur,
1207 1650 1371 1703 etiam
1398 1648 1675 1703 ﬂorentem
1711 1649 1923 1704 vineam
1955 1649 2152 1704 Christi

2265 469 2641 527 contenebrati
2670 479 2792 547 sunt
2814 464 2953 523 oculi
2977 468 3147 524 nostri
3176 468 3396 538 propter
3417 478 3675 522 montem
3700 468 3870 528 Sion.

2263 554 2641 632 quiadiSperiit
2664 578 2678 627 ;
2696 560 2881 630 vulpes
2895 559 3365 615 ambulaveruntiu
3386 559 3691 632 οοζτΙινειι.
3711 560 3872 625 v.17,

2266 645 2374 723 iS).
2405 672 2423 706 ι
2456 653 2560 707 Sed
2587 652 2710 706 licet
2732 662 2950 721 propter
2973 651 3272 721 ltnjusmodi
3298 652 3684 723 speculatores
3707 668 3876 707 mons

2264 742 2391 797 Sion
2409 743 2677 796 interdum
2693 743 2953 810 dispereo:
2975 741 3228 796 nonnulla
3246 753 3428 797 tamen
3448 743 3716 797 nobiscst
3736 759 3872 797 con-

2225 898 2228 903 ,
2260 834 2476 894 solatio.
2493 835 2631 904 quod
2648 850 2749 886 non
2770 835 3041 887 habitasse
3063 842 3156 887 aut
3177 833 3420 898 stetisse,
3437 836 3534 888 se.l
3562 818 3868 888 ambulas»

2261 939 2318 979 se
2359 932 2563 977 tantum
2596 923 2849 977 dicuntur
2902 924 2954 977 in
2997 939 3081 978 eo.
3135 922 3321 993 Neque
3361 925 3508 978 enim
3562 924 3621 978 in
3665 925 3873 979 Catho-

2261 1010 2361 1065 lica
2389 1010 2624 1065 Ecclesia
2670 1004 2764 1065 seu
2815 1014 3077 1067 canonica
3124 1011 3406 1081 Scriptura
3457 1013 3873 1068 haereticorum

2259 1100 2614 1173 episcopatus,
2640 1102 2723 1155 vel
2755 1101 3114 1157 ministerium
3143 1104 3450 1174 aliquandiu
3479 1105 3872 1174 requiescere,

2259 1204 2350 1248 aut
2379 1204 2523 1249 stare
2545 1194 2760 1264 poterit.
2790 1194 3067 1264 Siquidem
3097 1196 3221 1265 quia
3249 1211 3354 1251 non
3402 1195 3722 1266 loquuntur
3787 1212 3876 1249 te-

2261 1287 2472 1343 ritatem
2504 1287 2555 1341 in
2590 1290 2753 1342 corde
2799 1303 2917 1355 suo,
2949 1289 3074 1358 quia
3127 1276 3292 1359 agunt
3333 1288 3516 1343 dolum
3566 1290 3629 1343 in
3676 1288 3875 1359 lingua

2258 1391 2377 1447 sua,
2432 1377 2557 1446 quia
2588 1393 2808 1431 munera
2860 1394 3021 1447 super
3078 1379 3393 1433 innocentes
3445 1378 3771 1446 accipiunt,
3824 1378 3876 1430 in

2260 1466 2609 1521 tabernaculo
2637 1466 2728 1521 Dei
2759 1466 3029 1529 habitare,
3059 1476 3149 1520 aut
3182 1467 3526 1537 requiescere
3579 1468 3641 1521 iu
3677 1478 3876 1519 monte

2257 1570 2447 1615 sancto
2467 1558 2879 1628 cjnsucqucunt
2912 1555 3084 1627 (l’sal.
3121 1573 3230 1619 XIV,
3266 1558 3402 1639 1-5).
3446 1557 3540 1612 SEc
3582 1558 3726 1625 quia
3779 1573 3876 1611 ac-

2258 1647 2463 1717 cipiunt
2490 1648 2542 1701 in
2576 1662 2714 1701 vano
2744 1648 2951 1701 animus
2978 1663 3109 1709 suas,
3139 1646 3191 1702 et
3215 1645 3403 1714 juraut
3451 1647 3503 1700 in
3556 1647 3695 1701 dulu
3746 1662 3874 1717 pro.

544 1740 821 1809 ‘capiuut,
851 1750 905 1794 et
955 1749 1137 1810 partes
1186 1738 1426 1809 vulpium
1483 1738 1695 1793 illarum
1733 1737 1988 1803 clliciuut,
2038 1755 2159 1815 qua:
2192 1723 2232 1781 Β
2264 1738 2405 1791 xime
2432 1754 2548 1802 suo,
2579 1754 2675 1791 nec
2703 1748 2848 1792 stare
2885 1738 3180 1808 pnevaleut
3219 1739 3268 1791 iu
3300 1738 3418 1794 loco
3464 1737 3584 1806 ejus
3637 1748 3872 1793 saneto.

579 1829 681 1884 sibi
714 1829 767 1883 in
806 1830 886 1884 eis
910 1828 1332 1883 foveashabent.
1370 1830 1507 1896 Qua,
1553 1822 1938 1898 quoniampro
1980 1828 2157 1901 quali-

580 1928 693 1975 tate
728 1935 822 1974 seu
849 1919 1149 1974 diil‘erentia
1184 1934 1295 1974 sua:
1335 1918 1681 1990 nequissinue
1724 1921 2010 1990 potestatis
2057 1916 2157 1974 sibi

578 2009 953 2081 possidendam
978 2012 1276 2082 patiuntur,
1298 2013 1399 2066 sub
1421 2011 1729 2066 nominibus
1747 2020 1797 2066 et
1816 2011 2160 2083 signiﬁcatio-

581 2101 742 2154 nibus
771 2101 1105 2155 divcrsarum
1136 2110 1192 2155 et
1220 2100 1530 2155 nocivarum
1557 2101 1855 2161 volucrum,
1883 2102 2157 2165 arborum,

580 2193 899 2254 herbarum,
929 2202 984 2246 et
1008 2193 1316 2263 rheuiarum
1348 2190 1777 2254 immundarum,
1809 2194 1976 2247 lsaias
2000 2208 2162 2262 super

542 2294 547 2297 ’
580 2280 866 2338 lduuueam
891 2299 970 2338 Stc
1001 2284 1327 2337 vaticinatur
1359 2301 1373 2337 :
1412 2301 1426 2333 ι
1464 2278 1826 2337 Possidehunt
1854 2282 1996 2336 illam
2027 2297 2158 2336 ouo-

580 2374 846 2437 crotalus,
872 2383 926 2428 et
962 2374 1180 2439 ericius,
1229 2383 1281 2428 et
1307 2373 1410 2426 ibis
1440 2383 1491 2425 et
1523 2389 1716 2426 corvus
1758 2371 2075 2426 habitabout
2107 2362 2160 2425 in

580 2480 641 2518 ea
669 2462 823 2534 (Ιεηὶ.
858 2480 1048 2528 χχκιν,
1085 2465 1189 2534 il).
1231 2484 1249 2516 ι
1286 2463 1351 2519 Et
1373 2474 1495 2534 post
1528 2478 1735 2532 pauca:
1774 2480 1792 2513 ‹
1831 2461 1896 2516 Et
1917 2462 2162 2516 orientur

583 2558 636 2610 in
668 2556 913 2611 tltunibus
935 2554 1049 2623 ejus
1073 2557 1240 2626 Spinre
1264 2566 1318 2609 et
1343 2558 1550 2617 nrticm,
1586 2563 1637 2609 ct
1666 2553 1906 2623 paliurus
1959 2552 2010 2606 itt
2046 2543 2164 2606 uiu-

582 2644 876 2704 nitionibus
901 2647 1039 2718 ejus.
1073 2649 1138 2703 Et
1180 2649 1283 2703 erit
1324 2647 1501 2721 cubile
1533 2648 1852 2710 draconum,
1881 2654 1936 2699 et
1964 2660 2161 2717 pascua

579 2740 961 2802 struthionum,
991 2748 1046 2794 et
1067 2750 1354 2811 occurrent
1374 2739 1632 2793 diemoxtia
1660 2748 2077 2800 onocentaurus,
2107 2744 2157 2791 et

578 2832 786 2902 pilosus
813 2830 1067 2885 clamavit
1104 2830 1241 2885 alter
1268 2831 1334 2885 ad
1364 2829 1612 2884 altermn.
1639 2829 1714 2883 lbi
1737 2828 1952 2883 cuhavit
1978 2816 2158 2892 lautia,

544 2914 635 2978 ὀι
661 2920 864 2978 invenit
895 2922 1165 2992 requiem;
1215 2922 1287 2976 ibi
1341 2922 1522 2977 habuit
1576 2920 1784 2974 foveam
1840 2919 2062 2983 ericius,
2108 2926 2161 2971 et

546 3010 553 3013 ’
583 3015 849 3069 euutrivit
899 3013 1134 3078 catulos,
1160 3024 1215 3068 et
1240 3012 1606 3079 circumfudit,
1635 3012 1690 3066 et
1720 3011 1851 3066 fovit
1883 3011 1934 3065 itt
1968 3013 2156 3065 umbra

550 3100 719 3159 'e‘us.
751 3105 881 3161 llluc
926 3115 1237 3176 congregati
1269 3113 1396 3160 sunt
1428 3104 1575 3159 milvi
1625 3104 1763 3159 alter
1810 3105 1878 3157 ad
1931 3103 2161 3157 alterum

585 3196 745 3266 (1εηί.
779 3212 894 3259 xm.
934 3196 1011 3265 5).
1051 3216 1068 3247 ›
1108 3196 1319 3250 Talium
1352 3211 1482 3266 ergo
1538 3206 1593 3250 et
1641 3206 1749 3249 tam
1798 3194 2161 3264 versipellium

552 3281 823 3356 ’vulpium
861 3297 1040 3357 partes
1068 3287 1277 3358 pariter
1310 3298 1366 3342 et
1402 3288 1691 3359 participes
1733 3286 1938 3342 effectae
1975 3285 2163 3356 vulpe-

546 3375 742 3442 culae,
792 3378 858 3432 de
912 3378 1109 3448 quibus
1149 3394 1292 3432 nunc
1323 3393 1505 3432 sermo
1564 3387 1666 3442 est,
1717 3375 2063 3446 possidentur
2108 3383 2164 3437 et

585 3468 866 3537 possident
897 3467 1227 3538 duplicitatis
1256 3481 1368 3520 sua:
1394 3467 1590 3521 merito
1625 3483 1654 3519 a
1687 3465 2004 3520 multiformi
2059 3462 2164 3518 dar-

562 3552 803 3612 'monum
831 3558 1066 3626 nequitia
1097 3556 1422 3626 multiplicer
1447 3558 1679 3627 partitze,
1727 3565 1779 3610 et
1802 3556 1978 3610 adhuc
2027 3556 2166 3609 mul-

588 3647 823 3719 tiplicius
863 3647 1179 3716 partiendte,
1232 3645 1688 3716 multifariamque
1743 3647 2061 3718 partientes,
2112 3657 2167 3701 et

584 3738 866 3808 partitum:
921 3736 1021 3791 sibi
1080 3736 1199 3792 illas
1241 3737 1390 3807 ipsas
1454 3737 1829 3807 possidendas,
1889 3752 1919 3790 a
1969 3737 2167 3806 quibus

586 3833 716 3901 ipsa:
765 3830 1101 3901 possidenda;
1163 3829 1399 3884 vicissim
1471 3829 1796 3898 partiuntur.
1845 3828 1920 3881 De
1972 3827 2167 3897 quibus

582 3922 858 3991 quondatn
885 3921 1159 3990 Sapientia
1186 3920 1300 3974 ait:
1336 3939 1354 3972 ι
1395 3919 1591 3990 Vulpes
1622 3919 1925 3973 inhabitant
1951 3920 2162 3983 animm,

584 4026 704 4081 qua:
734 4026 941 4066 memor
964 4020 1048 4064 est
1085 4010 1326 4074 malitiae,
1364 4020 1422 4065 et
1452 4010 1638 4065 bestia:
1669 4010 1870 4064 cubant
1895 4009 1948 4063 in
1980 4010 2167 4063 turbu-

586 4104 731 4157 lento
759 4105 942 4158 corde.
981 4124 998 4155 ι
1036 4102 1207 4159 Porro
1267 4102 1468 4158 Christi
1521 4102 1745 4158 ovicula:
1798 4100 2167 4168 simplicitatis

588 4209 699 4249 sua:
729 4196 925 4249 merito
953 4196 1126 4249 beata:
1156 4205 1308 4261 sunt;
1338 4211 1569 4265 quarum
1600 4193 1861 4248 Dmuinus
1914 4200 1996 4247 est
2028 4192 2166 4246 Deus

585 4300 800 4350 earum,
824 4286 916 4355 qui
946 4295 1089 4341 totus
1110 4296 1192 4340 est
1219 4287 1376 4339 unica
1418 4300 1543 4356 pars
1569 4284 1842 4354 praeclarae
1878 4284 2165 4338 hieredita-

2232 1844 2233 1847 ‘
2262 1829 2326 1884 Et
2349 1830 2489 1899 quod
2519 1830 2736 1893 dicitur,
2764 1830 2887 1899 quia
2915 1845 3012 1884 nec
3042 1831 3281 1896 stabunt,
3318 1831 3369 1884 in
3396 1846 3555 1899 quem
3591 1846 3704 1884 nec
3731 1830 3874 1884 tales

2261 1914 2579 1977 ascetiduitt.
2607 1920 2790 1989 Qualis
2821 1923 2962 1976 enim
2993 1922 3269 1986 ascendat,
3333 1921 3622 1976 Psaltu'sta
3686 1922 3781 1975 de:
3802 1921 3876 1974 ir.-

2263 2023 2369 2080 rat,
2396 2014 2583 2069 dicens
2611 2032 2623 2067 :
2666 2034 2682 2065 ι
2708 2014 2967 2069 lunaccns
2999 2015 3248 2069 manibus
3273 2022 3326 2068 ct
3353 2014 3556 2068 mundo
3592 2014 3807 2075 corde,
3849 2033 3865 2062 ι

2262 2114 2368 2158 etc.
2394 2100 2563 2170 (Paul.
2591 2118 2745 2167 XXIII,
2772 2102 2828 2168 5,
2857 2103 2933 2174 4.)
2983 2101 3136 2159 Unde
3164 2088 3333 2173 liquet
3374 2102 3564 2173 vulpes
3597 2104 3709 2156 has
3752 2110 3869 2155 tam

2261 2192 2513 2245 subdolus
2539 2192 2592 2245 et
2626 2206 2846 2261 rapaces
2870 2207 2969 2246 nec
3000 2189 3305 2246 ambulasse
3337 2193 3387 2246 in
3423 2201 3610 2246 monte
3668 2192 3871 2245 eathc-

2263 2280 2379 2335 licae
2409 2278 2560 2344 Sion,
2600 2297 2758 2351 quem
2792 2299 2889 2337 nec
2933 2284 3227 2337 ascendere
3280 2292 3595 2352 potuerunt.
3643 2282 3709 2336 lu
3756 2299 3869 2352 qua

2265 2381 2485 2441 tamen,
2537 2379 2830 2430 secundum
2876 2377 3285 2431 testimat'onetn
3319 2415 3333 2438 ,
3387 2371 3528 2445 vulgi
3577 2374 3870 2429 credemis

2248 2465 2402 2543 tales
2455 2464 2710 2519 Ecclesitc
2743 2464 2834 2519 Dei
2882 2463 3207 2535 principari,
3249 2464 3330 2517 vel
3385 2464 3697 2518 doctrinam
3747 2462 3868 2530 ejus

2252 2554 2519 2621 ’scrutari,
2552 2555 2856 2633 ambulasse
2876 2556 3152 2623 dicuntur,
3202 2555 3430 2611 Domino
3476 2570 3575 2625 per
3619 2556 3867 2625 prophe-

2266 2659 2372 2706 tam
2405 2652 2651 2705 dicente:
2682 2667 2700 2701 ι
2735 2649 2835 2723 ipsi
2865 2658 3226 2722 regnaverunt
3250 2659 3305 2705 et
3336 2665 3439 2702 non
3463 2664 3528 2703 ex
3555 2663 3665 2701 me.
3705 2646 3867 2700 Prii:-

2263 2745 2410 2812 eipes
2431 2743 2758 2797 exstiterunt
2789 2752 2841 2795 et
2870 2758 2973 2795 non
3003 2741 3227 2812 cognovi
3278 2739 3422 2812 (Θδε.
3451 2755 3570 2803 ιἰιι,
3597 2738 3681 2806 4).
3722 2756 3745 2790 ι
3797 2738 3864 2797 Et

2264 2831 2390 2884 alibi
2417 2845 2431 2883 :
2479 2848 2498 2880 ‹
2526 2830 2726 2884 Omnes
2755 2830 3025 2901 principes
3054 2831 3169 2900 ejus
3197 2837 3357 2883 erunt
3377 2829 3431 2881 in
3460 2828 3696 2881 nihilum
3724 2826 3861 2897 (lea.

2264 2938 2449 2986 xxxiv,
2476 2922 2579 2993 i2).
2615 2940 2633 2973 ι
2673 2921 2744 2976 iis
2778 2923 2975 2992 quibus
3007 2923 3193 2993 utique
3223 2930 3494 2976 trecentas
3516 2920 3713 2991 vulpxs
3745 2920 3857 2974 for-

2268 3013 2508 3068 tissimus
2538 3013 2624 3068 ille
2667 3013 2895 3070 Samson
2954 3016 3130 3086 typicc
3174 3015 3338 3085 cepit,
3393 3024 3468 3079 ct,
3510 3023 3572 3068 ut
3615 3012 3859 3069 Historia

2269 3102 2452 3166 refert,
2490 3106 2690 3159 caudas
2715 3121 2901 3161 eorum
2932 3106 3167 3161 revinxit
3206 3107 3274 3160 ad
3316 3105 3537 3168 caudas,
3596 3115 3657 3158 et
3708 3104 3860 3160 faces

2266 3194 2748 3265 ligavitinmetlio,
2780 3212 2915 3267 quas
2964 3197 3086 3268 igne
3113 3197 3465 3257 succendens,
3513 3196 3752 3259 dimisit,
3802 3207 3858 3250 ut

2266 3289 2372 3343 huc
2399 3287 2629 3358 illucque
2660 3289 3048 3345 discurrerent.
3079 3290 3209 3357 Qua:
3255 3291 3439 3344 statim
3492 3301 3856 3360 perrexerunt

2267 3382 2319 3436 in
2343 3390 2554 3450 segetes
2572 3381 3007 3447 Philistinorum,
3036 3382 3232 3452 quibus
3270 3382 3551 3437 succensis
3606 3389 3667 3435 et
3715 3397 3857 3436 como

2265 3486 2492 3550 portate
2510 3477 2623 3547 jam
2654 3474 2861 3546 fruges,
2882 3483 2937 3529 et
2958 3474 3137 3530 adhuc
3179 3482 3386 3528 stantes
3417 3473 3469 3527 in
3498 3472 3700 3542 stipula
3730 3489 3857 3528 cou-

2266 3579 2517 3625 crematte
2546 3577 2690 3632 sunt,
2720 3567 2773 3621 iu
2806 3575 3016 3621 tantum
3054 3575 3111 3620 ut
3137 3567 3322 3620 vineas
3343 3579 3557 3635 quoque
3583 3575 3638 3619 et
3654 3564 3854 3617 oliveta

2266 3660 2479 3715 flamma
2532 3664 2894 3711 consumeret.
2935 3656 3088 3723 Quod
3120 3655 3326 3709 factum
3356 3656 3410 3708 in
3442 3653 3676 3724 ﬁguram
3723 3670 3853 3707 cou-

2269 3750 2454 3821 tigisse
2478 3748 2604 3812 illis,
2637 3757 2691 3801 et
2718 3746 2785 3800 ad
2815 3754 3054 3801 nostram
3083 3745 3381 3800 doctrinam
3405 3746 3670 3813 scriptum
3696 3758 3856 3797 nemo

2266 3841 2494 3913 anthigit
2518 3840 2610 3911 qui
2646 3839 2794 3893 Pauli
2824 3838 3118 3910 Evangelio
3162 3837 3358 3894 credit.
3418 3837 3705 3906 Siquidem
3754 3835 3854 3889 Do-

2268 3932 2446 3986 minus
2477 3940 2664 3985 noster
2685 3927 2845 3984 Jesus
2875 3928 3144 3989 Christus.
3165 3927 3498 3983 fortissimus
3524 3927 3771 3979 omnium
3793 3935 3850 3979 et

2269 4021 2491 4085 zelotes,
2515 4036 2622 4076 uo-t
2654 4018 2832 4073 ferens
2854 4033 3100 4082 uxorem,
3128 4033 3291 4088 quam
3313 4032 3378 4070 ex
3409 4016 3663 4087 gentibus
3688 4015 3853 4069 duxe-

2271 4122 2374 4178 rat,
2406 4110 2627 4165 cuilibet
2649 4110 2740 4177 alii
2766 4119 3011 4179 nuptam,
3033 4109 3100 4165 ad
3135 4117 3294 4163 tanta:
3318 4106 3531 4175 injuria:
3559 4121 3671 4160 sua:
3697 4106 3850 4159 ultio-

2268 4220 2412 4269 nem,
2441 4220 2535 4258 eos
2556 4203 2647 4272 qui
2672 4202 2945 4272 sapientes
2969 4210 3129 4257 erant
3153 4209 3212 4255 ιιι
3234 4200 3478 4253 l‘acereut
3505 4198 3671 4261 mala,
3716 4198 3850 4250 bene

2234 4307 2447 4365 .autem
2478 4293 2660 4357 facere
2710 4294 3042 4359 nesciebant,
3092 4292 3145 4347 in
3193 4291 3386 4346 astutia
3436 4305 3651 4353 eorum,
3700 4289 3847 4357 quasi

590 4378 662 4432 tis
691 4393 900 4442 earmn,
933 4392 1092 4447 quam
1124 4378 1202 4431 eis
1239 4378 1350 4445 ipse
1391 4377 1639 4431 restituet
1666 4372 1837 4447 (Paul.
1882 4391 1973 4441 xv,
2006 4374 2060 4445 5)
2087 4370 2163 4427 to-

2271 4387 2476 4456 vulpes,
2503 4370 2931 4456 comprehendit,
2964 4399 3085 4455 qua:
3105 4399 3200 4441 ccc
3230 4397 3455 4437 munero
3474 4382 3593 4435 illas
3620 4382 3848 4445 luereses

592 4467 753 4522 lusiu
783 4467 1028 4537 singulis,
1068 4484 1292 4537 qumque
1330 4465 1553 4534 singula:
1607 4476 1731 4520 tota:
1782 4467 1832 4520 in
1879 4466 1995 4538 ipso
2032 4473 2163 4529 toto,

591 4569 651 4614 ut
675 4562 781 4613 sint
803 4575 990 4613 onmes
1009 4568 1398 4613 consnnuualm
1422 4559 1474 4611 in
1499 4574 1664 4611 unum
1686 4556 1868 4629 (Joan.
1895 4573 2025 4622 xvu,
2047 4554 2164 4622 25),

589 4652 765 4722 sitque
797 4651 939 4706 Deus
970 4667 1108 4705 unus
1152 4651 1424 4714 omnibus,
1470 4659 1525 4705 et
1575 4650 1761 4705 onmia
1810 4651 1864 4704 in
1909 4651 2167 4705 omnibus

562 4724 641 4816 ¹(1
672 4742 794 4798 Cor.
820 4758 909 4807 xv,
945 4741 1057 4813 28).
1090 4742 1164 4796 Ita
1193 4757 1324 4796 sane
1360 4740 1474 4811 ipse
1502 4742 1731 4813 populus
1768 4741 1884 4813 ejus
1907 4750 2089 4805 erunt,
2112 4751 2168 4816 et

590 4814 719 4904 ipse
742 4836 881 4890 Deus
918 4849 1040 4889 cum
1069 4833 1147 4888 eis
1176 4832 1284 4887 erit
1311 4849 1498 4888 earum
1534 4835 1671 4888 Deus
1718 4828 1906 4906 (Zaclt.
1938 4847 2053 4894 vttt,
2085 4814 2162 4903 8).

661 4927 900 4993 Quarum
968 4926 1181 4981 unicam
1242 4926 1641 4996 simplicitatem
1693 4930 1819 4996 quia
1872 4910 2167 4979 abhorrent
2239 4986 2247 4993 .

590 5016 828 5084 prtei'atae
857 5016 1170 5088 vulpeculae,
1222 5014 1465 5071 habitant
1516 5017 1839 5071 solitudines
1871 5017 2163 5068 (Erat-ouum

589 5118 649 5162 et
671 5108 1030 5162 struthionum
1059 5108 1281 5173 deserti,
1309 5107 1535 5177 privata:
1578 5107 1835 5177 przcclara
1864 5113 1919 5159 et
1946 5104 2170 5174 populo-

595 5212 654 5252 sa
706 5198 1015 5255 haereditate
1058 5201 1215 5255 unius
1253 5200 1409 5254 ovilis
1449 5200 1712 5268 uniusque
1758 5198 2012 5267 pastoris.
2038 5182 2167 5263 Quae

590 5290 846 5336 nunniam
883 5307 1261 5336 nnnmlnmmm
1294 5290 1684 5336 nagtnralitnliu
1722 5289 1802 5336 vel
1829 5289 2023 5336 divina!
2044 5303 2158 5336 sne.-

2267 4478 2577 4547 exprimunt
2615 4477 3011 4541 tantummodo,
3067 4490 3187 4547 quae
3236 4474 3337 4529 sibi
3399 4472 3734 4546 applnuduut
3784 4469 3847 4533 de

2266 4569 2485 4625 nomine
2531 4568 2874 4634 Christiano,
2934 4567 3076 4624 sicut
3134 4567 3466 4633 Simoniaca,
3518 4562 3841 4627 Sabelliana,

2266 4661 2492 4725 Ariana,
2520 4671 2574 4715 et
2604 4660 2847 4730 reliquae,
2904 4659 3145 4728 exceptis
3192 4658 3493 4713 haeresibus
3539 4655 3838 4719 Judaeoruga

2267 4759 2322 4803 et
2348 4765 2703 4820 paganorum,
2730 4749 2927 4819 quibus
2951 4747 3246 4817 cruciﬁxus
3273 4744 3542 4811 Christus,
3573 4752 3669 4797 aut
3694 4757 3839 4809 scatt-

2287 4840 2448 4896 lalntn
2479 4851 2583 4907 est,
2611 4852 2705 4896 aut
2725 4840 2976 4913 stultitia.
3242 4900 3248 4909 η

2840 4930 2922 4985 (Ἀ
2935 4929 3066 4985 PUT
3093 4925 3282 4995 XXlli.

2479 5021 2741 5093 Alicgoria
2765 5023 2828 5084 de
2853 5021 3084 5090 vulpibus
3115 5038 3146 5073 α
3176 5020 3425 5074 Sanusne
3450 5017 3636 5085 captis.
3662 5082 3665 5085 _
3790 5076 3795 5083 ,

2338 5114 2491 5183 Quod
2522 5124 2701 5187 autem
2736 5122 3104 5167 trecentorum
3136 5125 3392 5165 numerus
3436 5107 3832 5163 universitatem

2266 5203 2717 5264 Christianorum,
2751 5194 2914 5277 cruce
2943 5203 3144 5257 Christi
3193 5202 3549 5271 signatorum,
3578 5199 3830 5269 designet.

2272 5292 2418 5336 'I'Inm
2446 5292 2623 5336 littora
2654 5293 2909 5336 nelmulit-
2957 5309 3094 5336 num-
3152 5292 3329 5336 cruri;
3371 5290 3691 5336 charactere
3732 5286 3830 5336 fur-
