4064 5394
251 302 394 360 109⁸1

859 296 1223 355 ᾹῘΝΕΒΞΠΒ
1260 295 1667 354 SIMONIACOS
1703 294 1823 352 ιιιιι

1923 294 2116 350 τιιες.
2154 326 2223 337 --
2258 294 2456 352 LIBER
2497 296 2875 355 SECUNDUS.

3368 298 3504 354 1098

256 434 284 468 c
314 414 488 486 Super
508 427 666 485 quem
697 411 940 468 videritis
960 411 1132 477 Thau,
1158 427 1227 467 ne
1253 412 1590 467 interliciatis
1614 409 1829 482 (Em-It.
1866 416 1906 472 Α
1935 407 2857 475 hoc,nisiutinnotescathmreticos
2870 413 2954 469 vel
2966 412 3399 471 fautoreseornm
3417 432 3504 472 vc-

250 521 337 567 Ix.
360 505 437 577 6).
476 525 495 558 ι
517 504 668 572 Quod
698 505 1057 559 characteret
1074 502 1310 559 C‘edeoni
1344 501 1516 566 aﬁ'uit,
1547 502 1634 556 ubi
1655 500 1837 555 divino

244 599 480 657 oraculo
509 601 804 655 instructus
833 599 886 652 in
923 598 1181 653 trecentis
1208 596 1340 651 viris
1366 595 1684 651 Madianitas
1710 607 1835 662 pro-

239 692 468 757 stravit,
518 692 571 745 in
605 690 776 762 ﬁgura
797 688 966 744 nostri
1000 688 1287 751 Gedeonis,
1336 687 1427 758 qui
1473 701 1661 757 gyrum
1710 684 1831 740 caeli

237 781 602 846 circumiens,
632 780 687 834 in
724 789 881 835 utero
909 777 1149 848 Virginis
1183 786 1327 833 totus
1369 777 1591 830 mansit.
1627 774 1747 837 llic,
1778 774 1831 828 in

238 876 516 932 trecentis
554 873 778 928 armatis
835 872 976 927 tubis
1002 870 1300 941 spiritualis
1325 867 1723 939 praedicationis
1749 865 1831 919 la-

233 967 403 1035 genis
438 980 714 1035 corporea:
732 963 1041 1034 fragilitatis
1069 970 1124 1017 et
1164 960 1504 1029 lampadibus
1543 957 1831 1012 miraculo-

232 1072 369 1111 rum
406 1056 731 1116 divinitatis.
774 1054 1030 1107 mundum
1075 1050 1320 1113 devicit,
1370 1056 1427 1104 et
1483 1046 1648 1101 vincit
1695 1061 1831 1115 quos

230 1147 569 1217 semetipsos
597 1145 888 1217 abnegare,
912 1152 966 1199 et
987 1156 1206 1197 crucem
1229 1153 1383 1193 suam
1427 1136 1614 1191 tollere
1667 1144 1828 1205 atque

232 1244 372 1306 post
395 1250 454 1291 se
482 1236 670 1290 venire
698 1234 902 1289 docuit.
939 1232 1179 1299 Quorum
1212 1229 1327 1295 Sol,
1362 1229 1414 1283 id
1458 1237 1544 1285 est
1570 1226 1823 1291 Samson,

228 1335 373 1395 post
399 1326 538 1389 lucc,
596 1327 723 1395 quia
755 1339 859 1380 non
889 1332 973 1379 est
997 1324 1089 1395 qui
1122 1338 1180 1379 se
1211 1321 1508 1377 abscondat
1563 1334 1591 1371 a
1647 1317 1827 1372 calore

228 1416 365 1486 ejus
384 1425 441 1471 et
467 1416 695 1480 clarure,
724 1415 792 1470 ab
828 1414 953 1468 ovili
980 1413 1233 1469 Ecclesiae
1258 1425 1389 1472 sine,
1417 1422 1577 1480 quam
1600 1406 1826 1477 iustitiae

227 1506 415 1560 radiis
436 1504 814 1577 prolundehat,
843 1504 1058 1559 dolosas
1082 1512 1136 1557 et
1161 1502 1466 1555 immundos
1495 1498 1681 1567 vulpes
1716 1497 1824 1550 hm-

227 1609 441 1650 reseon
477 1603 703 1650 venatus
755 1592 1040 1663 separavit,
1087 1592 1269 1662 specie
1315 1590 1529 1659 quidem
1582 1587 1819 1657 pietatis,

227 1689 340 1742 sed
381 1703 491 1744 non
524 1687 724 1743 virtute
777 1694 1073 1753 trecentas,
1126 1700 1264 1756 quas
1293 1685 1482 1739 caudis
1520 1684 1586 1737 ad
1621 1682 1822 1737 caudas

1938 512 2057 551 rum
2070 497 2392 553 sacriﬁcium
2405 511 2459 554 et
2469 501 2948 557 sanctiﬁcationem
2962 503 3291 573 perdidisse?
3303 503 3359 557 In
3371 521 3507 560 mes-

1934 575 2238 644 sibusen'im
2256 597 2310 644 et
2322 591 2494 645 vineis
2506 607 2900 649 sacramentum
2917 595 3220 665 corporis-et
3231 596 3505 666 sanguinis
3543 650 3553 659 ,

1933 675 2168 742 Domini,
2200 680 2342 748 quod
2368 680 2493 735 inde
2515 682 2580 735 ad
2611 683 2981 754 vitampopuli
3008 686 3176 740 tidelis
3196 687 3500 751 conﬁcitur,

1933 780 2039 820 non
2082 766 2378 837 incongrue
2419 769 2700 838 accipitur.
2751 773 2805 825 In
2854 774 3064 828 olivetis
3110 783 3287 829 autem
3332 791 3504 832 saera:

1931 856 2200 912 unctionis
2218 856 2429 923 oleum;
2459 860 2657 929 quibus
2679 862 2817 929 apud
2843 861 2960 916 illos
2978 864 3275 927 evacuatis,
3310 881 3503 937 super-

1930 953 2016 999 est
2053 945 2159 1001 illis
2182 962 2249 1001 ex
2288 947 2536 1004 omnibus
2561 949 2941 1007 ecclesiasticis
2987 956 3340 1012 sacramentis
3389 958 3500 1014 sola

1929 1047 2068 1105 aqua
2092 1036 2450 1107 baptismatis,
2483 1040 2624 1109 quod
2660 1041 2833 1095 solum
2875 1042 2941 1097 ad
2986 1044 3157 1098 solam
3206 1049 3499 1114 perniciem

1928 1126 2059 1181 dare
2084 1137 2332 1196 possunt,
2358 1129 2497 1183 sicut
2521 1131 2771 1199 superius
2796 1133 2930 1187 satis
2953 1144 3168 1188 constat
3226 1147 3498 1192 monstra~

1931 1225 2062 1271 tum.
2089 1217 2158 1273 Et
2185 1219 2300 1272 luce
2324 1227 2472 1273 tanta
2505 1221 2645 1274 mala
2677 1224 2881 1277 noster
2919 1222 3172 1289 Samson,
3226 1225 3497 1291 Christus,

1927 1305 2120 1364 fecisse
2138 1308 2221 1362 vel
2250 1309 2429 1365 facere
2450 1311 2668 1378 dicitur,
2696 1329 2802 1368 non
2826 1316 2951 1387 quia
2996 1316 3120 1371 talia
3166 1318 3349 1387 jussit,
3405 1323 3501 1375 sed

1925 1396 2050 1467 quia
2071 1396 2217 1466 jnste
2248 1398 2362 1454 ﬁeri
2393 1402 2659 1470 permisit.
2700 1403 2897 1459 Paulus
2918 1422 3132 1477 quoque
3162 1411 3261 1465 has
3314 1412 3505 1482 vulpes

1922 1487 2330 1544 coambulantes
2356 1499 2412 1544 et
2433 1492 2741 1559 occasiune,
2770 1496 2883 1550 sive
2918 1497 3114 1553 invidia
3170 1499 3505 1559 Cruciﬁxum

1924 1576 2003 1632 sic
2028 1580 2409 1650 prmdicantes,
2438 1591 2498 1636 ut
2516 1581 2634 1651 ejus
2660 1599 2879 1640 crucem
2907 1603 3173 1644 evacuare
3193 1591 3502 1657 studerent.

1924 1669 2196 1724 cavendas
2240 1669 2675 1741 Philippensihus
2718 1676 3020 1741 denuntiat,
3066 1679 3252 1736 dicens
3280 1698 3296 1735 :
3324 1699 3346 1733 ι
3382 1682 3503 1736 lmi-

228 1778 479 1833 imkem
507 1778 804 1848 colligavit.
829 1777 1028 1833 docens
1046 1748 1196 1846 qui,
1226 1774 1472 1845 quamvis
1509 1773 1575 1827 ad
1610 1771 1820 1826 diversa
1854 1748 1898 1806 Β
1929 1765 2129 1814 latores
2157 1760 2259 1814 mei
2289 1771 2486 1828 estote,
2513 1772 2569 1818 et
2591 1775 2880 1822 ooservate
2931 1783 3027 1824 eos
3073 1772 3162 1841 qui
3209 1773 3282 1827 ita
3316 1776 3506 1830 ambu-

225 1869 526 1924 intcndaut
557 1870 722 1925 facies
754 1878 810 1922 et
832 1882 951 1933 ora,
973 1883 1138 1922 unum
1164 1876 1343 1922 tamen
1359 1879 1606 1919 errorum
1635 1861 1819 1925 ﬁnem,

223 1957 393 2012 velut
419 1973 483 2013 ex
510 1959 670 2012 unius
691 1957 931 2027 perﬁdia:
956 1956 1119 2021 nodo,
1148 1955 1332 2009 celant
1358 1965 1412 2008 et
1460 1952 1699 2008 retinent
1726 1965 1820 2005 ea-

224 2063 362 2102 rum
396 2049 718 2118 posteriora.
744 2046 901 2111 Nam,
930 2046 1181 2117 quamvis
1208 2043 1435 2111 singulae
1465 2044 1703 2098 hzereses
1736 2056 1824 2095 su-

223 2139 447 2208 perbia:
487 2154 619 2202 suae,
667 2138 814 2192 velut
862 2138 1052 2191 turrim
1097 2135 1406 2206 Babylonia:
1446 2149 1579 2199 suae,
1631 2142 1820 2187 contra

226 2226 417 2282 Deum
444 2228 669 2283 exaltari
700 2228 1001 2291 molientes,
1025 2226 1341 2280 diversitate
1392 2224 1696 2294 linguarum
1741 2222 1822 2276 di-

229 2316 454 2371 vinitus
500 2316 776 2380 confusa),
823 2316 1035 2371 diversa
1084 2316 1150 2371 de
1204 2312 1818 2385 religioneCht-istiana

224 2408 482 2461 sentiant
519 2416 574 2461 et
601 2408 803 2471 dicant,
849 2421 1075 2476 seseque
1128 2404 1305 2474 palam
1360 2404 1591 2458 invicem
1650 2403 1822 2472 impu-

224 2497 510 2566 gnent,in
540 2495 644 2550 ﬁne
677 2506 851 2550 tan'en
883 2498 1042 2551 unius
1081 2496 1374 2565 impietatis
1405 2494 1544 2549 nodo
1567 2507 1821 2548 convexm

222 2588 385 2641 clam
418 2587 766 2650 concordant,
796 2586 886 2640 ubi
914 2586 1392 2656 deprehenduntur
1423 2584 1498 2638 nil
1523 2584 1669 2638 aliud
1715 2582 1818 2635 nisi

222 2676 407 2731 ﬁdem
444 2676 667 2746 perﬁdia
697 2677 1037 2741 subvertere,
1080 2686 1135 2729 et
1189 2690 1406 2747 gregem
1457 2674 1658 2728 Christi
1716 2672 1818 2726 sibi

228 2768 483 2837 diripere
511 2777 738 2822 conatze.
769 2767 824 2821 ln
844 2782 1072 2836 quarum
1098 2748 1296 2831 medio,
1347 2766 1557 2821 scilicet
1597 2766 1651 2818 in
1692 2779 1820 2818 con-

225 2855 475 2910 nexione
512 2856 801 2909 caudarum
833 2866 1019 2911 noster
1070 2855 1296 2911 Samson
1349 2855 1495 2910 faces
1550 2852 1819 2922 apposuit,

227 2946 327 2998 ubi
358 2959 549 2998 earum
577 2945 863 3015 malignam
888 2945 1252 3007 concordiam,
1281 2960 1402 3015 ane
1453 2946 1505 2997 in
1552 2942 1659 2996 ﬁne
1694 2942 1820 3010 jun-

220 3037 473 3107 gebatur
507 3037 706 3092 mutuis
729 3046 784 3091 et
811 3038 1079 3093 inteSIinis
1119 3038 1279 3100 odiis,
1333 3036 1554 3106 zeloqne
1607 3035 1819 3089 invidia:

228 3137 431 3182 contra
461 3141 519 3182 se
543 3127 773 3182 invicem
792 3129 1103 3184 concitavit.
1131 3128 1267 3183 Hinc
1293 3136 1378 3183 est
1398 3127 1538 3197 quod
1565 3127 1691 3181 dum
1714 3141 1817 3179 una

226 3210 496 3291 quislibet
519 3219 742 3274 alteram
778 3229 901 3290 post
929 3236 987 3276 se
1011 3222 1226 3276 trahere
1253 3230 1342 3274 aut
1373 3236 1403 3275 a
1434 3237 1493 3274 se
1514 3219 1819 3289 disjungere

233 3313 475 3376 laborat,
500 3327 691 3368 omnes
711 3312 939 3367 invicem
961 3313 1325 3383 pertinacibus
1345 3312 1540 3365 animis
1556 3311 1813 3365 serviant.

234 3418 261 3452 ί
289 3390 410 3457 Νοή
436 3409 521 3457 est
547 3420 565 3453 ι
596 3403 739 3455 enim
769 3420 788 3452 ι
827 3416 929 3472 pax
967 3403 1168 3473 impiis,
1192 3402 1323 3457 dicit
1352 3402 1610 3456 Dominus
1636 3420 1653 3452 ι
1681 3400 1814 3471 (Isa.

232 3505 433 3555 nvm,
455 3490 568 3559 22).
595 3490 741 3559 Quas
764 3491 907 3548 faces
936 3502 1062 3548 tunc
1086 3482 1351 3557 accendit,
1373 3493 1588 3563 quando
1616 3493 1822 3547 irrevo-

235 3582 398 3637 cabili
423 3583 788 3648 anathemate,
812 3583 965 3651 quasi
1004 3584 1122 3653 igne
1153 3584 1347 3639 furoris
1398 3583 1501 3648 sui,
1542 3584 1632 3654 qui
1662 3585 1819 3637 arde-

234 3683 323 3729 ret
350 3689 527 3745 usque
549 3676 616 3730 ad
644 3675 837 3730 inferni
864 3676 1178 3742 novissima,
1217 3692 1315 3746 per
1342 3678 1664 3730 sententiam
1709 3690 1820 3731 sua:

238 3768 529 3822 catholicae
549 3783 736 3821 earum
764 3767 885 3822 odia
917 3769 982 3823 ad
1003 3769 1295 3838 perniciem
1320 3769 1425 3832 sui,
1451 3777 1504 3823 et
1528 3769 1816 3823 multorum

241 3869 438 3926 aperte
466 3857 837 3913 inﬂammavit.
872 3858 964 3914 Sic
984 3860 1244 3924 dimissxc,
1270 3875 1435 3927 vagm,
1484 3868 1539 3913 et
1587 3858 1819 3929 perfuga:

240 3948 350 4002 huc
380 3948 616 4017 illucque
644 3948 980 4014 discurrunt,
1007 3950 1133 4019 quia
1156 3951 1548 4004 exardescente
1572 3949 1628 4003 in
1667 3949 1819 4003 brevi

240 4043 323 4095 ira
358 4040 477 4107 Dei,
500 4041 567 4096 de
590 4041 675 4094 via
699 4039 846 4110 justa
882 4042 1160 4112 perierunt
1191 4040 1364 4111 (Psal.
1400 4057 1456 4103 ιι,
1482 4040 1565 4102 12,
1601 4040 1712 4110 l3).

313 4127 543 4184 Demnm
572 4129 896 4184 Philisthiim
925 4130 1197 4200 ingressae,
1223 4131 1404 4184 omnia
1431 4128 1678 4184 victualia
1695 4144 1824 4199 gen-

245 4223 319 4278 tis
354 4224 611 4279 adultera:
652 4230 709 4280 et
756 4224 1075 4295 alienigenae
1130 4238 1311 4280 secum
1364 4239 1819 4288 concremavere,

250 4315 377 4382 quia
408 4314 595 4385 procul
622 4315 787 4369 dubio
820 4316 1221 4370 consentientes
1253 4314 1544 4371 adulterari
1600 4330 1821 4370 uxorem

1923 1848 2056 1916 lant,
2086 1852 2223 1906 sicut
2248 1853 2511 1909 habentes
2541 1855 2770 1912 formam
2829 1869 3090 1916 nostram.
3145 1863 3296 1919 Multi
3353 1869 3498 1923 enim

1922 1940 2221 2005 ambulant,
2248 1957 2384 2013 quos
2411 1960 2552 2016 saepe
2573 1946 2819 2003 dicebam
2850 1952 3027 2018 vobis,
3066 1969 3209 2009 nunc
3244 1963 3423 2012 autem
3448 1970 3504 2013 et

1921 2027 2056 2085 ﬂens
2076 2031 2214 2097 dico,
2250 2033 2501 2089 inimicus
2546 2039 2729 2092 crucis
2780 2038 2982 2095 Christi
3042 2040 3261 2115 (Philip.
3296 2063 3382 2113 ιιι,
3410 2051 3499 2113 Π.

1923 2121 2045 2191 18);
2077 2141 2095 2174 ι
2131 2138 2361 2193 quarum
2382 2125 2572 2181 caudis
2601 2126 2778 2197 ignem
2804 2144 2917 2184 suae
2958 2133 3277 2200 perditionis
3320 2136 3506 2194 inesse

1921 2210 2325 2279 demonstrans,
2372 2214 2690 2287 subjungit:
2722 2238 2742 2269 ι
2794 2219 3032 2286 Quorum
3081 2222 3204 2279 ﬁnis
3244 2225 3503 2284 interitus

1921 2300 2110 2374 (lbid.,
2142 2303 2249 2374 l9).
2281 2323 2300 2357 ι
2344 2305 2569 2372 Deinde,
2615 2317 2671 2362 nt
2724 2311 3020 2384 physiologi
3062 2326 3330 2382 nstruont,
3386 2321 3506 2374 vui-

1919 2406 2015 2460 pes
2039 2391 2283 2448 famelica
2315 2395 2366 2449 in
2395 2395 2569 2452 locmn
2599 2402 2898 2470 squalidum
2929 2420 2987 2460 se
3009 2407 3246 2475 proiicit,
3274 2421 3329 2464 et
3360 2426 3506 2465 mor-

1921 2489 2067 2535 tuam
2096 2484 2268 2553 lingit,
2301 2486 2488 2556 sicque
2514 2502 2643 2543 aves
2696 2491 2838 2546 male
2884 2496 3130 2551 credulas
3172 2499 3355 2555 subito
3392 2504 3499 2556 sibi

1918 2573 2111 2648 arripit
2140 2585 2196 2629 et
2221 2576 2438 2631 occidit.
2468 2579 2620 2645 Quod
2641 2591 2858 2638 constat
2888 2602 3273 2660 nonnunquam
3318 2592 3499 2651 facere

1922 2664 2222 2728 haereticos,
2258 2667 2371 2734 qui,
2403 2676 2679 2724 terrenum
2726 2672 2932 2728 lucrum
2956 2686 3048 2729 aut
3090 2682 3398 2749 popularem
3426 2686 3501 2737 ta.

1920 2768 2105 2808 vorem
2134 2756 2461 2824 esurientes,
2494 2770 2738 2816 mortuos
2767 2779 2826 2818 se
2855 2766 2979 2820 huic
3024 2771 3223 2825 mundo
3268 2777 3500 2843 quadam

1919 2849 2251 2905 continentia
2284 2851 2562 2919 simulant,
2605 2864 2663 2910 et
2702 2858 2919 2913 animas
2973 2861 3214 2919 volantes
3260 2868 3501 2938 quidem,

1920 2943 2013 2996 sed
2040 2943 2216 3000 adhuc
2259 2947 2530 3012 carnales,
2583 2964 2806 3006 securas
2850 2955 3229 3022 periculorum
3259 2959 3499 3026 effectus,

1845 3082 1891 3142 Ο
1921 3049 2015 3087 sua
2045 3034 2266 3103 perﬁdia
2289 3039 2645 3109 strangulant,
2678 3051 2734 3098 et
2761 3043 3025 3100 diabolum
3079 3064 3262 3103 secum
3308 3052 3499 3107 incor-

1920 3132 2134 3192 porant.
2166 3124 2244 3179 Ex
2267 3126 2466 3195 quibus
2496 3129 2662 3183 etiam
2695 3130 2935 3187 Herodes
2983 3136 3213 3202 exstitit,
3260 3141 3350 3208 qui
3399 3141 3501 3195 ﬁn-

1918 3216 2076 3285 gebat
2098 3230 2156 3271 se
2184 3214 2367 3271 Jesum
2397 3218 2670 3289 signorum
2695 3223 2866 3290 gratia
2895 3239 3093 3293 cupere
3112 3227 3314 3293 videre,
3336 3245 3496 3299 quem

1917 3309 2192 3376 quaerebat
2223 3309 2492 3364 occidere.
2524 3310 2677 3366 Unde
2703 3322 2758 3366 et
2794 3313 2909 3383 ipse
2950 3315 3207 3371 Dominus
3240 3318 3341 3372 sibi
3394 3321 3497 3374 hoc.

1919 3399 2351 3455 renuutiantibns
2375 3403 2688 3471 respondit:
2713 3419 2732 3453 ι
2763 3401 2859 3467 lte,
2884 3404 3044 3459 dicite
3068 3405 3210 3476 vuipi
3234 3407 3308 3462 illi
3341 3407 3493 3480 (Luc.

1919 3505 2038 3553 xm,
2068 3490 2191 3562 32),
2223 3510 2241 3542 ι
2277 3493 2418 3561 quod
2447 3494 2724 3549 evidenter
2767 3495 2819 3549 in
2853 3494 3110 3551 Passione
3143 3511 3496 3566 monstratur,

1918 3582 2007 3635 ubi
2037 3579 2193 3635 iesns
2223 3582 2411 3638 illusus
2437 3593 2492 3637 et
2516 3594 2732 3653 spretus
2755 3587 2823 3641 ab
2848 3586 2956 3651 illo,
2981 3596 3035 3641 et
3060 3588 3311 3644 universo
3339 3606 3498 3645 exer-

1915 3673 2026 3727 citu
2056 3671 2174 3741 ejus
2207 3683 2456 3728 narratur
2477 3673 2626 3746 (Luc.
2654 3691 2811 3738 nm,
2842 3677 2949 3745 Η).

2473 3752 2703 3825 catur
2742 3769 2928 3825 xxw.

2114 3856 2341 3912 Collatia
2368 3867 2580 3921 natium
2605 3859 2763 3913 ludit
2787 3871 2835 3913 et
2871 3861 3312 3915 Simoniacorum.

1991 3947 2098 4001 Sed
2146 3947 2276 4002 hinc
2319 3946 2432 4015 jam
2483 3948 2645 4003 ﬁnem
2702 3949 3057 4019 proditionis,
3112 3958 3166 4003 et
3214 3952 3506 4020 proditoris

1921 4038 2120 4095 Christi
2142 4041 2575 4106 consideremus,
2611 4049 2668 4096 et
2688 4055 2753 4096 ex
2812 4041 3097 4097 collatione
3145 4042 3288 4099 illius
3321 4055 3500 4101 actum

1923 4142 1978 4185 et
2005 4132 2257 4186 meritum
2315 4131 2650 4202 proditorum
2702 4130 2942 4203 Spiritus
2985 4134 3158 4189 sancti
3204 4136 3505 4207 perpenda-

1927 4237 2067 4276 mus.
2093 4220 2261 4276 Judas
2291 4231 2563 4277 mercator
2588 4225 2851 4293 pessimus
2873 4226 2986 4280 suis
3014 4226 3188 4297 inquit
3214 4227 3498 4298 complici-

1924 4311 2026 4366 bus
2051 4327 2065 4365 :
2095 4328 2114 4361 ι
2144 4311 2530 4381 Quemcunque
2553 4313 2825 4369 osculatus
2840 4312 3022 4379 fuero,
3048 4315 3162 4386 ipse
3185 4325 3292 4381 est,
3318 4324 3500 4372 tenete

244 4402 476 4470 Christi,
508 4405 629 4475 igne
646 4404 776 4474 justi
806 4402 996 4473 judicii
1026 4404 1159 4472 ejus,
1189 4420 1349 4475 quem
1374 4405 1428 4459 in
1455 4404 1561 4459 ﬁne
1595 4420 1692 4460 suo
1716 4406 1819 4460 hm-
1849 4414 1901 4474 D
1926 4418 2074 4469 eum,
2102 4412 2159 4459 et
2183 4404 2362 4460 ducite
2395 4416 2552 4460 caute
2566 4404 2791 4478 (Matth.
2818 4422 2967 4473 xxvi,
2993 4408 3107 4477 48).
3142 4426 3165 4459 ι
3202 4408 3500 4463 Simoniaci

258 4508 425 4559 reses,
465 4508 717 4565 tanquam
751 4498 805 4550 in
830 4497 1038 4561 caudis,
1069 4496 1360 4562 advehunt,
1407 4496 1667 4567 quidquid
1697 4496 1821 4551 boni

258 4583 546 4649 habebant,
568 4586 840 4640 amittunt.
872 4586 1022 4642 Unde
1043 4596 1098 4643 et
1115 4587 1439 4642 Philisthiim
1465 4588 1827 4658 interpretan-

259 4677 348 4724 tur
374 4688 481 4739 ore,
518 4675 599 4730 vel
627 4675 814 4745 poculo
857 4687 1179 4742 carmentes,
1224 4688 1284 4732 ut
1326 4677 1680 4733 snbaudiatur
1729 4693 1825 4732 suo

262 4758 347 4813 vel
368 4761 554 4819 αιέειιο.
586 4765 711 4820 Sive
729 4766 873 4820 enim
897 4765 1233 4837 alienigenze,
1260 4765 1453 4837 pagani
1474 4765 1701 4832 scilicet,
1731 4780 1826 4821 seu

266 4846 424 4904 vicini
444 4866 626 4907 eorum
657 4855 939 4920 vecordes,
977 4865 1034 4910 et
1060 4855 1200 4911 male
1242 4857 1487 4910 viventes
1534 4854 1826 4910 Christiani

263 4950 360 4991 ore
387 4938 561 4996 alieno
585 4950 873 5009 corruunt,
899 4944 1326 5014 quandocunque
1364 4943 1624 4998 doctrinis
1653 4946 1826 4999 luere-

271 5026 513 5097 ticormn,
546 5047 666 5102 quae
705 5035 892 5104 utique
946 5046 1074 5089 sunt
1117 5035 1523 5098 damoniorum,
1577 5036 1826 5098 credunt,

268 5117 405 5172 sicut
424 5122 604 5178 miseri
632 5122 819 5188 Gothi,
846 5140 1075 5194 quorum
1103 5126 1192 5181 alii
1221 5144 1251 5181 a
1273 5126 1612 5196 paganismo,
1661 5127 1750 5181 alii
1800 5141 1831 5180 a

267 5209 527 5266 catholica
567 5212 671 5268 ﬁde
699 5215 767 5269 ad
791 5216 1046 5269 Arianam
1076 5216 1348 5278 haeresim,
1405 5227 1504 5282 per
1547 5218 1829 5287 imperato-

272 5308 384 5350 rem
413 5298 687 5359 Valentem
729 5317 783 5359 et
812 5305 1108 5359 Eudoxium
1160 5303 1829 5374 Constantinopolitaanm,

1923 4503 2105 4551 autem
2165 4497 2279 4550 suis
2344 4495 2698 4551 nihilominus
2752 4513 2771 4552 ς
2826 4495 3211 4569 Cujuscuuque
3260 4506 3503 4553 vestrum

1924 4586 2132 4641 orando
2158 4600 2351 4640 manus
2392 4587 2827 4658 imposuerimus,
2856 4602 2957 4643 nec
2987 4604 3161 4650 mora,
3190 4587 3416 4642 advenit
3453 4587 3502 4640 ei

1928 4674 2162 4746 Spiritus
2182 4683 2422 4741 sanctus,
2447 4692 2605 4746 quem
2638 4691 2862 4735 necesse
2901 4687 2986 4733 est
3031 4677 3284 4746 accipiat,
3334 4684 3393 4731 et
3441 4678 3507 4728 ad

1926 4764 2354 4819 ecclesiasticum
2385 4761 2619 4819 ofﬁcium
2644 4765 2815 4822 libere
2837 4768 3104 4836 agendum
3157 4764 3260 4820 sihi
3305 4773 3508 4821 teneat.

1926 4852 1985 4907 In
2013 4868 2118 4923 qua
2141 4853 2564 4921 praesumptione
2587 4854 2755 4909 multo
2778 4855 2996 4925 pejores
3029 4857 3169 4913 ﬁunt
3200 4854 3320 4920 ipso
3349 4851 3515 4923 Iuda,

1933 4946 2027 5015 qui
2054 4960 2155 5000 nec
2211 4944 2497 4998 Dominum
2532 4946 2803 5013 proditum
2851 4946 2952 5001 sibi
2996 4943 3338 5007 remamisse
3373 4957 3530 5017 puta-

1930 5034 2030 5100 vit,
2062 5048 2162 5088 nec
2206 5041 2429 5097 temere,
2490 5036 2582 5087 sed
2613 5043 2771 5088 caute
2803 5035 3116 5097 ducendum
3177 5040 3537 5104 pmnonttit,

1931 5138 2054 5178 cum
2082 5122 2171 5177 isti
2213 5119 2473 5189 Spiritum
2505 5132 2744 5177 sanetum
2768 5122 2847 5178 sic
2880 5130 3147 5191 prodant,
3174 5128 3240 5176 ut
3284 5117 3407 5176 sive
3457 5142 3546 5187 re.

1930 5212 2199 5267 mansisse
2217 5208 2468 5273 credant,
2491 5218 2546 5264 et
2571 5212 2620 5265 ei
2646 5210 2876 5279 gratiam
2926 5215 3058 5277 aliis
3088 5208 3382 5292 proditam
3446 5231 3551 5286 pm

1932 5301 2086 5357 libitu
2108 5297 2445 5354 tractandam
2473 5312 2541 5353 ex
2567 5301 2890 5356 auctoritate
2917 5300 3186 5371 jubeant.
3255 5298 3325 5354 Et
3372 5299 3552 5370 ludas
