4064 5394
609 278 745 333 ωυθ

1665 287 2018 348 HUMBERTI
2070 294 2127 350 S.
2166 296 2235 352 Β.
2275 297 2335 352 Ε.
2379 298 2787 358 CARDINAUS

3731 314 3877 371 H00

601 392 1249 495 quensuntlegitimorum
1274 399 1617 456 sacerdotum
1640 384 1879 476 propria,
1912 408 1994 463 ad
2038 422 2171 466 ocué
2194 417 2243 475 Α
2270 429 2542 485 quaquam
2596 418 2703 475 tale
2747 418 2878 490 quid
2924 426 3238 478 attentaret.
3286 422 3656 495 Cognosceret
3714 432 3869 488 enim

598 482 705 538 lum
729 482 994 550 faciendo,
1024 487 1280 557 Spiritum
1311 498 1555 546 sanctum
1586 495 1779 562 pretio,
1822 504 1881 551 ut
1929 510 2167 567 putatur,

598 573 848 640 tradunt;
884 589 1114 644 quorum
1166 579 1386 634 vocibus
1431 588 1488 634 et
1530 585 1846 640 reverentiis
1885 590 2168 645 exteriori-

592 661 714 726 bus,
745 664 887 732 quod
912 677 1229 733 responsum
1268 668 1684 726 convenientius
1722 674 2013 732 redditura
2046 677 2167 749 Spi-

589 752 697 807 ritu
727 763 937 819 sancto,
961 770 1120 845 qpam
1146 759 1287 827 quod
1309 756 1458 815 Judre
1482 776 1512 815 a
1534 760 1786 818 Christo?
1805 763 1964 832 Juda,
1981 772 2164 826 osculo

590 843 851 916 Spiritum
882 843 1058 903 Patris
1086 858 1140 903 et
1165 850 1283 904 Filii
1309 852 1514 907 tradis?
1537 856 1688 923 quasi
1724 856 1927 914 ironice
1956 861 2187 917 dicens:'

582 933 820 991 Putasne
859 952 943 992 me
969 938 1061 992 tibi
1090 939 1160 994 ita
1193 954 1531 1007 concessum,
1569 953 1628 997 ut
1679 946 1882 1000 habeas
1936 950 2157 1007 cuicun-

581 1039 686 1092 que
706 1024 940 1081 volucris
960 1026 1124 1082 etiam
1158 1027 1281 1084 ﬁcte
1316 1031 1631 1087 tradendum
1684 1044 1739 1090 et
1774 1037 2159 1109 vendendum?

583 1113 676 1167 sed
716 1128 796 1169 vae
837 1115 908 1169 illi
939 1132 1036 1186 per
1073 1133 1234 1187 quem
1274 1119 1507 1188 Spiritus
1535 1133 1754 1178 sanctus
1781 1128 1955 1196 pretio
1982 1132 2160 1187 trade-

580 1216 686 1261 tur.
712 1207 899 1264 Melius
923 1210 994 1267 illi
1023 1220 1142 1266 erat
1170 1212 1212 1267 si
1246 1226 1406 1268 natus
1426 1230 1530 1270 non
1563 1214 1773 1271 fuisset.
1829 1219 1894 1273 Et
1924 1236 2026 1275 non
2055 1223 2151 1278 ab-

577 1298 739 1353 surde
768 1298 1106 1356 Simoniacus
1132 1301 1292 1356 isthic
1312 1313 1534 1377 vocatus
1577 1315 1661 1359 est
1701 1305 1887 1373 ludas,
1943 1311 2032 1378 qui
2066 1312 2153 1366 in-

578 1397 906 1457 terprctatur
940 1391 1217 1460 confessio,
1247 1393 1373 1463 quia
1404 1395 1541 1450 sicut
1572 1395 1658 1451 ille
1686 1412 1797 1469 ore
1845 1401 2151 1457 conﬁtendo

573 1480 896 1543 ctdicendo,
929 1481 1121 1547 liahbi,
1153 1484 1414 1551 prodebat
1437 1483 1780 1553 Magistrum;
1815 1488 1895 1542 sic
1925 1499 1991 1544 ‘et
2047 1491 2150 1546 iste

571 1577 813 1623 sanctam
850 1569 1169 1626 Trinitatem
1219 1587 1315 1628 ore
1363 1576 1667 1631 conﬁtendo
1717 1587 1771 1630 et
1826 1578 2145 1647 invocanda,

569 1659 822 1715 distrahit
851 1660 1111 1730 Spiritum
1142 1674 1416 1728 sanctum,
1451 1679 1610 1734 quem
1639 1666 1972 1723 nominatum
2015 1672 2146 1728 dicit

565 1748 734 1807 Deum
790 1760 846 1807 et
895 1751 1205 1808 Dominum.
1262 1752 1458 1809 Verum
1516 1756 1711 1812 talibus
1765 1759 2141 1818 haireticorum
2177 1750 2218 1807 Β

562 1840 848 1897 conatibus
878 1841 1185 1905 nullomodo
1215 1852 1536 1913 cooperatur
1562 1845 1722 1915 Deus,
1753 1851 1846 1903 sed
1877 1850 2142 1922 malignus

559 1932 804 2004 spiritus,
832 1933 920 2003 qui
946 1932 1147 1988 Christi
1182 1935 1565 2003 proditoribus,
1617 1939 1682 1992 de
1716 1940 1912 2008 quibus
1952 1943 2032 1999 sic
2060 1945 2139 2000 di-

558 2022 747 2082 citur:
788 2023 952 2079 «llaec
981 2034 1066 2079 est
1094 2024 1227 2087 hora
1256 2036 1457 2092 vestra,
1506 2037 1562 2083 et
1599 2038 1839 2098 potestas
1884 2034 2138 2090 tenebra-

557 2132 678 2172 rum
735 2116 887 2189 (Luc.
920 2118 1200 2189 “11.55).
1242 2136 1262 2171 ι
1319 2119 1504 2190 Neque
1552 2123 1697 2176 enim
1748 2124 2001 2194 deinceps
2047 2127 2133 2181 isti

554 2218 781 2277 possunt
818 2209 1088 2278 Spiritum
1144 2219 1391 2265 sanctum
1437 2212 1559 2267 aliis
1601 2213 1802 2269 habere
1853 2216 1936 2270 vel
1991 2218 2133 2285 sibi,

551 2297 765 2355 etia‘msi
820 2298 1108 2369 aliquando
1165 2300 1486 2367 habuerint,
1536 2306 1988 2373 quemadmodum
2035 2324 2135 2365 nec

549 2386 742 2455 Judaei,
775 2404 876 2455 nec
899 2388 1066 2446 Judas
1087 2390 1387 2457 Christum,
1417 2391 1547 2463 licet
1581 2394 1693 2464 ipse
1717 2395 1867 2464 prius
1888 2410 2011 2451 eum
2041 2398 2134 2453 ha-

547 2478 746 2534 buerit.
776 2476 884 2534 Sed
909 2494 1010 2534 cur
1029 2479 1229 2534 dicitur
1254 2481 1379 2551 quia
1405 2480 1520 2551 jam
1550 2482 1751 2555 habere
1774 2500 1878 2539 non
1906 2496 2133 2556 possunt

546 2586 707 2643 quem
728 2588 826 2628 nec
856 2573 1112 2629 invocare
1136 2572 1249 2642 jam
1289 2577 1551 2644 possunt?
1609 2576 1762 2643 Quod
1794 2578 2130 2636 detestabilis

543 2662 721 2719 exitus
742 2661 895 2718 .Iuilze
915 2662 1258 2734 signiﬁcavit,
1292 2665 1402 2733 qui,
1428 2666 1641 2734 prodito
1683 2665 1921 2736 Christo,
1943 2671 2009 2724 ad
2045 2670 2128 2724 la-

542 2753 1081 2829 queum'festinavit,
1130 2755 1503 2827 condignaque
1547 2772 1648 2812 suo
1699 2758 1887 2815 sceleri
1941 2775 2126 2830 poena,

540 2845 756 2902 nudatis
773 2855 828 2922 et
853 2850 1073 2902 omnino
1106 2848 1522 2905 circumstrictis
1566 2849 1813 2907 faucibus
1864 2852 1969 2908 illis
2008 2868 2126 2922 quae

539 2937 769 2994 funestae
822 2939 942 2993 voci
1002 2940 1323 3011 proditionis
1375 2956 1501 2996 suos
1536 2954 1756 3007 ,meatus
1811 2943 1996 2999 laxare
2040 2943 2124 2999 vel

538 3028 883 3082 commodare
912 3039 1387 3098 praesumpserant,
1419 3031 1645 3099 interiit,
1671 3046 1771 3088 nec
1810 3046 1932 3103 post
1962 3050 2122 3089 veras

2272 504 2558 561 Dominum
2589 525 2693 564 non
2717 526 2875 581 posse
2912 513 3095 578 vendi,
3148 528 3249 569 nec
3303 514 3538 589 aliquem
3593 518 3870 577 resistere

2269 594 2437 667 ipsius
2473 598 2736 656 voluntati
2766 611 2820 657 et
2842 605 3118 674 potestati.
3157 603 3263 660 Sed
3288 608 3454 662 miser
3494 624 3609 664 non
3654 626 3868 681 cogne-

2251 678 2344 740 'vit
2371 686 2423 740 in
2449 703 2515 743 eo
2544 691 2645 745 nisi
2669 693 2810 760 quod
2841 694 3075 749 hominis
3105 703 3224 750 erat
3247 703 3303 751 et
3326 697 3566 755 videbat.
3617 678 3869 757 Neemi-

2266 790 2384 830 rum
2415 780 2507 848 qui
2549 794 2648 835 nec
2682 794 2744 837 ea
2774 796 2893 851 quae
2920 783 3141 839 videbat
3169 800 3237 840 ex
3294 794 3408 841 toro
3454 792 3861 859 cognoscebat.

2263 864 2388 919 dum
2418 865 2598 922 forsan
2647 868 2962 926 Pharisario
3005 871 3275 928 fermento
3311 887 3629 945 corruptus,
3682 879 3861 934 mira-

2260 958 2380 1013 enla
2405 959 2703 1016 Salvatoris
2727 963 2959 1033 principi
2985 965 3286 1022 daemonum
3335 968 3671 1025 ascribebat.
3713 969 3859 1025 Nam

2259 1050 2303 1103 si
2331 1062 2704 1120 cognosceret,
2730 1054 2918 1127 utique
2958 1056 3232 1121 crederet;
3284 1071 3408 1111 nam
3467 1071 3631 1113 nemo
3675 1059 3813 1114 cred
3840 1069 3861 1112 t

2257 1140 2398 1208 quod
2428 1141 2736 1198 nullatenus
2762 1145 3062 1214 cognoscit,
3094 1146 3345 1215 quamvis
3390 1148 3674 1203 credendo
3716 1164 3855 1219 pro—

2257 1242 2530 1293 mereatur
2556 1248 2885 1304 cognoscere
2911 1235 3225 1305 perl'ectius,
3275 1237 3417 1292 sicut
3445 1237 3582 1294 dicit
3608 1238 3857 1308 Aposto-

2253 1320 2337 1375 lus
2365 1339 2378 1375 :
2408 1342 2426 1373 ‹
2452 1322 2606 1379 Nunc
2630 1340 2903 1393 cognosco
2929 1337 3207 1395 cxpartc‘,
3265 1336 3389 1383 tunc
3419 1338 3602 1383 autem
3633 1347 3855 1401 cogno-

2252 1430 2399 1470 scam
2438 1415 2580 1471 sicut
2616 1427 2669 1471 et
2702 1420 2951 1489 cognitus
2992 1434 3108 1474 sum
3165 1421 3214 1493 (Ι
3251 1421 3370 1474 Cor.
3408 1438 3527 1489 xui,
3559 1424 3677 1494 l2).
3717 1443 3737 1476 ι
3786 1425 3857 1478 Et

2251 1508 2419 1563 alibi:
2482 1526 2500 1559 ι
2532 1509 2934 1579 Cognoscentes
2964 1513 3134 1567 Deum
3168 1533 3186 1565 ι
3240 1515 3449 1570 scilicet
3500 1531 3601 1585 per
3650 1515 3850 1577 ﬁdem,

2254 1615 2273 1649 ι
2308 1599 2508 1668 cogniti
2545 1600 2677 1654 estis
2705 1602 2774 1655 ab
2802 1617 2867 1656 eo
2899 1601 2949 1672 (Ι
2985 1601 3108 1657 Cor.
3143 1618 3255 1668 vm,
3278 1604 3354 1674 5).
3390 1623 3409 1655 ι
3454 1604 3560 1660 Sed
3585 1607 3718 1675 quis
3740 1608 3852 1660 hoc

2248 1689 2315 1744 de
2350 1688 2485 1745 Juda
2517 1692 2721 1747 carnali
2752 1702 2807 1747 et
2833 1695 3043 1750 mortali
3080 1697 3334 1768 ambiget,
3362 1712 3488 1751 cum
3520 1697 3669 1752 idem
3703 1699 3853 1768 Apo-

2249 1782 2422 1837 stolus
2485 1792 2699 1838 asserat
2749 1784 2954 1839 nullmn
3009 1788 3314 1857 principum
3366 1788 3526 1859 hujus
3599 1792 3793 1845 saeculi
3831 1831 3849 1852 ,

2243 1872 2493 1942 quamvis
2520 1874 2822 1930 subtilioris
2851 1885 2904 1931 et
2938 1877 3261 1932 immortalis
3312 1889 3543 1944 naturze,
3599 1889 3662 1935 ut
3706 1892 3847 1951 puta

2242 1961 2543 2032 spiritualia
2586 1966 2841 2033 nequitiae
2867 1967 2919 2019 in
2951 1966 3263 2022 cmlestibus
3319 1970 3580 2033 existant,
3636 1986 3845 2038 cogno-

2237 2051 2383 2106 visse
2406 2052 2740 2108 iucarnatam
2770 2056 2860 2110 Dei
2886 2056 3063 2111 Patris
3117 2058 3488 2131 Sapientiam?
3539 2079 3558 2111 ι
3592 2061 3650 2115 Si
3686 2064 3844 2115 enim

2237 2144 2632 2213 cognovissent,
2669 2162 2941 2218 nunquam
2971 2148 3253 2204 Dominum
3283 2151 3467 2221 glorise
3514 2154 3838 2208 cruciﬁxi-'-

2234 2240 2359 2287 sent
2383 2231 2433 2304 (I
2456 2232 2578 2289 Cor.
2603 2250 2662 2302 ιι,
2686 2235 2762 2300 8).
2800 2255 2820 2289 ι

2802 2347 3028 2405 CAPUT
3067 2350 3228 2405 XXV.

2232 2438 2313 2494 De
2350 2440 2586 2515 eo_quod
2619 2439 2946 2515 Judassine
2975 2441 3080 2509 ﬁde
3118 2443 3376 2511 pmm'tuit,
3422 2454 3471 2498 et
3509 2446 3655 2515 quod
3697 2464 3837 2501 ron-

2302 2511 2615 2564 seutientes’
2649 2512 2971 2582 principibus
3038 2516 3373 2565 sacerdotum
3444 2511 3554 2583 ﬁde
3620 2520 3829 2588 privati

2300 2589 2439 2634 συηι.

2300 2672 2406 2727 Sed
2440 2685 2506 2726 ne
2536 2672 2676 2727 forte
2708 2672 2996 2743 opinentur
3021 2688 3143 2729 eum
3179 2673 3477 2732 credidisse
3516 2678 3609 2732 ubi
3639 2681 3821 2749 pumi-

2230 2765 2395 2820 tuisse
2423 2772 2478 2820 et
2506 2765 2737 2836 pretium
2772 2765 3023 2821 retulisse
3053 2766 3269 2838 legitur,
3310 2770 3562 2824 noverint
3585 2770 3820 2826 abusive

2228 2848 2507 2910 dicendam
2549 2856 2923 2925 pmnitentiam
2976 2857 3110 2922 illic,
3152 2874 3277 2913 cum
3322 2861 3542 2930 proprie
3583 2862 3818 2916 tristitia

2227 2944 2408 3000 saeculi
2437 2945 2621 3010 fuerit,
2639 2962 2756 3015 qua:
2780 2956 3006 3002 mortem
3026 2958 3302 3017 operatur,
3320 2964 3427 3003 non
3452 2950 3567 3014 illa,
3585 2964 3733 3022 quae,
3759 2962 3820 3005 ut

2227 3034 2303 3087 ait
2330 3033 2639 3102 Apostolus,
2669 3052 2688 3087 ι
2710 3035 3002 3113 secundum
3026 3036 3192 3091 Deum
3216 3047 3320 3103 est,
3347 3048 3403 3092 ct
3424 3041 3817 3108 paenitentiam

536 3136 701 3176 voces
724 3120 878 3177 mala:
910 3123 1347 3193 machinationis,
1402 3141 1502 3181 nec
1548 3137 1670 3197 post
1704 3128 1883 3185 "ﬁctos
1920 3129 2121 3203 pejoris

2234 3120 2277 3175 in
2301 3094 2533 3176 salutem
2552 3094 2797 3179 stabilem
2823 3125 3178 3197 operatur(ll
3207 3094 3447 3193 C01:.\’ll.,
3472 3128 3582 3198 10).
3609 3148 3631 3181 ι
3649 3094 3819 3184 Deni-

539 3212 967 3283 supplicationis,
997 3230 1099 3270 nec
1125 3229 1251 3271 vere
1273 3233 1372 3271 nec
1392 3218 1517 3273 ﬁcte
1548 3220 1713 3274 Deum
1744 3221 1996 3279 invocare
2023 3240 2121 3294 po-

540 3306 661 3358 tuit.
686 3303 850 3373 Cujus
875 3320 980 3359 non
1012 3306 1281 3361 immerito
1304 3317 1579 3378 anguntur
1610 3311 1844 3377 arteria,
1905 3323 1963 3366 ut
2004 3314 2117 3382 jam

538 3409 638 3449 nec
674 3395 890 3449 vitalem
922 3395 1106 3450 [latum
1161 3397 1368 3468 possint
1407 3399 1654 3455 emittere
1680 3439 1695 3464 ,
1750 3416 1870 3471 quae
1916 3411 2118 3461 ten-ere

535 3501 567 3539 e
590 3484 834 3540 riserunt
860 3501 1044 3542 vocem
1077 3503 1261 3542 ausam
1290 3488 1705 3558 Redemptorem
1760 3494 1945 3548 mundi
1988 3510 2117 3550 ven-

538 3578 689 3631 dere.
711 3574 861 3632 Unde
881 3595 898 3626 ‹
916 3591 1207 3647 suspensus
1234 3577 1438 3647 crepuit
1456 3579 1697 3645 antedius,
1723 3592 1778 3636 et
1798 3581 1964 3637 ell‘usa
1990 3594 2116 3639 stmt

536 3668 717 3723 onmia
740 3669 943 3723 viscera
968 3669 1228 3739 cjus(Act.
1255 3683 1295 3736 ι,
1322 3669 1429 3741 18).
1450 3688 1469 3722 ›
1500 3669 1609 3726 Nec
1630 3687 1968 3730 communem
1992 3678 2115 3733 aliis

535 3759 862 3824 lminiuibus,
896 3768 951 3812 et
977 3757 1277 3814 naturalem
1296 3755 1497 3814 exitum
1514 3762 1738 3832 spiritus
1760 3763 1876 3833 ejus
1911 3767 2112 3824 habere

533 3850 753 3916 meruit,
799 3852 889 3921 qui
935 3860 1124 3906 contra
1184 3865 1525 3907 communem
1570 3864 1778 3910 naturae
1826 3858 2109 3915 Dominum

532 3940 881 4010 conspiravit.
916 3941 1115 4012 Sicque
1137 3943 1277 3998 ccelo
1333 3953 1597 4014 terraeque
1640 3961 1889 4016 perosus,
1939 3953 2112 4005 omni-

534 4048 642 4105 que
664 4044 930 4089 creatura:
986 4035 1213 4100 invisus,
1247 4036 1391 4091 inter
1420 4048 1711 4109 utrumque
1752 4042 1932 4110 periit,
1982 4045 2107 4097 dum

2221 3225 2325 3280 que
2373 3211 2657 3267 laudabilis
2701 3214 3016 3282 poenitentia
3056 3216 3174 3269 sine
3222 3231 3317 3285 spe
3359 3232 3468 3272 non
3503 3229 3609 3281 est,
3652 3218 3819 3288 cujus

2218 3304 2516 3358 substantia
2537 3305 2669 3360 ﬁdes
2693 3315 2795 3361 est.
2829 3304 2978 3361 Unde
2999 3309 3314 3376 paenitentia
3335 3309 3508 3378 Iudae,
3534 3314 3667 3384 quia
3689 3315 3816 3369 sine

2218 3409 2311 3464 spe
2347 3394 2470 3461 fuit,
2502 3405 2717 3451 constat
2752 3398 2878 3467 quia
2910 3400 3111 3455 nullam
3148 3401 3308 3456 ﬁdem
3344 3404 3567 3472 habuit;
3613 3423 3683 3460 ac
3712 3422 3809 3475 per

2218 3489 2320 3544 hoc
2372 3489 2560 3544 videns
2602 3503 2661 3543 se
2703 3490 3038 3559 damnatum,
3086 3494 3305 3547 tristitia
3354 3496 3538 3550 surculi
3580 3498 3814 3565 ductus,

2218 3578 2406 3633 maluit
2446 3579 2788 3650 deSperando
2835 3582 2937 3637 sibi
2983 3593 3171 3652 guttur
3211 3585 3414 3640 elidere
3457 3602 3627 3655 quam
3675 3606 3811 3660 spe-

2217 3671 2385 3724 rando
2413 3668 2624 3726 fructrs
2650 3672 2840 3741 dignos
2869 3675 3202 3743 poenitentiae
3231 3674 3551 3746 suppliciter
3579 3679 3807 3735 oll‘erre.

2215 3760 2366 3828 Quod
2397 3762 2444 3816 si
2473 3762 2713 3828 fecisset,
2740 3778 2898 3820 error
2922 3765 3065 3819 haud
3093 3767 3389 3822 nocuisset.
3423 3768 3530 3824 Sed
3558 3771 3812 3840 perﬁdus

2212 3855 2302 3923 qui
2326 3855 2476 3923 prius
2502 3854 2965 3924 blasphemaverat
2995 3856 3189 3912 Filium
3218 3860 3333 3925 Dei,
3362 3876 3526 3930 quem
3552 3864 3810 3917 credide—

2212 3956 2295 4000 rat
2339 3961 2499 4015 posse
2543 3947 2722 4011 vendi,
2762 3946 2814 4000 in
2850 3947 2955 4002 ﬁne
2995 3948 3390 4018 blasphemavit
3428 3960 3486 4006 et
3524 3950 3803 4023 Spiritum

2210 4046 2478 4097 sanctum,
2514 4052 2671 4106 quem
2695 4038 2925 4092 credidit
2955 4053 3059 4093 non
3083 4054 3242 4108 posse
3270 4041 3405 4095 tanti
3446 4042 3664 4112 peccati
3694 4044 3803 4098 sibi

530 4137 678 4180 terra
707 4126 939 4180 cadaver
959 4126 1074 4197 ejus
1102 4126 1457 4183 foedissimum
1476 4140 1531 4184 et
1558 4129 1962 4209 fetidissimum,
2014 4149 2109 4187 aer

2234 4127 2420 4180 'euiam
2467 4126 2669 4198 largiri.
2710 4129 2864 4195 Quod
2910 4139 3090 4185 autem
3123 4129 3397 4186 Christum
3450 4132 3637 4188 Jcsum
3691 4150 3804 4189 non

530 4225 712 4270 autem
741 4215 986 4286 Spit'illlln
1033 4216 1411 4287 impiissunum
1442 4232 1497 4275 et
1533 4222 1952 4290 impurissimum
1982 4239 2077 4281 S'IS

530 4306 714 4375 cipere
750 4304 972 4375 refugit.
1003 4304 1338 4379 Quapropter
1370 4310 1423 4364 in
1451 4312 1703 4380 primitiis
1734 4315 1849 4368 suis
1897 4316 2107 4371 discant

2211 4215 2398 4281 Deum,
2430 4216 2520 4270 sed
2554 4220 2925 4273 tantummodo
2964 4220 3260 4288 hominem,
3293 4225 3546 4290 quamvis
3578 4225 3800 4296 justum

2207 4306 2524 4371 crediderit,
2551 4306 2818 4362 confessio
2839 4309 2958 4379 ejus
2979 4309 3231 4374 ostendit,
3257 4313 3385 4379 quia
3402 4314 3538 4369 dicit
3562 4331 3577 4368 :
3607 4333 3627 4367 ‹
3658 4313 3802 4370 Pec-

530 4395 825 4473 samoniaci
861 4397 950 4465 qui
972 4405 1027 4451 et
1059 4398 1246 4467 quales
1267 4399 1377 4454 sint
1406 4411 1460 4456 et
1481 4403 1627 4470 quod
1672 4414 2004 4460 mereamur,
2042 4408 2104 4461 [ει
2137 4431 2182 4490 η
2209 4398 2325 4451 cavi
2355 4399 2572 4454 tradens
2601 4402 2914 4470 sanguinem
2934 4400 3139 4470 justum
3171 4402 3390 4472 (Matth.
3430 4420 3609 4470 xxvtt,
3647 4405 3733 4473 4).
3773 4427 3794 4460 ι

529 4491 574 4546 si
622 4488 876 4560 primitiae
920 4488 1121 4560 duplici
1173 4492 1503 4546 contritione
1559 4504 1937 4560 conteruntur,
1996 4509 2103 4556 tam

2234 4491 2305 4544 lui
2336 4508 2457 4545 mox
2488 4493 2708 4569 pessimi
2732 4503 3005 4564 emptores
3032 4495 3468 4565 responderunt:
3508 4516 3527 4549 ι
3550 4497 3695 4565 Quid
3728 4501 3797 4555 ad

526 4581 758 4654 grandes
784 4580 962 4635 acervi
985 4596 1176 4636 eorum
1221 4584 1438 4652 quoties
1468 4590 1856 4644 conterentur?
1885 4590 2105 4647 Vident~

525 4687 593 4729 ne
635 4673 776 4742 quod
820 4680 945 4743 post
988 4673 1159 4743 ipsam
1211 4689 1400 4731 vocem
1462 4679 1788 4735 venditionis
1830 4688 2104 4752 nequeunt

525 4763 813 4819 Dominum
849 4762 1126 4829 invocare,
1171 4767 1427 4836 quoniam
1473 4780 1835 4840 angustantur
1882 4783 2099 4844 guttura

524 4856 763 4924 ipsorum
788 4853 1148 4909 inextricabili
1178 4854 1370 4928 laqueo
1398 4858 1655 4928 perﬁdiae.
1708 4861 1920 4919 Etenim
1965 4880 2103 4935 quo-

522 4945 685 5001 modo
706 4943 1031 4999 invocabant
1053 4944 1107 5000 in
1134 4960 1294 5015 quem
1324 4963 1431 5003 non
1453 4946 1836 5008 crediderunt?
1872 4957 1965 5011 sed
1991 4958 2098 5013 for-

525 5051 614 5092 san
649 5036 861 5097 cervice
887 5035 1062 5092 ferrea
1092 5038 1271 5093 adhuc
1318 5041 1628 5104 pertinaces
1652 5054 1721 5098 et'
1751 5045 1925 5103 fronte
1950 5065 2094 5104 maca

2206 4586 2337 4639 nos?
2369 4585 2448 4639 Tu
2480 4586 2678 4643 videris
2705 4588 2913 4659 (ibid.);
2954 4607 2974 4642 ι
3009 4604 3073 4645 ac
3095 4590 3141 4644 si
3171 4591 3353 4645 dicant
3383 4609 3397 4645 :
3424 4591 3567 4659 Quid
3593 4594 3663 4648 ad
3690 4610 3797 4649 nos

2207 4676 2438 4746 pertinet
2461 4675 2601 4731 istud
2630 4687 2912 4746 peccatum
2942 4688 3111 4745 ttmm,
3145 4681 3237 4751 qui
3275 4681 3621 4739 solummodo
3648 4686 3797 4739 emi-

2206 4780 2325 4819 mus
2353 4780 2511 4836 quem
2548 4767 2877 4822 vendidisti?
2911 4767 2991 4823 Tu
3026 4770 3180 4825 vides
3219 4771 3347 4841 quid
3392 4771 3618 4837 feceris,
3660 4776 3794 4843 quia

2204 4871 2323 4923 nos,
2367 4874 2525 4927 quem
2567 4868 2903 4928 emptumct
2940 4861 3194 4915 traditum
3229 4872 3356 4933 apte
3384 4866 3703 4934 accepimus
3733 4875 3793 4919 et

2207 4955 2470 5013 tenemus,
2513 4964 2617 5003 non
2655 4948 3008 5006 dimittemus.
3040 4951 3229 5006 Nonne
3276 4954 3380 5007 hac
3427 4958 3791 5031 responsione

2203 5036 2442 5103 quotidie
2491 5036 2783 5093 Simoniaei
2824 5048 3070 5104 utuntur,
3113 5043 3552 5104 quandocumque
3589 5061 3788 5101 eorum
