4064 5394
278 296 416 352 “Ol

880 296 1249 354 ADVERSUS
1287 292 1695 352 SI'SIOXIACOS
1730 293 1911 349 LIBRI
1946 291 2146 349 TRES.
2188 323 2255 333 -—-
2292 291 2492 349 LIBER
2535 289 2920 349 SECUNDUS.

3378 290 3514 346 me
3546 302 3557 327 ι

194 414 195 417 “
274 419 520 482 putatur,
544 410 768 480 gratiam
785 409 1274 465 ecclesiasticarum
1298 408 1579 471 ordinum,
1604 404 1850 461 conside-
1876 407 1925 467 Α
1954 402 2080 457 dicti
2130 413 2270 461 sunt.
2321 406 2412 474 qui
2454 420 2576 459 eum
2625 420 2733 461 non
2774 404 3060 459 credentes
3093 397 3178 457 vel
3213 401 3559 459 dubitantes'

281 509 404 557 rent
428 501 569 568 quod
601 499 870 569 principes
914 501 1254 555 sacerdotum
1291 497 1472 553 Jesum
1510 512 1669 567 quem
1706 510 1852 551 emc-

284 598 405 643 rant
440 589 609 642 turbis
644 603 870 657 quarum
918 587 1157 641 favorem
1196 588 1296 641 sibi
1325 587 1684 641 conciliarant
1722 587 1856 642 dare

255 677 659 749 'nequiverunt,
700 678 793 732 sed
835 678 1129 733 secundum
1167 678 1309 747 quod
1347 678 1429 731 eis
1452 684 1852 747 persuaserant,

281 768 607 831 Barabbam,
663 769 980 824 seditiosum
1030 768 1297 823 latronem
1347 779 1403 823 et
1449 769 1773 823 homicidam
1823 783 1854 822 a

275 855 460 923 judice
496 857 878 925 impetrarunt.
912 856 1003 911 Sic
1034 857 1199 911 miser
1229 855 1320 909 ille
1354 855 1597 926 populus,
1630 870 1858 925 persua~

284 963 376 1001 sus
404 963 434 1001 a
464 948 750 1003 Pharisaais
773 959 830 1002 et
858 950 1130 1009 seductus.
1164 948 1494 1013 Pharis'eus,
1531 949 1585 1003 id
1612 959 1698 1004 est
1724 949 1859 1003 divi-

285 1050 377 1089 sus
416 1051 445 1089 a
482 1034 591 1089 Deo
625 1035 786 1091 Patre
813 1045 868 1091 et
906 1036 1181 1108 Magistro,
1217 1036 1334 1092 fieri
1368 1039 1587 1102 meruit,
1621 1048 1677 1094 et
1717 1037 1860 1093 filius

285 1126 456 1193 patris
485 1125 566 1181 vel
606 1126 848 1197 magistri
884 1141 1073 1181 eorum
1101 1125 1261 1192 etIici,
1298 1136 1358 1181 ut
1390 1127 1645 1197 deinceps
1691 1125 1861 1181 frater

286 1217 501 1271 illorum
532 1226 694 1279 esset,
727 1217 816 1287 qui
840 1232 905 1270 ex
931 1226 1084 1287 patre
1105 1216 1321 1271 diabolo
1346 1218 1429 1272 vel
1455 1233 1517 1272 ex
1548 1216 1860 1287 magisterio

286 1306 403 1373 ejus
438 1311 612 1358 erant.
656 1303 769 1359 IIoc
808 1304 951 1360 enim
1004 1305 1390 1376 interpretatur
1434 1306 1728 1371 Barabbas,
1779 1309 1862 1361 vel

286 1395 609 1451 Barrabbas.
635 1395 751 1463 Quo
779 1395 921 1451 facto
940 1404 1144 1451 tantum
1169 1396 1289 1451 fidei
1319 1396 1571 1468 pristime~
1589 1397 1859 1453 defectum

285 1487 515 1544 incurrit
562 1496 642 1553 ut,
682 1488 774 1558 qui
823 1488 982 1557 paulo
1025 1488 1174 1558 prius
1224 1490 1450 1543 Domino
1501 1503 1623 1544 cum
1670 1490 1863 1560 palmis

285 1578 497 1651 obviam
534 1589 778 1639 venerat,
814 1586 866 1633 et
903 1579 1219 1633 vestimenta
1248 1594 1345 1633 sua
1383 1595 1670 1649 ramosque
1704 1582 1863 1635 arbo—

290 1682 406 1721 rum
435 1667 487 1721 in
522 1667 608 1721 via
646 1668 788 1724 illius
824 1676 1113 1732 straverat,
1161 1679 1216 1724 et
1254 1669 1469 1725 Osanna
1522 1670 1633 1727 ﬁlio
1673 1670 1858 1732 David,

1957 494 2145 557 Deum,
2198 495 2344 550 velut
2390 497 2663 551 hominem
2711 510 2929 565 purum,
2979 508 3079 563 pro
3123 509 3258 564 puro
3310 494 3527 549 homine

1956 583 2384 639 interﬁciendum
2415 586 2584 653 jndici
2618 586 2978 647 tradiderunt,
3019 583 3429 640 dubitabiturne
3459 600 3527 637 an

1956 680 2156 742 negent
2208 672 2469 742 Spiritum
2524 682 2769 728 sanctum
2823 674 2914 742 qui
2981 687 3041 728 se
3098 680 3348 728 asserunt
3403 687 3527 726 eum

1956 762 2177 817 omnino
2208 763 2430 818 credere
2467 765 2631 817 Deum
2660 774 2716 820 et
2758 764 3066 826 Domimnn,
3110 771 3165 817 et
3209 773 3386 817 tamen
3422 777 3527 832 pro
3556 814 3561 817 .

1957 865 2091 906 auro
2116 853 2394 906 vendunt?
2420 852 2505 914 Et,
2529 867 2563 906 o
2587 861 2791 922 quanto
2814 851 3145 907 tolerabilior
3176 851 3291 905 haec
3316 852 3532 921 negatio

1958 940 2118 1005 foret,
2141 940 2185 995 si
2218 943 2299 996 vel
2328 957 2425 1010 pro
2455 941 2671 994 homine
2700 940 2884 995 tieretl
2917 948 3068 993 tanto
3095 939 3306 1007 utique,
3331 948 3535 1008 quanto

1958 1033 2138 1102 potior
2169 1041 2256 1086 est
2282 1033 2444 1087 homo
2471 1029 2669 1101 lapide.

2523 1121 2751 1179 CAPUT
2790 1120 2980 1178 XXVI.

1964 1235 2115 1301 Quod
2148 1235 2242 1299 nil,
2287 1237 2386 1289 nisi
2416 1234 2831 1298 damnationem,
2866 1252 2897 1288 (ι
2936 1233 3254 1290 Simonideis
3277 1233 3539 1299 accipiant

2030 1309 2188 1376 etiam
2235 1307 2398 1376 gratia
2437 1306 2692 1368 ordinati,
2737 1317 2783 1358 et
2833 1306 2970 1374 quod
3016 1304 3160 1358 idola
3194 1306 3398 1374 faciant
3444 1320 3539 1373 pro

2032 1375 2247 1430 Christo
2262 1377 2426 1429 adora
2435 1376 2497 1428 ri.

2033 1483 2171 1539 ilinc
2202 1497 2425 1539 necesse
2449 1496 2568 1538 esse
2595 1481 2854 1553 colligant
2886 1483 3016 1553 quid
3054 1482 3367 1552 acceperint
3396 1497 3424 1534 a
3459 1489 3543 1534 ta-

1963 1574 2106 1630 libus
2132 1574 2369 1645 Spiritus
2395 1574 2571 1628 sancti
2602 1573 3031 1645 negotiatoribus
3055 1571 3327 1644 persuasi,
3364 1580 3421 1627 et
3461 1572 3542 1625 sic

1965 1665 2135 1733 gratis
2155 1663 2409 1719 ordinati.
2425 1661 2578 1717 Nullo
2591 1666 2749 1718 modo
2763 1664 2906 1720 enim
2932 1678 3123 1718 manus
3144 1662 3544 1733 impositionem

289 1756 611 1811 Benedictus
637 1757 727 1827 qui
754 1758 901 1811 venit
928 1759 979 1812 in
1005 1758 1221 1812 nomine
1259 1760 1491 1820 Domini.
1532 1762 1639 1814 iiex
1678 1761 1863 1823 israel,
1900 1740 1940 1798 Β
1969 1756 2297 1824 acciperent,
2331 1754 2432 1810 nisi
2462 1768 2556 1811 eos
2586 1755 2895 1809 sacerdotes
2930 1753 3143 1809 Domini
3173 1766 3294 1808 esse
3318 1766 3545 1821 persua—

289 1847 504 1902 Osanna
554 1848 607 1903 in
656 1850 888 1905 excelsis
935 1850 1281 1913 clamavcrat,
1337 1864 1556 1922 repente
1606 1854 1869 1909 clamaret

288 1936 610 1993 Barabbam.
640 1939 785 2007 Quos
811 1939 1238 2010 quotiescunque
1265 1940 1457 2010 judex,
1482 1953 1542 1998 ut
1567 1953 1694 2014 puta
1723 1946 1866 1999 desi-

289 2028 518 2095 pientes,
548 2031 889 2100 resipiscere,
923 2040 978 2086 et
1010 2031 1080 2085 ab
1109 2046 1296 2087 errore
1325 2034 1599 2102 corrigere
1634 2038 1865 2100 curavit,

297 2115 432 2170 nihil
466 2118 716 2189 profecit,
742 2121 838 2174 sed
870 2120 1039 2189 magis
1068 2122 1329 2176 tumultus
1369 2122 1553 2185 fiebat,
1583 2136 1638 2177 ct
1666 2126 1869 2180 invale-

292 2207 516 2261 scebant
546 2224 704 2264 voces
738 2224 943 2273 eorum,
972 2225 1071 2265 nec
1100 2210 1243 2265 aliud
1272 2211 1525 2267 volebant
1552 2214 1655 2268 nisi
1682 2212 1866 2269 Jesum

291 2311 320 2347 ιι
361 2310 419 2350 se
453 2294 709 2366 abjicere,
754 2306 809 2354 et
859 2299 1163 2354 Barabbam
1195 2301 1295 2354 sibi
1334 2316 1554 2370 poscere
1580 2303 1808 2357 dicendo
1850 2323 1863 2356 :

298 2406 315 2436 ι
363 2387 475 2440 Non
507 2390 666 2453 hunc,
703 2390 795 2444 sed
824 2390 1119 2444 Barabbam
1152 2392 1331 2460 (Joan.
1366 2408 1518 2459 xvnl,
1550 2393 1671 2459 40);
1713 2413 1731 2445 ι
1765 2404 1819 2450 et
1849 2411 1863 2448 :

297 2496 315 2527 ι
352 2477 499 2532 Tolle
531 2480 691 2543 hunc,
716 2487 769 2535 et
794 2480 1005 2536 dimitte
1029 2481 1184 2536 nobis
1206 2481 1507 2538 Barabbam
1533 2484 1682 2548 (an.
1710 2501 1865 2549 unt,

298 2566 417 2636 18);
456 2586 474 2621 ι
514 2577 617 2623 et:
661 2588 679 2620 ι
713 2568 882 2633 Tolle,
926 2570 1071 2633 tolle,
1118 2575 1396 2641 crucitige,
1444 2576 1701 2644 crucidge
1744 2592 1867 2630 eum

296 2655 479 2725 (Joan.
512 2674 624 2723 xtx,
657 2660 771 2729 15);
811 2677 831 2712 ι
870 2672 923 2715 et
951 2677 967 2717 :
1003 2679 1022 2712 ι
1057 2661 1286 2732 Sanguis
1324 2664 1442 2732 ejus
1471 2682 1631 2735 super
1662 2683 1780 2730 nos,
1814 2678 1869 2722 et

296 2761 461 2816 super
489 2748 628 2805 filios
654 2764 868 2805 nostros
895 2751 1109 2823 (Matth.
1142 2770 1309 2817 xxvii,
1338 2756 1433 2826 23)
1458 2773 1472 2821 ;
1513 2776 1531 2809 ι
1564 2766 1619 2814 et
1647 2758 1750 2813 alia
1784 2761 1868 2815 his

296 2838 514 2892 similia.

366 2927 484 2994 Qua
512 2930 912 3002 conspiratione
938 2942 995 2987 et
1029 2935 1294 2989 sententia
1326 2934 1405 2991 sic
1428 2949 1488 2991 se
1513 2952 1749 3009 suosque
1775 2956 1873 3010 po-

297 3025 475 3072 steros
519 3018 736 3076 diabolo
768 3024 1175 3093 maneiparunt;
1217 3027 1526 3095 paucissimi
1567 3030 1710 3083 enim
1756 3032 1870 3091 l'ue-

298 3118 426 3163 runt
452 3112 542 3180 qui
577 3112 698 3167 inde
718 3116 1085 3178 crediderunt,
1110 3118 1175 3171 ad
1191 3121 1654 3188 comparationem
1679 3136 1867 3177 eorum

299 3198 389 3266 qui
422 3215 527 3254 non
551 3202 923 3269 crediderunt;
944 3220 1042 3260 nec
1071 3220 1128 3260 se
1151 3221 1384 3276 suosque
1405 3218 1652 3278 posteros
1672 3225 1702 3265 a
1728 3227 1870 3267 sem-

299 3289 509 3357 piterna
535 3302 708 3346 morte
729 3295 1048 3349 subtrahere
1072 3307 1351 3352 curarunt.
1386 3299 1535 3355 Unde
1559 3302 1727 3355 etiam
1746 3314 1870 3356 cum

301 3389 476 3434 morte
503 3384 697 3436 animze
720 3386 1085 3452 turpissimam
1113 3397 1167 3440 et
1193 3388 1597 3443 acerbissimam
1628 3392 1873 3461 corporis

302 3478 530 3524 mortem
586 3472 954 3537 incurrerunt,
1018 3475 1163 3530 velut
1218 3493 1313 3547 per
1369 3476 1757 3548 Vespasianum
1817 3492 1873 3537 et

303 3559 503 3629 Titum,
531 3570 693 3635 atque
719 3580 813 3635 per
842 3566 1043 3622 Eiium
1075 3569 1389 3623 Adrianum.
1424 3570 1499 3625 De
1529 3587 1638 3641 quo
1677 3576 1872 3644 popqu

303 3662 358 3708 et
400 3653 527 3708 illud
579 3658 1026 3713 considerandum
1068 3668 1153 3713 est
1192 3660 1318 3730 quia
1377 3671 1638 3731 quotquot
1680 3678 1870 3722 eorum

303 3743 489 3799 salvati
541 3757 687 3813 sunt,
735 3764 857 3803 non.
891 3750 1061 3804 solum
1111 3750 1451 3820 baptismate,
1502 3768 1644 3824 quon
1685 3759 1872 3828 procul

303 3835 465 3890 dubio
514 3838 884 3894 remissionem
924 3842 1163 3896 omnium
1218 3851 1558 3911 peccatorum
1603 3849 1870 3915 attribuit,

303 3925 414 3980 Deo
456 3926 692 3996 perfecte
735 3931 1072 3986 reconciliari
1119 3945 1454 3999 meruerunt,
1488 3938 1588 3992 nisi
1629 3947 1685 3994 et
1723 3941 1873 4009 prius

302 4031 403 4087 per
427 4020 801 4088 ptenitentiam
834 4037 957 4078 eum
998 4024 1098 4079 sibi
1130 4024 1344 4094 placare
1378 4026 1738 4084 laborassem.
1781 4032 1873 4087 Sic

303 4109 444 4164 enim
467 4111 534 4166 ad
559 4110 791 4180 Spiritus
822 4113 1000 4168 sancti
1021 4116 1322 4171 evidentem
1359 4116 1696 4186 eﬂ'usionem,
1724 4132 1779 4177 et
1803 4124 1872 4179 ad

300 4202 733 4267 prmdicationem
766 4204 912 4260 Petri
937 4207 1274 4276 compunctis
1300 4207 1504 4264 dictum
1530 4220 1615 4265 est
1646 4229 1658 4264 :
1695 4229 1713 4264 ι
1750 4212 1871 4266 Pte-

303 4293 583 4348 nitentiam
619 4295 785 4365 agite,
819 4306 873 4351 et
903 4298 1204 4366 baptizetur
1232 4302 1599 4371 unusquisque
1630 4313 1868 4359 vestrum

302 4385 355 4437 in
385 4384 600 4440 nomine
626 4385 750 4442 Jesu
787 4386 989 4443 Christi
1028 4390 1078 4443 in
1111 4390 1480 4447 remissionem
1528 4404 1868 4462 peccatorum
1899 4411 1947 4469 ι)

302 4484 629 4541 vestrorum,
660 4487 710 4531 et
740 4479 1017 4548 accipietis
1042 4482 1238 4534 donum
1270 4480 1505 4551 Spiritus
1532 4485 1704 4539 sancti
1728 4486 1867 4558 (Act.

302 4581 364 4628 ll,
395 4568 504 4637 58).
552 4588 573 4621 ι
617 4569 727 4625 Nec
761 4584 1023 4628 excusare
1058 4586 1152 4627 eos
1191 4578 1491 4641 Ignorantia
1536 4577 1712 4646 p0tuit
1740 4582 1869 4649 quin

302 4659 648 4726 pmniterent,
689 4663 934 4731 quamvis
969 4664 1132 4717 etiam
1178 4666 1291 4734 ipse
1327 4664 1518 4720 Petrus
1555 4670 1635 4723 eis
1672 4669 1739 4723 de
1783 4669 1870 4723 illa

308 4749 673 4804 testimonium
703 4754 1015 4821 perhiberet
1047 4755 1099 4809 in
1132 4757 1607 4823 subsequentibus,
1639 4760 1823 4814 dicens
1854 4776 1868 4812 :

310 4857 331 4889 ι
377 4840 446 4895 Et
481 4856 644 4907 nunc,
673 4843 891 4906 fratres.
930 4844 1045 4901 scio
1072 4846 1198 4914 quia
1228 4860 1324 4916 per
1356 4846 1714 4914 ignorantiam
1743 4847 1874 4904 feci-

304 4932 424 4997 stis,
451 4933 592 5012 sicut
626 4942 680 4989 et
716 4936 990 5007 principes
1023 4937 1213 4992 vestri.
1250 4937 1594 4993 Ptenitemini
1628 4940 1792 5012 igitur
1817 4948 1876 4992 et

302 5025 703 5093 cont'rertimini,
735 5036 794 5080 ut
817 5026 1100 5084 deleantur
1120 5039 1302 5084 vestra
1334 5041 1577 5099 peccata.
1609 5050 1630 5085 ι
1656 5032 1724 5087 Et
1753 5047 1874 5103 quas

301 5118 574 5189 pntmipue
602 5118 690 5173 illa
721 5117 921 5175 fuerint
956 5121 1009 5174 in
1044 5119 1472 5188 prrecedentibus
1498 5125 1753 5189 ostendit,
1790 5125 1876 5178 di-

301 5226 429 5240 nano
461 5228 475 5240 ο
523 5226 542 5240 Δ
581 5209 722 5240 “Alli.
751 5222 962 5240 “nl-cun.
995 5220 1297 5240 annnInn-n-m
1327 5210 1647 5240 a,‘l\.:nnnuo:t
1678 5216 1871 5240 I712...“

1968 1863 2086 1904 sum
2116 1849 2402 1904 haberent.
2432 1848 2730 1903 Attendant
2757 1859 2970 1916 quoque
2998 1831 3197 1916 quanta
3227 1843 3544 1915 poenitentia

1968 1939 2077 1993 sint
2114 1940 2418 2007 eastigandi
2450 1940 2703 2001 scientes,
2749 1937 3187 2007 quandoquidem
3230 1937 3543 1995 attendant.

1969 2043 2065 2084 nec
2091 2026 2308 2083 Judmos
2335 2029 2499 2083 etiam
2532 2028 2889 2097 baptizandos
2919 2042 2948 2081 a
2973 2027 3292 2098 ptenitentia
3318 2040 3548 2093 excusa-

1970 2130 2073 2186 tos,
2107 2119 2359 2189 quamvis
2386 2120 2713 2189 ignorantes.
2745 2117 2810 2172 Et
2833 2127 3002 2183 certe,
3024 2132 3288 2188 quantum
3312 2117 3548 2170 humano

1966 2212 2181 2265 videtur
2203 2209 2431 2279 judicio,
2462 2209 2647 2263 debuit
2686 2209 2941 2263 excusari
2977 2207 3304 2277 ignorantia.
3333 2205 3440 2261 Sed
3470 2208 3551 2259 in-

1967 2299 2294 2355 excusabilis
2338 2299 2461 2365 fuit,
2505 2299 2630 2370 quia
2672 2296 2830 2368 juxta
2881 2298 3025 2369 quod
3069 2298 3358 2369 Apostolus
3405 2298 3481 2354 ait
3532 2314 3546 2352 :

1973 2412 1991 2445 ι
2032 2392 2132 2459 Qui
2178 2393 2410 2462 ignorat,
2445 2393 2781 2464 ignorabitur
2813 2391 2864 2463 (I
2901 2391 3024 2447 Cor.
3057 2408 3170 2457 xw,
3202 2393 3315 2465 '58).
3355 2410 3375 2445 ι
3426 2394 3489 2447 Et
3515 2410 3550 2445 o

1968 2491 2098 2549 quot
2137 2491 2195 2537 et
2243 2492 2456 2551 quantm
2501 2490 2732 2537 caterva:
2773 2483 3101 2553 simplicium
3142 2492 3199 2537 et
3246 2484 3552 2539 rusticano-

1968 2588 2111 2628 rum.
2149 2573 2438 2640 qnaerendo
2473 2576 2778 2640 veritatem,
2822 2575 3136 2645 ignorantes
3171 2576 3238 2630 ab
3280 2574 3552 2630 hmreticis

1969 2672 2095 2717 sunt
2118 2664 2372 2727 seductze,
2402 2679 2538 2734 quas
2572 2664 2788 2733 quidem
2817 2665 3093 2720 credimus
3125 2665 3274 2734 juste
3310 2666 3545 2734 perisse!

1970 2755 2064 2809 sed
2101 2755 2336 2825 qualiter
2371 2757 2577 2824 jnstmn
2617 2755 2781 2810 fuerit
2810 2756 3097 2825 nequimus
3133 2774 3199 2813 ex
3238 2767 3354 2813 toto
3392 2773 3549 2813 com-

1969 2846 2323 2916 prehendere.
2356 2845 2419 2900 Et
2459 2860 2647 2900 revera
2684 2864 2704 2896 ‹
2740 2846 2832 2915 qui
2877 2846 3107 2917 tetigerit
3143 2849 3339 2917 picem,
3373 2849 3555 2919 inqui-

1972 2938 2191 2992 nabitur
2223 2937 2293 2993 ab
2327 2950 2423 3002 ea;
2468 2947 2523 2991 et
2558 2937 2648 3007 qui
2682 2939 3164 2993 communicavcrit
3202 2942 3439 3010 superbo
3470 2942 3554 2995 in-

1972 3028 2102 3083 dnct
2131 3028 2439 3090 superbiam
2468 3025 2659 3098 (Eccli.
2699 3043 2821 3091 xm,
2862 3028 2935 3095 i).
2979 3045 2997 3079 ι
3037 3027 3140 3096 Qui
3180 3030 3281 3083 sibi
3316 3045 3548 3100 nequam

1975 3129 2075 3182 est,
2104 3118 2188 3172 cui
2217 3118 2326 3172 alio
2366 3119 2540 3173 bonus
2567 3118 2705 3172 erit?
2745 3116 3108 3187 Cognoscant,
3148 3120 3231 3174 vui
3266 3121 3551 3185 admoniti,

1972 3207 2099 3277 quia
2134 3216 2401 3277 quotquot
2435 3206 2582 3261 fures
2625 3216 2750 3261 sunt
2778 3217 2834 3262 et
2858 3207 3103 3267 latrones
3132 3218 3278 3277 sunt,
3311 3227 3417 3265 non
3459 3226 3553 3266 ve-

1975 3299 2132 3352 niunt
2172 3297 2277 3352 nisi
2320 3306 2378 3351 ut
2428 3306 2665 3351 mactent
2706 3305 2762 3352 et
2792 3298 3021 3368 perdant
3053 3296 3234 3366 (Joau.
3271 3315 3328 3366 χ,
3365 3300 3453 3372 10)
3506 3302 3550 3357 Δ

1973 3402 2201 3456 quorum
2232 3385 2659 3456 sanguinolentis
2686 3388 2932 3442 manibus
2967 3403 3075 3443 non
3115 3388 3288 3443 solum
3318 3392 3393 3446 nil
3424 3407 3551 3449 san-

1973 3476 2354 3543 ctiﬁcationis,
2405 3477 2499 3532 sed
2547 3476 2710 3532 etiam
2739 3476 3031 3548 plurimum
3072 3479 3551 3535 contaminationis

1974 3578 2317 3639 acceperunt,
2355 3570 2408 3623 in
2444 3576 2746 3624 tantumut
2785 3568 2922 3623 facta
2959 3569 3031 3625 sit
3066 3558 3322 3626 meretrix
3367 3573 3546 3627 anima

1971 3672 2158 3714 eormn
2188 3659 2456 3728 quondam
2500 3659 2672 3715 fidelis
2700 3659 2980 3730 .plcnaque
3015 3658 3227 3727 judicii.
3262 3660 3328 3714 Et
3359 3663 3411 3715 in
3440 3679 3549 3733 qua

1971 3745 2344 3817 priusjnstitia
2370 3747 2657 3816 requievit,
2686 3762 2828 3803 nunc
2860 3747 3150 3814 homicida,
3175 3747 3328 3818 cujus
3354 3740 3547 3820 argen-

1974 3848 2086 3892 tum
2113 3852 2327 3892 versum
2360 3846 2442 3892 est
2470 3838 2523 3891 in
2551 3837 2809 3901 seoriam,
2838 3846 2893 3890 et
2929 3838 3109 3891 vinum
3144 3840 3363 3893 mistmn
3402 3855 3542 3910 aqua

1972 3929 2109 4005 (Ira.
2143 3944 2185 3993 ι,
2218 3929 2332 3997 ιε).
2369 3929 2435 3983 Et
2464 3943 2562 3983 cur
2607 3928 2744 3982 hoc?
2774 3930 3030 3996 quoniam
3056 3943 3245 3984 omnes
3273 3931 3548 4002 principes

1972 4021 2089 4088 ejus
2119 4021 2365 4074 inﬁdeles
2393 4020 2526 4074 socii
2554 4018 2754 4081 furum,
2790 4033 2819 4071 a
2859 4019 3053 4088 quibus
3082 4022 3327 4088 persuasi
3367 4028 3547 4094 Ignari

1973 4111 2337 4181 simplicitatis
2366 4110 2649 4165 catholica:
2675 4110 2819 4174 ﬁdei,
2848 4120 2905 4169 et
2936 4110 3160 4176 incauti,
3201 4126 3298 4182 pro
3325 4113 3545 4174 Christo

1972 4202 2246 4272 accipiunt
2287 4202 2435 4256 illum
2476 4201 2789 4256 seditiosum
2830 4199 3117 4267 latronem,
3153 4204 3245 4273 qui
3282 4205 3342 4267 in
3381 4207 3554 4263 corde

1973 4308 2071 4345 suo
2110 4292 2291 4346 dixit:
2340 4309 2358 4341 α
2405 4291 2611 4345 Pouam
2652 4290 2834 4346 sedem
2879 4306 3053 4347 meam
3099 4295 3166 4348 ad
3214 4296 3546 4364 aquilonem,

1973 4383 2165 4439 similis
2211 4398 2308 4437 ero
2336 4382 2614 4437 Altissimo
2642 4380 2776 4453 (Im.
2810 4396 2923 4448 xw,
2953 4382 3064 4454 Η),
3111 4402 3140 4453 ι⁴
3173 4394 3333 4454 atque
3374 4388 3542 4445 Imma

1973 4474 2147 4531 cidam
2197 4473 2345 4528 illum
2388 4472 2478 4543 qui
2525 4482 2644 4528 erat
2695 4473 2765 4528 ab
2808 4473 2983 4529 initio.
3026 4475 3117 4530 Sic
3160 4477 3249 4545 qui
3286 4478 3549 4533 hactenus

1974 4566 2207 4636 prompti
2255 4565 2569 4619 laudatores
2615 4571 2671 4619 et
2710 4554 2887 4620 devoti
2934 4578 3279 4634 susceptores
3332 4567 3546 4623 Domini

1976 4659 2212 4722 fuerant,
2259 4669 2366 4710 non
2415 4655 2643 4725 improbi
2690 4654 3156 4724 blasphematores
3199 4655 3338 4724 ejus,
3384 4666 3551 4727 atque

1976 4747 2264 4818 importuni
2297 4747 2557 4819 petitores
2585 4743 2808 4798 latronis
2837 4732 3095 4821 existunt,
3114 4761 3344 4819 quormn
3374 4748 3554 4803 inten-

1977 4841 2052 4894 tio
2073 4839 2220 4894 illum
2242 4838 2417 4893 solum
2448 4837 2692 4905 requirit,
2717 4837 2882 4909 etiam
2904 4851 3027 4907 cum
3051 4853 3149 4893 vox
3170 4850 3358 4890 eorum
3386 4837 3555 4896 Deum

1976 4943 2033 4985 se
2087 4925 2438 4999 interpellare
2492 4927 2664 4994 tingit.
2717 4927 2923 4997 Quem,
2973 4942 3134 4998 rogo,
3190 4927 3562 4996 interpellant.

1977 5022 2079 5076 nisi
2110 5032 2499 5082 mammonam,
2527 5020 2617 5087 qui
2655 5034 2755 5074 nec
2788 5029 2886 5087 pro
2912 5013 3022 5070 Deo
3050 5033 3151 5076 nec
3187 5030 3286 5087 pro
3312 5030 3565 5085 proxumo

1975 5114 2197 5169 verbum
2238 5109 2449 5174 ederet,
2504 5119 2598 5164 aut
2645 5110 2900 5173 hisceret,
2948 5109 3029 5163 vel
3066 5122 3292 5166 manum
3332 5105 3577 5183 levaret,

1978 5207 2076 5240 uici
2109 5204 2382 5240 «(minarat
2413 5209 2499 5240 om
2529 5209 2768 5240 enm-ornt
2798 5200 3121 5240 neminium?
3148 5198 3261 5240 le
3296 5199 3566 5240 Ito-simum
