  <div class='ocr_page' id='page_1' title='image "/cluster/home/n/w/nwhite01/storage/ocr_20150623/143/hvd.32044015471816/555.png"; bbox 0 0 4064 5394; ppageno 0'>
   <div class='ocr_carea' id='block_1_1' title="bbox 489 359 625 413">
    <p class='ocr_par' dir='ltr' id='par_1_1' title="bbox 489 359 625 413">
     <span class='ocr_line' id='line_1_1' title="bbox 489 359 625 413; baseline 0.007 -1"><span class='ocrx_word' id='word_1_1' title='bbox 489 359 625 413; x_wconf 76' lang='lat'><strong>“03</strong></span> 
     </span>
    </p>
   </div>
   <div class='ocr_carea' id='block_1_2' title="bbox 1542 352 2647 413">
    <p class='ocr_par' dir='ltr' id='par_1_2' title="bbox 1542 352 2647 413">
     <span class='ocr_line' id='line_1_2' title="bbox 1542 352 2647 413; baseline -0.002 -2"><span class='ocrx_word' id='word_1_2' title='bbox 1542 354 1895 413; x_wconf 76' lang='lat' dir='ltr'><strong>HUMBERTI</strong></span> <span class='ocrx_word' id='word_1_3' title='bbox 1936 355 1994 411; x_wconf 88' lang='lat' dir='ltr'><strong>S.</strong></span> <span class='ocrx_word' id='word_1_4' title='bbox 2035 356 2097 409; x_wconf 67' lang='grc' dir='ltr'><strong>ἢ.</strong></span> <span class='ocrx_word' id='word_1_5' title='bbox 2143 352 2204 409; x_wconf 79' lang='grc' dir='ltr'><strong>Ε.</strong></span> <span class='ocrx_word' id='word_1_6' title='bbox 2243 354 2647 411; x_wconf 65' lang='grc' dir='ltr'><strong>(ᾺΒΒΙΝΑῌΞ</strong></span> 
     </span>
    </p>
   </div>
   <div class='ocr_carea' id='block_1_3' title="bbox 3612 358 3761 413">
    <p class='ocr_par' dir='ltr' id='par_1_3' title="bbox 3612 358 3761 413">
     <span class='ocr_line' id='line_1_3' title="bbox 3612 358 3761 413; baseline -0.013 0"><span class='ocrx_word' id='word_1_7' title='bbox 3612 358 3761 413; x_wconf 63' lang='lat'><strong>“05</strong></span> 
     </span>
    </p>
   </div>
   <div class='ocr_carea' id='block_1_4' title="bbox 487 465 3761 542">
    <p class='ocr_par' dir='ltr' id='par_1_4' title="bbox 487 465 3761 542">
     <span class='ocr_line' id='line_1_4' title="bbox 487 465 3761 542; baseline -0.002 -13"><span class='ocrx_word' id='word_1_8' title='bbox 487 473 726 542; x_wconf 60' lang='lat' dir='ltr'><strong>“ipsum</strong></span> <span class='ocrx_word' id='word_1_9' title='bbox 764 484 899 528; x_wconf 80' lang='lat' dir='ltr'><strong>voce</strong></span> <span class='ocrx_word' id='word_1_10' title='bbox 939 471 1220 533; x_wconf 82' lang='lat' dir='ltr'><strong>damnare,</strong></span> <span class='ocrx_word' id='word_1_11' title='bbox 1264 475 1322 523; x_wconf 88' lang='lat' dir='ltr'><strong>et</strong></span> <span class='ocrx_word' id='word_1_12' title='bbox 1363 467 1467 523; x_wconf 87' lang='lat' dir='ltr'><strong>sibi</strong></span> <span class='ocrx_word' id='word_1_13' title='bbox 1522 468 1870 533; x_wconf 80' lang='lat' dir='ltr'><strong>maledicere,</strong></span> <span class='ocrx_word' id='word_1_14' title='bbox 1916 466 2069 534; x_wconf 88' lang='lat' dir='ltr'><strong>cujus</strong></span> <span class='ocrx_word' id='word_1_15' title='bbox 2098 474 2145 533; x_wconf 73' lang='grc' dir='ltr'><strong>Α</strong></span> <span class='ocrx_word' id='word_1_16' title='bbox 2177 485 2193 515; x_wconf 74' lang='grc' dir='ltr'><strong>ι</strong></span> <span class='ocrx_word' id='word_1_17' title='bbox 2229 466 2352 535; x_wconf 88' lang='lat' dir='ltr'><strong>quia</strong></span> <span class='ocrx_word' id='word_1_18' title='bbox 2382 467 2548 522; x_wconf 89' lang='lat' dir='ltr'><strong>Deum</strong></span> <span class='ocrx_word' id='word_1_19' title='bbox 2577 481 2680 521; x_wconf 92' lang='lat' dir='ltr'><strong>non</strong></span> <span class='ocrx_word' id='word_1_20' title='bbox 2711 466 3093 522; x_wconf 84' lang='lat' dir='ltr'><strong>invocaverunt</strong></span> <span class='ocrx_word' id='word_1_21' title='bbox 3119 465 3291 537; x_wconf 74' lang='lat' dir='ltr'><strong>(Psal.</strong></span> <span class='ocrx_word' id='word_1_22' title='bbox 3320 468 3492 538; x_wconf 79' lang='lat' dir='ltr'><strong>ut,-6)</strong></span> <span class='ocrx_word' id='word_1_23' title='bbox 3516 509 3533 536; x_wconf 89' lang='lat'><strong>,</strong></span> <span class='ocrx_word' id='word_1_24' title='bbox 3562 488 3582 521; x_wconf 75' lang='grc' dir='ltr'><strong>ι</strong></span> <span class='ocrx_word' id='word_1_25' title='bbox 3609 485 3761 541; x_wconf 68' lang='lat' dir='ltr'><strong>qua:-</strong></span> 
     </span>
    </p>
   </div>
   <div class='ocr_carea' id='block_1_5' title="bbox 488 558 2074 635">
    <p class='ocr_par' dir='ltr' id='par_1_5' title="bbox 488 558 2074 635">
     <span class='ocr_line' id='line_1_5' title="bbox 488 558 2074 635; baseline -0.004 -16"><span class='ocrx_word' id='word_1_26' title='bbox 488 565 685 635; x_wconf 66' lang='lat' dir='ltr'><strong>linguae</strong></span> <span class='ocrx_word' id='word_1_27' title='bbox 721 561 1111 625; x_wconf 88' lang='lat' dir='ltr'><strong>benedicentis,</strong></span> <span class='ocrx_word' id='word_1_28' title='bbox 1143 571 1197 615; x_wconf 89' lang='lat' dir='ltr'><strong>et</strong></span> <span class='ocrx_word' id='word_1_29' title='bbox 1244 559 1291 614; x_wconf 85' lang='lat' dir='ltr'><strong>si</strong></span> <span class='ocrx_word' id='word_1_30' title='bbox 1336 558 1555 614; x_wconf 87' lang='lat' dir='ltr'><strong>auditor</strong></span> <span class='ocrx_word' id='word_1_31' title='bbox 1579 569 1666 614; x_wconf 91' lang='lat' dir='ltr'><strong>est</strong></span> <span class='ocrx_word' id='word_1_32' title='bbox 1698 558 2074 629; x_wconf 84' lang='lat' dir='ltr'><strong>SpiritusDo-</strong></span> 
     </span>
    </p>
   </div>
   <div class='ocr_carea' id='block_1_6' title="bbox 488 647 2069 722">
    <p class='ocr_par' dir='ltr' id='par_1_6' title="bbox 488 647 2069 722">
     <span class='ocr_line' id='line_1_6' title="bbox 488 647 2069 722; baseline -0.004 -16"><span class='ocrx_word' id='word_1_33' title='bbox 488 651 645 716; x_wconf 86' lang='lat' dir='ltr'><strong>mini,</strong></span> <span class='ocrx_word' id='word_1_34' title='bbox 669 651 792 722; x_wconf 85' lang='lat' dir='ltr'><strong>quia</strong></span> <span class='ocrx_word' id='word_1_35' title='bbox 823 650 992 720; x_wconf 95' lang='lat' dir='ltr'><strong>replet</strong></span> <span class='ocrx_word' id='word_1_36' title='bbox 1017 648 1208 704; x_wconf 87' lang='lat' dir='ltr'><strong>orbem</strong></span> <span class='ocrx_word' id='word_1_37' title='bbox 1233 658 1501 702; x_wconf 87' lang='lat' dir='ltr'><strong>terrarum</strong></span> <span class='ocrx_word' id='word_1_38' title='bbox 1523 656 1580 701; x_wconf 93' lang='lat' dir='ltr'><strong>et</strong></span> <span class='ocrx_word' id='word_1_39' title='bbox 1599 648 1845 701; x_wconf 90' lang='lat' dir='ltr'><strong>continet</strong></span> <span class='ocrx_word' id='word_1_40' title='bbox 1865 647 2069 712; x_wconf 85' lang='lat' dir='ltr'><strong>omnia,</strong></span> 
     </span>
    </p>
   </div>
   <div class='ocr_carea' id='block_1_7' title="bbox 490 737 2069 809">
    <p class='ocr_par' dir='ltr' id='par_1_7' title="bbox 490 737 2069 809">
     <span class='ocr_line' id='line_1_7' title="bbox 490 737 2069 809; baseline -0.003 -15"><span class='ocrx_word' id='word_1_41' title='bbox 490 750 671 795; x_wconf 83' lang='lat' dir='ltr'><strong>tamen</strong></span> <span class='ocrx_word' id='word_1_42' title='bbox 724 741 852 809; x_wconf 83' lang='lat' dir='ltr'><strong>quia</strong></span> <span class='ocrx_word' id='word_1_43' title='bbox 908 740 1070 795; x_wconf 85' lang='lat' dir='ltr'><strong>habet</strong></span> <span class='ocrx_word' id='word_1_44' title='bbox 1122 737 1408 792; x_wconf 86' lang='lat' dir='ltr'><strong>scientiam</strong></span> <span class='ocrx_word' id='word_1_45' title='bbox 1465 738 1631 800; x_wconf 69' lang='lat' dir='ltr'><strong>vocis,</strong></span> <span class='ocrx_word' id='word_1_46' title='bbox 1680 745 1736 789; x_wconf 94' lang='lat' dir='ltr'><strong>ut</strong></span> <span class='ocrx_word' id='word_1_47' title='bbox 1793 746 2069 806; x_wconf 87' lang='lat' dir='ltr'><strong>putarunt,</strong></span> 
     </span>
    </p>
   </div>
   <div class='ocr_carea' id='block_1_8' title="bbox 487 828 2070 898">
    <p class='ocr_par' dir='ltr' id='par_1_8' title="bbox 487 828 2070 898">
     <span class='ocr_line' id='line_1_8' title="bbox 487 828 2070 898; baseline -0.004 -13"><span class='ocrx_word' id='word_1_48' title='bbox 487 840 760 887; x_wconf 89' lang='lat' dir='ltr'><strong>scrutator</strong></span> <span class='ocrx_word' id='word_1_49' title='bbox 789 846 978 886; x_wconf 90' lang='lat' dir='ltr'><strong>renum</strong></span> <span class='ocrx_word' id='word_1_50' title='bbox 1006 839 1062 885; x_wconf 92' lang='lat' dir='ltr'><strong>et</strong></span> <span class='ocrx_word' id='word_1_51' title='bbox 1084 829 1265 884; x_wconf 86' lang='lat' dir='ltr'><strong>cordis</strong></span> <span class='ocrx_word' id='word_1_52' title='bbox 1294 843 1401 884; x_wconf 90' lang='lat' dir='ltr'><strong>non</strong></span> <span class='ocrx_word' id='word_1_53' title='bbox 1427 836 1586 883; x_wconf 87' lang='lat' dir='ltr'><strong>curat</strong></span> <span class='ocrx_word' id='word_1_54' title='bbox 1612 829 1740 897; x_wconf 91' lang='lat' dir='ltr'><strong>quid</strong></span> <span class='ocrx_word' id='word_1_55' title='bbox 1761 828 1885 898; x_wconf 87' lang='lat' dir='ltr'><strong>quis</strong></span> <span class='ocrx_word' id='word_1_56' title='bbox 1905 828 2070 892; x_wconf 88' lang='lat' dir='ltr'><strong>dicat,</strong></span> 
     </span>
    </p>
   </div>
   <div class='ocr_carea' id='block_1_9' title="bbox 487 920 2075 993">
    <p class='ocr_par' dir='ltr' id='par_1_9' title="bbox 487 920 2075 993">
     <span class='ocr_line' id='line_1_9' title="bbox 487 920 2075 993; baseline -0.003 -16"><span class='ocrx_word' id='word_1_57' title='bbox 487 923 582 978; x_wconf 89' lang='lat' dir='ltr'><strong>sed</strong></span> <span class='ocrx_word' id='word_1_58' title='bbox 609 923 840 978; x_wconf 91' lang='lat' dir='ltr'><strong>dicendo</strong></span> <span class='ocrx_word' id='word_1_59' title='bbox 874 921 1015 993; x_wconf 89' lang='lat' dir='ltr'><strong>quod</strong></span> <span class='ocrx_word' id='word_1_60' title='bbox 1054 921 1315 975; x_wconf 82' lang='lat' dir='ltr'><strong>intendat.</strong></span> <span class='ocrx_word' id='word_1_61' title='bbox 1351 920 1671 989; x_wconf 82' lang='lat' dir='ltr'><strong>Hujusmodi</strong></span> <span class='ocrx_word' id='word_1_62' title='bbox 1707 935 1867 974; x_wconf 88' lang='lat' dir='ltr'><strong>voces</strong></span> <span class='ocrx_word' id='word_1_63' title='bbox 1896 930 1953 974; x_wconf 90' lang='lat' dir='ltr'><strong>et</strong></span> <span class='ocrx_word' id='word_1_64' title='bbox 1980 935 2075 973; x_wconf 84' lang='lat' dir='ltr'><strong>ex-</strong></span> 
     </span>
    </p>
   </div>
   <div class='ocr_carea' id='block_1_10' title="bbox 488 1011 2074 1082">
    <p class='ocr_par' dir='ltr' id='par_1_10' title="bbox 488 1011 2074 1082">
     <span class='ocr_line' id='line_1_10' title="bbox 488 1011 2074 1082; baseline -0.001 -15"><span class='ocrx_word' id='word_1_65' title='bbox 488 1014 719 1070; x_wconf 87' lang='lat' dir='ltr'><strong>teriores</strong></span> <span class='ocrx_word' id='word_1_66' title='bbox 745 1014 1060 1070; x_wconf 83' lang='lat' dir='ltr'><strong>devotiones</strong></span> <span class='ocrx_word' id='word_1_67' title='bbox 1096 1021 1409 1082; x_wconf 66' lang='lat' dir='ltr'><strong>aspernatus</strong></span> <span class='ocrx_word' id='word_1_68' title='bbox 1446 1012 1560 1081; x_wconf 90' lang='lat' dir='ltr'><strong>ipse</strong></span> <span class='ocrx_word' id='word_1_69' title='bbox 1591 1011 1830 1081; x_wconf 85' lang='lat' dir='ltr'><strong>Spiritus</strong></span> <span class='ocrx_word' id='word_1_70' title='bbox 1854 1021 2074 1067; x_wconf 87' lang='lat' dir='ltr'><strong>sanctus</strong></span> 
     </span>
    </p>
   </div>
   <div class='ocr_carea' id='block_1_11' title="bbox 489 1104 2074 1175">
    <p class='ocr_par' dir='ltr' id='par_1_11' title="bbox 489 1104 2074 1175">
     <span class='ocr_line' id='line_1_11' title="bbox 489 1104 2074 1175; baseline -0.003 -14"><span class='ocrx_word' id='word_1_71' title='bbox 489 1120 588 1175; x_wconf 89' lang='lat' dir='ltr'><strong>per</strong></span> <span class='ocrx_word' id='word_1_72' title='bbox 615 1106 808 1161; x_wconf 88' lang='lat' dir='ltr'><strong>lsaiam</strong></span> <span class='ocrx_word' id='word_1_73' title='bbox 839 1113 1173 1175; x_wconf 85' lang='lat' dir='ltr'><strong>protestatur</strong></span> <span class='ocrx_word' id='word_1_74' title='bbox 1209 1122 1221 1157; x_wconf 93' lang='lat'>:</span> <span class='ocrx_word' id='word_1_75' title='bbox 1260 1124 1277 1155; x_wconf 73' lang='grc' dir='ltr'><strong>ι</strong></span> <span class='ocrx_word' id='word_1_76' title='bbox 1317 1104 1450 1158; x_wconf 91' lang='lat' dir='ltr'><strong>Cum</strong></span> <span class='ocrx_word' id='word_1_77' title='bbox 1488 1104 1846 1158; x_wconf 83' lang='lat' dir='ltr'><strong>extenderitis</strong></span> <span class='ocrx_word' id='word_1_78' title='bbox 1878 1119 2074 1157; x_wconf 86' lang='lat' dir='ltr'><strong>manus</strong></span> 
     </span>
    </p>
   </div>
   <div class='ocr_carea' id='block_1_12' title="bbox 489 1193 2074 1260">
    <p class='ocr_par' dir='ltr' id='par_1_12' title="bbox 489 1193 2074 1260">
     <span class='ocr_line' id='line_1_12' title="bbox 489 1193 2074 1260; baseline -0.002 -12"><span class='ocrx_word' id='word_1_79' title='bbox 489 1207 720 1260; x_wconf 87' lang='lat' dir='ltr'><strong>vestras,</strong></span> <span class='ocrx_word' id='word_1_80' title='bbox 755 1206 998 1251; x_wconf 84' lang='lat' dir='ltr'><strong>avertam</strong></span> <span class='ocrx_word' id='word_1_81' title='bbox 1025 1194 1211 1248; x_wconf 90' lang='lat' dir='ltr'><strong>oculos</strong></span> <span class='ocrx_word' id='word_1_82' title='bbox 1240 1209 1389 1248; x_wconf 91' lang='lat' dir='ltr'><strong>meos</strong></span> <span class='ocrx_word' id='word_1_83' title='bbox 1419 1208 1449 1248; x_wconf 87' lang='lat' dir='ltr'><strong>a</strong></span> <span class='ocrx_word' id='word_1_84' title='bbox 1481 1194 1652 1248; x_wconf 83' lang='lat' dir='ltr'><strong>vobis.</strong></span> <span class='ocrx_word' id='word_1_85' title='bbox 1685 1193 1752 1246; x_wconf 87' lang='lat' dir='ltr'><strong>Et</strong></span> <span class='ocrx_word' id='word_1_86' title='bbox 1784 1209 1907 1247; x_wconf 91' lang='lat' dir='ltr'><strong>cum</strong></span> <span class='ocrx_word' id='word_1_87' title='bbox 1937 1193 2074 1246; x_wconf 89' lang='lat' dir='ltr'><strong>mul-</strong></span> 
     </span>
    </p>
   </div>
   <div class='ocr_carea' id='block_1_13' title="bbox 493 1288 2075 1361">
    <p class='ocr_par' dir='ltr' id='par_1_13' title="bbox 493 1288 2075 1361">
     <span class='ocr_line' id='line_1_13' title="bbox 493 1288 2075 1361; baseline 0 -18"><span class='ocrx_word' id='word_1_88' title='bbox 493 1290 1202 1361; x_wconf 79' lang='lat' dir='ltr'><strong>tiplicavcritisorationem,</strong></span> <span class='ocrx_word' id='word_1_89' title='bbox 1222 1304 1327 1344; x_wconf 92' lang='lat' dir='ltr'><strong>non</strong></span> <span class='ocrx_word' id='word_1_90' title='bbox 1343 1289 1649 1344; x_wconf 81' lang='lat' dir='ltr'><strong>exaudiam.</strong></span> <span class='ocrx_word' id='word_1_91' title='bbox 1673 1288 1862 1343; x_wconf 78' lang='lat' dir='ltr'><strong>Manus</strong></span> <span class='ocrx_word' id='word_1_92' title='bbox 1879 1297 2075 1343; x_wconf 71' lang='lat' dir='ltr'><strong>vestra:</strong></span> 
     </span>
    </p>
   </div>
   <div class='ocr_carea' id='block_1_14' title="bbox 491 1377 2070 1453">
    <p class='ocr_par' dir='ltr' id='par_1_14' title="bbox 491 1377 2070 1453">
     <span class='ocr_line' id='line_1_14' title="bbox 491 1377 2070 1453; baseline -0.003 -18"><span class='ocrx_word' id='word_1_93' title='bbox 491 1382 752 1453; x_wconf 79' lang='lat' dir='ltr'><strong>sanguine</strong></span> <span class='ocrx_word' id='word_1_94' title='bbox 793 1381 962 1453; x_wconf 64' lang='lat' dir='ltr'><strong>plenae</strong></span> <span class='ocrx_word' id='word_1_95' title='bbox 1002 1392 1131 1434; x_wconf 92' lang='lat' dir='ltr'><strong>sunt</strong></span> <span class='ocrx_word' id='word_1_96' title='bbox 1170 1379 1306 1451; x_wconf 82' lang='lat' dir='ltr'><strong>(Isa.</strong></span> <span class='ocrx_word' id='word_1_97' title='bbox 1354 1395 1392 1444; x_wconf 87' lang='lat' dir='ltr'><strong>t,</strong></span> <span class='ocrx_word' id='word_1_98' title='bbox 1436 1379 1546 1447; x_wconf 80' lang='grc'><strong>15).</strong></span> <span class='ocrx_word' id='word_1_99' title='bbox 1601 1397 1620 1431; x_wconf 85' lang='grc'><strong>›</strong></span> <span class='ocrx_word' id='word_1_100' title='bbox 1669 1377 1921 1447; x_wconf 84' lang='lat' dir='ltr'><strong>Nunquid</strong></span> <span class='ocrx_word' id='word_1_101' title='bbox 1965 1393 2070 1432; x_wconf 91' lang='lat' dir='ltr'><strong>non</strong></span> 
     </span>
    </p>
   </div>
   <div class='ocr_carea' id='block_1_15' title="bbox 491 1468 2071 1534">
    <p class='ocr_par' dir='ltr' id='par_1_15' title="bbox 491 1468 2071 1534">
     <span class='ocr_line' id='line_1_15' title="bbox 491 1468 2071 1534; baseline -0.005 -5"><span class='ocrx_word' id='word_1_102' title='bbox 491 1475 622 1530; x_wconf 89' lang='lat' dir='ltr'><strong>socii</strong></span> <span class='ocrx_word' id='word_1_103' title='bbox 664 1473 842 1528; x_wconf 87' lang='lat' dir='ltr'><strong>furum</strong></span> <span class='ocrx_word' id='word_1_104' title='bbox 881 1480 936 1527; x_wconf 91' lang='lat' dir='ltr'><strong>et</strong></span> <span class='ocrx_word' id='word_1_105' title='bbox 973 1473 1241 1526; x_wconf 84' lang='lat' dir='ltr'><strong>latronum</strong></span> <span class='ocrx_word' id='word_1_106' title='bbox 1272 1470 1417 1525; x_wconf 87' lang='lat' dir='ltr'><strong>fures</strong></span> <span class='ocrx_word' id='word_1_107' title='bbox 1443 1479 1566 1524; x_wconf 91' lang='lat' dir='ltr'><strong>sunt</strong></span> <span class='ocrx_word' id='word_1_108' title='bbox 1594 1482 1651 1525; x_wconf 87' lang='lat' dir='ltr'><strong>et</strong></span> <span class='ocrx_word' id='word_1_109' title='bbox 1681 1470 1937 1534; x_wconf 84' lang='lat' dir='ltr'><strong>latrones,</strong></span> <span class='ocrx_word' id='word_1_110' title='bbox 1970 1468 2071 1523; x_wconf 87' lang='lat' dir='ltr'><strong>Sa-</strong></span> 
     </span>
    </p>
   </div>
   <div class='ocr_carea' id='block_1_16' title="bbox 491 1561 2074 1620">
    <p class='ocr_par' dir='ltr' id='par_1_16' title="bbox 491 1561 2074 1620">
     <span class='ocr_line' id='line_1_16' title="bbox 491 1561 2074 1620; baseline -0.001 -4"><span class='ocrx_word' id='word_1_111' title='bbox 491 1563 704 1620; x_wconf 91' lang='lat' dir='ltr'><strong>lomone</strong></span> <span class='ocrx_word' id='word_1_112' title='bbox 769 1565 979 1619; x_wconf 84' lang='lat' dir='ltr'><strong>dicente</strong></span> <span class='ocrx_word' id='word_1_113' title='bbox 1030 1580 1044 1617; x_wconf 91' lang='lat'><strong>:</strong></span> <span class='ocrx_word' id='word_1_114' title='bbox 1109 1581 1128 1614; x_wconf 83' lang='grc'><strong><em>‹</em></strong></span> <span class='ocrx_word' id='word_1_115' title='bbox 1196 1561 1417 1617; x_wconf 78' lang='lat' dir='ltr'><strong>Amicus</strong></span> <span class='ocrx_word' id='word_1_116' title='bbox 1482 1562 1769 1616; x_wconf 87' lang='lat' dir='ltr'><strong>stultorum</strong></span> <span class='ocrx_word' id='word_1_117' title='bbox 1842 1561 2074 1615; x_wconf 84' lang='lat' dir='ltr'><strong>eilicitur</strong></span> 
     </span>
    </p>
   </div>
   <div class='ocr_carea' id='block_1_17' title="bbox 491 1651 2072 1725">
    <p class='ocr_par' dir='ltr' id='par_1_17' title="bbox 491 1651 2072 1725">
     <span class='ocr_line' id='line_1_17' title="bbox 491 1651 2072 1725; baseline -0.002 -17"><span class='ocrx_word' id='word_1_118' title='bbox 491 1654 682 1710; x_wconf 78' lang='lat' dir='ltr'><strong>similis</strong></span> <span class='ocrx_word' id='word_1_119' title='bbox 707 1653 886 1725; x_wconf 83' lang='lat' dir='ltr'><strong>(Prov.</strong></span> <span class='ocrx_word' id='word_1_120' title='bbox 910 1669 1030 1716; x_wconf 81' lang='lat' dir='ltr'><strong>xm,</strong></span> <span class='ocrx_word' id='word_1_121' title='bbox 1061 1653 1187 1722; x_wconf 73' lang='lat'><strong>20);</strong></span> <span class='ocrx_word' id='word_1_122' title='bbox 1224 1671 1243 1704; x_wconf 84' lang='grc'><strong>›</strong></span> <span class='ocrx_word' id='word_1_123' title='bbox 1272 1661 1325 1707; x_wconf 90' lang='lat' dir='ltr'><strong>et</strong></span> <span class='ocrx_word' id='word_1_124' title='bbox 1354 1670 1367 1705; x_wconf 92' lang='lat'><strong>:</strong></span> <span class='ocrx_word' id='word_1_125' title='bbox 1397 1671 1413 1702; x_wconf 75' lang='grc' dir='ltr'><strong>ι</strong></span> <span class='ocrx_word' id='word_1_126' title='bbox 1439 1651 1538 1718; x_wconf 87' lang='lat' dir='ltr'><strong>Qui</strong></span> <span class='ocrx_word' id='word_1_127' title='bbox 1562 1666 1681 1705; x_wconf 85' lang='lat' dir='ltr'><strong>cum</strong></span> <span class='ocrx_word' id='word_1_128' title='bbox 1712 1651 1831 1706; x_wconf 89' lang='lat' dir='ltr'><strong>fure</strong></span> <span class='ocrx_word' id='word_1_129' title='bbox 1849 1652 2072 1722; x_wconf 87' lang='lat' dir='ltr'><strong>partici-</strong></span> 
     </span>
    </p>
   </div>
   <div class='ocr_carea' id='block_1_18' title="bbox 489 1739 2075 1816">
    <p class='ocr_par' dir='ltr' id='par_1_18' title="bbox 489 1739 2075 1816">
     <span class='ocr_line' id='line_1_18' title="bbox 489 1739 2075 1816; baseline -0.006 -17"><span class='ocrx_word' id='word_1_130' title='bbox 489 1753 602 1816; x_wconf 86' lang='lat' dir='ltr'><strong>pat,</strong></span> <span class='ocrx_word' id='word_1_131' title='bbox 649 1744 764 1799; x_wconf 91' lang='lat' dir='ltr'><strong>odit</strong></span> <span class='ocrx_word' id='word_1_132' title='bbox 809 1744 1045 1799; x_wconf 89' lang='lat' dir='ltr'><strong>animam</strong></span> <span class='ocrx_word' id='word_1_133' title='bbox 1093 1744 1289 1796; x_wconf 86' lang='lat' dir='ltr'><strong>suam?</strong></span> <span class='ocrx_word' id='word_1_134' title='bbox 1315 1739 1496 1812; x_wconf 86' lang='lat' dir='ltr'><strong>(Prov.</strong></span> <span class='ocrx_word' id='word_1_135' title='bbox 1526 1742 1813 1812; x_wconf 69' lang='lat' dir='ltr'><strong>xm,24).</strong></span> <span class='ocrx_word' id='word_1_136' title='bbox 1849 1761 1866 1789; x_wconf 74' lang='grc' dir='ltr'>δ</span> <span class='ocrx_word' id='word_1_137' title='bbox 1903 1740 2075 1795; x_wconf 80' lang='lat' dir='ltr'><strong>Porro</strong></span> 
     </span>
    </p>
   </div>
   <div class='ocr_carea' id='block_1_19' title="bbox 2174 555 3761 629">
    <p class='ocr_par' dir='ltr' id='par_1_19' title="bbox 2174 555 3761 629">
     <span class='ocr_line' id='line_1_19' title="bbox 2174 555 3761 629; baseline 0.004 -20"><span class='ocrx_word' id='word_1_138' title='bbox 2174 555 2398 610; x_wconf 88' lang='lat' dir='ltr'><strong>rendum</strong></span> <span class='ocrx_word' id='word_1_139' title='bbox 2436 566 2514 612; x_wconf 84' lang='lat' dir='ltr'><strong>est</strong></span> <span class='ocrx_word' id='word_1_140' title='bbox 2550 572 2708 625; x_wconf 90' lang='lat' dir='ltr'><strong>quem</strong></span> <span class='ocrx_word' id='word_1_141' title='bbox 2755 556 3033 624; x_wconf 80' lang='lat' dir='ltr'><strong>invocent,</strong></span> <span class='ocrx_word' id='word_1_142' title='bbox 3068 558 3322 628; x_wconf 89' lang='lat' dir='ltr'><strong>quoniam</strong></span> <span class='ocrx_word' id='word_1_143' title='bbox 3360 560 3598 629; x_wconf 80' lang='lat' dir='ltr'><strong>prolixus</strong></span> <span class='ocrx_word' id='word_1_144' title='bbox 3625 577 3761 616; x_wconf 88' lang='lat' dir='ltr'><strong>ora-</strong></span> 
     </span>
    </p>
   </div>
   <div class='ocr_carea' id='block_1_20' title="bbox 2176 645 3762 716">
    <p class='ocr_par' dir='ltr' id='par_1_20' title="bbox 2176 645 3762 716">
     <span class='ocr_line' id='line_1_20' title="bbox 2176 645 3762 716; baseline 0.004 -18"><span class='ocrx_word' id='word_1_145' title='bbox 2176 645 2347 699; x_wconf 90' lang='lat' dir='ltr'><strong>tiones</strong></span> <span class='ocrx_word' id='word_1_146' title='bbox 2384 662 2770 716; x_wconf 87' lang='lat' dir='ltr'><strong>nunnunquam</strong></span> <span class='ocrx_word' id='word_1_147' title='bbox 2814 646 3042 711; x_wconf 78' lang='lat' dir='ltr'><strong>habent,</strong></span> <span class='ocrx_word' id='word_1_148' title='bbox 3072 656 3127 703; x_wconf 89' lang='lat' dir='ltr'><strong>et</strong></span> <span class='ocrx_word' id='word_1_149' title='bbox 3171 648 3337 703; x_wconf 89' lang='lat' dir='ltr'><strong>Deum</strong></span> <span class='ocrx_word' id='word_1_150' title='bbox 3378 650 3625 705; x_wconf 80' lang='lat' dir='ltr'><strong>invocare</strong></span> <span class='ocrx_word' id='word_1_151' title='bbox 3659 667 3762 705; x_wconf 86' lang='lat' dir='ltr'><strong>att—</strong></span> 
     </span>
    </p>
   </div>
   <div class='ocr_carea' id='block_1_21' title="bbox 2174 736 3763 801">
    <p class='ocr_par' dir='ltr' id='par_1_21' title="bbox 2174 736 3763 801">
     <span class='ocr_line' id='line_1_21' title="bbox 2174 736 3763 801; baseline 0.004 -10"><span class='ocrx_word' id='word_1_152' title='bbox 2174 736 2420 801; x_wconf 89' lang='lat' dir='ltr'><strong>diuntur,</strong></span> <span class='ocrx_word' id='word_1_153' title='bbox 2472 748 2527 792; x_wconf 92' lang='lat' dir='ltr'><strong>et</strong></span> <span class='ocrx_word' id='word_1_154' title='bbox 2577 739 2830 795; x_wconf 85' lang='lat' dir='ltr'><strong>videntur</strong></span> <span class='ocrx_word' id='word_1_155' title='bbox 2876 739 2945 793; x_wconf 87' lang='lat' dir='ltr'><strong>ab</strong></span> <span class='ocrx_word' id='word_1_156' title='bbox 2998 740 3324 796; x_wconf 90' lang='lat' dir='ltr'><strong>hominibus.</strong></span> <span class='ocrx_word' id='word_1_157' title='bbox 3379 741 3482 797; x_wconf 85' lang='lat' dir='ltr'><strong>Sed</strong></span> <span class='ocrx_word' id='word_1_158' title='bbox 3535 745 3602 798; x_wconf 86' lang='lat' dir='ltr'><strong>ab</strong></span> <span class='ocrx_word' id='word_1_159' title='bbox 3654 745 3763 798; x_wconf 86' lang='lat' dir='ltr'><strong>hac</strong></span> 
     </span>
    </p>
   </div>
   <div class='ocr_carea' id='block_1_22' title="bbox 2175 824 3760 902">
    <p class='ocr_par' dir='ltr' id='par_1_22' title="bbox 2175 824 3760 902">
     <span class='ocr_line' id='line_1_22' title="bbox 2175 824 3760 902; baseline 0.006 -23"><span class='ocrx_word' id='word_1_160' title='bbox 2175 824 2483 881; x_wconf 81' lang='lat' dir='ltr'><strong>diﬂicultate</strong></span> <span class='ocrx_word' id='word_1_161' title='bbox 2512 829 2826 896; x_wconf 67' lang='lat' dir='ltr'><strong>quaestionis</strong></span> <span class='ocrx_word' id='word_1_162' title='bbox 2856 829 2917 883; x_wconf 90' lang='lat' dir='ltr'><strong>B.</strong></span> <span class='ocrx_word' id='word_1_163' title='bbox 2950 829 3305 902; x_wconf 81' lang='lat' dir='ltr'><strong>Hieronymus</strong></span> <span class='ocrx_word' id='word_1_164' title='bbox 3347 834 3506 887; x_wconf 87' lang='lat' dir='ltr'><strong>solito</strong></span> <span class='ocrx_word' id='word_1_165' title='bbox 3534 837 3760 890; x_wconf 49' lang='lat' dir='ltr'><strong>succin-</strong></span> 
     </span>
    </p>
   </div>
   <div class='ocr_carea' id='block_1_23' title="bbox 2173 920 3765 996">
    <p class='ocr_par' dir='ltr' id='par_1_23' title="bbox 2173 920 3765 996">
     <span class='ocr_line' id='line_1_23' title="bbox 2173 920 3765 996; baseline 0.006 -24"><span class='ocrx_word' id='word_1_166' title='bbox 2173 927 2296 973; x_wconf 90' lang='lat' dir='ltr'><strong>ctus</strong></span> <span class='ocrx_word' id='word_1_167' title='bbox 2330 935 2426 974; x_wconf 90' lang='lat' dir='ltr'><strong>nos</strong></span> <span class='ocrx_word' id='word_1_168' title='bbox 2453 920 2665 981; x_wconf 80' lang='lat' dir='ltr'><strong>eximit,</strong></span> <span class='ocrx_word' id='word_1_169' title='bbox 2702 921 2787 975; x_wconf 89' lang='lat' dir='ltr'><strong>ubi</strong></span> <span class='ocrx_word' id='word_1_170' title='bbox 2821 920 3139 976; x_wconf 84' lang='lat' dir='ltr'><strong>Zachariam</strong></span> <span class='ocrx_word' id='word_1_171' title='bbox 3177 925 3253 979; x_wconf 89' lang='lat' dir='ltr'><strong>sic</strong></span> <span class='ocrx_word' id='word_1_172' title='bbox 3283 926 3554 983; x_wconf 84' lang='lat' dir='ltr'><strong>dicentem</strong></span> <span class='ocrx_word' id='word_1_173' title='bbox 3590 944 3765 996; x_wconf 74' lang='lat' dir='ltr'><strong>expo-</strong></span> 
     </span>
    </p>
   </div>
   <div class='ocr_carea' id='block_1_24' title="bbox 2175 1012 3760 1083">
    <p class='ocr_par' dir='ltr' id='par_1_24' title="bbox 2175 1012 3760 1083">
     <span class='ocr_line' id='line_1_24' title="bbox 2175 1012 3760 1083; baseline 0.005 -19"><span class='ocrx_word' id='word_1_174' title='bbox 2175 1013 2291 1064; x_wconf 87' lang='lat' dir='ltr'><strong>nit;</strong></span> <span class='ocrx_word' id='word_1_175' title='bbox 2330 1032 2347 1061; x_wconf 78' lang='grc' dir='ltr'><strong>ι</strong></span> <span class='ocrx_word' id='word_1_176' title='bbox 2384 1012 2449 1064; x_wconf 82' lang='lat' dir='ltr'><strong>Et</strong></span> <span class='ocrx_word' id='word_1_177' title='bbox 2477 1013 2581 1067; x_wconf 87' lang='lat' dir='ltr'><strong>erit</strong></span> <span class='ocrx_word' id='word_1_178' title='bbox 2610 1012 2660 1066; x_wconf 93' lang='lat' dir='ltr'><strong>iu</strong></span> <span class='ocrx_word' id='word_1_179' title='bbox 2694 1013 2782 1068; x_wconf 91' lang='lat' dir='ltr'><strong>die</strong></span> <span class='ocrx_word' id='word_1_180' title='bbox 2811 1013 2922 1078; x_wconf 88' lang='lat' dir='ltr'><strong>illa,</strong></span> <span class='ocrx_word' id='word_1_181' title='bbox 2954 1015 3081 1068; x_wconf 89' lang='lat' dir='ltr'><strong>dicit</strong></span> <span class='ocrx_word' id='word_1_182' title='bbox 3114 1015 3371 1071; x_wconf 85' lang='lat' dir='ltr'><strong>Dominus</strong></span> <span class='ocrx_word' id='word_1_183' title='bbox 3399 1021 3760 1083; x_wconf 77' lang='lat' dir='ltr'><strong>exercituum,</strong></span> 
     </span>
    </p>
   </div>
   <div class='ocr_carea' id='block_1_25' title="bbox 2175 1100 3767 1170">
    <p class='ocr_par' dir='ltr' id='par_1_25' title="bbox 2175 1100 3767 1170">
     <span class='ocr_line' id='line_1_25' title="bbox 2175 1100 3767 1170; baseline 0.005 -16"><span class='ocrx_word' id='word_1_184' title='bbox 2175 1100 2479 1169; x_wconf 86' lang='lat' dir='ltr'><strong>disperdam</strong></span> <span class='ocrx_word' id='word_1_185' title='bbox 2510 1104 2727 1155; x_wconf 89' lang='lat' dir='ltr'><strong>nomina</strong></span> <span class='ocrx_word' id='word_1_186' title='bbox 2756 1103 3018 1157; x_wconf 83' lang='lat' dir='ltr'><strong>idolorum</strong></span> <span class='ocrx_word' id='word_1_187' title='bbox 3050 1105 3115 1159; x_wconf 89' lang='lat' dir='ltr'><strong>de</strong></span> <span class='ocrx_word' id='word_1_188' title='bbox 3143 1114 3308 1170; x_wconf 85' lang='lat' dir='ltr'><strong>terra,</strong></span> <span class='ocrx_word' id='word_1_189' title='bbox 3338 1116 3393 1161; x_wconf 90' lang='lat' dir='ltr'><strong>et</strong></span> <span class='ocrx_word' id='word_1_190' title='bbox 3419 1125 3522 1163; x_wconf 85' lang='lat' dir='ltr'><strong>non</strong></span> <span class='ocrx_word' id='word_1_191' title='bbox 3557 1123 3767 1162; x_wconf 80' lang='lat' dir='ltr'><strong>memo-</strong></span> 
     </span>
    </p>
   </div>
   <div class='ocr_carea' id='block_1_26' title="bbox 2175 1191 3762 1262">
    <p class='ocr_par' dir='ltr' id='par_1_26' title="bbox 2175 1191 3762 1262">
     <span class='ocr_line' id='line_1_26' title="bbox 2175 1191 3762 1262; baseline 0.005 -20"><span class='ocrx_word' id='word_1_192' title='bbox 2175 1191 2439 1244; x_wconf 88' lang='lat' dir='ltr'><strong>rabuntur</strong></span> <span class='ocrx_word' id='word_1_193' title='bbox 2476 1191 2635 1256; x_wconf 84' lang='lat' dir='ltr'><strong>ultra,</strong></span> <span class='ocrx_word' id='word_1_194' title='bbox 2659 1201 2712 1245; x_wconf 89' lang='lat' dir='ltr'><strong>et</strong></span> <span class='ocrx_word' id='word_1_195' title='bbox 2741 1192 3033 1262; x_wconf 85' lang='lat' dir='ltr'><strong>prophetas</strong></span> <span class='ocrx_word' id='word_1_196' title='bbox 3066 1202 3121 1246; x_wconf 90' lang='lat' dir='ltr'><strong>et</strong></span> <span class='ocrx_word' id='word_1_197' title='bbox 3148 1195 3394 1262; x_wconf 86' lang='lat' dir='ltr'><strong>spiritum</strong></span> <span class='ocrx_word' id='word_1_198' title='bbox 3420 1197 3762 1251; x_wconf 86' lang='lat' dir='ltr'><strong>immundum</strong></span> 
     </span>
    </p>
   </div>
   <div class='ocr_carea' id='block_1_27' title="bbox 2178 1279 3766 1356">
    <p class='ocr_par' dir='ltr' id='par_1_27' title="bbox 2178 1279 3766 1356">
     <span class='ocr_line' id='line_1_27' title="bbox 2178 1279 3766 1356; baseline 0.005 -23"><span class='ocrx_word' id='word_1_199' title='bbox 2178 1279 2421 1334; x_wconf 77' lang='lat' dir='ltr'><strong>auferam</strong></span> <span class='ocrx_word' id='word_1_200' title='bbox 2453 1282 2518 1335; x_wconf 89' lang='lat' dir='ltr'><strong>de</strong></span> <span class='ocrx_word' id='word_1_201' title='bbox 2549 1291 2690 1335; x_wconf 86' lang='lat' dir='ltr'><strong>terra</strong></span> <span class='ocrx_word' id='word_1_202' title='bbox 2722 1280 2904 1351; x_wconf 73' lang='lat' dir='ltr'><strong>(Zaclz.</strong></span> <span class='ocrx_word' id='word_1_203' title='bbox 2943 1299 3074 1348; x_wconf 80' lang='lat' dir='ltr'><strong>xm,</strong></span> <span class='ocrx_word' id='word_1_204' title='bbox 3104 1284 3182 1356; x_wconf 75' lang='lat'><strong>2).</strong></span> <span class='ocrx_word' id='word_1_205' title='bbox 3218 1305 3237 1337; x_wconf 78' lang='grc' dir='ltr'><strong>ι</strong></span> <span class='ocrx_word' id='word_1_206' title='bbox 3274 1286 3427 1341; x_wconf 89' lang='lat' dir='ltr'><strong>Sicut</strong></span> <span class='ocrx_word' id='word_1_207' title='bbox 3455 1287 3592 1341; x_wconf 89' lang='lat' dir='ltr'><strong>idola</strong></span> <span class='ocrx_word' id='word_1_208' title='bbox 3619 1288 3766 1341; x_wconf 82' lang='lat' dir='ltr'><strong>liunt</strong></span> 
     </span>
    </p>
   </div>
   <div class='ocr_carea' id='block_1_28' title="bbox 2176 1373 3761 1445">
    <p class='ocr_par' dir='ltr' id='par_1_28' title="bbox 2176 1373 3761 1445">
     <span class='ocr_line' id='line_1_28' title="bbox 2176 1373 3761 1445; baseline 0.003 -18"><span class='ocrx_word' id='word_1_209' title='bbox 2176 1375 2241 1427; x_wconf 91' lang='lat' dir='ltr'><strong>de</strong></span> <span class='ocrx_word' id='word_1_210' title='bbox 2265 1388 2425 1427; x_wconf 89' lang='lat' dir='ltr'><strong>manu</strong></span> <span class='ocrx_word' id='word_1_211' title='bbox 2450 1373 2694 1437; x_wconf 82' lang='lat' dir='ltr'><strong>artiﬁcis,</strong></span> <span class='ocrx_word' id='word_1_212' title='bbox 2718 1374 2790 1428; x_wconf 91' lang='lat' dir='ltr'><strong>ita</strong></span> <span class='ocrx_word' id='word_1_213' title='bbox 2817 1375 3190 1430; x_wconf 76' lang='lat' dir='ltr'><strong>luereticorum</strong></span> <span class='ocrx_word' id='word_1_214' title='bbox 3213 1392 3462 1445; x_wconf 88' lang='lat' dir='ltr'><strong>perversa</strong></span> <span class='ocrx_word' id='word_1_215' title='bbox 3487 1380 3761 1443; x_wconf 88' lang='lat' dir='ltr'><strong>doctrina,</strong></span> 
     </span>
    </p>
   </div>
   <div class='ocr_carea' id='block_1_29' title="bbox 2174 1456 3765 1533">
    <p class='ocr_par' dir='ltr' id='par_1_29' title="bbox 2174 1456 3765 1533">
     <span class='ocr_line' id='line_1_29' title="bbox 2174 1456 3765 1533; baseline 0.005 -18"><span class='ocrx_word' id='word_1_216' title='bbox 2174 1456 2530 1533; x_wconf 86' lang='lat' dir='ltr'><strong>quodcunqtie</strong></span> <span class='ocrx_word' id='word_1_217' title='bbox 2570 1464 2907 1518; x_wconf 84' lang='lat' dir='ltr'><strong>simulaverit</strong></span> <span class='ocrx_word' id='word_1_218' title='bbox 2945 1464 2997 1519; x_wconf 91' lang='lat' dir='ltr'><strong>in</strong></span> <span class='ocrx_word' id='word_1_219' title='bbox 3042 1467 3240 1521; x_wconf 89' lang='lat' dir='ltr'><strong>idolum</strong></span> <span class='ocrx_word' id='word_1_220' title='bbox 3289 1470 3488 1533; x_wconf 86' lang='lat' dir='ltr'><strong>vertit,</strong></span> <span class='ocrx_word' id='word_1_221' title='bbox 3530 1479 3584 1523; x_wconf 90' lang='lat' dir='ltr'><strong>et</strong></span> <span class='ocrx_word' id='word_1_222' title='bbox 3628 1468 3765 1523; x_wconf 80' lang='lat' dir='ltr'><strong>facit</strong></span> 
     </span>
    </p>
   </div>
   <div class='ocr_carea' id='block_1_30' title="bbox 2176 1554 3761 1627">
    <p class='ocr_par' dir='ltr' id='par_1_30' title="bbox 2176 1554 3761 1627">
     <span class='ocr_line' id='line_1_30' title="bbox 2176 1554 3761 1627; baseline 0.003 -20"><span class='ocrx_word' id='word_1_223' title='bbox 2176 1568 2273 1621; x_wconf 91' lang='lat' dir='ltr'><strong>pro</strong></span> <span class='ocrx_word' id='word_1_224' title='bbox 2329 1554 2547 1611; x_wconf 85' lang='lat' dir='ltr'><strong>Christo</strong></span> <span class='ocrx_word' id='word_1_225' title='bbox 2596 1556 2810 1610; x_wconf 89' lang='lat' dir='ltr'><strong>adorari</strong></span> <span class='ocrx_word' id='word_1_226' title='bbox 2866 1555 3282 1612; x_wconf 87' lang='lat' dir='ltr'><strong>Antichristum.</strong></span> <span class='ocrx_word' id='word_1_227' title='bbox 3336 1560 3436 1627; x_wconf 86' lang='lat' dir='ltr'><strong>Qui</strong></span> <span class='ocrx_word' id='word_1_228' title='bbox 3490 1560 3535 1614; x_wconf 88' lang='lat' dir='ltr'><strong>si</strong></span> <span class='ocrx_word' id='word_1_229' title='bbox 3592 1561 3761 1615; x_wconf 88' lang='lat' dir='ltr'><strong>etiam</strong></span> 
     </span>
    </p>
   </div>
   <div class='ocr_carea' id='block_1_31' title="bbox 2176 1642 3763 1718">
    <p class='ocr_par' dir='ltr' id='par_1_31' title="bbox 2176 1642 3763 1718">
     <span class='ocr_line' id='line_1_31' title="bbox 2176 1642 3763 1718; baseline 0.006 -25"><span class='ocrx_word' id='word_1_230' title='bbox 2176 1642 2358 1696; x_wconf 86' lang='lat' dir='ltr'><strong>verbis</strong></span> <span class='ocrx_word' id='word_1_231' title='bbox 2388 1643 2676 1713; x_wconf 84' lang='lat' dir='ltr'><strong>aliquando</strong></span> <span class='ocrx_word' id='word_1_232' title='bbox 2704 1644 2977 1699; x_wconf 87' lang='lat' dir='ltr'><strong>diabolum</strong></span> <span class='ocrx_word' id='word_1_233' title='bbox 3011 1646 3365 1712; x_wconf 89' lang='lat' dir='ltr'><strong>maledicunt,</strong></span> <span class='ocrx_word' id='word_1_234' title='bbox 3396 1650 3605 1718; x_wconf 86' lang='lat' dir='ltr'><strong>seipsos</strong></span> <span class='ocrx_word' id='word_1_235' title='bbox 3632 1664 3763 1718; x_wconf 86' lang='lat' dir='ltr'><strong>pro-</strong></span> 
     </span>
    </p>
   </div>
   <div class='ocr_carea' id='block_1_32' title="bbox 2176 1734 3763 1812">
    <p class='ocr_par' dir='ltr' id='par_1_32' title="bbox 2176 1734 3763 1812">
     <span class='ocr_line' id='line_1_32' title="bbox 2176 1734 3763 1812; baseline 0.006 -26"><span class='ocrx_word' id='word_1_236' title='bbox 2176 1734 2317 1789; x_wconf 87' lang='lat' dir='ltr'><strong>fecto</strong></span> <span class='ocrx_word' id='word_1_237' title='bbox 2339 1736 2687 1802; x_wconf 86' lang='lat' dir='ltr'><strong>maledicunt,</strong></span> <span class='ocrx_word' id='word_1_238' title='bbox 2709 1738 2849 1791; x_wconf 88' lang='lat' dir='ltr'><strong>sicut</strong></span> <span class='ocrx_word' id='word_1_239' title='bbox 2877 1737 3147 1807; x_wconf 87' lang='lat' dir='ltr'><strong>Sapientis</strong></span> <span class='ocrx_word' id='word_1_240' title='bbox 3172 1739 3347 1810; x_wconf 82' lang='lat' dir='ltr'><strong>elogio</strong></span> <span class='ocrx_word' id='word_1_241' title='bbox 3372 1743 3763 1812; x_wconf 78' lang='lat' dir='ltr'><strong>cetuprobatur</strong></span> 
     </span>
    </p>
   </div>
   <div class='ocr_carea' id='block_1_33' title="bbox 491 1826 3761 1902">
    <p class='ocr_par' dir='ltr' id='par_1_33' title="bbox 491 1826 3761 1902">
     <span class='ocr_line' id='line_1_33' title="bbox 491 1826 3761 1902; baseline -0 -13"><span class='ocrx_word' id='word_1_242' title='bbox 491 1833 640 1892; x_wconf 87' lang='lat' dir='ltr'><strong>fures</strong></span> <span class='ocrx_word' id='word_1_243' title='bbox 662 1843 713 1889; x_wconf 91' lang='lat' dir='ltr'><strong>et</strong></span> <span class='ocrx_word' id='word_1_244' title='bbox 745 1833 1006 1899; x_wconf 88' lang='lat' dir='ltr'><strong>latrones,</strong></span> <span class='ocrx_word' id='word_1_245' title='bbox 1030 1833 1129 1887; x_wconf 89' lang='lat' dir='ltr'><strong>viri</strong></span> <span class='ocrx_word' id='word_1_246' title='bbox 1161 1832 1479 1902; x_wconf 82' lang='lat' dir='ltr'><strong>sanguinum</strong></span> <span class='ocrx_word' id='word_1_247' title='bbox 1502 1840 1556 1885; x_wconf 90' lang='lat' dir='ltr'><strong>et</strong></span> <span class='ocrx_word' id='word_1_248' title='bbox 1585 1832 1753 1885; x_wconf 90' lang='lat' dir='ltr'><strong>dolosi</strong></span> <span class='ocrx_word' id='word_1_249' title='bbox 1785 1840 1928 1895; x_wconf 90' lang='lat' dir='ltr'><strong>sunt,</strong></span> <span class='ocrx_word' id='word_1_250' title='bbox 1950 1846 2081 1900; x_wconf 85' lang='lat' dir='ltr'><strong>quo-</strong></span> <span class='ocrx_word' id='word_1_251' title='bbox 2115 1826 2155 1884; x_wconf 85' lang='grc' dir='ltr'>Β</span> <span class='ocrx_word' id='word_1_252' title='bbox 2183 1826 2411 1882; x_wconf 88' lang='lat' dir='ltr'><strong>dicentis</strong></span> <span class='ocrx_word' id='word_1_253' title='bbox 2441 1842 2456 1882; x_wconf 89' lang='lat'><strong>:</strong></span> <span class='ocrx_word' id='word_1_254' title='bbox 2499 1848 2518 1880; x_wconf 79' lang='grc' dir='ltr'><strong>ι</strong></span> <span class='ocrx_word' id='word_1_255' title='bbox 2554 1829 2689 1883; x_wconf 85' lang='lat' dir='ltr'><strong>Dum</strong></span> <span class='ocrx_word' id='word_1_256' title='bbox 2721 1830 2990 1886; x_wconf 86' lang='lat' dir='ltr'><strong>maledicit</strong></span> <span class='ocrx_word' id='word_1_257' title='bbox 3021 1832 3214 1901; x_wconf 87' lang='lat' dir='ltr'><strong>impius</strong></span> <span class='ocrx_word' id='word_1_258' title='bbox 3251 1834 3520 1888; x_wconf 85' lang='lat' dir='ltr'><strong>diabolum</strong></span> <span class='ocrx_word' id='word_1_259' title='bbox 3540 1875 3554 1898; x_wconf 94' lang='lat'><strong>,</strong></span> <span class='ocrx_word' id='word_1_260' title='bbox 3592 1835 3761 1889; x_wconf 89' lang='lat' dir='ltr'><strong>male-</strong></span> 
     </span>
    </p>
   </div>
   <div class='ocr_carea' id='block_1_34' title="bbox 494 1921 2073 1994">
    <p class='ocr_par' dir='ltr' id='par_1_34' title="bbox 494 1921 2073 1994">
     <span class='ocr_line' id='line_1_34' title="bbox 494 1921 2073 1994; baseline -0.002 -16"><span class='ocrx_word' id='word_1_261' title='bbox 494 1941 610 1978; x_wconf 89' lang='lat' dir='ltr'><strong>rum</strong></span> <span class='ocrx_word' id='word_1_262' title='bbox 635 1924 908 1994; x_wconf 85' lang='lat' dir='ltr'><strong>particeps</strong></span> <span class='ocrx_word' id='word_1_263' title='bbox 932 1924 1236 1991; x_wconf 87' lang='lat' dir='ltr'><strong>quicunque</strong></span> <span class='ocrx_word' id='word_1_264' title='bbox 1257 1923 1360 1986; x_wconf 85' lang='lat' dir='ltr'><strong>e&#39;st,</strong></span> <span class='ocrx_word' id='word_1_265' title='bbox 1387 1921 1828 1991; x_wconf 70' lang='lat' dir='ltr'><strong>sanguinolentus</strong></span> <span class='ocrx_word' id='word_1_266' title='bbox 1850 1930 1906 1975; x_wconf 91' lang='lat' dir='ltr'><strong>et</strong></span> <span class='ocrx_word' id='word_1_267' title='bbox 1927 1921 2073 1975; x_wconf 88' lang='lat' dir='ltr'><strong>frau-</strong></span> 
     </span>
    </p>
   </div>
   <div class='ocr_carea' id='block_1_35' title="bbox 491 2017 1212 2072">
    <p class='ocr_par' dir='ltr' id='par_1_35' title="bbox 491 2017 1212 2072">
     <span class='ocr_line' id='line_1_35' title="bbox 491 2017 1212 2072; baseline -0.007 0"><span class='ocrx_word' id='word_1_268' title='bbox 491 2018 740 2072; x_wconf 86' lang='lat' dir='ltr'><strong>dulentus</strong></span> <span class='ocrx_word' id='word_1_269' title='bbox 766 2017 835 2071; x_wconf 90' lang='lat' dir='ltr'><strong>sit</strong></span> <span class='ocrx_word' id='word_1_270' title='bbox 863 2030 1083 2071; x_wconf 84' lang='lat' dir='ltr'><strong>necesse</strong></span> <span class='ocrx_word' id='word_1_271' title='bbox 1110 2023 1212 2069; x_wconf 90' lang='lat' dir='ltr'><strong>est.</strong></span> 
     </span>
    </p>
   </div>
   <div class='ocr_carea' id='block_1_36' title="bbox 572 2103 2072 2178">
    <p class='ocr_par' dir='ltr' id='par_1_36' title="bbox 572 2103 2072 2178">
     <span class='ocr_line' id='line_1_36' title="bbox 572 2103 2072 2178; baseline -0.003 -15"><span class='ocrx_word' id='word_1_272' title='bbox 572 2109 719 2164; x_wconf 86' lang='lat' dir='ltr'><strong>Unde</strong></span> <span class='ocrx_word' id='word_1_273' title='bbox 747 2108 870 2178; x_wconf 88' lang='lat' dir='ltr'><strong>quia</strong></span> <span class='ocrx_word' id='word_1_274' title='bbox 893 2123 1082 2162; x_wconf 85' lang='lat' dir='ltr'><strong>manus</strong></span> <span class='ocrx_word' id='word_1_275' title='bbox 1111 2106 1227 2176; x_wconf 82' lang='lat' dir='ltr'><strong>ejus</strong></span> <span class='ocrx_word' id='word_1_276' title='bbox 1248 2104 1417 2175; x_wconf 73' lang='lat' dir='ltr'><strong>plena:</strong></span> <span class='ocrx_word' id='word_1_277' title='bbox 1445 2114 1570 2160; x_wconf 89' lang='lat' dir='ltr'><strong>sunt</strong></span> <span class='ocrx_word' id='word_1_278' title='bbox 1599 2106 1885 2175; x_wconf 85' lang='lat' dir='ltr'><strong>sanguine,</strong></span> <span class='ocrx_word' id='word_1_279' title='bbox 1914 2112 1968 2158; x_wconf 91' lang='lat' dir='ltr'><strong>et</strong></span> <span class='ocrx_word' id='word_1_280' title='bbox 1995 2103 2072 2158; x_wconf 85' lang='lat' dir='ltr'><strong>la-</strong></span> 
     </span>
    </p>
   </div>
   <div class='ocr_carea' id='block_1_37' title="bbox 494 2195 2073 2263">
    <p class='ocr_par' dir='ltr' id='par_1_37' title="bbox 494 2195 2073 2263">
     <span class='ocr_line' id='line_1_37' title="bbox 494 2195 2073 2263; baseline -0.003 -11"><span class='ocrx_word' id='word_1_281' title='bbox 494 2207 709 2253; x_wconf 86' lang='lat' dir='ltr'><strong>tronum</strong></span> <span class='ocrx_word' id='word_1_282' title='bbox 726 2198 827 2253; x_wconf 93' lang='lat' dir='ltr'><strong>sibi</strong></span> <span class='ocrx_word' id='word_1_283' title='bbox 840 2197 1330 2253; x_wconf 76' lang='lat' dir='ltr'><strong>conftederatorem</strong></span> <span class='ocrx_word' id='word_1_284' title='bbox 1346 2195 1749 2258; x_wconf 83' lang='lat' dir='ltr'><strong>communione,</strong></span> <span class='ocrx_word' id='word_1_285' title='bbox 1761 2196 1938 2249; x_wconf 91' lang='lat' dir='ltr'><strong>oratio</strong></span> <span class='ocrx_word' id='word_1_286' title='bbox 1959 2196 2073 2263; x_wconf 84' lang='lat' dir='ltr'><strong>ejus</strong></span> 
     </span>
    </p>
   </div>
   <div class='ocr_carea' id='block_1_38' title="bbox 496 2277 2075 2357">
    <p class='ocr_par' dir='ltr' id='par_1_38' title="bbox 496 2277 2075 2357">
     <span class='ocr_line' id='line_1_38' title="bbox 496 2277 2075 2357; baseline -0.001 -16"><span class='ocrx_word' id='word_1_287' title='bbox 496 2286 774 2357; x_wconf 85' lang='lat' dir='ltr'><strong>repellitur</strong></span> <span class='ocrx_word' id='word_1_288' title='bbox 801 2301 831 2340; x_wconf 90' lang='lat' dir='ltr'><strong>a</strong></span> <span class='ocrx_word' id='word_1_289' title='bbox 865 2287 1219 2341; x_wconf 88' lang='lat' dir='ltr'><strong>mundissima</strong></span> <span class='ocrx_word' id='word_1_290' title='bbox 1250 2287 1555 2355; x_wconf 75' lang='lat' dir='ltr'><strong>majestate.</strong></span> <span class='ocrx_word' id='word_1_291' title='bbox 1586 2283 1654 2339; x_wconf 87' lang='lat' dir='ltr'><strong>Ut</strong></span> <span class='ocrx_word' id='word_1_292' title='bbox 1682 2285 1823 2338; x_wconf 90' lang='lat' dir='ltr'><strong>enim</strong></span> <span class='ocrx_word' id='word_1_293' title='bbox 1848 2277 2075 2352; x_wconf 67' lang='lat' dir='ltr'><strong>Sapiens</strong></span> 
     </span>
    </p>
   </div>
   <div class='ocr_carea' id='block_1_39' title="bbox 497 2377 2074 2447">
    <p class='ocr_par' dir='ltr' id='par_1_39' title="bbox 497 2377 2074 2447">
     <span class='ocr_line' id='line_1_39' title="bbox 497 2377 2074 2447; baseline -0.001 -15"><span class='ocrx_word' id='word_1_294' title='bbox 497 2379 574 2432; x_wconf 85' lang='lat' dir='ltr'><strong>ait</strong></span> <span class='ocrx_word' id='word_1_295' title='bbox 603 2394 615 2432; x_wconf 93' lang='lat'>:</span> <span class='ocrx_word' id='word_1_296' title='bbox 640 2397 658 2429; x_wconf 78' lang='grc' dir='ltr'><strong>ι</strong></span> <span class='ocrx_word' id='word_1_297' title='bbox 678 2377 777 2445; x_wconf 88' lang='lat' dir='ltr'><strong>Qui</strong></span> <span class='ocrx_word' id='word_1_298' title='bbox 796 2378 989 2432; x_wconf 84' lang='lat' dir='ltr'><strong>avertit</strong></span> <span class='ocrx_word' id='word_1_299' title='bbox 1007 2394 1192 2432; x_wconf 89' lang='lat' dir='ltr'><strong>aurem</strong></span> <span class='ocrx_word' id='word_1_300' title='bbox 1214 2393 1365 2432; x_wconf 84' lang='lat' dir='ltr'><strong>suam</strong></span> <span class='ocrx_word' id='word_1_301' title='bbox 1388 2392 1455 2431; x_wconf 91' lang='lat' dir='ltr'><strong>ne</strong></span> <span class='ocrx_word' id='word_1_302' title='bbox 1478 2378 1654 2432; x_wconf 86' lang='lat' dir='ltr'><strong>audiat</strong></span> <span class='ocrx_word' id='word_1_303' title='bbox 1680 2377 1873 2447; x_wconf 79' lang='lat' dir='ltr'><strong>legem,</strong></span> <span class='ocrx_word' id='word_1_304' title='bbox 1898 2378 2074 2430; x_wconf 87' lang='lat' dir='ltr'><strong>oratio</strong></span> 
     </span>
    </p>
   </div>
   <div class='ocr_carea' id='block_1_40' title="bbox 494 2466 2074 2540">
    <p class='ocr_par' dir='ltr' id='par_1_40' title="bbox 494 2466 2074 2540">
     <span class='ocr_line' id='line_1_40' title="bbox 494 2466 2074 2540; baseline -0.001 -19"><span class='ocrx_word' id='word_1_305' title='bbox 494 2468 612 2538; x_wconf 85' lang='lat' dir='ltr'><strong>ejus</strong></span> <span class='ocrx_word' id='word_1_306' title='bbox 631 2469 974 2524; x_wconf 81' lang='lat' dir='ltr'><strong>exsecrabilis</strong></span> <span class='ocrx_word' id='word_1_307' title='bbox 993 2468 1173 2540; x_wconf 87' lang='lat' dir='ltr'><strong>(Prov.</strong></span> <span class='ocrx_word' id='word_1_308' title='bbox 1190 2484 1383 2533; x_wconf 76' lang='lat' dir='ltr'><strong>xxviii,</strong></span> <span class='ocrx_word' id='word_1_309' title='bbox 1399 2468 1475 2538; x_wconf 88' lang='lat'><strong>9).</strong></span> <span class='ocrx_word' id='word_1_310' title='bbox 1505 2487 1522 2518; x_wconf 78' lang='grc' dir='ltr'><strong>ι</strong></span> <span class='ocrx_word' id='word_1_311' title='bbox 1542 2468 1692 2534; x_wconf 88' lang='lat' dir='ltr'><strong>Quod</strong></span> <span class='ocrx_word' id='word_1_312' title='bbox 1714 2471 1760 2523; x_wconf 91' lang='lat' dir='ltr'><strong>si</strong></span> <span class='ocrx_word' id='word_1_313' title='bbox 1776 2466 2074 2523; x_wconf 78' lang='lat' dir='ltr'><strong>evenitillis</strong></span> 
     </span>
    </p>
   </div>
   <div class='ocr_carea' id='block_1_41' title="bbox 493 2557 2074 2629">
    <p class='ocr_par' dir='ltr' id='par_1_41' title="bbox 493 2557 2074 2629">
     <span class='ocr_line' id='line_1_41' title="bbox 493 2557 2074 2629; baseline 0.001 -19"><span class='ocrx_word' id='word_1_314' title='bbox 493 2557 582 2628; x_wconf 89' lang='lat' dir='ltr'><strong>qui</strong></span> <span class='ocrx_word' id='word_1_315' title='bbox 620 2571 731 2612; x_wconf 86' lang='lat' dir='ltr'><strong>non</strong></span> <span class='ocrx_word' id='word_1_316' title='bbox 765 2559 988 2612; x_wconf 88' lang='lat' dir='ltr'><strong>audiunt</strong></span> <span class='ocrx_word' id='word_1_317' title='bbox 1024 2557 1193 2628; x_wconf 81' lang='lat' dir='ltr'><strong>legem</strong></span> <span class='ocrx_word' id='word_1_318' title='bbox 1233 2559 1634 2629; x_wconf 66' lang='lat' dir='ltr'><strong>praecipientem</strong></span> <span class='ocrx_word' id='word_1_319' title='bbox 1665 2559 1919 2613; x_wconf 89' lang='lat' dir='ltr'><strong>honorari</strong></span> <span class='ocrx_word' id='word_1_320' title='bbox 1968 2558 2074 2612; x_wconf 87' lang='lat' dir='ltr'><strong>Do-</strong></span> 
     </span>
    </p>
   </div>
   <div class='ocr_carea' id='block_1_42' title="bbox 496 2648 2069 2720">
    <p class='ocr_par' dir='ltr' id='par_1_42' title="bbox 496 2648 2069 2720">
     <span class='ocr_line' id='line_1_42' title="bbox 496 2648 2069 2720; baseline 0.001 -18"><span class='ocrx_word' id='word_1_321' title='bbox 496 2648 702 2703; x_wconf 88' lang='lat' dir='ltr'><strong>minum</strong></span> <span class='ocrx_word' id='word_1_322' title='bbox 729 2648 795 2703; x_wconf 86' lang='lat' dir='ltr'><strong>de</strong></span> <span class='ocrx_word' id='word_1_323' title='bbox 822 2648 1038 2720; x_wconf 87' lang='lat' dir='ltr'><strong>propria</strong></span> <span class='ocrx_word' id='word_1_324' title='bbox 1061 2658 1114 2703; x_wconf 93' lang='lat' dir='ltr'><strong>et</strong></span> <span class='ocrx_word' id='word_1_325' title='bbox 1136 2648 1423 2703; x_wconf 83' lang='lat' dir='ltr'><strong>vernacula</strong></span> <span class='ocrx_word' id='word_1_326' title='bbox 1449 2650 1754 2704; x_wconf 87' lang='lat' dir='ltr'><strong>substantia</strong></span> <span class='ocrx_word' id='word_1_327' title='bbox 1779 2649 1959 2720; x_wconf 83' lang='lat' dir='ltr'><strong>(Prov.</strong></span> <span class='ocrx_word' id='word_1_328' title='bbox 1987 2664 2069 2713; x_wconf 87' lang='grc' dir='ltr'>ιιι,</span> 
     </span>
    </p>
   </div>
   <div class='ocr_carea' id='block_1_43' title="bbox 491 2737 2072 2812">
    <p class='ocr_par' dir='ltr' id='par_1_43' title="bbox 491 2737 2072 2812">
     <span class='ocr_line' id='line_1_43' title="bbox 491 2737 2072 2812; baseline 0.001 -18"><span class='ocrx_word' id='word_1_329' title='bbox 491 2737 571 2808; x_wconf 89' lang='lat'><strong>9),</strong></span> <span class='ocrx_word' id='word_1_330' title='bbox 607 2739 735 2808; x_wconf 90' lang='lat' dir='ltr'><strong>quid</strong></span> <span class='ocrx_word' id='word_1_331' title='bbox 765 2738 857 2795; x_wconf 82' lang='lat' dir='ltr'><strong>ﬂet</strong></span> <span class='ocrx_word' id='word_1_332' title='bbox 890 2741 990 2806; x_wconf 90' lang='lat' dir='ltr'><strong>eis,</strong></span> <span class='ocrx_word' id='word_1_333' title='bbox 1023 2740 1113 2810; x_wconf 88' lang='lat' dir='ltr'><strong>qui</strong></span> <span class='ocrx_word' id='word_1_334' title='bbox 1151 2739 1372 2794; x_wconf 88' lang='lat' dir='ltr'><strong>alterius</strong></span> <span class='ocrx_word' id='word_1_335' title='bbox 1409 2740 1807 2812; x_wconf 81' lang='lat' dir='ltr'><strong>eleemosynam</strong></span> <span class='ocrx_word' id='word_1_336' title='bbox 1848 2740 1953 2797; x_wconf 88' lang='lat' dir='ltr'><strong>sibi</strong></span> <span class='ocrx_word' id='word_1_337' title='bbox 1992 2742 2072 2796; x_wconf 89' lang='lat' dir='ltr'><strong>sic</strong></span> 
     </span>
    </p>
   </div>
   <div class='ocr_carea' id='block_1_44' title="bbox 494 2828 2070 2903">
    <p class='ocr_par' dir='ltr' id='par_1_44' title="bbox 494 2828 2070 2903">
     <span class='ocr_line' id='line_1_44' title="bbox 494 2828 2070 2903; baseline 0.002 -20"><span class='ocrx_word' id='word_1_338' title='bbox 494 2828 777 2895; x_wconf 85' lang='lat' dir='ltr'><strong>creditam,</strong></span> <span class='ocrx_word' id='word_1_339' title='bbox 807 2838 863 2884; x_wconf 90' lang='lat' dir='ltr'><strong>ut</strong></span> <span class='ocrx_word' id='word_1_340' title='bbox 892 2831 1059 2900; x_wconf 85' lang='lat' dir='ltr'><strong>gratis</strong></span> <span class='ocrx_word' id='word_1_341' title='bbox 1086 2832 1211 2886; x_wconf 91' lang='lat' dir='ltr'><strong>dent</strong></span> <span class='ocrx_word' id='word_1_342' title='bbox 1241 2832 1411 2901; x_wconf 80' lang='lat' dir='ltr'><strong>gratis</strong></span> <span class='ocrx_word' id='word_1_343' title='bbox 1438 2841 1714 2900; x_wconf 86' lang='lat' dir='ltr'><strong>acceptam</strong></span> <span class='ocrx_word' id='word_1_344' title='bbox 1747 2834 1910 2903; x_wconf 87' lang='lat' dir='ltr'><strong>impie</strong></span> <span class='ocrx_word' id='word_1_345' title='bbox 1938 2847 2070 2886; x_wconf 88' lang='lat' dir='ltr'><strong>ven-</strong></span> 
     </span>
    </p>
   </div>
   <div class='ocr_carea' id='block_1_45' title="bbox 496 2918 2072 2987">
    <p class='ocr_par' dir='ltr' id='par_1_45' title="bbox 496 2918 2072 2987">
     <span class='ocr_line' id='line_1_45' title="bbox 496 2918 2072 2987; baseline 0.003 -15"><span class='ocrx_word' id='word_1_346' title='bbox 496 2919 661 2973; x_wconf 80' lang='lat' dir='ltr'><strong>dunt?</strong></span> <span class='ocrx_word' id='word_1_347' title='bbox 690 2918 928 2987; x_wconf 86' lang='lat' dir='ltr'><strong>Quorum</strong></span> <span class='ocrx_word' id='word_1_348' title='bbox 959 2921 1132 2975; x_wconf 88' lang='lat' dir='ltr'><strong>oratio</strong></span> <span class='ocrx_word' id='word_1_349' title='bbox 1162 2921 1244 2975; x_wconf 86' lang='lat' dir='ltr'><strong>vel</strong></span> <span class='ocrx_word' id='word_1_350' title='bbox 1280 2922 1585 2977; x_wconf 81' lang='lat' dir='ltr'><strong>benedictio</strong></span> <span class='ocrx_word' id='word_1_351' title='bbox 1619 2938 1723 2976; x_wconf 91' lang='lat' dir='ltr'><strong>non</strong></span> <span class='ocrx_word' id='word_1_352' title='bbox 1757 2925 1930 2977; x_wconf 88' lang='lat' dir='ltr'><strong>solum</strong></span> <span class='ocrx_word' id='word_1_353' title='bbox 1965 2938 2072 2976; x_wconf 92' lang='lat' dir='ltr'><strong>non</strong></span> 
     </span>
    </p>
   </div>
   <div class='ocr_carea' id='block_1_46' title="bbox 496 3008 2076 3082">
    <p class='ocr_par' dir='ltr' id='par_1_46' title="bbox 496 3008 2076 3082">
     <span class='ocr_line' id='line_1_46' title="bbox 496 3008 2076 3082; baseline 0.004 -20"><span class='ocrx_word' id='word_1_354' title='bbox 496 3008 715 3063; x_wconf 86' lang='lat' dir='ltr'><strong>auditur</strong></span> <span class='ocrx_word' id='word_1_355' title='bbox 744 3020 829 3064; x_wconf 90' lang='lat' dir='ltr'><strong>aut</strong></span> <span class='ocrx_word' id='word_1_356' title='bbox 865 3011 1146 3081; x_wconf 88' lang='lat' dir='ltr'><strong>recipitur,</strong></span> <span class='ocrx_word' id='word_1_357' title='bbox 1172 3026 1362 3067; x_wconf 81' lang='lat' dir='ltr'><strong>verum</strong></span> <span class='ocrx_word' id='word_1_358' title='bbox 1389 3014 1553 3067; x_wconf 89' lang='lat' dir='ltr'><strong>etiam</strong></span> <span class='ocrx_word' id='word_1_359' title='bbox 1602 3014 1654 3067; x_wconf 91' lang='lat' dir='ltr'><strong>in</strong></span> <span class='ocrx_word' id='word_1_360' title='bbox 1696 3022 1976 3082; x_wconf 88' lang='lat' dir='ltr'><strong>peceatum</strong></span> <span class='ocrx_word' id='word_1_361' title='bbox 2020 3021 2076 3068; x_wconf 90' lang='lat' dir='ltr'><strong>et.</strong></span> 
     </span>
    </p>
   </div>
   <div class='ocr_carea' id='block_1_47' title="bbox 491 3098 2074 3172">
    <p class='ocr_par' dir='ltr' id='par_1_47' title="bbox 491 3098 2074 3172">
     <span class='ocr_line' id='line_1_47' title="bbox 491 3098 2074 3172; baseline 0.003 -19"><span class='ocrx_word' id='word_1_362' title='bbox 491 3098 549 3153; x_wconf 88' lang='lat' dir='ltr'><strong>in</strong></span> <span class='ocrx_word' id='word_1_363' title='bbox 599 3099 1030 3155; x_wconf 88' lang='lat' dir='ltr'><strong>maledictiouem</strong></span> <span class='ocrx_word' id='word_1_364' title='bbox 1064 3104 1433 3168; x_wconf 87' lang='lat' dir='ltr'><strong>convertitur;</strong></span> <span class='ocrx_word' id='word_1_365' title='bbox 1479 3103 1738 3172; x_wconf 87' lang='lat' dir='ltr'><strong>quoniam</strong></span> <span class='ocrx_word' id='word_1_366' title='bbox 1782 3120 1800 3154; x_wconf 76' lang='grc' dir='ltr'><strong>ι</strong></span> <span class='ocrx_word' id='word_1_367' title='bbox 1846 3118 1953 3156; x_wconf 92' lang='lat' dir='ltr'><strong>non</strong></span> <span class='ocrx_word' id='word_1_368' title='bbox 1991 3112 2074 3157; x_wconf 88' lang='lat' dir='ltr'><strong>est</strong></span> 
     </span>
    </p>
   </div>
   <div class='ocr_carea' id='block_1_48' title="bbox 493 3194 2066 3265">
    <p class='ocr_par' dir='ltr' id='par_1_48' title="bbox 493 3194 2066 3265">
     <span class='ocr_line' id='line_1_48' title="bbox 493 3194 2066 3265; baseline 0 -18"><span class='ocrx_word' id='word_1_369' title='bbox 493 3194 550 3247; x_wconf 90' lang='lat' dir='ltr'><strong>in</strong></span> <span class='ocrx_word' id='word_1_370' title='bbox 577 3208 674 3249; x_wconf 89' lang='lat' dir='ltr'><strong>ore</strong></span> <span class='ocrx_word' id='word_1_371' title='bbox 701 3209 887 3249; x_wconf 89' lang='lat' dir='ltr'><strong>eorum</strong></span> <span class='ocrx_word' id='word_1_372' title='bbox 918 3197 1142 3262; x_wconf 88' lang='lat' dir='ltr'><strong>veritas,</strong></span> <span class='ocrx_word' id='word_1_373' title='bbox 1165 3212 1258 3251; x_wconf 90' lang='lat' dir='ltr'><strong>cor</strong></span> <span class='ocrx_word' id='word_1_374' title='bbox 1285 3212 1471 3252; x_wconf 90' lang='lat' dir='ltr'><strong>eorum</strong></span> <span class='ocrx_word' id='word_1_375' title='bbox 1503 3213 1696 3251; x_wconf 88' lang='lat' dir='ltr'><strong>vanum</strong></span> <span class='ocrx_word' id='word_1_376' title='bbox 1719 3207 1800 3251; x_wconf 92' lang='lat' dir='ltr'><strong>est</strong></span> <span class='ocrx_word' id='word_1_377' title='bbox 1821 3194 1991 3265; x_wconf 75' lang='lat' dir='ltr'><strong>(Psal.</strong></span> <span class='ocrx_word' id='word_1_378' title='bbox 2015 3211 2066 3259; x_wconf 78' lang='grc' dir='ltr'>ν,</span> 
     </span>
    </p>
   </div>
   <div class='ocr_carea' id='block_1_49' title="bbox 499 3281 2073 3357">
    <p class='ocr_par' dir='ltr' id='par_1_49' title="bbox 499 3281 2073 3357">
     <span class='ocr_line' id='line_1_49' title="bbox 499 3281 2073 3357; baseline 0.002 -20"><span class='ocrx_word' id='word_1_379' title='bbox 499 3281 611 3353; x_wconf 77' lang='grc'><strong>10).</strong></span> <span class='ocrx_word' id='word_1_380' title='bbox 633 3301 736 3335; x_wconf 75' lang='grc' dir='ltr'>ι-</span> <span class='ocrx_word' id='word_1_381' title='bbox 751 3303 768 3335; x_wconf 77' lang='grc' dir='ltr'><strong>ι</strong></span> <span class='ocrx_word' id='word_1_382' title='bbox 794 3283 1111 3353; x_wconf 88' lang='lat' dir='ltr'><strong>Sepulcrum</strong></span> <span class='ocrx_word' id='word_1_383' title='bbox 1138 3294 1326 3355; x_wconf 87' lang='lat' dir='ltr'><strong>patens</strong></span> <span class='ocrx_word' id='word_1_384' title='bbox 1341 3295 1423 3343; x_wconf 90' lang='lat' dir='ltr'><strong>est</strong></span> <span class='ocrx_word' id='word_1_385' title='bbox 1445 3297 1629 3357; x_wconf 85' lang='lat' dir='ltr'><strong>guttur</strong></span> <span class='ocrx_word' id='word_1_386' title='bbox 1647 3302 1855 3351; x_wconf 90' lang='lat' dir='ltr'><strong>eorum,</strong></span> <span class='ocrx_word' id='word_1_387' title='bbox 1875 3285 2073 3354; x_wconf 82' lang='lat' dir='ltr'><strong>linguis</strong></span> 
     </span>
    </p>
   </div>
   <div class='ocr_carea' id='block_1_50' title="bbox 494 3374 2074 3448">
    <p class='ocr_par' dir='ltr' id='par_1_50' title="bbox 494 3374 2074 3448">
     <span class='ocr_line' id='line_1_50' title="bbox 494 3374 2074 3448; baseline 0.001 -18"><span class='ocrx_word' id='word_1_388' title='bbox 494 3374 611 3430; x_wconf 83' lang='lat' dir='ltr'><strong>suis</strong></span> <span class='ocrx_word' id='word_1_389' title='bbox 657 3375 842 3431; x_wconf 92' lang='lat' dir='ltr'><strong>dolose</strong></span> <span class='ocrx_word' id='word_1_390' title='bbox 887 3377 1147 3447; x_wconf 77' lang='lat' dir='ltr'><strong>agebant;</strong></span> <span class='ocrx_word' id='word_1_391' title='bbox 1188 3393 1453 3434; x_wconf 88' lang='lat' dir='ltr'><strong>venenum</strong></span> <span class='ocrx_word' id='word_1_392' title='bbox 1485 3380 1731 3448; x_wconf 84' lang='lat' dir='ltr'><strong>aspidutn</strong></span> <span class='ocrx_word' id='word_1_393' title='bbox 1776 3380 1875 3434; x_wconf 89' lang='lat' dir='ltr'><strong>sub</strong></span> <span class='ocrx_word' id='word_1_394' title='bbox 1914 3379 2074 3432; x_wconf 84' lang='lat' dir='ltr'><strong>labiis</strong></span> 
     </span>
    </p>
   </div>
   <div class='ocr_carea' id='block_1_51' title="bbox 492 3466 2074 3539">
    <p class='ocr_par' dir='ltr' id='par_1_51' title="bbox 492 3466 2074 3539">
     <span class='ocr_line' id='line_1_51' title="bbox 492 3466 2074 3539; baseline 0.003 -20"><span class='ocrx_word' id='word_1_395' title='bbox 492 3479 703 3519; x_wconf 86' lang='lat' dir='ltr'><strong>eorum.</strong></span> <span class='ocrx_word' id='word_1_396' title='bbox 728 3466 966 3533; x_wconf 78' lang='lat' dir='ltr'><strong>Quorum</strong></span> <span class='ocrx_word' id='word_1_397' title='bbox 990 3483 1053 3521; x_wconf 91' lang='lat' dir='ltr'><strong>os</strong></span> <span class='ocrx_word' id='word_1_398' title='bbox 1079 3468 1462 3523; x_wconf 87' lang='lat' dir='ltr'><strong>maledictione</strong></span> <span class='ocrx_word' id='word_1_399' title='bbox 1487 3479 1542 3525; x_wconf 89' lang='lat' dir='ltr'><strong>et</strong></span> <span class='ocrx_word' id='word_1_400' title='bbox 1569 3471 1930 3525; x_wconf 88' lang='lat' dir='ltr'><strong>amaritudine</strong></span> <span class='ocrx_word' id='word_1_401' title='bbox 1962 3469 2074 3539; x_wconf 83' lang='lat' dir='ltr'><strong>ple-</strong></span> 
     </span>
    </p>
   </div>
   <div class='ocr_carea' id='block_1_52' title="bbox 493 3561 2075 3632">
    <p class='ocr_par' dir='ltr' id='par_1_52' title="bbox 493 3561 2075 3632">
     <span class='ocr_line' id='line_1_52' title="bbox 493 3561 2075 3632; baseline 0.004 -18"><span class='ocrx_word' id='word_1_402' title='bbox 493 3575 621 3614; x_wconf 90' lang='lat' dir='ltr'><strong>num</strong></span> <span class='ocrx_word' id='word_1_403' title='bbox 646 3569 728 3615; x_wconf 92' lang='lat' dir='ltr'><strong>est</strong></span> <span class='ocrx_word' id='word_1_404' title='bbox 752 3576 767 3631; x_wconf 64' lang='grc' dir='ltr'><strong>ί</strong></span> <span class='ocrx_word' id='word_1_405' title='bbox 799 3561 1010 3616; x_wconf 86' lang='lat' dir='ltr'><strong>veloces</strong></span> <span class='ocrx_word' id='word_1_406' title='bbox 1038 3564 1200 3632; x_wconf 85' lang='lat' dir='ltr'><strong>pedes</strong></span> <span class='ocrx_word' id='word_1_407' title='bbox 1230 3580 1415 3618; x_wconf 73' lang='lat' dir='ltr'><strong>eorum</strong></span> <span class='ocrx_word' id='word_1_408' title='bbox 1439 3566 1509 3619; x_wconf 88' lang='lat' dir='ltr'><strong>ad</strong></span> <span class='ocrx_word' id='word_1_409' title='bbox 1537 3566 1919 3621; x_wconf 77' lang='lat' dir='ltr'><strong>etfundcmlum</strong></span> <span class='ocrx_word' id='word_1_410' title='bbox 1951 3581 2075 3620; x_wconf 85' lang='lat' dir='ltr'><strong>san-</strong></span> 
     </span>
    </p>
   </div>
   <div class='ocr_carea' id='block_1_53' title="bbox 494 3652 2076 3722">
    <p class='ocr_par' dir='ltr' id='par_1_53' title="bbox 494 3652 2076 3722">
     <span class='ocr_line' id='line_1_53' title="bbox 494 3652 2076 3722; baseline 0.004 -18"><span class='ocrx_word' id='word_1_411' title='bbox 494 3652 732 3722; x_wconf 86' lang='lat' dir='ltr'><strong>guinem.</strong></span> <span class='ocrx_word' id='word_1_412' title='bbox 775 3652 1042 3708; x_wconf 89' lang='lat' dir='ltr'><strong>Contritio</strong></span> <span class='ocrx_word' id='word_1_413' title='bbox 1089 3664 1144 3709; x_wconf 89' lang='lat' dir='ltr'><strong>et</strong></span> <span class='ocrx_word' id='word_1_414' title='bbox 1187 3655 1472 3711; x_wconf 81' lang='lat' dir='ltr'><strong>infelicitas</strong></span> <span class='ocrx_word' id='word_1_415' title='bbox 1521 3658 1573 3710; x_wconf 90' lang='lat' dir='ltr'><strong>in</strong></span> <span class='ocrx_word' id='word_1_416' title='bbox 1622 3658 1724 3711; x_wconf 85' lang='lat' dir='ltr'><strong>viis</strong></span> <span class='ocrx_word' id='word_1_417' title='bbox 1765 3670 1975 3719; x_wconf 76' lang='lat' dir='ltr'><strong>eorum,</strong></span> <span class='ocrx_word' id='word_1_418' title='bbox 2018 3665 2076 3711; x_wconf 89' lang='lat' dir='ltr'><strong>et</strong></span> 
     </span>
    </p>
   </div>
   <div class='ocr_carea' id='block_1_54' title="bbox 492 3744 2073 3816">
    <p class='ocr_par' dir='ltr' id='par_1_54' title="bbox 492 3744 2073 3816">
     <span class='ocr_line' id='line_1_54' title="bbox 492 3744 2073 3816; baseline 0.003 -19"><span class='ocrx_word' id='word_1_419' title='bbox 492 3744 636 3798; x_wconf 89' lang='lat' dir='ltr'><strong>viam</strong></span> <span class='ocrx_word' id='word_1_420' title='bbox 662 3745 811 3815; x_wconf 86' lang='lat' dir='ltr'><strong>pacis</strong></span> <span class='ocrx_word' id='word_1_421' title='bbox 833 3760 937 3799; x_wconf 91' lang='lat' dir='ltr'><strong>non</strong></span> <span class='ocrx_word' id='word_1_422' title='bbox 961 3755 1360 3816; x_wconf 86' lang='lat' dir='ltr'><strong>cognoverunt;</strong></span> <span class='ocrx_word' id='word_1_423' title='bbox 1396 3763 1501 3801; x_wconf 91' lang='lat' dir='ltr'><strong>non</strong></span> <span class='ocrx_word' id='word_1_424' title='bbox 1530 3756 1611 3802; x_wconf 84' lang='lat' dir='ltr'><strong>est</strong></span> <span class='ocrx_word' id='word_1_425' title='bbox 1636 3748 1797 3802; x_wconf 91' lang='lat' dir='ltr'><strong>timor</strong></span> <span class='ocrx_word' id='word_1_426' title='bbox 1831 3749 1922 3801; x_wconf 86' lang='lat' dir='ltr'><strong>Dei</strong></span> <span class='ocrx_word' id='word_1_427' title='bbox 1949 3761 2073 3802; x_wconf 91' lang='lat' dir='ltr'><strong>ante</strong></span> 
     </span>
    </p>
   </div>
   <div class='ocr_carea' id='block_1_55' title="bbox 493 3834 2074 3909">
    <p class='ocr_par' dir='ltr' id='par_1_55' title="bbox 493 3834 2074 3909">
     <span class='ocr_line' id='line_1_55' title="bbox 493 3834 2074 3909; baseline 0.001 -18"><span class='ocrx_word' id='word_1_428' title='bbox 493 3834 679 3891; x_wconf 90' lang='lat' dir='ltr'><strong>oculos</strong></span> <span class='ocrx_word' id='word_1_429' title='bbox 708 3851 913 3891; x_wconf 87' lang='lat' dir='ltr'><strong>eorum.</strong></span> <span class='ocrx_word' id='word_1_430' title='bbox 945 3835 1133 3892; x_wconf 89' lang='lat' dir='ltr'><strong>Nonne</strong></span> <span class='ocrx_word' id='word_1_431' title='bbox 1159 3847 1485 3909; x_wconf 87' lang='lat' dir='ltr'><strong>cognoscent</strong></span> <span class='ocrx_word' id='word_1_432' title='bbox 1513 3855 1701 3894; x_wconf 88' lang='lat' dir='ltr'><strong>omnes</strong></span> <span class='ocrx_word' id='word_1_433' title='bbox 1727 3840 1816 3908; x_wconf 89' lang='lat' dir='ltr'><strong>qui</strong></span> <span class='ocrx_word' id='word_1_434' title='bbox 1841 3854 2074 3908; x_wconf 85' lang='lat' dir='ltr'><strong>operan-</strong></span> 
     </span>
    </p>
   </div>
   <div class='ocr_carea' id='block_1_56' title="bbox 495 3926 2075 3997">
    <p class='ocr_par' dir='ltr' id='par_1_56' title="bbox 495 3926 2075 3997">
     <span class='ocr_line' id='line_1_56' title="bbox 495 3926 2075 3997; baseline 0 -16"><span class='ocrx_word' id='word_1_435' title='bbox 495 3937 586 3982; x_wconf 88' lang='lat' dir='ltr'><strong>tur</strong></span> <span class='ocrx_word' id='word_1_436' title='bbox 615 3926 977 3997; x_wconf 85' lang='lat' dir='ltr'><strong>tniquitatem,</strong></span> <span class='ocrx_word' id='word_1_437' title='bbox 1022 3927 1113 3996; x_wconf 88' lang='lat' dir='ltr'><strong>qui</strong></span> <span class='ocrx_word' id='word_1_438' title='bbox 1157 3928 1419 3982; x_wconf 84' lang='lat' dir='ltr'><strong>devorant</strong></span> <span class='ocrx_word' id='word_1_439' title='bbox 1456 3927 1663 3997; x_wconf 88' lang='lat' dir='ltr'><strong>plebem</strong></span> <span class='ocrx_word' id='word_1_440' title='bbox 1712 3943 1886 3981; x_wconf 86' lang='lat' dir='ltr'><strong>meam</strong></span> <span class='ocrx_word' id='word_1_441' title='bbox 1932 3929 2075 3983; x_wconf 89' lang='lat' dir='ltr'><strong>sicut</strong></span> 
     </span>
    </p>
   </div>
   <div class='ocr_carea' id='block_1_57' title="bbox 495 4017 2072 4091">
    <p class='ocr_par' dir='ltr' id='par_1_57' title="bbox 495 4017 2072 4091">
     <span class='ocr_line' id='line_1_57' title="bbox 495 4017 2072 4091; baseline 0 -19"><span class='ocrx_word' id='word_1_442' title='bbox 495 4032 674 4072; x_wconf 86' lang='lat' dir='ltr'><strong>escam</strong></span> <span class='ocrx_word' id='word_1_443' title='bbox 696 4018 888 4087; x_wconf 89' lang='lat' dir='ltr'><strong>panis?</strong></span> <span class='ocrx_word' id='word_1_444' title='bbox 911 4019 1192 4073; x_wconf 90' lang='lat' dir='ltr'><strong>Dominum</strong></span> <span class='ocrx_word' id='word_1_445' title='bbox 1219 4036 1323 4073; x_wconf 88' lang='lat' dir='ltr'><strong>non</strong></span> <span class='ocrx_word' id='word_1_446' title='bbox 1352 4020 1741 4075; x_wconf 84' lang='lat' dir='ltr'><strong>invocaverunt</strong></span> <span class='ocrx_word' id='word_1_447' title='bbox 1764 4017 2072 4091; x_wconf 78' lang='lat' dir='ltr'><strong>(Psnl.xnt,</strong></span> 
     </span>
    </p>
   </div>
   <div class='ocr_carea' id='block_1_58' title="bbox 499 4108 2075 4180">
    <p class='ocr_par' dir='ltr' id='par_1_58' title="bbox 499 4108 2075 4180">
     <span class='ocr_line' id='line_1_58' title="bbox 499 4108 2075 4180; baseline 0.001 -18"><span class='ocrx_word' id='word_1_448' title='bbox 499 4109 552 4171; x_wconf 81' lang='lat'><strong>5,</strong></span> <span class='ocrx_word' id='word_1_449' title='bbox 578 4109 653 4179; x_wconf 70' lang='grc'><strong>4).</strong></span> <span class='ocrx_word' id='word_1_450' title='bbox 688 4127 707 4161; x_wconf 78' lang='grc' dir='ltr'><strong>ι</strong></span> <span class='ocrx_word' id='word_1_451' title='bbox 746 4108 812 4163; x_wconf 87' lang='lat' dir='ltr'><strong>Et</strong></span> <span class='ocrx_word' id='word_1_452' title='bbox 841 4109 930 4178; x_wconf 90' lang='lat' dir='ltr'><strong>qui</strong></span> <span class='ocrx_word' id='word_1_453' title='bbox 971 4110 1140 4180; x_wconf 86' lang='lat' dir='ltr'><strong>magis</strong></span> <span class='ocrx_word' id='word_1_454' title='bbox 1170 4109 1377 4180; x_wconf 83' lang='lat' dir='ltr'><strong>plebem</strong></span> <span class='ocrx_word' id='word_1_455' title='bbox 1405 4109 1499 4164; x_wconf 85' lang='lat' dir='ltr'><strong>Dei</strong></span> <span class='ocrx_word' id='word_1_456' title='bbox 1527 4113 1667 4164; x_wconf 81' lang='lat' dir='ltr'><strong>sicut</strong></span> <span class='ocrx_word' id='word_1_457' title='bbox 1705 4112 1881 4164; x_wconf 88' lang='lat' dir='ltr'><strong>cibum</strong></span> <span class='ocrx_word' id='word_1_458' title='bbox 1923 4110 2075 4179; x_wconf 86' lang='lat' dir='ltr'><strong>panis</strong></span> 
     </span>
    </p>
   </div>
   <div class='ocr_carea' id='block_1_59' title="bbox 497 4195 2072 4268">
    <p class='ocr_par' dir='ltr' id='par_1_59' title="bbox 497 4195 2072 4268">
     <span class='ocr_line' id='line_1_59' title="bbox 497 4195 2072 4268; baseline 0.001 -18"><span class='ocrx_word' id='word_1_459' title='bbox 497 4195 780 4260; x_wconf 87' lang='lat' dir='ltr'><strong>devorant,</strong></span> <span class='ocrx_word' id='word_1_460' title='bbox 811 4209 970 4266; x_wconf 89' lang='lat' dir='ltr'><strong>quam</strong></span> <span class='ocrx_word' id='word_1_461' title='bbox 999 4199 1089 4268; x_wconf 91' lang='lat' dir='ltr'><strong>qui</strong></span> <span class='ocrx_word' id='word_1_462' title='bbox 1112 4198 1291 4252; x_wconf 91' lang='lat' dir='ltr'><strong>omnia</strong></span> <span class='ocrx_word' id='word_1_463' title='bbox 1319 4199 1643 4254; x_wconf 75' lang='lat' dir='ltr'><strong>Christianae</strong></span> <span class='ocrx_word' id='word_1_464' title='bbox 1675 4198 1950 4267; x_wconf 79' lang='lat' dir='ltr'><strong>religionis</strong></span> <span class='ocrx_word' id='word_1_465' title='bbox 1984 4213 2072 4252; x_wconf 81' lang='lat' dir='ltr'><strong>sa—</strong></span> 
     </span>
    </p>
   </div>
   <div class='ocr_carea' id='block_1_60' title="bbox 501 4286 2072 4357">
    <p class='ocr_par' dir='ltr' id='par_1_60' title="bbox 501 4286 2072 4357">
     <span class='ocr_line' id='line_1_60' title="bbox 501 4286 2072 4357; baseline 0.001 -18"><span class='ocrx_word' id='word_1_466' title='bbox 501 4295 780 4339; x_wconf 88' lang='lat' dir='ltr'><strong>cramenta</strong></span> <span class='ocrx_word' id='word_1_467' title='bbox 826 4286 1040 4340; x_wconf 84' lang='lat' dir='ltr'><strong>venalia</strong></span> <span class='ocrx_word' id='word_1_468' title='bbox 1091 4296 1330 4356; x_wconf 88' lang='lat' dir='ltr'><strong>portant,</strong></span> <span class='ocrx_word' id='word_1_469' title='bbox 1370 4296 1426 4341; x_wconf 93' lang='lat' dir='ltr'><strong>et</strong></span> <span class='ocrx_word' id='word_1_470' title='bbox 1469 4288 1607 4357; x_wconf 87' lang='lat' dir='ltr'><strong>plebi</strong></span> <span class='ocrx_word' id='word_1_471' title='bbox 1665 4290 1754 4343; x_wconf 88' lang='lat' dir='ltr'><strong>Dei</strong></span> <span class='ocrx_word' id='word_1_472' title='bbox 1784 4289 2072 4356; x_wconf 87' lang='lat' dir='ltr'><strong>denegant,</strong></span> 
     </span>
    </p>
   </div>
   <div class='ocr_carea' id='block_1_61' title="bbox 500 4376 2072 4447">
    <p class='ocr_par' dir='ltr' id='par_1_61' title="bbox 500 4376 2072 4447">
     <span class='ocr_line' id='line_1_61' title="bbox 500 4376 2072 4447; baseline 0 -15"><span class='ocrx_word' id='word_1_473' title='bbox 500 4376 605 4432; x_wconf 91' lang='lat' dir='ltr'><strong>nisi</strong></span> <span class='ocrx_word' id='word_1_474' title='bbox 645 4391 707 4430; x_wconf 91' lang='lat' dir='ltr'><strong>ea</strong></span> <span class='ocrx_word' id='word_1_475' title='bbox 745 4376 921 4444; x_wconf 86' lang='lat' dir='ltr'><strong>pretio</strong></span> <span class='ocrx_word' id='word_1_476' title='bbox 961 4376 1063 4431; x_wconf 90' lang='lat' dir='ltr'><strong>sibi</strong></span> <span class='ocrx_word' id='word_1_477' title='bbox 1102 4378 1407 4431; x_wconf 83' lang='lat' dir='ltr'><strong>redimam?</strong></span> <span class='ocrx_word' id='word_1_478' title='bbox 1458 4376 1563 4432; x_wconf 89' lang='lat' dir='ltr'><strong>Sed</strong></span> <span class='ocrx_word' id='word_1_479' title='bbox 1613 4394 1689 4432; x_wconf 64' lang='lat' dir='ltr'><strong>va:</strong></span> <span class='ocrx_word' id='word_1_480' title='bbox 1740 4378 1939 4432; x_wconf 87' lang='lat' dir='ltr'><strong>misero</strong></span> <span class='ocrx_word' id='word_1_481' title='bbox 1984 4380 2072 4447; x_wconf 88' lang='lat' dir='ltr'><strong>qui</strong></span> 
     </span>
    </p>
   </div>
   <div class='ocr_carea' id='block_1_62' title="bbox 498 4467 2150 4550">
    <p class='ocr_par' dir='ltr' id='par_1_62' title="bbox 498 4467 2150 4550">
     <span class='ocr_line' id='line_1_62' title="bbox 498 4467 2150 4550; baseline -0.003 -26"><span class='ocrx_word' id='word_1_482' title='bbox 498 4469 682 4526; x_wconf 85' lang='lat' dir='ltr'><strong>taliter</strong></span> <span class='ocrx_word' id='word_1_483' title='bbox 729 4467 926 4538; x_wconf 90' lang='lat' dir='ltr'><strong>duplici</strong></span> <span class='ocrx_word' id='word_1_484' title='bbox 973 4468 1170 4523; x_wconf 90' lang='lat' dir='ltr'><strong>damno</strong></span> <span class='ocrx_word' id='word_1_485' title='bbox 1223 4467 1474 4533; x_wconf 76' lang='lat' dir='ltr'><strong>afficitur,</strong></span> <span class='ocrx_word' id='word_1_486' title='bbox 1528 4469 1655 4537; x_wconf 88' lang='lat' dir='ltr'><strong>quia</strong></span> <span class='ocrx_word' id='word_1_487' title='bbox 1703 4477 1759 4521; x_wconf 88' lang='lat' dir='ltr'><strong>et.</strong></span> <span class='ocrx_word' id='word_1_488' title='bbox 1802 4469 2071 4523; x_wconf 76' lang='lat' dir='ltr'><strong>exteriora</strong></span> <span class='ocrx_word' id='word_1_489' title='bbox 2105 4494 2150 4550; x_wconf 69' lang='grc' dir='ltr'>υ</span> 
     </span>
    </p>
   </div>
   <div class='ocr_carea' id='block_1_63' title="bbox 496 4557 2071 4630">
    <p class='ocr_par' dir='ltr' id='par_1_63' title="bbox 496 4557 2071 4630">
     <span class='ocr_line' id='line_1_63' title="bbox 496 4557 2071 4630; baseline -0.002 -16"><span class='ocrx_word' id='word_1_490' title='bbox 496 4558 639 4614; x_wconf 79' lang='lat' dir='ltr'><strong>bona</strong></span> <span class='ocrx_word' id='word_1_491' title='bbox 675 4574 772 4615; x_wconf 90' lang='lat' dir='ltr'><strong>sua</strong></span> <span class='ocrx_word' id='word_1_492' title='bbox 814 4559 1136 4629; x_wconf 84' lang='lat' dir='ltr'><strong>negotianth</strong></span> <span class='ocrx_word' id='word_1_493' title='bbox 1166 4558 1363 4630; x_wconf 88' lang='lat' dir='ltr'><strong>perdit,</strong></span> <span class='ocrx_word' id='word_1_494' title='bbox 1397 4567 1451 4613; x_wconf 89' lang='lat' dir='ltr'><strong>et</strong></span> <span class='ocrx_word' id='word_1_495' title='bbox 1482 4557 1740 4613; x_wconf 90' lang='lat' dir='ltr'><strong>interiora</strong></span> <span class='ocrx_word' id='word_1_496' title='bbox 1782 4572 1888 4611; x_wconf 89' lang='lat' dir='ltr'><strong>non</strong></span> <span class='ocrx_word' id='word_1_497' title='bbox 1925 4560 2071 4611; x_wconf 87' lang='lat' dir='ltr'><strong>acci-</strong></span> 
     </span>
    </p>
   </div>
   <div class='ocr_carea' id='block_1_64' title="bbox 496 4647 2071 4721">
    <p class='ocr_par' dir='ltr' id='par_1_64' title="bbox 496 4647 2071 4721">
     <span class='ocr_line' id='line_1_64' title="bbox 496 4647 2071 4721; baseline -0.004 -17"><span class='ocrx_word' id='word_1_498' title='bbox 496 4651 597 4721; x_wconf 90' lang='lat' dir='ltr'><strong>pit,</strong></span> <span class='ocrx_word' id='word_1_499' title='bbox 638 4649 767 4721; x_wconf 88' lang='lat' dir='ltr'><strong>quin</strong></span> <span class='ocrx_word' id='word_1_500' title='bbox 801 4651 980 4718; x_wconf 88' lang='lat' dir='ltr'><strong>potius</strong></span> <span class='ocrx_word' id='word_1_501' title='bbox 1005 4650 1402 4702; x_wconf 87' lang='lat' dir='ltr'><strong>damnationem</strong></span> <span class='ocrx_word' id='word_1_502' title='bbox 1434 4647 1681 4711; x_wconf 90' lang='lat' dir='ltr'><strong>incurrit,</strong></span> <span class='ocrx_word' id='word_1_503' title='bbox 1715 4647 1840 4716; x_wconf 91' lang='lat' dir='ltr'><strong>quia</strong></span> <span class='ocrx_word' id='word_1_504' title='bbox 1881 4661 1910 4699; x_wconf 89' lang='lat' dir='ltr'><strong>a</strong></span> <span class='ocrx_word' id='word_1_505' title='bbox 1949 4661 2071 4699; x_wconf 91' lang='lat' dir='ltr'><strong>cor-</strong></span> 
     </span>
    </p>
   </div>
   <div class='ocr_carea' id='block_1_65' title="bbox 496 4739 2073 4822">
    <p class='ocr_par' dir='ltr' id='par_1_65' title="bbox 496 4739 2073 4822">
     <span class='ocr_line' id='line_1_65' title="bbox 496 4739 2073 4822; baseline -0.005 -22"><span class='ocrx_word' id='word_1_506' title='bbox 496 4758 629 4816; x_wconf 83' lang='lat' dir='ltr'><strong>pore</strong></span> <span class='ocrx_word' id='word_1_507' title='bbox 661 4742 884 4822; x_wconf 81' lang='lat' dir='ltr'><strong>Christi,</strong></span> <span class='ocrx_word' id='word_1_508' title='bbox 910 4742 1057 4797; x_wconf 89' lang='lat' dir='ltr'><strong>velut</strong></span> <span class='ocrx_word' id='word_1_509' title='bbox 1092 4740 1248 4811; x_wconf 88' lang='lat' dir='ltr'><strong>panis</strong></span> <span class='ocrx_word' id='word_1_510' title='bbox 1276 4749 1564 4809; x_wconf 85' lang='lat' dir='ltr'><strong>corruptus</strong></span> <span class='ocrx_word' id='word_1_511' title='bbox 1595 4739 1889 4808; x_wconf 79' lang='lat' dir='ltr'><strong>respuitur,</strong></span> <span class='ocrx_word' id='word_1_512' title='bbox 1918 4749 1974 4792; x_wconf 88' lang='lat' dir='ltr'><strong>et</strong></span> <span class='ocrx_word' id='word_1_513' title='bbox 2006 4739 2073 4792; x_wconf 87' lang='lat' dir='ltr'><strong>ab</strong></span> 
     </span>
    </p>
   </div>
   <div class='ocr_carea' id='block_1_66' title="bbox 496 4829 2076 4906">
    <p class='ocr_par' dir='ltr' id='par_1_66' title="bbox 496 4829 2076 4906">
     <span class='ocr_line' id='line_1_66' title="bbox 496 4829 2076 4906; baseline -0.002 -14"><span class='ocrx_word' id='word_1_514' title='bbox 496 4838 770 4893; x_wconf 64' lang='lat' dir='ltr'><strong>haereticis</strong></span> <span class='ocrx_word' id='word_1_515' title='bbox 807 4834 1113 4902; x_wconf 84' lang='lat' dir='ltr'><strong>decoratur,</strong></span> <span class='ocrx_word' id='word_1_516' title='bbox 1143 4831 1328 4906; x_wconf 86' lang='lat' dir='ltr'><strong>eisque</strong></span> <span class='ocrx_word' id='word_1_517' title='bbox 1361 4831 1723 4891; x_wconf 76' lang='lat' dir='ltr'><strong>inviscerettts</strong></span> <span class='ocrx_word' id='word_1_518' title='bbox 1766 4829 1846 4889; x_wconf 87' lang='lat' dir='ltr'><strong>sic</strong></span> <span class='ocrx_word' id='word_1_519' title='bbox 1872 4844 2076 4890; x_wconf 60' lang='lat' dir='ltr'><strong>consu-s</strong></span> 
     </span>
    </p>
   </div>
   <div class='ocr_carea' id='block_1_67' title="bbox 497 4928 2069 4999">
    <p class='ocr_par' dir='ltr' id='par_1_67' title="bbox 497 4928 2069 4999">
     <span class='ocr_line' id='line_1_67' title="bbox 497 4928 2069 4999; baseline -0.002 -16"><span class='ocrx_word' id='word_1_520' title='bbox 497 4929 665 4983; x_wconf 89' lang='lat' dir='ltr'><strong>mitur</strong></span> <span class='ocrx_word' id='word_1_521' title='bbox 697 4936 754 4983; x_wconf 91' lang='lat' dir='ltr'><strong>ut</strong></span> <span class='ocrx_word' id='word_1_522' title='bbox 784 4944 888 4983; x_wconf 92' lang='lat' dir='ltr'><strong>non</strong></span> <span class='ocrx_word' id='word_1_523' title='bbox 928 4929 1000 4983; x_wconf 86' lang='lat' dir='ltr'><strong>sit</strong></span> <span class='ocrx_word' id='word_1_524' title='bbox 1035 4928 1135 4983; x_wconf 92' lang='lat' dir='ltr'><strong>nisi</strong></span> <span class='ocrx_word' id='word_1_525' title='bbox 1178 4941 1301 4982; x_wconf 88' lang='lat' dir='ltr'><strong>cum</strong></span> <span class='ocrx_word' id='word_1_526' title='bbox 1337 4930 1499 4984; x_wconf 90' lang='lat' dir='ltr'><strong>sociis</strong></span> <span class='ocrx_word' id='word_1_527' title='bbox 1532 4944 1647 4999; x_wconf 82' lang='lat' dir='ltr'><strong>ejus</strong></span> <span class='ocrx_word' id='word_1_528' title='bbox 1678 4928 1771 4997; x_wconf 91' lang='lat' dir='ltr'><strong>qui</strong></span> <span class='ocrx_word' id='word_1_529' title='bbox 1810 4943 1916 4980; x_wconf 90' lang='lat' dir='ltr'><strong>non</strong></span> <span class='ocrx_word' id='word_1_530' title='bbox 1957 4935 2069 4991; x_wconf 91' lang='lat' dir='ltr'><strong>est;</strong></span> 
     </span>
    </p>
   </div>
   <div class='ocr_carea' id='block_1_68' title="bbox 497 5017 2076 5088">
    <p class='ocr_par' dir='ltr' id='par_1_68' title="bbox 497 5017 2076 5088">
     <span class='ocr_line' id='line_1_68' title="bbox 497 5017 2076 5088; baseline 0.003 -19"><span class='ocrx_word' id='word_1_531' title='bbox 497 5017 895 5087; x_wconf 89' lang='lat' dir='ltr'><strong>quem,.velut</strong></span> <span class='ocrx_word' id='word_1_532' title='bbox 945 5017 1153 5071; x_wconf 89' lang='lat' dir='ltr'><strong>leonem</strong></span> <span class='ocrx_word' id='word_1_533' title='bbox 1216 5017 1478 5088; x_wconf 81' lang='lat' dir='ltr'><strong>rugiendo</strong></span> <span class='ocrx_word' id='word_1_534' title='bbox 1537 5017 1962 5074; x_wconf 89' lang='lat' dir='ltr'><strong>circumeuntem</strong></span> <span class='ocrx_word' id='word_1_535' title='bbox 2021 5027 2076 5074; x_wconf 92' lang='lat' dir='ltr'><strong>et</strong></span> 
     </span>
    </p>
   </div>
   <div class='ocr_carea' id='block_1_69' title="bbox 499 5106 2074 5178">
    <p class='ocr_par' dir='ltr' id='par_1_69' title="bbox 499 5106 2074 5178">
     <span class='ocr_line' id='line_1_69' title="bbox 499 5106 2074 5178; baseline 0.003 -20"><span class='ocrx_word' id='word_1_536' title='bbox 499 5121 657 5175; x_wconf 89' lang='lat' dir='ltr'><strong>quem</strong></span> <span class='ocrx_word' id='word_1_537' title='bbox 687 5106 910 5162; x_wconf 74' lang='lat' dir='ltr'><strong>devoret</strong></span> <span class='ocrx_word' id='word_1_538' title='bbox 938 5116 1296 5177; x_wconf 65' lang='lat' dir='ltr'><strong>quaarentem,</strong></span> <span class='ocrx_word' id='word_1_539' title='bbox 1321 5108 1445 5162; x_wconf 89' lang='lat' dir='ltr'><strong>dum</strong></span> <span class='ocrx_word' id='word_1_540' title='bbox 1470 5108 1618 5163; x_wconf 89' lang='lat' dir='ltr'><strong>stulti</strong></span> <span class='ocrx_word' id='word_1_541' title='bbox 1644 5110 1860 5164; x_wconf 84' lang='lat' dir='ltr'><strong>incaute</strong></span> <span class='ocrx_word' id='word_1_542' title='bbox 1888 5108 2074 5178; x_wconf 79' lang='lat' dir='ltr'><strong>fugere</strong></span> 
     </span>
    </p>
   </div>
   <div class='ocr_carea' id='block_1_70' title="bbox 2173 1918 3755 1996">
    <p class='ocr_par' dir='ltr' id='par_1_70' title="bbox 2173 1918 3755 1996">
     <span class='ocr_line' id='line_1_70' title="bbox 2173 1918 3755 1996; baseline 0.003 -24"><span class='ocrx_word' id='word_1_543' title='bbox 2173 1918 2301 1972; x_wconf 88' lang='lat' dir='ltr'><strong>dicit</strong></span> <span class='ocrx_word' id='word_1_544' title='bbox 2335 1918 2449 1987; x_wconf 88' lang='lat' dir='ltr'><strong>ipse</strong></span> <span class='ocrx_word' id='word_1_545' title='bbox 2479 1919 2713 1974; x_wconf 86' lang='lat' dir='ltr'><strong>animam</strong></span> <span class='ocrx_word' id='word_1_546' title='bbox 2743 1935 2894 1975; x_wconf 88' lang='lat' dir='ltr'><strong>suam</strong></span> <span class='ocrx_word' id='word_1_547' title='bbox 2936 1921 3272 1992; x_wconf 74' lang='lat' dir='ltr'><strong>(Ecrli..sxt,</strong></span> <span class='ocrx_word' id='word_1_548' title='bbox 3313 1924 3423 1996; x_wconf 75' lang='grc' dir='ltr'><strong>δυ).</strong></span> <span class='ocrx_word' id='word_1_549' title='bbox 3458 1943 3476 1974; x_wconf 80' lang='grc' dir='ltr'><strong>ι</strong></span> <span class='ocrx_word' id='word_1_550' title='bbox 3527 1925 3652 1980; x_wconf 67' lang='lat' dir='ltr'><strong>Hmc</strong></span> <span class='ocrx_word' id='word_1_551' title='bbox 3678 1925 3755 1979; x_wconf 90' lang='lat' dir='ltr'><strong>ita</strong></span> 
     </span>
    </p>
   </div>
   <div class='ocr_carea' id='block_1_71' title="bbox 2173 2012 3758 2082">
    <p class='ocr_par' dir='ltr' id='par_1_71' title="bbox 2173 2012 3758 2082">
     <span class='ocr_line' id='line_1_71' title="bbox 2173 2012 3758 2082; baseline 0.005 -19"><span class='ocrx_word' id='word_1_552' title='bbox 2173 2024 2293 2065; x_wconf 87' lang='lat' dir='ltr'><strong>esse</strong></span> <span class='ocrx_word' id='word_1_553' title='bbox 2322 2027 2483 2067; x_wconf 81' lang='lat' dir='ltr'><strong>netno</strong></span> <span class='ocrx_word' id='word_1_554' title='bbox 2505 2013 2594 2081; x_wconf 91' lang='lat' dir='ltr'><strong>qui</strong></span> <span class='ocrx_word' id='word_1_555' title='bbox 2624 2012 2942 2082; x_wconf 84' lang='lat' dir='ltr'><strong>refragetur,</strong></span> <span class='ocrx_word' id='word_1_556' title='bbox 2971 2015 3069 2068; x_wconf 90' lang='lat' dir='ltr'><strong>nisi</strong></span> <span class='ocrx_word' id='word_1_557' title='bbox 3099 2016 3418 2072; x_wconf 79' lang='lat' dir='ltr'><strong>manifestus</strong></span> <span class='ocrx_word' id='word_1_558' title='bbox 3448 2017 3758 2072; x_wconf 79' lang='lat' dir='ltr'><strong>hzcreticus.</strong></span> 
     </span>
    </p>
   </div>
   <div class='ocr_carea' id='block_1_72' title="bbox 2176 2102 3763 2172">
    <p class='ocr_par' dir='ltr' id='par_1_72' title="bbox 2176 2102 3763 2172">
     <span class='ocr_line' id='line_1_72' title="bbox 2176 2102 3763 2172; baseline 0.003 -14"><span class='ocrx_word' id='word_1_559' title='bbox 2176 2102 2326 2158; x_wconf 84' lang='lat' dir='ltr'><strong>Unde</strong></span> <span class='ocrx_word' id='word_1_560' title='bbox 2366 2105 2701 2172; x_wconf 87' lang='lat' dir='ltr'><strong>perpendaut</strong></span> <span class='ocrx_word' id='word_1_561' title='bbox 2735 2120 2881 2160; x_wconf 90' lang='lat' dir='ltr'><strong>nunc</strong></span> <span class='ocrx_word' id='word_1_562' title='bbox 2917 2120 2948 2159; x_wconf 84' lang='lat' dir='ltr'><strong>a</strong></span> <span class='ocrx_word' id='word_1_563' title='bbox 2986 2106 3286 2161; x_wconf 82' lang='lat' dir='ltr'><strong>latronibus</strong></span> <span class='ocrx_word' id='word_1_564' title='bbox 3330 2108 3396 2161; x_wconf 89' lang='lat' dir='ltr'><strong>ad</strong></span> <span class='ocrx_word' id='word_1_565' title='bbox 3428 2108 3763 2163; x_wconf 83' lang='lat' dir='ltr'><strong>benedicen-</strong></span> 
     </span>
    </p>
   </div>
   <div class='ocr_carea' id='block_1_73' title="bbox 2174 2199 3759 2273">
    <p class='ocr_par' dir='ltr' id='par_1_73' title="bbox 2174 2199 3759 2273">
     <span class='ocr_line' id='line_1_73' title="bbox 2174 2199 3759 2273; baseline 0.002 -21"><span class='ocrx_word' id='word_1_566' title='bbox 2174 2199 2324 2261; x_wconf 86' lang='lat' dir='ltr'><strong>dum.</strong></span> <span class='ocrx_word' id='word_1_567' title='bbox 2351 2208 2406 2252; x_wconf 90' lang='lat' dir='ltr'><strong>et</strong></span> <span class='ocrx_word' id='word_1_568' title='bbox 2427 2201 2690 2254; x_wconf 90' lang='lat' dir='ltr'><strong>orandum</strong></span> <span class='ocrx_word' id='word_1_569' title='bbox 2719 2199 2957 2267; x_wconf 87' lang='lat' dir='ltr'><strong>quolibet</strong></span> <span class='ocrx_word' id='word_1_570' title='bbox 2989 2202 3146 2255; x_wconf 90' lang='lat' dir='ltr'><strong>modo</strong></span> <span class='ocrx_word' id='word_1_571' title='bbox 3174 2202 3333 2255; x_wconf 90' lang='lat' dir='ltr'><strong>etiam</strong></span> <span class='ocrx_word' id='word_1_572' title='bbox 3366 2201 3605 2273; x_wconf 89' lang='lat' dir='ltr'><strong>gratuito</strong></span> <span class='ocrx_word' id='word_1_573' title='bbox 3629 2218 3759 2256; x_wconf 85' lang='lat' dir='ltr'><strong>cun-</strong></span> 
     </span>
    </p>
   </div>
   <div class='ocr_carea' id='block_1_74' title="bbox 2173 2289 3757 2362">
    <p class='ocr_par' dir='ltr' id='par_1_74' title="bbox 2173 2289 3757 2362">
     <span class='ocr_line' id='line_1_74' title="bbox 2173 2289 3757 2362; baseline 0.001 -18"><span class='ocrx_word' id='word_1_574' title='bbox 2173 2289 2344 2344; x_wconf 77' lang='lat' dir='ltr'><strong>stituti</strong></span> <span class='ocrx_word' id='word_1_575' title='bbox 2367 2298 2421 2344; x_wconf 90' lang='lat' dir='ltr'><strong>et</strong></span> <span class='ocrx_word' id='word_1_576' title='bbox 2444 2291 2743 2359; x_wconf 82' lang='lat' dir='ltr'><strong>subrogati,</strong></span> <span class='ocrx_word' id='word_1_577' title='bbox 2767 2291 2895 2359; x_wconf 91' lang='lat' dir='ltr'><strong>quid</strong></span> <span class='ocrx_word' id='word_1_578' title='bbox 2920 2291 2999 2344; x_wconf 86' lang='lat' dir='ltr'><strong>vel</strong></span> <span class='ocrx_word' id='word_1_579' title='bbox 3022 2292 3119 2347; x_wconf 89' lang='lat' dir='ltr'><strong>sibi</strong></span> <span class='ocrx_word' id='word_1_580' title='bbox 3148 2292 3226 2346; x_wconf 88' lang='lat' dir='ltr'><strong>vel</strong></span> <span class='ocrx_word' id='word_1_581' title='bbox 3252 2291 3371 2347; x_wconf 86' lang='lat' dir='ltr'><strong>aliis</strong></span> <span class='ocrx_word' id='word_1_582' title='bbox 3396 2293 3757 2362; x_wconf 61' lang='lat' dir='ltr'><strong>acquisierint</strong></span> 
     </span>
    </p>
   </div>
   <div class='ocr_carea' id='block_1_75' title="bbox 2174 2382 3755 2454">
    <p class='ocr_par' dir='ltr' id='par_1_75' title="bbox 2174 2382 3755 2454">
     <span class='ocr_line' id='line_1_75' title="bbox 2174 2382 3755 2454; baseline -0.001 -17"><span class='ocrx_word' id='word_1_583' title='bbox 2174 2398 2241 2437; x_wconf 78' lang='lat' dir='ltr'><strong>ex</strong></span> <span class='ocrx_word' id='word_1_584' title='bbox 2278 2382 2491 2435; x_wconf 90' lang='lat' dir='ltr'><strong>illorum</strong></span> <span class='ocrx_word' id='word_1_585' title='bbox 2518 2384 2895 2438; x_wconf 84' lang='lat' dir='ltr'><strong>communione</strong></span> <span class='ocrx_word' id='word_1_586' title='bbox 2926 2384 3076 2450; x_wconf 87' lang='lat' dir='ltr'><strong>cujus</strong></span> <span class='ocrx_word' id='word_1_587' title='bbox 3107 2386 3391 2454; x_wconf 83' lang='lat' dir='ltr'><strong>participes</strong></span> <span class='ocrx_word' id='word_1_588' title='bbox 3437 2393 3561 2438; x_wconf 90' lang='lat' dir='ltr'><strong>sunt</strong></span> <span class='ocrx_word' id='word_1_589' title='bbox 3591 2384 3718 2438; x_wconf 87' lang='lat' dir='ltr'><strong>facti</strong></span> <span class='ocrx_word' id='word_1_590' title='bbox 3740 2424 3755 2446; x_wconf 90' lang='lat'><strong>,</strong></span> 
     </span>
    </p>
   </div>
   <div class='ocr_carea' id='block_1_76' title="bbox 2174 2474 3755 2542">
    <p class='ocr_par' dir='ltr' id='par_1_76' title="bbox 2174 2474 3755 2542">
     <span class='ocr_line' id='line_1_76' title="bbox 2174 2474 3755 2542; baseline 0.001 -16"><span class='ocrx_word' id='word_1_591' title='bbox 2174 2482 2228 2526; x_wconf 91' lang='lat' dir='ltr'><strong>et</strong></span> <span class='ocrx_word' id='word_1_592' title='bbox 2257 2474 2341 2527; x_wconf 90' lang='lat' dir='ltr'><strong>cui</strong></span> <span class='ocrx_word' id='word_1_593' title='bbox 2374 2474 2654 2542; x_wconf 80' lang='lat' dir='ltr'><strong>spontanei</strong></span> <span class='ocrx_word' id='word_1_594' title='bbox 2684 2474 3153 2542; x_wconf 86' lang='lat' dir='ltr'><strong>subscripserunt,</strong></span> <span class='ocrx_word' id='word_1_595' title='bbox 3184 2477 3309 2529; x_wconf 89' lang='lat' dir='ltr'><strong>dum</strong></span> <span class='ocrx_word' id='word_1_596' title='bbox 3342 2476 3541 2528; x_wconf 78' lang='lat' dir='ltr'><strong>factum</strong></span> <span class='ocrx_word' id='word_1_597' title='bbox 3566 2489 3755 2529; x_wconf 89' lang='lat' dir='ltr'><strong>eorum</strong></span> 
     </span>
    </p>
   </div>
   <div class='ocr_carea' id='block_1_77' title="bbox 2174 2561 3755 2634">
    <p class='ocr_par' dir='ltr' id='par_1_77' title="bbox 2174 2561 3755 2634">
     <span class='ocr_line' id='line_1_77' title="bbox 2174 2561 3755 2634; baseline 0 -16"><span class='ocrx_word' id='word_1_598' title='bbox 2174 2577 2280 2618; x_wconf 82' lang='lat' dir='ltr'><strong>non</strong></span> <span class='ocrx_word' id='word_1_599' title='bbox 2306 2561 2476 2616; x_wconf 88' lang='lat' dir='ltr'><strong>solum</strong></span> <span class='ocrx_word' id='word_1_600' title='bbox 2497 2563 2851 2618; x_wconf 57' lang='lat' dir='ltr'><strong>credidi-runt</strong></span> <span class='ocrx_word' id='word_1_601' title='bbox 2883 2575 3076 2626; x_wconf 92' lang='lat' dir='ltr'><strong>ratum,</strong></span> <span class='ocrx_word' id='word_1_602' title='bbox 3106 2566 3197 2619; x_wconf 76' lang='lat' dir='ltr'><strong>sed</strong></span> <span class='ocrx_word' id='word_1_603' title='bbox 3226 2565 3391 2618; x_wconf 89' lang='lat' dir='ltr'><strong>etiam</strong></span> <span class='ocrx_word' id='word_1_604' title='bbox 3422 2564 3755 2634; x_wconf 52' lang='lat' dir='ltr'><strong>praedicave-</strong></span> 
     </span>
    </p>
   </div>
   <div class='ocr_carea' id='block_1_78' title="bbox 2176 2651 3756 2724">
    <p class='ocr_par' dir='ltr' id='par_1_78' title="bbox 2176 2651 3756 2724">
     <span class='ocr_line' id='line_1_78' title="bbox 2176 2651 3756 2724; baseline -0.001 -17"><span class='ocrx_word' id='word_1_605' title='bbox 2176 2662 2318 2708; x_wconf 87' lang='lat' dir='ltr'><strong>runt.</strong></span> <span class='ocrx_word' id='word_1_606' title='bbox 2362 2651 2626 2707; x_wconf 80' lang='lat' dir='ltr'><strong>Nimirum</strong></span> <span class='ocrx_word' id='word_1_607' title='bbox 2661 2653 2944 2707; x_wconf 64' lang='lat' dir='ltr'><strong>homicida:</strong></span> <span class='ocrx_word' id='word_1_608' title='bbox 2977 2662 3101 2707; x_wconf 90' lang='lat' dir='ltr'><strong>sunt</strong></span> <span class='ocrx_word' id='word_1_609' title='bbox 3135 2654 3322 2723; x_wconf 85' lang='lat' dir='ltr'><strong>quales</strong></span> <span class='ocrx_word' id='word_1_610' title='bbox 3355 2663 3410 2708; x_wconf 91' lang='lat' dir='ltr'><strong>et</strong></span> <span class='ocrx_word' id='word_1_611' title='bbox 3449 2654 3521 2707; x_wconf 90' lang='lat' dir='ltr'><strong>illi</strong></span> <span class='ocrx_word' id='word_1_612' title='bbox 3560 2654 3756 2724; x_wconf 88' lang='lat' dir='ltr'><strong>quibus</strong></span> 
     </span>
    </p>
   </div>
   <div class='ocr_carea' id='block_1_79' title="bbox 2172 2740 3755 2817">
    <p class='ocr_par' dir='ltr' id='par_1_79' title="bbox 2172 2740 3755 2817">
     <span class='ocr_line' id='line_1_79' title="bbox 2172 2740 3755 2817; baseline -0.001 -20"><span class='ocrx_word' id='word_1_613' title='bbox 2172 2744 2536 2817; x_wconf 85' lang='lat' dir='ltr'><strong>consentiunt.</strong></span> <span class='ocrx_word' id='word_1_614' title='bbox 2580 2740 2784 2812; x_wconf 86' lang='lat' dir='ltr'><strong>Nempe</strong></span> <span class='ocrx_word' id='word_1_615' title='bbox 2825 2742 2903 2798; x_wconf 88' lang='lat' dir='ltr'><strong>sic</strong></span> <span class='ocrx_word' id='word_1_616' title='bbox 2928 2741 3247 2799; x_wconf 77' lang='lat' dir='ltr'><strong>interiorem</strong></span> <span class='ocrx_word' id='word_1_617' title='bbox 3283 2744 3554 2796; x_wconf 89' lang='lat' dir='ltr'><strong>hominem</strong></span> <span class='ocrx_word' id='word_1_618' title='bbox 3599 2742 3650 2794; x_wconf 89' lang='lat' dir='ltr'><strong>in</strong></span> <span class='ocrx_word' id='word_1_619' title='bbox 3695 2755 3755 2796; x_wconf 90' lang='lat' dir='ltr'><strong>sc</strong></span> 
     </span>
    </p>
   </div>
   <div class='ocr_carea' id='block_1_80' title="bbox 2173 2834 3755 2890">
    <p class='ocr_par' dir='ltr' id='par_1_80' title="bbox 2173 2834 3755 2890">
     <span class='ocr_line' id='line_1_80' title="bbox 2173 2834 3755 2890; baseline -0.002 -1"><span class='ocrx_word' id='word_1_620' title='bbox 2173 2834 2314 2889; x_wconf 81' lang='lat' dir='ltr'><strong>etin</strong></span> <span class='ocrx_word' id='word_1_621' title='bbox 2353 2835 2473 2889; x_wconf 88' lang='lat' dir='ltr'><strong>aliis</strong></span> <span class='ocrx_word' id='word_1_622' title='bbox 2512 2837 2766 2890; x_wconf 89' lang='lat' dir='ltr'><strong>occidunt</strong></span> <span class='ocrx_word' id='word_1_623' title='bbox 2795 2843 2850 2888; x_wconf 93' lang='lat' dir='ltr'><strong>ut</strong></span> <span class='ocrx_word' id='word_1_624' title='bbox 2887 2834 3124 2888; x_wconf 82' lang='lat' dir='ltr'><strong>exterior</strong></span> <span class='ocrx_word' id='word_1_625' title='bbox 3168 2848 3354 2887; x_wconf 85' lang='lat' dir='ltr'><strong>eorum</strong></span> <span class='ocrx_word' id='word_1_626' title='bbox 3392 2834 3537 2887; x_wconf 87' lang='lat' dir='ltr'><strong>vivat</strong></span> <span class='ocrx_word' id='word_1_627' title='bbox 3577 2834 3755 2886; x_wconf 81' lang='lat' dir='ltr'><strong>incas-</strong></span> 
     </span>
    </p>
   </div>
   <div class='ocr_carea' id='block_1_81' title="bbox 2174 2925 3752 2997">
    <p class='ocr_par' dir='ltr' id='par_1_81' title="bbox 2174 2925 3752 2997">
     <span class='ocr_line' id='line_1_81' title="bbox 2174 2925 3752 2997; baseline -0.001 -17"><span class='ocrx_word' id='word_1_628' title='bbox 2174 2942 2324 2989; x_wconf 90' lang='lat' dir='ltr'><strong>sum,</strong></span> <span class='ocrx_word' id='word_1_629' title='bbox 2354 2939 2474 2997; x_wconf 91' lang='lat' dir='ltr'><strong>post</strong></span> <span class='ocrx_word' id='word_1_630' title='bbox 2507 2926 2781 2996; x_wconf 90' lang='lat' dir='ltr'><strong>paululum</strong></span> <span class='ocrx_word' id='word_1_631' title='bbox 2814 2928 3090 2981; x_wconf 84' lang='lat' dir='ltr'><strong>habiturus</strong></span> <span class='ocrx_word' id='word_1_632' title='bbox 3117 2936 3377 2981; x_wconf 82' lang='lat' dir='ltr'><strong>:eterunm</strong></span> <span class='ocrx_word' id='word_1_633' title='bbox 3408 2925 3752 2996; x_wconf 77' lang='lat' dir='ltr'><strong>supplicium.</strong></span> 
     </span>
    </p>
   </div>
   <div class='ocr_carea' id='block_1_82' title="bbox 2175 3016 3757 3088">
    <p class='ocr_par' dir='ltr' id='par_1_82' title="bbox 2175 3016 3757 3088">
     <span class='ocr_line' id='line_1_82' title="bbox 2175 3016 3757 3088; baseline 0 -19"><span class='ocrx_word' id='word_1_634' title='bbox 2175 3016 2506 3087; x_wconf 86' lang='lat' dir='ltr'><strong>Quocuuque</strong></span> <span class='ocrx_word' id='word_1_635' title='bbox 2531 3018 2676 3072; x_wconf 84' lang='lat' dir='ltr'><strong>enim</strong></span> <span class='ocrx_word' id='word_1_636' title='bbox 2707 3019 2884 3073; x_wconf 88' lang='lat' dir='ltr'><strong>anima</strong></span> <span class='ocrx_word' id='word_1_637' title='bbox 2913 3018 3128 3072; x_wconf 88' lang='lat' dir='ltr'><strong>tandem</strong></span> <span class='ocrx_word' id='word_1_638' title='bbox 3152 3019 3367 3088; x_wconf 86' lang='lat' dir='ltr'><strong>peribit,</strong></span> <span class='ocrx_word' id='word_1_639' title='bbox 3398 3034 3597 3087; x_wconf 89' lang='lat' dir='ltr'><strong>corpus</strong></span> <span class='ocrx_word' id='word_1_640' title='bbox 3622 3032 3757 3086; x_wconf 80' lang='lat' dir='ltr'><strong>quo—</strong></span> 
     </span>
    </p>
   </div>
   <div class='ocr_carea' id='block_1_83' title="bbox 2131 3109 2575 3181">
    <p class='ocr_par' dir='ltr' id='par_1_83' title="bbox 2131 3109 2575 3181">
     <span class='ocr_line' id='line_1_83' title="bbox 2131 3109 2575 3181; baseline 0.005 -20"><span class='ocrx_word' id='word_1_641' title='bbox 2131 3162 2144 3181; x_wconf 55' lang='lat'><strong>.</strong></span> <span class='ocrx_word' id='word_1_642' title='bbox 2175 3122 2279 3177; x_wconf 85' lang='lat' dir='ltr'><strong>que</strong></span> <span class='ocrx_word' id='word_1_643' title='bbox 2304 3118 2425 3179; x_wconf 87' lang='lat' dir='ltr'><strong>post</strong></span> <span class='ocrx_word' id='word_1_644' title='bbox 2454 3109 2575 3164; x_wconf 83' lang='lat' dir='ltr'><strong>ibit.</strong></span> 
     </span>
    </p>
   </div>
   <div class='ocr_carea' id='block_1_84' title="bbox 2174 3285 3756 3359">
    <p class='ocr_par' dir='ltr' id='par_1_84' title="bbox 2174 3285 3756 3359">
     <span class='ocr_line' id='line_1_84' title="bbox 2174 3285 3756 3359; baseline 0.001 -18"><span class='ocrx_word' id='word_1_645' title='bbox 2174 3285 2443 3341; x_wconf 83' lang='lat' dir='ltr'><strong>Sententia</strong></span> <span class='ocrx_word' id='word_1_646' title='bbox 2478 3290 2647 3342; x_wconf 79' lang='lat' dir='ltr'><strong>sancti</strong></span> <span class='ocrx_word' id='word_1_647' title='bbox 2679 3289 2988 3359; x_wconf 75' lang='lat' dir='ltr'><strong>Augustini,</strong></span> <span class='ocrx_word' id='word_1_648' title='bbox 3026 3308 3130 3358; x_wconf 82' lang='lat' dir='ltr'><strong>qua</strong></span> <span class='ocrx_word' id='word_1_649' title='bbox 3158 3307 3331 3344; x_wconf 81' lang='lat' dir='ltr'><strong>omnes</strong></span> <span class='ocrx_word' id='word_1_650' title='bbox 3368 3290 3602 3344; x_wconf 79' lang='lat' dir='ltr'><strong>Iucretici</strong></span> <span class='ocrx_word' id='word_1_651' title='bbox 3632 3306 3756 3343; x_wconf 80' lang='lat' dir='ltr'><strong>con-</strong></span> 
     </span>
    </p>
   </div>
   <div class='ocr_carea' id='block_1_85' title="bbox 2208 3358 3717 3428">
    <p class='ocr_par' dir='ltr' id='par_1_85' title="bbox 2208 3358 3717 3428">
     <span class='ocr_line' id='line_1_85' title="bbox 2208 3358 3717 3428; baseline 0.001 -19"><span class='ocrx_word' id='word_1_652' title='bbox 2208 3358 2490 3412; x_wconf 82' lang='lat' dir='ltr'><strong>vincuntur</strong></span> <span class='ocrx_word' id='word_1_653' title='bbox 2516 3376 2702 3428; x_wconf 81' lang='lat' dir='ltr'><strong>negare</strong></span> <span class='ocrx_word' id='word_1_654' title='bbox 2731 3358 2912 3413; x_wconf 77' lang='lat' dir='ltr'><strong>Jesum</strong></span> <span class='ocrx_word' id='word_1_655' title='bbox 2944 3360 3208 3413; x_wconf 79' lang='lat' dir='ltr'><strong>Christum</strong></span> <span class='ocrx_word' id='word_1_656' title='bbox 3239 3362 3290 3413; x_wconf 83' lang='lat' dir='ltr'><strong>in</strong></span> <span class='ocrx_word' id='word_1_657' title='bbox 3320 3377 3475 3412; x_wconf 79' lang='lat' dir='ltr'><strong>curm:</strong></span> <span class='ocrx_word' id='word_1_658' title='bbox 3504 3363 3717 3413; x_wconf 72' lang='lat' dir='ltr'><strong>venisse.</strong></span> 
     </span>
    </p>
   </div>
   <div class='ocr_carea' id='block_1_86' title="bbox 2252 3450 3752 3522">
    <p class='ocr_par' dir='ltr' id='par_1_86' title="bbox 2252 3450 3752 3522">
     <span class='ocr_line' id='line_1_86' title="bbox 2252 3450 3752 3522; baseline 0 -17"><span class='ocrx_word' id='word_1_659' title='bbox 2252 3450 2451 3506; x_wconf 72' lang='lat' dir='ltr'><strong>Verum</strong></span> <span class='ocrx_word' id='word_1_660' title='bbox 2489 3467 2557 3505; x_wconf 91' lang='lat' dir='ltr'><strong>ne</strong></span> <span class='ocrx_word' id='word_1_661' title='bbox 2585 3451 2939 3506; x_wconf 88' lang='lat' dir='ltr'><strong>calumnietur</strong></span> <span class='ocrx_word' id='word_1_662' title='bbox 2967 3453 3088 3522; x_wconf 90' lang='lat' dir='ltr'><strong>quis</strong></span> <span class='ocrx_word' id='word_1_663' title='bbox 3127 3468 3225 3507; x_wconf 87' lang='lat' dir='ltr'><strong>nos</strong></span> <span class='ocrx_word' id='word_1_664' title='bbox 3257 3454 3322 3506; x_wconf 90' lang='lat' dir='ltr'><strong>de</strong></span> <span class='ocrx_word' id='word_1_665' title='bbox 3362 3467 3589 3520; x_wconf 87' lang='lat' dir='ltr'><strong>corpore</strong></span> <span class='ocrx_word' id='word_1_666' title='bbox 3629 3466 3752 3521; x_wconf 83' lang='lat' dir='ltr'><strong>pro-</strong></span> 
     </span>
    </p>
   </div>
   <div class='ocr_carea' id='block_1_87' title="bbox 2172 3542 3753 3614">
    <p class='ocr_par' dir='ltr' id='par_1_87' title="bbox 2172 3542 3753 3614">
     <span class='ocr_line' id='line_1_87' title="bbox 2172 3542 3753 3614; baseline 0 -20"><span class='ocrx_word' id='word_1_667' title='bbox 2172 3542 2311 3610; x_wconf 87' lang='lat' dir='ltr'><strong>prio,</strong></span> <span class='ocrx_word' id='word_1_668' title='bbox 2337 3552 2390 3597; x_wconf 93' lang='lat' dir='ltr'><strong>et</strong></span> <span class='ocrx_word' id='word_1_669' title='bbox 2417 3557 2523 3596; x_wconf 91' lang='lat' dir='ltr'><strong>non</strong></span> <span class='ocrx_word' id='word_1_670' title='bbox 2548 3558 2611 3596; x_wconf 73' lang='lat' dir='ltr'><strong>ex</strong></span> <span class='ocrx_word' id='word_1_671' title='bbox 2634 3543 2830 3597; x_wconf 84' lang='lat' dir='ltr'><strong>divinis</strong></span> <span class='ocrx_word' id='word_1_672' title='bbox 2853 3544 3078 3614; x_wconf 80' lang='lat' dir='ltr'><strong>paginis,</strong></span> <span class='ocrx_word' id='word_1_673' title='bbox 3104 3559 3295 3599; x_wconf 89' lang='lat' dir='ltr'><strong>novam</strong></span> <span class='ocrx_word' id='word_1_674' title='bbox 3321 3543 3753 3612; x_wconf 82' lang='lat' dir='ltr'><strong>suggillationem</strong></span> 
     </span>
    </p>
   </div>
   <div class='ocr_carea' id='block_1_88' title="bbox 2175 3632 3757 3703">
    <p class='ocr_par' dir='ltr' id='par_1_88' title="bbox 2175 3632 3757 3703">
     <span class='ocr_line' id='line_1_88' title="bbox 2175 3632 3757 3703; baseline 0.002 -17"><span class='ocrx_word' id='word_1_675' title='bbox 2175 3632 2228 3686; x_wconf 93' lang='lat' dir='ltr'><strong>in</strong></span> <span class='ocrx_word' id='word_1_676' title='bbox 2260 3633 2538 3688; x_wconf 87' lang='lat' dir='ltr'><strong>haereticos</strong></span> <span class='ocrx_word' id='word_1_677' title='bbox 2566 3648 2909 3703; x_wconf 91' lang='lat' dir='ltr'><strong>componere,</strong></span> <span class='ocrx_word' id='word_1_678' title='bbox 2933 3635 3056 3688; x_wconf 89' lang='lat' dir='ltr'><strong>dum</strong></span> <span class='ocrx_word' id='word_1_679' title='bbox 3086 3651 3191 3694; x_wconf 84' lang='lat' dir='ltr'><strong>non</strong></span> <span class='ocrx_word' id='word_1_680' title='bbox 3231 3642 3379 3703; x_wconf 90' lang='lat' dir='ltr'><strong>putat</strong></span> <span class='ocrx_word' id='word_1_681' title='bbox 3410 3648 3501 3686; x_wconf 84' lang='lat' dir='ltr'><strong>eos</strong></span> <span class='ocrx_word' id='word_1_682' title='bbox 3533 3635 3757 3689; x_wconf 88' lang='lat' dir='ltr'><strong>omnino</strong></span> 
     </span>
    </p>
   </div>
   <div class='ocr_carea' id='block_1_89' title="bbox 2174 3722 3757 3793">
    <p class='ocr_par' dir='ltr' id='par_1_89' title="bbox 2174 3722 3757 3793">
     <span class='ocr_line' id='line_1_89' title="bbox 2174 3722 3757 3793; baseline -0.001 -17"><span class='ocrx_word' id='word_1_683' title='bbox 2174 3722 2289 3776; x_wconf 86' lang='lat' dir='ltr'><strong>sine</strong></span> <span class='ocrx_word' id='word_1_684' title='bbox 2314 3722 2414 3775; x_wconf 82' lang='lat' dir='ltr'><strong>fide</strong></span> <span class='ocrx_word' id='word_1_685' title='bbox 2442 3738 2593 3788; x_wconf 88' lang='lat' dir='ltr'><strong>esse,</strong></span> <span class='ocrx_word' id='word_1_686' title='bbox 2634 3735 2725 3776; x_wconf 88' lang='lat' dir='ltr'><strong>aut</strong></span> <span class='ocrx_word' id='word_1_687' title='bbox 2750 3724 3029 3777; x_wconf 88' lang='lat' dir='ltr'><strong>Dominum</strong></span> <span class='ocrx_word' id='word_1_688' title='bbox 3064 3725 3226 3778; x_wconf 90' lang='lat' dir='ltr'><strong>Deum</strong></span> <span class='ocrx_word' id='word_1_689' title='bbox 3260 3739 3487 3793; x_wconf 78' lang='lat' dir='ltr'><strong>negare,</strong></span> <span class='ocrx_word' id='word_1_690' title='bbox 3511 3723 3757 3776; x_wconf 85' lang='lat' dir='ltr'><strong>animad-</strong></span> 
     </span>
    </p>
   </div>
   <div class='ocr_carea' id='block_1_90' title="bbox 2174 3814 3754 3885">
    <p class='ocr_par' dir='ltr' id='par_1_90' title="bbox 2174 3814 3754 3885">
     <span class='ocr_line' id='line_1_90' title="bbox 2174 3814 3754 3885; baseline 0.002 -20"><span class='ocrx_word' id='word_1_691' title='bbox 2174 3820 2351 3866; x_wconf 84' lang='lat' dir='ltr'><strong>vertat</strong></span> <span class='ocrx_word' id='word_1_692' title='bbox 2397 3814 2755 3868; x_wconf 86' lang='lat' dir='ltr'><strong>venerabilem</strong></span> <span class='ocrx_word' id='word_1_693' title='bbox 2796 3825 2852 3869; x_wconf 91' lang='lat' dir='ltr'><strong>et</strong></span> <span class='ocrx_word' id='word_1_694' title='bbox 2881 3815 3201 3869; x_wconf 85' lang='lat' dir='ltr'><strong>catholicqu</strong></span> <span class='ocrx_word' id='word_1_695' title='bbox 3253 3816 3522 3870; x_wconf 88' lang='lat' dir='ltr'><strong>doctorem</strong></span> <span class='ocrx_word' id='word_1_696' title='bbox 3572 3817 3754 3885; x_wconf 84' lang='lat' dir='ltr'><strong>Augu-</strong></span> 
     </span>
    </p>
   </div>
   <div class='ocr_carea' id='block_1_91' title="bbox 2176 3904 3755 3973">
    <p class='ocr_par' dir='ltr' id='par_1_91' title="bbox 2176 3904 3755 3973">
     <span class='ocr_line' id='line_1_91' title="bbox 2176 3904 3755 3973; baseline 0.001 -16"><span class='ocrx_word' id='word_1_697' title='bbox 2176 3904 2371 3965; x_wconf 85' lang='lat' dir='ltr'><strong>stinum</strong></span> <span class='ocrx_word' id='word_1_698' title='bbox 2410 3905 2460 3959; x_wconf 91' lang='lat' dir='ltr'><strong>iu</strong></span> <span class='ocrx_word' id='word_1_699' title='bbox 2496 3904 2731 3973; x_wconf 88' lang='lat' dir='ltr'><strong>Epistola</strong></span> <span class='ocrx_word' id='word_1_700' title='bbox 2762 3904 2825 3959; x_wconf 89' lang='lat' dir='ltr'><strong>B.</strong></span> <span class='ocrx_word' id='word_1_701' title='bbox 2852 3904 3074 3960; x_wconf 81' lang='lat' dir='ltr'><strong>Joannis</strong></span> <span class='ocrx_word' id='word_1_702' title='bbox 3103 3908 3325 3973; x_wconf 88' lang='lat' dir='ltr'><strong>apostoli</strong></span> <span class='ocrx_word' id='word_1_703' title='bbox 3362 3907 3473 3960; x_wconf 77' lang='lat' dir='ltr'><strong>lucc</strong></span> <span class='ocrx_word' id='word_1_704' title='bbox 3504 3907 3755 3960; x_wconf 80' lang='lat' dir='ltr'><strong>intonan-</strong></span> 
     </span>
    </p>
   </div>
   <div class='ocr_carea' id='block_1_92' title="bbox 2179 3994 3753 4067">
    <p class='ocr_par' dir='ltr' id='par_1_92' title="bbox 2179 3994 3753 4067">
     <span class='ocr_line' id='line_1_92' title="bbox 2179 3994 3753 4067; baseline 0.003 -22"><span class='ocrx_word' id='word_1_705' title='bbox 2179 4002 2283 4045; x_wconf 83' lang='lat' dir='ltr'><strong>tem</strong></span> <span class='ocrx_word' id='word_1_706' title='bbox 2313 3994 2494 4063; x_wconf 76' lang='lat' dir='ltr'><strong>(AllG.,</strong></span> <span class='ocrx_word' id='word_1_707' title='bbox 2527 3994 2701 4048; x_wconf 84' lang='lat' dir='ltr'><strong>Tract.</strong></span> <span class='ocrx_word' id='word_1_708' title='bbox 2738 3996 2794 4058; x_wconf 71' lang='grc' dir='ltr'><strong>Ξ,</strong></span> <span class='ocrx_word' id='word_1_709' title='bbox 2829 3998 2881 4049; x_wconf 82' lang='lat' dir='ltr'><strong>in</strong></span> <span class='ocrx_word' id='word_1_710' title='bbox 2908 3997 3057 4066; x_wconf 74' lang='lat' dir='ltr'><strong>epist.</strong></span> <span class='ocrx_word' id='word_1_711' title='bbox 3085 3996 3243 4049; x_wconf 80' lang='lat' dir='ltr'><strong>Joa&#39;n.</strong></span> <span class='ocrx_word' id='word_1_712' title='bbox 3280 4013 3333 4049; x_wconf 84' lang='grc' dir='ltr'>ιι.</span> <span class='ocrx_word' id='word_1_713' title='bbox 3362 3996 3416 4067; x_wconf 70' lang='grc'><strong>4)</strong></span> <span class='ocrx_word' id='word_1_714' title='bbox 3449 4014 3461 4049; x_wconf 94' lang='lat'>:</span> <span class='ocrx_word' id='word_1_715' title='bbox 3498 4016 3515 4047; x_wconf 76' lang='grc' dir='ltr'><strong>ι</strong></span> <span class='ocrx_word' id='word_1_716' title='bbox 3550 3997 3753 4051; x_wconf 87' lang='lat' dir='ltr'><strong>Omnes</strong></span> 
     </span>
    </p>
   </div>
   <div class='ocr_carea' id='block_1_93' title="bbox 2176 4084 3754 4150">
    <p class='ocr_par' dir='ltr' id='par_1_93' title="bbox 2176 4084 3754 4150">
     <span class='ocr_line' id='line_1_93' title="bbox 2176 4084 3754 4150; baseline 0.003 -12"><span class='ocrx_word' id='word_1_717' title='bbox 2176 4084 2443 4148; x_wconf 66' lang='lat' dir='ltr'><strong>hzeretici,</strong></span> <span class='ocrx_word' id='word_1_718' title='bbox 2483 4102 2671 4141; x_wconf 90' lang='lat' dir='ltr'><strong>omnes</strong></span> <span class='ocrx_word' id='word_1_719' title='bbox 2712 4087 3038 4141; x_wconf 87' lang='lat' dir='ltr'><strong>schismatici</strong></span> <span class='ocrx_word' id='word_1_720' title='bbox 3083 4103 3150 4142; x_wconf 83' lang='lat' dir='ltr'><strong>ex</strong></span> <span class='ocrx_word' id='word_1_721' title='bbox 3190 4089 3341 4144; x_wconf 83' lang='lat' dir='ltr'><strong>nobis</strong></span> <span class='ocrx_word' id='word_1_722' title='bbox 3379 4089 3658 4150; x_wconf 74' lang='lat' dir='ltr'><strong>exierunt,</strong></span> <span class='ocrx_word' id='word_1_723' title='bbox 3699 4088 3754 4143; x_wconf 92' lang='lat' dir='ltr'><strong>id</strong></span> 
     </span>
    </p>
   </div>
   <div class='ocr_carea' id='block_1_94' title="bbox 2176 4176 3754 4241">
    <p class='ocr_par' dir='ltr' id='par_1_94' title="bbox 2176 4176 3754 4241">
     <span class='ocr_line' id='line_1_94' title="bbox 2176 4176 3754 4241; baseline 0.004 -14"><span class='ocrx_word' id='word_1_724' title='bbox 2176 4185 2288 4238; x_wconf 84' lang='lat' dir='ltr'><strong>est,</strong></span> <span class='ocrx_word' id='word_1_725' title='bbox 2320 4176 2557 4231; x_wconf 79' lang='lat' dir='ltr'><strong>Ecclesia</strong></span> <span class='ocrx_word' id='word_1_726' title='bbox 2601 4190 2835 4241; x_wconf 81' lang='lat' dir='ltr'><strong>exeunt,</strong></span> <span class='ocrx_word' id='word_1_727' title='bbox 2875 4178 2967 4233; x_wconf 89' lang='lat' dir='ltr'><strong>sed</strong></span> <span class='ocrx_word' id='word_1_728' title='bbox 3011 4193 3116 4231; x_wconf 89' lang='lat' dir='ltr'><strong>non</strong></span> <span class='ocrx_word' id='word_1_729' title='bbox 3148 4180 3357 4232; x_wconf 58' lang='lat' dir='ltr'><strong>exirent</strong></span> <span class='ocrx_word' id='word_1_730' title='bbox 3399 4180 3442 4233; x_wconf 73' lang='lat' dir='ltr'><strong>si</strong></span> <span class='ocrx_word' id='word_1_731' title='bbox 3482 4195 3545 4232; x_wconf 83' lang='lat' dir='ltr'><strong>ex</strong></span> <span class='ocrx_word' id='word_1_732' title='bbox 3596 4181 3754 4233; x_wconf 84' lang='lat' dir='ltr'><strong>nobis</strong></span> 
     </span>
    </p>
   </div>
   <div class='ocr_carea' id='block_1_95' title="bbox 2176 4269 3753 4340">
    <p class='ocr_par' dir='ltr' id='par_1_95' title="bbox 2176 4269 3753 4340">
     <span class='ocr_line' id='line_1_95' title="bbox 2176 4269 3753 4340; baseline 0.004 -21"><span class='ocrx_word' id='word_1_733' title='bbox 2176 4274 2359 4321; x_wconf 87' lang='lat' dir='ltr'><strong>essent</strong></span> <span class='ocrx_word' id='word_1_734' title='bbox 2385 4279 2668 4337; x_wconf 74' lang='lat' dir='ltr'><strong>antequam</strong></span> <span class='ocrx_word' id='word_1_735' title='bbox 2699 4270 2929 4323; x_wconf 78' lang='lat' dir='ltr'><strong>exirent.</strong></span> <span class='ocrx_word' id='word_1_736' title='bbox 2963 4288 2979 4319; x_wconf 73' lang='grc' dir='ltr'><strong>ι</strong></span> <span class='ocrx_word' id='word_1_737' title='bbox 3024 4270 3091 4324; x_wconf 83' lang='grc' dir='ltr'>Ει</span> <span class='ocrx_word' id='word_1_738' title='bbox 3117 4281 3236 4338; x_wconf 87' lang='lat' dir='ltr'><strong>post</strong></span> <span class='ocrx_word' id='word_1_739' title='bbox 3264 4271 3458 4340; x_wconf 70' lang='lat' dir='ltr'><strong>aliqua.</strong></span> <span class='ocrx_word' id='word_1_740' title='bbox 3501 4290 3519 4321; x_wconf 77' lang='grc' dir='ltr'><strong>ι</strong></span> <span class='ocrx_word' id='word_1_741' title='bbox 3548 4269 3753 4327; x_wconf 75' lang='lat' dir='ltr'><strong>Omnes</strong></span> 
     </span>
    </p>
   </div>
   <div class='ocr_carea' id='block_1_96' title="bbox 2177 4358 3755 4427">
    <p class='ocr_par' dir='ltr' id='par_1_96' title="bbox 2177 4358 3755 4427">
     <span class='ocr_line' id='line_1_96' title="bbox 2177 4358 3755 4427; baseline 0.003 -17"><span class='ocrx_word' id='word_1_742' title='bbox 2177 4365 2321 4410; x_wconf 86' lang='lat' dir='ltr'><strong>certe</strong></span> <span class='ocrx_word' id='word_1_743' title='bbox 2352 4358 2441 4427; x_wconf 90' lang='lat' dir='ltr'><strong>qui</strong></span> <span class='ocrx_word' id='word_1_744' title='bbox 2469 4370 2663 4412; x_wconf 79' lang='lat' dir='ltr'><strong>exeunt</strong></span> <span class='ocrx_word' id='word_1_745' title='bbox 2690 4360 2753 4412; x_wconf 89' lang='lat' dir='ltr'><strong>de</strong></span> <span class='ocrx_word' id='word_1_746' title='bbox 2781 4360 3050 4424; x_wconf 83' lang='lat' dir='ltr'><strong>Ecclesia,</strong></span> <span class='ocrx_word' id='word_1_747' title='bbox 3083 4369 3138 4414; x_wconf 91' lang='lat' dir='ltr'><strong>et</strong></span> <span class='ocrx_word' id='word_1_748' title='bbox 3163 4362 3231 4414; x_wconf 90' lang='lat' dir='ltr'><strong>ab</strong></span> <span class='ocrx_word' id='word_1_749' title='bbox 3258 4363 3464 4415; x_wconf 86' lang='lat' dir='ltr'><strong>unitate</strong></span> <span class='ocrx_word' id='word_1_750' title='bbox 3494 4362 3755 4416; x_wconf 69' lang='lat' dir='ltr'><strong>Ecclesiae</strong></span> 
     </span>
    </p>
   </div>
   <div class='ocr_carea' id='block_1_97' title="bbox 2178 4448 3748 4516">
    <p class='ocr_par' dir='ltr' id='par_1_97' title="bbox 2178 4448 3748 4516">
     <span class='ocr_line' id='line_1_97' title="bbox 2178 4448 3748 4516; baseline 0.004 -18"><span class='ocrx_word' id='word_1_751' title='bbox 2178 4448 2637 4514; x_wconf 57' lang='lat' dir='ltr'><strong>prmsciuduntur,</strong></span> <span class='ocrx_word' id='word_1_752' title='bbox 2698 4449 3015 4505; x_wconf 87' lang='lat' dir='ltr'><strong>Antichristi</strong></span> <span class='ocrx_word' id='word_1_753' title='bbox 3064 4460 3229 4516; x_wconf 91' lang='lat' dir='ltr'><strong>sunt;</strong></span> <span class='ocrx_word' id='word_1_754' title='bbox 3294 4468 3451 4506; x_wconf 83' lang='lat' dir='ltr'><strong>nemo</strong></span> <span class='ocrx_word' id='word_1_755' title='bbox 3515 4453 3748 4505; x_wconf 88' lang='lat' dir='ltr'><strong>dubitat.</strong></span> 
     </span>
    </p>
   </div>
   <div class='ocr_carea' id='block_1_98' title="bbox 2175 4535 3752 4605">
    <p class='ocr_par' dir='ltr' id='par_1_98' title="bbox 2175 4535 3752 4605">
     <span class='ocr_line' id='line_1_98' title="bbox 2175 4535 3752 4605; baseline 0.005 -17"><span class='ocrx_word' id='word_1_756' title='bbox 2175 4535 2292 4604; x_wconf 86' lang='lat' dir='ltr'><strong>Ipse</strong></span> <span class='ocrx_word' id='word_1_757' title='bbox 2321 4536 2462 4590; x_wconf 88' lang='lat' dir='ltr'><strong>enim</strong></span> <span class='ocrx_word' id='word_1_758' title='bbox 2493 4537 2789 4605; x_wconf 80' lang='lat' dir='ltr'><strong>designavit</strong></span> <span class='ocrx_word' id='word_1_759' title='bbox 2818 4555 2832 4591; x_wconf 89' lang='lat'><strong>:</strong></span> <span class='ocrx_word' id='word_1_760' title='bbox 2875 4558 2893 4589; x_wconf 78' lang='grc' dir='ltr'><strong>ι</strong></span> <span class='ocrx_word' id='word_1_761' title='bbox 2929 4538 3004 4592; x_wconf 78' lang='lat' dir='ltr'><strong>Ex</strong></span> <span class='ocrx_word' id='word_1_762' title='bbox 3035 4541 3191 4594; x_wconf 89' lang='lat' dir='ltr'><strong>nobis</strong></span> <span class='ocrx_word' id='word_1_763' title='bbox 3216 4541 3486 4605; x_wconf 77' lang='lat' dir='ltr'><strong>exierunt,</strong></span> <span class='ocrx_word' id='word_1_764' title='bbox 3518 4544 3613 4596; x_wconf 80' lang='lat' dir='ltr'><strong>sed</strong></span> <span class='ocrx_word' id='word_1_765' title='bbox 3644 4557 3752 4596; x_wconf 88' lang='lat' dir='ltr'><strong>non</strong></span> 
     </span>
    </p>
   </div>
   <div class='ocr_carea' id='block_1_99' title="bbox 2174 4629 3753 4703">
    <p class='ocr_par' dir='ltr' id='par_1_99' title="bbox 2174 4629 3753 4703">
     <span class='ocr_line' id='line_1_99' title="bbox 2174 4629 3753 4703; baseline 0.003 -21"><span class='ocrx_word' id='word_1_766' title='bbox 2174 4636 2329 4682; x_wconf 88' lang='lat' dir='ltr'><strong>erant</strong></span> <span class='ocrx_word' id='word_1_767' title='bbox 2358 4643 2426 4681; x_wconf 78' lang='lat' dir='ltr'><strong>ex</strong></span> <span class='ocrx_word' id='word_1_768' title='bbox 2457 4629 2629 4684; x_wconf 88' lang='lat' dir='ltr'><strong>nobis.</strong></span> <span class='ocrx_word' id='word_1_769' title='bbox 2660 4629 2790 4682; x_wconf 85' lang='lat' dir='ltr'><strong>Nam</strong></span> <span class='ocrx_word' id='word_1_770' title='bbox 2832 4630 2879 4683; x_wconf 92' lang='lat' dir='ltr'><strong>si</strong></span> <span class='ocrx_word' id='word_1_771' title='bbox 2906 4629 3134 4685; x_wconf 85' lang='lat' dir='ltr'><strong>fuissent</strong></span> <span class='ocrx_word' id='word_1_772' title='bbox 3166 4647 3232 4686; x_wconf 78' lang='lat' dir='ltr'><strong>ex</strong></span> <span class='ocrx_word' id='word_1_773' title='bbox 3262 4633 3417 4687; x_wconf 88' lang='lat' dir='ltr'><strong>nobis</strong></span> <span class='ocrx_word' id='word_1_774' title='bbox 3438 4673 3453 4697; x_wconf 95' lang='lat'><strong>,</strong></span> <span class='ocrx_word' id='word_1_775' title='bbox 3494 4650 3753 4703; x_wconf 80' lang='lat' dir='ltr'><strong>perman—</strong></span> 
     </span>
    </p>
   </div>
   <div class='ocr_carea' id='block_1_100' title="bbox 2174 4718 3755 4789">
    <p class='ocr_par' dir='ltr' id='par_1_100' title="bbox 2174 4718 3755 4789">
     <span class='ocr_line' id='line_1_100' title="bbox 2174 4718 3755 4789; baseline 0.001 -16"><span class='ocrx_word' id='word_1_776' title='bbox 2174 4718 2367 4773; x_wconf 90' lang='lat' dir='ltr'><strong>sissent</strong></span> <span class='ocrx_word' id='word_1_777' title='bbox 2393 4719 2578 4789; x_wconf 81' lang='lat' dir='ltr'><strong>utique</strong></span> <span class='ocrx_word' id='word_1_778' title='bbox 2622 4720 2898 4775; x_wconf 91' lang='lat' dir='ltr'><strong>nobiscum</strong></span> <span class='ocrx_word' id='word_1_779' title='bbox 2941 4720 2992 4789; x_wconf 84' lang='grc' dir='ltr'><strong>(Ι</strong></span> <span class='ocrx_word' id='word_1_780' title='bbox 3019 4720 3179 4776; x_wconf 77' lang='lat' dir='ltr'><strong>Joau.</strong></span> <span class='ocrx_word' id='word_1_781' title='bbox 3216 4739 3285 4786; x_wconf 89' lang='lat' dir='ltr'><strong>tl,</strong></span> <span class='ocrx_word' id='word_1_782' title='bbox 3319 4724 3429 4784; x_wconf 76' lang='lat' dir='ltr'><strong>l9).</strong></span> <span class='ocrx_word' id='word_1_783' title='bbox 3459 4743 3479 4775; x_wconf 72' lang='grc' dir='ltr'><strong>ι</strong></span> <span class='ocrx_word' id='word_1_784' title='bbox 3513 4724 3755 4787; x_wconf 58' lang='grc' dir='ltr'><strong>Ουίράῃ.</strong></span> 
     </span>
    </p>
   </div>
   <div class='ocr_carea' id='block_1_101' title="bbox 2174 4812 3754 4886">
    <p class='ocr_par' dir='ltr' id='par_1_101' title="bbox 2174 4812 3754 4886">
     <span class='ocr_line' id='line_1_101' title="bbox 2174 4812 3754 4886; baseline 0.006 -19"><span class='ocrx_word' id='word_1_785' title='bbox 2174 4823 2278 4884; x_wconf 74' lang='lat' dir='ltr'><strong>que</strong></span> <span class='ocrx_word' id='word_1_786' title='bbox 2302 4824 2432 4886; x_wconf 79' lang='lat' dir='ltr'><strong>ergo</strong></span> <span class='ocrx_word' id='word_1_787' title='bbox 2455 4824 2560 4870; x_wconf 83' lang='lat' dir='ltr'><strong>non</strong></span> <span class='ocrx_word' id='word_1_788' title='bbox 2587 4820 2806 4871; x_wconf 55' lang='lat' dir='ltr'><strong>attinent</strong></span> <span class='ocrx_word' id='word_1_789' title='bbox 2835 4812 3132 4881; x_wconf 60' lang='lat' dir='ltr'><strong>ltolt‘st‘llm,</strong></span> <span class='ocrx_word' id='word_1_790' title='bbox 3160 4814 3252 4874; x_wconf 88' lang='lat' dir='ltr'><strong>sed</strong></span> <span class='ocrx_word' id='word_1_791' title='bbox 3280 4836 3480 4875; x_wconf 77' lang='lat' dir='ltr'><strong>exeant</strong></span> <span class='ocrx_word' id='word_1_792' title='bbox 3510 4837 3543 4875; x_wconf 70' lang='grc' dir='ltr'><strong>ει</strong></span> <span class='ocrx_word' id='word_1_793' title='bbox 3579 4825 3754 4885; x_wconf 88' lang='lat' dir='ltr'><strong>nobis,</strong></span> 
     </span>
    </p>
   </div>
   <div class='ocr_carea' id='block_1_102' title="bbox 2177 4904 3755 4982">
    <p class='ocr_par' dir='ltr' id='par_1_102' title="bbox 2177 4904 3755 4982">
     <span class='ocr_line' id='line_1_102' title="bbox 2177 4904 3755 4982; baseline 0.006 -22"><span class='ocrx_word' id='word_1_794' title='bbox 2177 4906 2517 4962; x_wconf 88' lang='lat' dir='ltr'><strong>manifestum</strong></span> <span class='ocrx_word' id='word_1_795' title='bbox 2555 4917 2638 4963; x_wconf 91' lang='lat' dir='ltr'><strong>est</strong></span> <span class='ocrx_word' id='word_1_796' title='bbox 2670 4911 2812 4979; x_wconf 91' lang='lat' dir='ltr'><strong>quod</strong></span> <span class='ocrx_word' id='word_1_797' title='bbox 2839 4911 3154 4965; x_wconf 80' lang='lat' dir='ltr'><strong>Antichristi</strong></span> <span class='ocrx_word' id='word_1_798' title='bbox 3185 4904 3332 4966; x_wconf 80' lang='lat' dir='ltr'><strong>sunt.</strong></span> <span class='ocrx_word' id='word_1_799' title='bbox 3375 4914 3443 4967; x_wconf 82' lang='lat' dir='ltr'><strong>Et</strong></span> <span class='ocrx_word' id='word_1_800' title='bbox 3477 4918 3755 4982; x_wconf 71' lang='lat' dir='ltr'><strong>qutomo.lo</strong></span> 
     </span>
    </p>
   </div>
   <div class='ocr_carea' id='block_1_103' title="bbox 2176 5001 3755 5074">
    <p class='ocr_par' dir='ltr' id='par_1_103' title="bbox 2176 5001 3755 5074">
     <span class='ocr_line' id='line_1_103' title="bbox 2176 5001 3755 5074; baseline 0.003 -21"><span class='ocrx_word' id='word_1_801' title='bbox 2176 5001 2471 5070; x_wconf 86' lang='lat' dir='ltr'><strong>probantur</strong></span> <span class='ocrx_word' id='word_1_802' title='bbox 2507 5001 2860 5055; x_wconf 79' lang='lat' dir='ltr'><strong>Antichristi?</strong></span> <span class='ocrx_word' id='word_1_803' title='bbox 2894 5016 2961 5056; x_wconf 75' lang='lat' dir='ltr'><strong>ex</strong></span> <span class='ocrx_word' id='word_1_804' title='bbox 3001 5002 3298 5058; x_wconf 87' lang='lat' dir='ltr'><strong>mendacio.</strong></span> <span class='ocrx_word' id='word_1_805' title='bbox 3345 5022 3363 5054; x_wconf 76' lang='grc' dir='ltr'><strong>ι</strong></span> <span class='ocrx_word' id='word_1_806' title='bbox 3400 5003 3467 5058; x_wconf 84' lang='grc' dir='ltr'>Ει</span> <span class='ocrx_word' id='word_1_807' title='bbox 3498 5006 3633 5074; x_wconf 73' lang='lat' dir='ltr'><strong>,quis</strong></span> <span class='ocrx_word' id='word_1_808' title='bbox 3670 5015 3755 5058; x_wconf 88' lang='lat' dir='ltr'><strong>est</strong></span> 
     </span>
    </p>
   </div>
   <div class='ocr_carea' id='block_1_104' title="bbox 2175 5090 3754 5161">
    <p class='ocr_par' dir='ltr' id='par_1_104' title="bbox 2175 5090 3754 5161">
     <span class='ocr_line' id='line_1_104' title="bbox 2175 5090 3754 5161; baseline 0.003 -17"><span class='ocrx_word' id='word_1_809' title='bbox 2175 5091 2435 5155; x_wconf 81' lang='lat' dir='ltr'><strong>mendax,</strong></span> <span class='ocrx_word' id='word_1_810' title='bbox 2485 5092 2587 5145; x_wconf 91' lang='lat' dir='ltr'><strong>nisi</strong></span> <span class='ocrx_word' id='word_1_811' title='bbox 2636 5094 2727 5161; x_wconf 89' lang='lat' dir='ltr'><strong>qui</strong></span> <span class='ocrx_word' id='word_1_812' title='bbox 2768 5101 2926 5161; x_wconf 80' lang='lat' dir='ltr'><strong>negat</strong></span> <span class='ocrx_word' id='word_1_813' title='bbox 2965 5092 3104 5160; x_wconf 89' lang='lat' dir='ltr'><strong>quod</strong></span> <span class='ocrx_word' id='word_1_814' title='bbox 3132 5090 3289 5147; x_wconf 81' lang='lat' dir='ltr'><strong>Jesus</strong></span> <span class='ocrx_word' id='word_1_815' title='bbox 3328 5103 3423 5147; x_wconf 80' lang='lat' dir='ltr'><strong>est</strong></span> <span class='ocrx_word' id='word_1_816' title='bbox 3458 5095 3754 5149; x_wconf 78' lang='lat' dir='ltr'><strong>Christus?</strong></span> 
     </span>
    </p>
   </div>
  </div>
