4064 5394
319 170 456 227 “05

976 174 1339 231 ADVERSUS
1376 172 1781 243 SIMONIACOS
1818 175 1994 230 LIBRI
2033 176 2511 255 TRES.-LIBER
2545 175 2930 233 SECUNDUS.

3428 173 3565 229 ιιοϐ

316 285 569 349 christos,
604 300 702 340 nec
724 302 822 342 nos
850 285 991 349 illus,
1013 287 1138 356 quia
1161 295 1215 341 et
1242 302 1341 341 nos
1366 262 1684 341 confitemur
1702 278 1757 339 et
1786 285 1879 339 illi.
1913 290 1959 347 Α
1986 288 2186 343 ciosius
2235 287 2549 342 incumbant
2593 286 2721 341 ovili
2772 283 2973 342 Christi
3002 324 3017 350 ,
3075 282 3356 339 lacteolam
3409 297 3563 340 ovem

318 373 375 425 Si
405 387 535 442 ergo
565 387 664 428 nec
695 373 769 428 illi
800 391 900 429 nos
933 375 1147 440 dicunt,
1178 391 1279 431 nec
1320 390 1419 429 nos
1451 374 1568 429 illos
1588 414 1603 440 ,
1634 390 1762 446 ergo
1793 390 1892 430 nec

317 461 394 515 illi
419 477 450 515 a
484 461 643 517 nobis
672 464 948 528 exierunt,
977 480 1079 520 nec
1105 479 1202 520 nos
1228 466 1296 519 ab
1328 464 1454 519 illis.
1489 463 1545 519 Si
1575 478 1704 535 ergo
1727 478 1834 518 non
1860 480 1891 518 a

318 553 471 607 nobis
496 552 776 616 exierunt,
817 554 869 608 in
897 555 1108 612 unitate
1145 570 1347 611 sumus.
1391 553 1447 609 Si
1477 554 1529 608 in
1567 556 1773 609 unitate
1802 570 1894 610 su-

319 657 472 705 mus,
497 641 626 709 quid
653 640 855 698 faciunt
881 643 934 697 in
970 645 1072 700 hac
1109 645 1328 700 civitate
1355 644 1461 698 duo
1500 643 1735 698 altaria?
1765 644 1893 714 quid

320 732 522 787 faciunt
555 733 741 789 divisa:
782 734 1011 800 domus,
1049 737 1223 793 divisa
1261 737 1553 806 conjugia?
1592 736 1731 803 Quid
1769 737 1894 793 facit

318 817 620 877 communis
663 823 833 879 Icelus
860 835 914 881 et
955 827 1159 882 divisus
1186 827 1467 882 Christus?
1497 828 1763 883 Admonet
1798 844 1895 884 nos

316 912 517 967 veritas
551 913 707 968 fateri
738 914 881 983 quod
905 929 1088 971 verum
1121 925 1219 975 est,
1250 926 1345 971 aut
1377 916 1473 984 ipsi
1507 932 1537 970 a
1567 916 1719 971 nobis
1744 918 1892 973 exie-

320 1015 479 1069 runt,
514 1013 608 1057 aut
644 1020 742 1060 nos
779 1006 847 1061 ab
883 1005 1047 1076 ipsis,
1083 1007 1180 1062 sed
1216 1007 1360 1060 absit
1393 1014 1451 1062 ut
1485 1014 1585 1061 nos
1619 1007 1688 1061 ab
1726 1006 1891 1075 ipsis!

317 1091 592 1149 Habemus
630 1095 771 1149 enim
805 1103 1184 1151 testamentum
1218 1095 1511 1149 Dominica:
1541 1096 1890 1151 haereditatis.

319 1180 652 1246 ltecttemus,
680 1195 733 1237 et
755 1184 827 1239 ibi
850 1200 949 1239 nos
969 1184 1305 1241 inveniamus
1329 1199 1345 1238 :
1373 1203 1389 1236 ι
1421 1184 1685 1276 υςώςλιίιιί
1709 1196 1896 1256 gentes

324 1276 690 1331 hwreditalem
732 1287 910 1341 tuam,
957 1284 1011 1332 et
1045 1277 1434 1345 posmssionem
1465 1286 1610 1331 tuam
1642 1278 1898 1333 terminos

318 1374 478 1420 terra:
510 1365 685 1435 (Paul.
711 1382 770 1431 ιι,
805 1365 881 1437 8).
918 1386 935 1416 ι
970 1366 1235 1422 Tenemus
1263 1366 1628 1423 ham-ditatem
1658 1366 1894 1434 Christi,

318 1455 395 1508 illi
419 1465 600 1507 autem
627 1469 732 1507 non
764 1463 962 1508 tenent.
1000 1453 1110 1510 Nec
1135 1456 1539 1510 communicant
1564 1456 1683 1511 orbi
1721 1465 1897 1511 terra-

319 1561 459 1610 rum,
490 1562 594 1601 non
633 1546 1039 1601 communicant
1066 1546 1404 1601 universitati
1447 1548 1737 1619 redempta:
1777 1562 1901 1603 sau-

317 1639 479 1709 gttine
505 1638 735 1692 Domini.
773 1658 791 1691 ι

393 1728 458 1782 Et
483 1737 598 1796 post
627 1744 799 1797 pauca
831 1746 844 1782 :
878 1749 894 1780 ι
930 1725 987 1784 Si
1018 1745 1148 1801 ergo
1170 1745 1233 1784 ex
1267 1729 1423 1784 nobis
1446 1729 1714 1794 exierunt,
1744 1729 1895 1785 Anti.

318 1819 505 1872 ειη-ἰειί
541 1828 685 1875 sunt.
718 1818 776 1874 Si
802 1817 1123 1875 Antichristi
1155 1828 1311 1883 sunt,
1348 1819 1637 1873 mendaces
1663 1827 1805 1872 sunt.
1839 1816 1897 1871 Si

320 1909 608 1964 mendaces
634 1917 776 1974 sunt,
813 1919 1011 1979 negant
1035 1910 1220 1965 losum
1258 1910 1552 1963 Christmn.
1582 1909 1781 1962 ltcrmn
1815 1922 1897 1962 re-

318 1998 400 2066 di_t
437 1998 501 2051 ad
533 1997 899 2053 diﬂicultatent
926 2000 1263 2068 qttmstionis.
1305 1997 1554 2067 Singulos
1586 1998 1851 2069 interroga
1880 2038 1895 2063 ,

316 2087 642 2142 confitentur
675 2087 858 2143 Jesum
896 2104 1015 2145 esse
1049 2090 1342 2144 Christum.
1382 2088 1634 2143 Coarctat
1664 2104 1759 2143 nos
1797 2106 1895 2141 an-

320 2186 510 2246 gustus
536 2177 841 2233 intellectus
869 2179 922 2234 in
949 2180 1049 2235 hac
1070 2178 1325 2250 Epistola.
1356 2177 1560 2233 Videtis
1583 2188 1728 2243 certe
1754 2192 1899 2248 quae—

316 2268 571 2323 stionem.
603 2254 733 2323 Haae
758 2270 986 2337 qumstio
1017 2279 1071 2325 et
1101 2286 1198 2325 nos
1227 2279 1280 2323 et
1312 2269 1454 2339 ipsos
1483 2269 1680 2329 turbat,
1713 2268 1759 2320 si
1793 2283 1896 2320 non

320 2357 673 2428 intelligatur.
700 2359 805 2412 Aut
834 2375 931 2413 nos
962 2375 1147 2413 sumus
1171 2358 1524 2421 Antichristi;
1554 2366 1647 2411 aut
1676 2356 1747 2409 illi
1774 2366 1900 2410 sunt

320 2446 660 2502 Antichristi.
680 2449 786 2502 Sed
808 2449 1107 2519 designavit
1126 2450 1237 2502 haec
1258 2447 1491 2517 Epistola
1514 2447 1895 2501 Antichristus.

321 2538 639 2607 Quicunque
678 2549 836 2609 negat
863 2541 1005 2609 quod
1036 2539 1207 2620 Jesns’
1222 2554 1326 2593 non
1359 2538 1428 2592 sit
1472 2536 1746 2601 Christus,
1787 2536 1900 2605 ipse

320 2637 405 2680 est
432 2627 812 2682 Antichristus.
841 2628 959 2683 Jan)
991 2643 1118 2699 ergo
1146 2644 1451 2697 qnazramtts
1480 2627 1601 2697 quis
1644 2637 1819 2697 neget,
1846 2636 1900 2680 et

322 2732 429 2770 nun
460 2718 804 2771 attendamus
840 2720 909 2772 ad
947 2719 1216 2787 linguam,
1248 2718 1338 2772 sed
1379 2717 1444 2771 ad
1476 2716 1637 2771 facta.
1668 2716 1723 2771 Si
1756 2718 1898 2771 enim

320 2824 510 2864 attines
542 2809 965 2881 interrogentur,
990 2826 1179 2867 omnes
1210 2827 1314 2866 uno
1345 2827 1437 2866 ore
1467 2811 1787 2866 confitentur
1811 2807 1900 2863 Je-

321 2914 440 2954 sum
463 2913 585 2954 esse
605 2900 899 2957 Christum.
924 2903 1174 2970 Quiescat
1204 2902 1477 2972 paululum
1510 2901 1710 2973 lingua,
1735 2901 1898 2955 vitam

322 2992 613 3064 interroga.
647 2994 703 3048 Si
730 2995 1089 3050 invenerimus
1118 2996 1244 3059 hoc,
1278 2996 1322 3049 si
1357 2995 1468 3063 ipsa
1498 2993 1776 3061 Scriptura
1807 3008 1900 3046 no-

326 3082 409 3138 bis
444 3084 642 3139 dixerit
668 3088 793 3155 quia
833 3088 1043 3157 negatio
1079 3102 1184 3142 non
1218 3097 1422 3143 mutum
1464 3087 1644 3157 lingua
1689 3085 1776 3150 fit,
1806 3084 1900 3138 sed

322 3182 376 3229 et
404 3174 582 3241 factis,
619 3187 764 3232 certe
804 3177 1104 3233 invenimus
1145 3177 1340 3233 multos
1372 3176 1736 3231 Antichristos
1760 3215 1775 3240 ,
1808 3174 1899 3244 qui

321 3281 417 3320 ore
446 3268 768 3336 proiitentur
792 3269 1098 3333 Christum,
1136 3277 1191 3323 et
1231 3268 1472 3323 moribus
1513 3265 1841 3321 dissentiunt
1869 3281 1898 3318 a

322 3354 557 3410 Christo.
591 3354 690 3411 Ubi
731 3357 1035 3413 invenimus
1066 3359 1203 3413 hoc?
1231 3358 1288 3412 In
1333 3355 1634 3426 Scriptura.
1676 3354 1899 3410 Paulum

324 3446 618 3518 interroga,
645 3455 701 3500 et
729 3448 884 3513 andi;
921 3449 987 3502 de
1029 3448 1224 3503 talibus
1255 3463 1376 3502 cum
1414 3447 1746 3517 loqueretur,
1783 3444 1896 3499 ait:

330 3555 347 3587 ι
380 3537 716 3592 Conﬁtentur
753 3553 813 3594 se
842 3553 1001 3594 nosse
1046 3537 1248 3603 Deum,
1288 3537 1447 3593 factis
1478 3546 1657 3592 autem
1702 3544 1903 3604 negant

328 3625 457 3696 (Tit.
488 3642 531 3690 ι,
559 3626 669 3698 16).
702 3648 721 3680 ι
761 3628 1067 3683 invenimus
1091 3638 1145 3681 et
1175 3629 1307 3683 istos
1335 3628 1717 3682 Antichristos.
1746 3626 1899 3693 Quis-

325 3718 448 3785 quis
475 3715 632 3772 l'actis
655 3729 812 3788 negat
835 3719 1132 3784 Christum,
1162 3717 1525 3773 Antichristus
1547 3727 1648 3773 est.
1673 3716 1787 3773 Non
1814 3732 1901 3770 au-

316 3804 415 3862 dio
434 3808 561 3878 quid
581 3817 754 3872 sonet,
779 3810 872 3864 sed
890 3810 1041 3863 video
1061 3808 1188 3879 quid
1203 3807 1378 3876 juvat.
1396 3807 1569 3877 Opera
1587 3806 1898 3877 loquuntur,

325 3908 380 3952 et
405 3901 565 3954 verba
594 3901 935 3972 requirimus.
975 3919 993 3951 ι
1035 3900 1357 3971 Hypocriue,
1383 3899 1650 3970 quomodo
1678 3897 1901 3968 potestis

327 3989 466 4043 bona
483 3990 626 4061 loqui
650 4006 771 4045 cum
793 3991 914 4045 sitis
936 3990 1057 4044 mali
1081 3989 1295 4055 (Matth.
1320 4005 1419 4054 xu,
1442 3989 1530 4059 5i)
1549 3988 1571 4041 ?
1589 4008 1606 4038 ι
1628 3987 1795 4042 Voces
1814 4002 1903 4039 ve-

325 4090 468 4135 stras
493 4080 559 4135 ad
583 4096 740 4135 aures
770 4096 918 4135 meas
942 4078 1166 4144 aﬂ‘ertis,
1192 4094 1289 4149 ego
1313 4078 1668 4146 cogitationes
1694 4083 1902 4129 vestras

328 4170 578 4240 inspicio.
591 4170 932 4227 Volnntatem
958 4171 1151 4225 malam
1167 4171 1238 4224 ibi
1263 4170 1433 4230 video,
1448 4178 1502 4223 et
1523 4167 1681 4221 falsos
1696 4165 1719 4220 f
1720 4174 1901 4221 ructus

1991 378 2234 443 mentiti,
2283 379 2408 431 dum
2450 377 2503 431 in
2550 377 2905 433 sacramentis
2954 375 3273 438 catholicas.
3321 376 3588 432 velutin.
3664 420 3683 435 ι

1992 465 2334 520 vestimentis
2359 464 2570 531 ovium,
2602 481 2707 520 non
2737 474 2953 521 cessant
2983 464 3264 520 catholicis
3289 464 3565 529 insidiari,

1991 567 2048 611 et
2074 555 2239 611 cruda
2269 571 2365 626 per
2390 555 2617 627 agninos
2637 565 2896 609 exercent
2923 554 3108 610 funera
3139 555 3325 610 rictus.
3358 555 3583 625 Quique

1993 645 2241 717 exemplo
2274 646 2510 700 auctoris
2541 646 2622 701 sui
2666 644 2844 709 ludar,
2877 645 3025 714 pacis
3056 645 3138 700 vel
3186 645 3352 700 osculi
3392 647 3564 717 signo,

1993 739 2092 792 sub
2119 738 2277 792 unius
2302 736 2692 792 eumntunionis
2717 736 2963 809 symbolo
2990 736 3337 801 meditantur,
3369 747 3424 792 et
3449 753 3570 807 per-

1994 836 2125 892 gunt
2163 833 2310 880 tanto
2357 826 2755 881 numerosiores
2792 824 3127 896 proditiones
3154 834 3209 880 et
3247 835 3458 896 strages
3502 842 3572 881 ex

1996 906 2266 979 Ecclesia,
2308 922 2508 984 quanto
2542 914 2802 969 occultior
2841 931 2899 969 se
2935 922 3220 969 conservat
3250 928 3435 968 eorum
3473 930 3571 969 nc-

1994 1002 2183 1072 quitia.
2212 1000 2346 1056 Nam
2378 1003 2519 1057 velut
2550 1006 2729 1060 sicarii
2760 1020 2817 1060 se
2851 1005 3027 1060 socios
3058 1004 3264 1059 itineris
3299 1006 3575 1060 mentiun—

1998 1101 2104 1161 tur,
2148 1102 2203 1149 et
2241 1104 2462 1164 repente
2497 1096 2606 1150 sica
2650 1111 2712 1151 ex
2756 1096 2929 1151 oculis
2967 1096 3158 1150 educta
3207 1095 3452 1152 incautos
3498 1096 3579 1151 nil

1998 1184 2103 1239 tale
2144 1184 2477 1254 suSpicantes
2522 1184 2663 1240 inter
2700 1185 2902 1240 amicas
2950 1185 3408 1240 confabulationes
3447 1187 3572 1240 ado-

1999 1275 2229 1340 riuntur,
2260 1273 2402 1327 docti
2438 1290 2535 1344 per
2564 1290 2749 1345 pacem
2800 1274 2976 1330 facere
3021 1274 3246 1341 bellum;
3287 1291 3447 1347 pares
3474 1276 3577 1332 im—

2000 1362 2211 1415 mundis
2239 1359 2572 1429 Manirhzcis,
2603 1364 2693 1433 qui
2733 1379 2799 1418 ne
2829 1365 3371 1434 deprehenderentur,
3410 1367 3576 1421 etiam

1999 1453 2387 1508 catholicorum
2415 1455 2850 1509 communionem
2877 1471 2972 1511 ore
2997 1456 3258 1527 sacrilego
3282 1471 3575 1525 pratsume-

2001 1543 2129 1596 bant
2159 1561 2173 1596 :
2202 1543 2291 1613 qui
2326 1552 2502 1597 tamen
2546 1544 2597 1598 in
2651 1545 2751 1598 hoc
2787 1544 3055 1598 interdum
3104 1545 3580 1613 deprchendeban-

1922 1617 1968 1676 Β
2002 1642 2107 1697 tur,
2138 1634 2277 1703 quod
2321 1633 2567 1688 abstemii
2604 1649 2631 1687 a
2678 1635 2800 1688 vino
2839 1633 3117 1705 sanguinis
3150 1634 3385 1701 Christi,
3415 1649 3578 1705 quem

1999 1726 2051 1781 in
2087 1725 2454 1782 remissionem
2489 1735 2829 1797 peccatorum
2862 1725 3088 1781 ellusum
3120 1741 3226 1780 non
3253 1726 3578 1791 credebant,

1998 1832 2054 1869 se
2081 1816 2491 1870 subtrahebant.
2527 1814 2618 1869 Sic
2648 1824 2700 1870 et
2740 1815 2870 1870 istos
2901 1815 3252 1869 nihilominus
3282 1814 3581 1883 deprehen-

1998 1906 2123 1959 dere
2152 1905 2457 1972 nequimus.
2493 1904 2593 1958 nisi
2625 1904 2710 1957 ubi
2756 1919 2849 1958 eos
2880 1903 3114 1976 Spiritus
3144 1902 3314 1959 sancti
3346 1905 3574 1981 gratiam

1997 1994 2231 2046 vendere
2278 1994 2463 2047 conari
2505 1994 2866 2064 comperimus
2893 2035 2907 2059 ,
2949 1994 3043 2048 sed
3088 1993 3481 2065 quantumlibet
3520 2006 3580 2047 se

1997 2080 2270 2136 occultant
2312 2090 2365 2137 et
2404 2081 2640 2155 tingunt,
2673 2084 2740 2138 ab
2773 2083 3009 2138 Ecclesia
3043 2092 3222 2138 tamen
3258 2098 3378 2137 cum
3409 2080 3583 2136 Mani-

1998 2172 2165 2226 chteis
2186 2180 2240 2226 et
2264 2171 2385 2226 aliis
2411 2172 2700 2237 haereticis,
2729 2172 2870 2228 sicut
2893 2188 3017 2228 vere
3040 2172 3301 2237 haeretici,
3331 2181 3385 2225 et
3406 2171 3582 2240 primo

1998 2263 2239 2317 omnium
2268 2264 2713 2319 anathematizati
2741 2272 2796 2319 et
2823 2264 3047 2319 abscissi
3070 2304 3084 2329 ,
3124 2264 3237 2319 sive
3269 2263 3403 2318 falso
3437 2263 3582 2317 intus

2000 2358 2126 2419 sint,
2155 2359 2267 2413 sive
2291 2371 2415 2412 vere
2438 2354 2569 2411 foris
2590 2358 2716 2421 sint,
2743 2355 3062 2411 Antichristi
3088 2365 3233 2411 sunt.
3257 2353 3368 2410 Nec
3391 2355 3582 2425 quales

2000 2449 2315 2505 Antichristi
2359 2460 2484 2505 sunt
2524 2450 2691 2520 aliqui
2740 2465 2808 2504 ex
2834 2447 3115 2504 catholicis
3142 2488 3156 2512 ,
3196 2447 3286 2517 qui
3317 2447 3580 2503 contrarii

2000 2539 2177 2594 adhuc
2222 2548 2346 2593 sunt
2395 2539 2611 2596 Christo
2657 2540 2725 2594 ad
2768 2539 3076 2594 Christiane
3114 2538 3441 2604 vivendum,
3493 2538 3581 2595 cui

2002 2639 2180 2684 tamen
2211 2630 2539 2685 concordant
2568 2631 2632 2686 ad
2662 2626 2966 2685 Christiane
2997 2628 3339 2685 credendum.
3368 2629 3460 2684 Isti
3486 2643 3585 2684 an-

2003 2728 2108 2773 tem
2145 2721 2430 2790 utrobique
2459 2720 2776 2776 Antichristi
2814 2733 2938 2775 sunt
2962 2760 2977 2786 ,
3017 2720 3140 2790 quia
3181 2721 3441 2776 contrarii
3474 2718 3591 2777 sibi

2000 2819 2127 2863 sunt
2156 2825 2222 2864 ex
2249 2825 2502 2880 perversa
2529 2810 2865 2878 credulitate,
2891 2818 2945 2864 et
2966 2826 3032 2864 ex
3057 2826 3218 2880 prava
3243 2808 3583 2881 Operatione.

2001 2915 2121 2968 qua:
2159 2900 2321 2953 etiam
2354 2899 2396 2953 si
2429 2900 2565 2954 bona
2599 2900 2859 2965 videatur,
2903 2900 2974 2954 nil
3016 2900 3116 2955 nisi
3152 2910 3431 2970 peccatum
3462 2910 3580 2967 est,

2002 2989 2126 3057 quia
2172 2989 2287 3043 sine
2325 2987 2428 3043 ﬁde
2475 2998 2577 3043 est.
2620 2988 2662 3041 A
2714 3002 2941 3057 quorum
2988 2988 3434 3059 tergiversatione
3474 3003 3583 3060 quo

2001 3083 2370 3135 discet-namus
2392 3080 2482 3135 tali
2506 3081 2820 3135 charactere
2843 3081 3012 3135 nostri
3040 3080 3383 3151 insignimur,
3410 3099 3429 3133 ι
3459 3095 3586 3152 gra-

2003 3172 2070 3226 tis
2101 3172 2403 3239 accepistis,
2436 3172 2603 3240 gratis
2632 3170 2753 3224 date
2783 3168 2994 3239 (Matth.
3031 3185 3088 3233 x,
3113 3167 3188 3239 8).
3233 3188 3249 3219 ι
3450 3162 3458 3169 ’

2543 3279 2768 3336 CAPle
2808 3279 3042 3335 XXVIII.

2001 3392 2134 3447 Item
2166 3396 2322 3464 cujus
2350 3410 2543 3462 supra,
2575 3394 2639 3448 de
2662 3410 2722 3447 eo
2748 3394 2887 3464 quod
2916 3394 3149 3448 Ita’t'elt'ci
3177 3393 3431 3460 Spiritum
3458 3410 3584 3450 san-

2070 3476 2210 3585 itubm
2262 3481 2363 3517 non
2411 3464 2597 3518 habent
2629 3504 2643 3531 ,
2693 3463 2925 3533 qtt’amvis
2977 3463 3199 3518 risibilia
3251 3474 3580 3539 sacramenta

2089 3551 2137 3585 ta
2174 3546 2292 3586 eant

2089 3550 2269 3587 tauean

2073 3622 2181 3677 Sed
2222 3623 2396 3677 adlmc
2438 3622 2615 3693 aliqua
2658 3623 2825 3693 ipsius
2870 3624 3109 3678 doctoris
3149 3622 3291 3677 dicta
3334 3625 3584 3679 attenda-

2002 3727 2167 3767 mus:
2208 3729 2226 3762 ι
2261 3710 2639 3774 Dilectissimi,
2677 3712 2842 3765 nolite
2883 3713 3028 3765 omni
3070 3710 3279 3781 spiritui
3325 3712 3581 3779 credere,

2000 3803 2094 3857 sed
2125 3803 2344 3872 probate
2373 3801 2612 3871 spiritus,
2636 3802 2678 3855 si
2708 3816 2763 3855 ca
2801 3803 2910 3855 Deo
2932 3812 3057 3856 sunt
3079 3801 3130 3872 (I
3153 3802 3311 3857 Joan.
3347 3819 3420 3871 tv,
3450 3805 3523 3875 l).
3554 3824 3577 3858 ι

2002 3890 2068 3945 Et
2094 3892 2215 3961 quis
2241 3899 2325 3945 est
2353 3892 2442 3959 qui
2469 3890 2661 3960 probat
2691 3890 2944 3959 spiritus?
2970 3891 3247 3948 Dillicilem
3287 3910 3399 3950 rem
3425 3897 3582 3952 nobis

2001 3982 2308 4052 proposuit,
2352 3980 2549 4035 fratres
2592 3981 2718 4035 mei.
2765 3981 2970 4036 Bonum
3014 3991 3100 4037 est
3134 3985 3288 4040 nobis
3328 3996 3387 4042 ut
3434 3988 3581 4042 dicat

2002 4070 2115 4140 ipse
2145 4069 2285 4124 unde
2314 4070 2707 4124 discernamus.
2734 4069 2983 4126 Dicturus
3011 4082 3112 4138 est,
3145 4089 3211 4128 ne
3239 4072 3577 4147 formidetis;

2002 4159 2094 4213 sed
2136 4159 2307 4229 primo
2356 4159 2556 4225 videte,
2612 4159 2891 4215 attendite.
2935 4162 3123 4218 Videte
3169 4163 3292 4220 hine
3346 4169 3579 4237 exprimi

325 4260 632 4315 ostenditis.
663 4261 795 4315 Novi
825 4260 951 4329 quid
982 4261 1106 4315 inde
1139 4259 1431 4327 colligam?
1464 4257 1578 4312 Non
1615 4256 1805 4327 colligo
1836 4255 1902 4309 de
1934 4282 1980 4339 ί)
2006 4249 2134 4304 illud
2173 4251 2315 4305 unde
2353 4249 2474 4304 vani
2519 4250 2758 4305 harretici
2802 4252 3219 4309 calumniantur.
3268 4255 3578 4324 Attendite,

328 4350 541 4406 tribulis
562 4350 715 4411 ﬁcus.
748 4366 853 4404 non
881 4350 1072 4421 colligo
1094 4349 1161 4405 de
1186 4350 1356 4421 spinis
1380 4363 1529 4402 uvas.
1557 4346 1904 4417 Unaquaeque

330 4441 493 4496 arbor
528 4456 595 4496 ex
632 4440 899 4495 fructibus
938 4441 1303 4512 cognoscitur.
1344 4439 1511 4509 Magis
1553 4438 1782 4492 mendax
1821 4442 1905 4489 est

330 4535 699 4589 Antichristus
719 4536 809 4603 qui
833 4550 925 4589 ore
951 4534 1233 4604 proﬁtetur
1255 4531 1438 4588 Jesum
1464 4545 1583 4585 esse
1605 4529 1901 4592 Christum,

333 4632 387 4677 ct
427 4623 585 4678 factis
623 4633 802 4694 negat.
845 4623 967 4679 ideo
1014 4622 1268 4685 mendax,
1306 4620 1431 4689 quia
1462 4618 1604 4671 aliud
1647 4617 1903 4685 loquitur,

333 4713 478 4769 aliud
508 4713 637 4786 agit.
672 4734 693 4767 ι

2006 4342 2184 4397 videte
2211 4342 2341 4413 quid
2380 4343 2493 4397 ait:
2531 4360 2549 4395 ι
2583 4342 2946 4409 Dilectissimi,
2979 4346 3142 4401 nolite
3177 4350 3320 4401 onmi
3366 4349 3581 4417 Spiritui

2006 4436 2254 4497 credere,
2308 4435 2401 4490 sed
2438 4436 2662 4504 probate
2716 4436 2973 4506 spiritus,
3012 4437 3056 4491 si
3100 4452 3164 4491 ex
3214 4438 3321 4491 Deo
3366 4449 3513 4493 sunt.
3555 4461 3574 4493 ι

2006 4523 2240 4592 Spiritus
2287 4533 2505 4577 sanctus
2556 4524 2773 4578 nomine
2831 4538 2985 4593 aqua:
3037 4524 3334 4592 appellatus
3383 4536 3467 4580 est
3527 4529 3583 4584 in

2008 4613 2328 4685 Evangelia,
2360 4611 2588 4667 Domino
2616 4613 2915 4675 clamante.
2948 4621 3000 4665 et
3029 4612 3241 4668 dicente
3273 4629 3287 4666 :
3323 4633 3341 4666 α
3374 4615 3431 4670 Si
3460 4622 3593 4686 quis

2008 4706 2139 4769 sitit,
2167 4704 2350 4758 veniat
2378 4702 2444 4754 ad
2489 4718 2573 4756 me
2599 4712 2655 4759 et
2693 4702 2862 4757 bibat.
2888 4701 2991 4768 Qui
3030 4703 3201 4758 credit
3242 4703 3295 4759 in
3325 4719 3411 4759 me
3433 4746 3448 4771 ,
3487 4712 3601 4771 tiu.

402 4804 482 4861 Ex
512 4806 711 4876 quibus
738 4805 868 4858 tanti
902 4803 1136 4858 doctoris
1162 4800 1341 4860 vct’bis
1381 4815 1447 4855 ne
1488 4798 1781 4854 Simoniaci
1809 4811 1908 4852 nos

334 4900 674 4969 impudenter
707 4907 969 4967 urgeant,
1008 4905 1061 4950 et
1088 4908 1144 4948 se
1178 4897 1256 4952 sic
1285 4891 1567 4949 nobiseum
1610 4893 1664 4946 in
1704 4891 1909 4945 unitate

331 4995 596 5052 Catholica
623 4992 819 5062 degere
845 4997 1195 5061 praesumant,
1220 4989 1348 5062 quia
1375 4999 1537 5037 unum
1562 4984 1731 5040 altare
1754 4983 1909 5040 nobis

332 5096 387 5142 et
415 5085 517 5141 illis
542 5091 649 5145 est,
677 5092 730 5135 et
763 5098 879 5137 una:
923 5078 1134 5147 nuptiae,
1167 5097 1264 5136 nec
1296 5078 1351 5130 in
1401 5073 1577 5142 aliqua
1624 5090 1912 5132 conversa-

334 5176 476 5231 tione
501 5191 532 5229 a
563 5172 715 5228 nobis
745 5169 1159 5242 comprobantur
1192 5167 1489 5226 dissidere,
1519 5168 1767 5222 noverint
1807 5167 1910 5220 hoc

330 5275 527 5320 nostra;
571 5263 943 5331 imputandum
984 5259 1336 5326 ignorantiae,
1390 5262 1483 5306 ειιιι
1531 5255 1906 5326 negligentiae.

329 5370 544 5394 ωιεοηηρ
576 5350 945 5394 [rnildnlpnlim
970 5357 1127 5394 altum
1152 5342 1523 5394 imnmlelllitlt.
1554 5344 1652 5394 nui
1677 5362 1797 5394 eum
1828 5358 1910 5394 re-

2009 4798 2152 4851 iniua
2172 4794 2237 4849 de
2259 4801 2447 4848 ventre
2467 4791 2582 4862 ejus
2601 4792 2767 4850 liuent
2784 4809 2939 4865 aqua:
2955 4793 3091 4848 vivae
3107 4794 3290 4867 (Juan.
3313 4810 3410 4861 vn,
3434 4797 3571 4876 38);
3585 4836 3635 4870 ,,

2009 4885 2137 4957 quid
2163 4892 2246 4939 est
2270 4881 2366 4936 illa
2391 4881 2565 4948 aqua?
2591 4881 2760 4937 Nemo
2786 4898 2871 4937 me
2896 4884 3213 4955 interroget.
3237 4884 3627 4963 Evangelium

2012 4980 2284 5046 interroga
2320 4988 2335 5025 :
2373 4989 2391 5022 ι
2426 4970 2539 5027 Hoc
2567 4974 2800 5039 dicebat,
2832 4974 2937 5037 ait,
2980 4972 3044 5027 de
3074 4973 3277 5045 Spiritu
3308 4991 3467 5046 quem
3511 5002 3635 5052 ac,

2009 5067 2213 5136 cepturi
2235 5068 2416 5123 erant,
2437 5061 2530 5129 qui
2553 5062 2605 5116 in
2627 5078 2748 5118 eum
2770 5070 2928 5117 erant
2950 5061 3207 5118 credituri
3230 5062 3420 5134 (lbid.,
3437 5066 3583 5146 39),
3609 5106 3631 5140 ,

2011 5157 2167 5214 Aliud
2196 5162 2279 5210 est
2326 5165 2456 5219 ergo
2486 5150 3012 5221 aquavsacramenti,
3051 5151 3196 5209 aliud
3236 5169 3376 5225 aqua
3419 5154 3643 5227 Spiri-

2011 5259 2117 5304 tus.
2148 5245 2303 5314 Aqua
2330 5242 2655 5298 sacramenti
2683 5242 2908 5297 visibilis
2934 5249 3037 5295 est.
3064 5242 3218 5315 qua
3248 5244 3482 5316 Spiritus
3517 5252 3643 5315 ξε),

2012 5339 2242 5394 visibilis
2290 5340 2395 5389 est.
2434 5333 2537 5388 Ista
2578 5335 2747 5391 abluit
2788 5349 3011 5394 corpus.
3050 5346 3107 5390 et
3152 5338 3415 5394 signiticet
3448 5352 3675 5394 eumi-
