4064 5394
538 375 565 431 ‘l
577 374 675 431 107

1599 372 1955 432 ΗυΜΒΕΒΤΙ
2000 380 2057 434 S.
2123 380 2189 437 ll.
2233 381 2297 437 Ε.
2352 384 2764 445 CARDINALIS

3660 398 3808 460 {I08

532 511 733 565 habere
762 511 1033 579 bzerctici,
1074 519 1127 567 et
1153 514 1459 583 quicuan
1499 520 1558 561 se
1593 508 1660 564 ab
1702 508 1941 565 Ecclesia
1974 528 2105 583 prte-

2213 506 2267 552 et'
2317 510 2473 555 erunt
2511 502 2627 583 vagi
2676 505 2730 558 in
2782 505 3085 561 natiOnibus
3137 501 3282 579 (0w.
3325 525 3411 573 ix,
3462 508 3561 574 l5,
3617 515 3738 582 17).
3779 537 3801 569 ι

535 601 822 665 scindunt,
857 620 876 652 ι
911 612 1014 656 ctc.
1046 602 1107 657 ln‘
1142 619 1246 675 qua
1276 604 1526 659 catholici
1570 597 1806 661 doctoris
1846 601 2109 659 catholica

532 691 798 745 sententia
847 702 1033 761 aperte
1084 703 1446 761 monstratur,
1498 696 1727 752 visibilia
1778 702 1984 759 ramum
2024 711 2109 751 sa-

527 797 805 845 cramenta
837 790 953 844 sine
991 789 1168 860 aliqua
1207 791 1465 848 invisibili
1501 794 1947 864 sanctificatione,
1989 805 2110 866 sua!

506 882 714 950 ‘procul
743 882 907 937 dubio
942 882 1173 953 Spiritus
1198 879 1426 941 sanctus
1451 897 1564 951 est,
1594 886 1864 943 haereticis
1895 906 2108 945 reman-

502 971 686 1025 sisse.
730 970 883 1027 Unde
926 974 1083 1042 panis
1113 973 1341 1029 visibilis
1372 977 1701 1031 sacramenti
1739 981 2106 1035 tantummodo

526 1061 607 1116 eis
640 1061 813 1127 adest,
847 1062 941 1117 sed
980 1062 1264 1118 invisibilis
1294 1066 1449 1133 panis
1480 1066 1714 1134 Spiritus
1751 1067 1922 1121 abest.
1952 1068 2105 1135 Quod

504 1149 879 1206 nihilominus
920 1153 986 1207 de
1015 1169 1155 1224 aqua
1184 1155 1557 1224 baptismatis,
1595 1158 1662 1211 de
1701 1159 1953 1214 unctione
1980 1176 2107 1215 san-

484 1237 915 1307 "ctillcationis,
961 1252 1015 1298 et
1063 1246 1273 1300 caeteris
1324 1246 1703 1302 ecclesiasticis
1752 1250 2106 1306 sacramentis

525 1334 852 1389 credendum
898 1344 999 1389 est.
1051 1336 1113 1391 Et
1149 1352 1183 1392 ο
1232 1339 1436 1392 utinam
1484 1338 1598 1408 ipsa
1646 1340 1876 1395 visibilia
1925 1356 2106 1396 sacra-

527 1432 709 1476 menta
738 1434 1122 1481 remansrssent
1145 1440 1222 1482 eis
1249 1443 1403 1497 pura,
1432 1428 1568 1482 sicut
1599 1428 1871 1494 videntur,
1901 1438 1955 1485 et
1978 1432 2107 1486 sim-

525 1509 685 1580 plicia
710 1553 724 1576 ,
771 1520 827 1565 et
859 1512 910 1567 in
938 1528 1034 1567 sua
1068 1523 1276 1569 tantum
1309 1525 1533 1582 natura,
1567 1525 1623 1570 et
1651 1533 1758 1572 non
1792 1518 1992 1573 inesset
2025 1519 2107 1576 eis

525 1601 752 1670 pollutio
779 1602 957 1673 aliqua
972 1619 997 1669 ;_
1019 1604 1112 1660 sed
1140 1606 1282 1675 quod
1321 1607 1495 1678 pejus,
1522 1607 1677 1677 panis
1708 1607 2023 1676 pollutionis
2051 1617 2107 1665 et

527 1694 794 1750 mendacii
824 1704 941 1762 est,
971 1704 1025 1751 et
1059 1698 1321 1768 quidquid
1350 1714 1536 1754 eorum
1563 1708 1665 1765 est,
1707 1700 1846 1755 sicut
1871 1699 2106 1769 Spiritus

523 1795 746 1841 sanctus
790 1801 889 1857 per
917 1788 1232 1857 prepbetam
1258 1787 1424 1854 Osee,
1460 1790 1560 1845 sub
1587 1790 1801 1844 nomine
1825 1789 2103 1858 prraim,

2210 590 2381 646 Porro
2409 578 2541 661 quia
2576 593 2854 664 Epitraim,
2883 597 2972 666 qui
3003 608 3058 651 et
3083 578 3247 653 Israel
3274 617 3303 653 a
3333 598 3469 655 Juda
3506 578 3808 671 separatus

2211 682 2584 738 haereticorum
2629 693 2810 759 typum
2852 687 3043 753 tenuit,
3068 697 3123 742 et
3156 687 3320 743 Jndas
3355 691 3759 748 catholicorum
3790 734 3807 760 ,

2209 772 2481 830 discamus
2515 790 2657 831 nunc
2692 778 2878 847 quanti
2913 778 3213 848 pendentur
3255 795 3285 835 a
3319 781 3429 836 Deo
3467 797 3639 851 opera
3680 799 3809 838 am-

2208 863 2422 944 borum.
2478 882 2497 916 ι
2548 863 2714 920 Judas
2747 867 2898 921 testis
2939 869 3215 923 descendit
3257 886 3379 924 cum
3428 870 3705 937 Domino,
3747 884 3810 927 et

2207 969 2331 1013 cum
2355 956 2559 1010 sanctis
2581 956 2753 1012 fidelis
2773 958 2917 1029 (οδε.
2942 975 3019 1024 x1,
3044 959 3151 1029 l2).
3174 979 3194 1014 ι
3215 991 3283 1001 -—
3299 979 3319 1011 ‹
3337 961 3595 1031 Ephraim
3620 966 3809 1033 pascit

2206 1052 2426 1103 ventem
2445 1085 2461 1109 ,
2495 1054 2551 1099 et
2578 1047 2823 1115 sequitur
2848 1059 3061 1102 testam.
3094 1048 3228 1104 Tota
3255 1050 3342 1104 die
3368 1051 3718 1106 mendacium
3747 1063 3811 1106 et

2206 1139 2518 1191 vastitatem
2554 1134 2901 1203 multiplicat,
2927 1147 2981 1191 et
3021 1136 3194 1192 ftedus
3228 1154 3350 1194 cum
3379 1139 3618 1211 Assyriis
3650 1141 3806 1205 iniit,

2205 1239 2261 1285 et
2292 1230 2469 1285 oleum
2501 1231 2553 1285 in
2582 1225 2876 1298 Egyptum
2917 1230 3124 1284 ferebat
3160 1229 3304 1301 (Ose.
3342 1248 3440 1296 ιιι.
3476 1234 3550 1302 1).
3584 1252 3604 1285 ι
3642 1234 3807 1288 scili-

2204 1330 2292 1393 cet
2334 1318 2823 1376 sanctilicationem
2870 1335 3023 1374 suam
3051 1320 3203 1386 ,tvel
3255 1322 3691 1378 miscricordiam
3745 1324 3810 1377 in

2204 1411 2555 1483 pauperesnb
2578 1411 2929 1466 interioribus
2951 1411 3002 1465 in
3031 1410 3329 1467 exteriores
3361 1414 3634 1468 tenebras.
3666 1434 3688 1464 ι
3710 1412 3809 1467 Ju-

2207 1504 2403 1558 dicium
2449 1518 2579 1574 ergo
2614 1501 2827 1557 Domini
2864 1518 2986 1558 cum
3019 1500 3156 1558 Juda
3193 1501 3381 1572 (lbid.,
3418 1502 3496 1573 ἓ),
3527 1520 3549 1554 ι
3587 1503 3807 1557 discre-

2208 1595 2284 1650 tio
2319 1593 2527 1648 scilicet
2558 1600 2614 1647 et
2650 1591 2870 1647 veritas.
2901 1591 2969 1646 Et
3008 1592 3137 1660 quia
3168 1591 3403 1649 lueretici
3443 1601 3498 1646 et
3533 1590 3808 1645 invocant

2206 1684 2581 1751 Dominum,et
2612 1700 2714 1738 non
2736 1683 3249 1749 invocant,dicitur:
3278 1702 3299 1736 ί
3324 1683 3406 1738 Me
3430 1683 3800 1738 invocabant:

2209 1776 2347 1829 Deus
2362 1788 2531 1838 meus,
2555 1771 2926 1843 cognovimus,
2971 1780 3023 1827 te
3047 1770 3209 1827 lsrael
3243 1768 3390 1841 (05c.
3423 1785 3541 1838 Vill,
3562 1771 3645 1841 2),
3678 1789 3699 1822 ι
3725 1800 3803 1810 --

521 1841 829 1942 attestatur,
856 1841 1043 1933 dicens
1071 1896 1087 1933 :
1121 1895 1141 1929 ι
1169 1878 1440 1935 Reversus
1464 1888 1546 1934 est
1574 1880 1827 1950 Ephraim
1859 1841 1913 1935 in
1942 1841 2105 1953 Eg}:

2213 1877 2303 1919 cet
2336 1878 2441 1917 non
2476 1841 2845 1919 clamaverunt
2872 1862 2939 1916 ad
2969 1877 3056 1917 me
3085 1862 3137 1916 in
3172 1861 3333 1917 corde
3350 1876 3470 1929 suo,
3494 1861 3589 1916 sed
3620 1860 3803 1916 ulula-

506 1980 509 1985 '
520 1975 698 2038 ptum,
725 1978 778 2024 et
808 1971 860 2024 in
886 1970 1122 2042 Assyriis
1146 1970 1409 2041 pollutum
1436 1973 1688 2027 comedit.
1717 1971 1834 2027 Non
1864 1972 2107 2028 libabunt

524 2058 713 2112 vinum
759 2058 1027 2127 Domino,
1074 2068 1130 2115 et
1173 2059 1463 2131 placebunt
1505 2060 1560 2117 ei
1606 2060 1874 2116 sacrificia
1917 2076 2105 2115 eorum

521 2150 676 2218 quasi
716 2150 871 2221 panis
913 2150 1232 2223 lugentium.
1281 2144 1482 2208 Omnes
1509 2152 1601 2219 qui
1646 2151 1938 2207 comedunt
1981 2166 2105 2206 eum

522 2243 1057 2309 contaminabuntur,
1090 2243 1216 2313 quia
1250 2244 1405 2312 panis
1430 2258 1614 2298 eorum
1644 2243 1837 2298 anima:
1869 2243 2104 2312 ipsorum

522 2346 630 2387 non
672 2333 895 2387 intrabit
927 2334 979 2387 in
1013 2334 1229 2387 domum
1255 2333 1464 2387 Domini
1495 2330 1641 2402 (Ose.
1670 2348 1747 2397 ιχ,
1784 2332 1896 2401 54).
1928 2331 2107 2387 Facta:

522 2432 650 2478 sunt
678 2425 727 2479 ei
764 2439 872 2480 arte
910 2424 961 2478 in
995 2424 1248 2479 delictum
1274 2464 1301 2491 ,,
1330 2423 1535 2479 hostias
1558 2422 1784 2477 oll‘erent
1811 2463 1828 2488 ,
1857 2423 2106 2477 immola-

523 2514 658 2567 bunt
684 2530 879 2587 carnes
905 2522 960 2569 et
987 2514 1290 2579 comedent,
1323 2514 1579 2570 Dominus
1602 2529 1708 2569 non
1734 2513 1989 2582 suscipiet
2014 2530 2108 2569 eas

524 2603 672 2673 (03c.
709 2620 826 2669 vm,
860 2606 916 2661 ll
943 2645 959 2672 ,
991 2604 1099 2675 l3).
1133 2624 1153 2658 ι
1189 2605 1263 2660 De
1286 2620 1515 2681 quarunt
1544 2605 1860 2659 doctoribus
1894 2604 2108 2674 priami-

522 2695 636 2762 sit,
690 2695 878 2751 dicens
929 2712 943 2749 :
1004 2714 1022 2747 ι
1059 2694 1289 2750 Ventum
1343 2694 1689 2751 seminabunt
1734 2704 1787 2751 et
1840 2696 2106 2750 turbinem

525 2794 753 2841 nictent.
784 2785 1007 2842 Culmus
1050 2794 1237 2853 stans,
1266 2802 1372 2841 non
1409 2788 1487 2842 eis
1516 2803 1736 2857 germen
1762 2829 1777 2854 ,
1809 2802 1914 2842 non
1948 2787 2109 2843 faciet

521 2878 777 2933 farinam.
820 2879 972 2954 Quod
1004 2880 1048 2933 si
1088 2888 1144 2934 et
1186 2879 1411 2945 fecerit,
1457 2879 1619 2933 alieni
1658 2880 1945 2934 comedent
1986 2893 2107 2935 eam

525 2967 674 3038 (οδε.
721 2984 851 3034 vui,
883 2968 959 3040 7).
998 2968 1266 3040 Propheta
1312 2969 1537 3039 laqueus
1588 2969 1758 3024 ruinae
1794 2968 1968 3025 factus
2000 2980 2103 3025 est.

510 3060 700 3130 Super
727 3074 914 3115 omnes
939 3059 1058 3114 vias
1085 3057 1203 3127 ejus
1227 3060 1451 3114 insania.
1476 3059 1532 3113 In
1553 3058 1711 3114 domo
1733 3058 1823 3113 Dei
1848 3058 1963 3129 ejus
1986 3074 2107 3130 pro-

2205 1954 2334 2008 bant
2364 1954 2415 2007 in
2446 1952 2713 2007 cubilibus
2738 1952 2871 2006 suis.
2902 1950 3076 2020 Super
3117 1951 3354 2005 triticum
3379 1959 3434 2005 et
3460 1950 3644 2005 viuum
3697 1965 3800 2005 ru-

2206 2042 2487 2098 minabant
2512 2038 2657 2111 (Ose.
2686 2054 2782 2104 vn,
2812 2038 2924 2110 ll).
2957 2059 2977 2090 ι
3007 2037 3226 2095 Ululare
3252 2053 3381 2108 ergo
3406 2038 3657 2109 luporum
3684 2049 3797 2094 est.

2208 2129 2362 2187 Unde
2397 2139 2622 2201 apparet
2660 2129 2941 2185 haereticos
2981 2145 3086 2184 non
3115 2144 3272 2185 orare
3300 2129 3499 2196 Deum,
3527 2129 3621 2184 sed
3670 2130 3800 2183 ulu-

2207 2221 2338 2278 lare.
2370 2221 2523 2290 Quod
2544 2237 2655 2292 pra:
2683 2220 2802 2277 aliis
2826 2221 3075 2292 congruit
3104 2219 3449 2286 Simoniacis,
3473 2220 3587 2290 qui,
3615 2230 3673 2275 ut
3707 2238 3799 2275 ra-

2208 2328 2367 2385 paces
2388 2324 2439 2368 et
2460 2311 2693 2368 famelici
2715 2313 2856 2382 lupi,
2890 2328 3051 2370 voces
3079 2312 3252 2368 nullas
3279 2312 3346 2367 ad
3370 2311 3535 2367 Deum
3561 2314 3788 2376 habent,

2208 2405 2313 2459 nisi
2348 2414 2402 2457 ut
2435 2412 2640 2472 qamstu
2668 2403 2887 2457 malitia:
2915 2418 3024 2458 suae
3053 2390 3295 2459 Ventrem
3331 2403 3561 2467 satieut;
3592 2403 3686 2473 qui
3736 2415 3795 2458 et

2207 2510 2368 2563 super
2402 2494 2637 2549 triticum
2674 2502 2728 2548 et
2763 2494 2945 2547 vinum
2982 2493 3271 2567 oblationis
3308 2510 3413 2549 non
3444 2503 3602 2548 orant
3630 2536 3645 2558 ,
3692 2497 3795 2549 sed

2208 2585 2496 2646 ruminaut,
2521 2584 2646 2655 quia
2676 2584 2751 2638 nil
2777 2585 2849 2640 ibi
2873 2586 2976 2639 nisi
2994 2585 3206 2640 solitam
3226 2601 3405 2641 escam
3427 2601 3604 2651 suam,
3624 2588 3677 2640 id
3700 2597 3791 2641 est

2207 2678 2491 2749 pecuniam
2524 2687 2839 2732 retractant.
2874 2677 2964 2733 Sic
3012 2678 3350 2745 Simoniacus
3376 2677 3465 2732 fur
3513 2680 3796 2748 ingressus

2208 2770 2262 2825 in
2297 2770 2513 2823 domum
2555 2768 2805 2834 Domini,
2846 2767 3038 2837 spoliat
3084 2766 3423 2823 latrunculos
3458 2768 3591 2823 foris
3614 2810 3635 2834 ,
3661 2771 3794 2822 dum

2208 2862 2447 2935 minores
2473 2876 2601 2916 suos
2631 2861 2907 2914 vendendo
2930 2899 2946 2924 ,
2978 2858 3209 2914 visibilia
3253 2870 3595 2914 sacramenta
3620 2862 3794 2915 etiam

2209 2962 2396 3008 tenero
2424 2967 2585 3006 sensu
2613 2965 2710 3004 suo
2739 2949 2932 3019 privat.

2773 3038 2996 3095 CAPUT
3036 3038 3221 3094 XXIX.

522 3154 688 3209 funde
702 3154 1276 3226 peccaveruntsicutin
1290 3153 1478 3209 diebus
1490 3152 1671 3208 Gabaa
1687 3154 1829 3223 (Ose.
1849 3152 2099 3223 IX,8,9).D
2130 3175 2177 3238 ρ
2210 3155 2362 3217 Item,
2387 3155 2536 3224 cujus
2560 3164 2605 3208 et
2632 3151 2767 3206 unde
2794 3168 2982 3238 supra...
3000 3153 3052 3231 in
3073 3169 3174 3222 quo
3197 3163 3539 3223 cognoscatur
3562 3153 3798 3222 Spit‘lftt‘

597 3245 652 3300 Si
700 3245 961 3317 quaeritur
1004 3245 1144 3313 quod
1183 3243 1347 3299 fuerit
1378 3253 1663 3315 peccatum
1695 3242 1873 3298 Gabaa
1898 3284 1916 3311 ,
1966 3244 2104 3299 liber

522 3332 771 3390 Judicum
821 3343 1005 3405 aperte
1051 3343 1358 3401 monstrat,
1400 3334 1494 3406 qui
1543 3334 1875 3389 habitatores
1918 3333 2101 3390 Gabaa

523 3427 884 3494 elfeminatos,
911 3438 965 3483 et
995 3426 1302 3483 Sodomitas
1338 3427 1494 3490 alios,
1540 3426 1676 3480 alios
1705 3436 1885 3480 autem
1916 3425 2103 3482 defen-

523 3530 678 3573 sores
697 3531 883 3572 eorum
906 3524 1112 3571 narrat.
1138 3514 1402 3570 Nimirum
1430 3516 1552 3570 talia
1577 3524 1703 3571 sunt
1725 3516 2101 3570 luereticorum

525 3608 933 3675 conventicula,
978 3624 1098 3679 quae
1146 3608 1360 3663 domum
1408 3608 1502 3663 Dei
1547 3608 1748 3662 faciunt
1791 3607 2102 3677 speluncam

523 3702 815 3764 latronum,
836 3710 892 3755 et
912 3700 1155 3771 lupanar.
1180 3700 1417 3767 Quorum
1447 3700 1723 3754 auditores
1744 3713 1809 3753 ne
1831 3699 2101 3765 laetentur,

528 3794 670 3849 sicut
699 3791 979 3856 catholici,
1025 3792 1107 3847 sic
1133 3790 1366 3860 Spiritus
1404 3790 1497 3845 Dei
1535 3808 1548 3843 :
1595 3809 1613 3840 ι
1649 3788 1767 3844 Noli
1793 3789 2100 3852 exsultare,

520 3866 669 3939 sicut
689 3883 890 3954 populi,
908 3882 1033 3953 quia
1057 3881 1352 3938 fornicatus
1373 3896 1431 3936 es
1451 3897 1479 3934 a
1506 3880 1613 3935 Deo
1631 3888 1719 3933 tuo
1737 3877 1880 3947 (σεε.
1899 3894 1975 3943 tx,
1992 3877 2064 3945 1).
2079 3896 2098 3930 ι

526 3973 598 4029 Et
625 3974 931 4044 specialiter
959 3982 1152 4028 notans
1183 3971 1548 4026 Simoniacam
1580 3968 1854 4030 haeresim,
1886 3965 2101 4020 subdit:

532 4085 550 4114 ι
586 4063 823 4121 Dilexisti
846 4066 1120 4119 mercedes
1139 4078 1301 4132 super
1319 4076 1506 4117 omnes
1525 4076 1680 4115 areas
1695 4060 1857 4114 tritici
1881 4058 1930 4130 (Ι
1937 4057 2067 4129 bid.)
2080 4076 2098 4109 ι

526 4153 594 4208 Ει
644 4166 768 4225 post
821 4170 987 4225 pauca
1040 4172 1055 4209 :
1108 4173 1127 4207 ε
1179 4150 1546 4210 Ciicumdedit
1598 4167 1685 4207 me
1722 4152 1776 4206 in
1822 4150 2107 4220 negatione

527 4240 808 4310 prraim,
832 4253 888 4297 et
916 4242 970 4296 iu
998 4242 1122 4297 dolo
1156 4243 1347 4297 domus
1373 4241 1539 4297 Israel
1578 4241 1724 4311 (03c.
1747 4257 1825 4308 xi,
1853 4242 1963 4309 12).
1995 4258 2014 4291 ι
2039 4269 2108 4283 —-

530 4351 550 4383 ι
588 4331 836 4398 Canaan,
872 4332 925 4386 in
958 4348 1118 4386 manu
1145 4333 1262 4401 ejus
1302 4342 1504 4388 statera
1536 4332 1719 4387 dolosa
1739 4372 1754 4392 .
1782 4331 2104 4386 calumniam

525 4422 745 4477 dilexit.
761 4422 827 4479 Et
848 4422 983 4477 dixit
1002 4422 1282 4492 Ephraim.
1312 4422 1691 4477 Verumtamen
1716 4420 1866 4476 dives
1885 4420 2109 4475 effectus

2938 3222 3053 3276 Dei.

2277 3314 2383 3370 Sed
2408 3313 2517 3383 jam
2557 3328 2797 3368 canamus
2824 3311 2886 3367 B.
2910 3312 3191 3383 Augustini
3230 3312 3511 3380 qumstioni
3554 3314 3799 3382 praefata:

2208 3408 2484 3471 reddatur,
2528 3414 2583 3460 et
2617 3403 2924 3459 summatim
2967 3412 3151 3474 tangat
3186 3419 3305 3473 quae
3347 3403 3535 3458 doctor
3576 3403 3666 3457 ille
3708 3420 3799 3457 so-

2207 3498 2302 3552 lito
2331 3496 2553 3553 diffusus
2590 3496 2827 3551 seriatim
2871 3503 2926 3550 et
2962 3494 3240 3550 enucleate
3282 3494 3498 3564 populis
3551 3506 3793 3549 eructat.

2206 3590 2383 3655 (AUG.,
2409 3587 2582 3640 Tract.
2616 3589 2669 3650 6,
2706 3587 2760 3640 in
2797 3587 2946 3655 epist.
2987 3586 3145 3640 Joan.
3190 3586 3384 3656 mli.)
3421 3603 3439 3636 ς
3477 3586 3557 3652 Si,
3591 3588 3790 3654 inquit,

2204 3692 2357 3746 aqua:
2395 3677 2611 3730 nomine
2644 3676 2976 3746 signiﬁcatur
3014 3674 3248 3745 Spiritus
3285 3686 3523 3739 sanctus,
3568 3685 3625 3730 et
3662 3677 3798 3730 dicit

2205 3764 2444 3838 Epistula
2483 3767 2585 3821 ista
2625 3784 2638 3820 :
2688 3784 2706 3816 ι
2752 3765 2924 3821 Nolite
2960 3766 3105 3820 omni
3148 3765 3357 3835 spiritui
3406 3766 3649 3829 credere,
3695 3767 3796 3819 sed

2206 3860 2432 3930 probate
2459 3859 2703 3927 spiritus,
2727 3857 2772 3911 si
2804 3872 2868 3910 ex
2894 3854 3002 3910 Deo
3032 3865 3156 3909 sunt
3179 3854 3226 3924 (Ι
3247 3854 3409 3909 Joun.
3436 3869 3513 3918 tv,
3544 3856 3620 3924 l),
3656 3874 3675 3907 ι
3710 3856 3795 3909 in-

2211 3950 2511 4021 telligamus
2534 3950 2657 4003 inde
2695 3948 2896 4003 dictum
2919 3959 3037 4001 esse
3069 3960 3083 4000 :
3125 3964 3145 3998 t
3177 3946 3258 4000 Ab
3298 3961 3436 4014 aqua
3460 3945 3637 3999 aliena
3662 3945 3792 4001 abs-

2210 4042 2320 4097 tine
2349 4050 2421 4107 te,
2444 4050 2498 4094 et
2535 4040 2601 4095 de
2622 4039 2769 4094 fonte
2798 4038 2973 4092 alieno
2997 4052 3103 4093 non
3129 4038 3332 4092 biberis
3351 4034 3535 4106 (Prov.
3558 4052 3611 4101 γ,
3641 4037 3789 4107 15).»

2208 4134 2346 4201 Quid
2369 4142 2476 4198 est,
2505 4131 2572 4187 de
2599 4131 2743 4185 fonte
2766 4130 2942 4186 alieno
2967 4148 3071 4187 non
3099 4130 3335 4185 biberis?
3361 4128 3587 4200 Spiritui
3613 4130 3794 4186 alieno

2209 4242 2314 4281 non
2344 4223 2656 4280 credideris.
2696 4222 2880 4280 Restat
2918 4239 3047 4296 ergo
3082 4238 3309 4279 examen
3350 4224 3491 4279 unde
3529 4226 3797 4293 probetur

2207 4319 2329 4389 quis
2357 4318 2576 4387 spiritus
2610 4316 2705 4370 Dei
2742 4325 2843 4371 est.
2876 4315 3062 4370 Posuit
3085 4315 3301 4385 quidem
3332 4315 3571 4385 signum,
3602 4324 3659 4370 et
3690 4317 3797 4369 hoc

2210 4409 2436 4465 fortasse
2465 4407 2696 4463 dillicile.
2738 4406 3030 4463 Videamus
3070 4417 3269 4462 tamen.
3309 4406 3392 4462 Ad
3433 4406 3577 4491 illam
3612 4408 3798 4461 chari-

527 4530 685 4578 Stltll,
727 4514 903 4570 inveni
946 4514 1144 4569 idolum
1183 4515 1333 4570 mihi.
1370 4515 1571 4572 Omnes
1612 4513 1822 4569 labores
1863 4514 1966 4568 mei
2004 4528 2105 4567 non

2215 4508 2377 4555 tatem
2404 4497 2630 4554 redituri
2664 4514 2868 4552 sumus.
2920 4498 3033 4566 lpsa
3077 4506 3161 4553 est
3184 4512 3305 4567 qua:
3348 4512 3446 4551 nos
3474 4497 3634 4573 docet
3665 4499 3794 4565 quia

525 4605 807 4663 invenient
854 4606 990 4677 mihi
1037 4607 1422 4675 iniquitatem,
1472 4620 1634 4676 quam
1690 4604 1907 4673 peccavi
1957 4601 2105 4673 (Ose.

528 4712 627 4762 xn,
661 4696 715 4763 7,
740 4695 814 4768 8).
838 4715 857 4749 ι
886 4695 1037 4763 Quod
1065 4705 1240 4750 autem
1270 4693 1418 4749 nulla
1438 4700 1798 4757 sacramenta,
1828 4707 1947 4761 qua:
1970 4690 2108 4758 apud

526 4784 815 4841 haereticos
838 4792 1098 4855 putantur
1116 4783 1455 4839 auditoribus
1473 4797 1659 4838 eorum
1677 4782 1907 4852 prosint,
1931 4790 2111 4835 osten-

527 4876 609 4932 dit
640 4876 828 4932 dicens
859 4893 873 4931 :
914 4894 941 4929 ι
961 4876 1102 4930 Area
1144 4884 1198 4930 et
1243 4875 1480 4931 torcular
1514 4890 1619 4929 non
1666 4883 1849 4944 pascet
1892 4886 1987 4925 eos
2010 4911 2023 4932 ,
2055 4877 2111 4923 et

524 4967 713 5021 vinum
744 4966 999 5022 metietur
1024 4968 1126 5022 eis.
1152 4964 1270 5021 Non
1296 4963 1614 5019 habitabuut
1639 4963 1691 5016 in
1725 4970 1867 5016 terra
1895 4959 2110 5013 Domini

527 5052 675 5126 (Ore.
713 5071 766 5110 Ix
789 5096 802 5120 ,
828 5056 945 5126 23).
982 5075 1001 5108 ι
1026 5085 1096 5096 -—
1123 5074 1141 5107 ι
1172 5054 1512 5124 lniquitatem
1536 5052 1751 5114 arastis,
1777 5057 1833 5104 et
1868 5048 2112 5115 impieta-

2210 4590 2323 4660 ipsa
2343 4596 2427 4643 est
2448 4588 2649 4642 unctio.
2677 4588 2719 4641 Τ
2724 4604 2876 4642 amen
2900 4588 2987 4642 hic
3007 4588 3134 4656 quid
3156 4587 3231 4641 ait
3260 4604 3273 4639 :
3313 4605 3331 4638 ι
3367 4585 3603 4640 Probate
3632 4587 3796 4656 Spiri-

2212 4691 2312 4742 tus,
2342 4678 2386 4733 si
2408 4693 2471 4732 ες
2501 4678 2609 4732 1)εο
2637 4686 2784 4741 sunt,
2806 4677 2932 4746 quia
2957 4676 3107 4730 multi
3139 4675 3620 4744 pseudopropbene
3640 4674 3797 4728 exie-

2211 4781 2334 4827 runt
2356 4772 2409 4827 in
2436 4771 2597 4825 istum
2626 4771 2881 4825 mundum
2911 4769 2961 4839 (I
2983 4769 3143 4824 Joan.
3172 4785 3247 4834 tv,
3272 4766 3345 4836 l).
3365 4785 3384 4818 ι
3413 4765 3534 4821 .lam
3565 4766 3635 4819 ibi
3661 4776 3794 4820 sunt

2210 4879 2399 4920 onmes
2425 4863 2681 4925 lueretici,
2699 4871 2757 4916 et
2778 4876 2966 4915 omnes
2988 4859 3335 4915 schismatici.
3359 4857 3643 4924 Quomodo
3664 4870 3799 4925 ergo

2212 4954 2470 5023 Spiritum
2517 4951 2788 5020 probabo?
2817 4949 3072 5020 Sequitur
3100 4968 3113 5002 :
3150 4966 3167 4999 ι
3202 4948 3259 5003 In
3293 4948 3395 5002 hoc
3437 4955 3801 5016 cognoscetur

2213 5044 2447 5111 Spiritus
2470 5042 2581 5095 Dei.
2609 5041 2795 5097 Omnis
2816 5041 3037 5111 Spiritus
3057 5041 3147 5110 qui
3170 5053 3275 5094 non
3296 5037 3591 5093 confitetur
3608 5034 3796 5089 Jesum

2215 5133 2249 5148 l“
