4064 5394
315 342 448 396 “09

944 344 1310 401 ADVERSUS
1347 346 1758 404 SIMONIACOS
1795 348 1973 402 LIBRI
2014 340 2488 405 'l'lll'lSe—LIBER
2530 349 2911 406 SECUNDUS.

3419 349 3548 402 lllil

308 478 450 547 gavit
473 477 729 547 Spiritum
749 479 840 535 Dei
871 481 1089 543 habere,
1105 487 1352 552 quia.non
1375 487 1884 545 conﬁtenturlesum

2003 465 2133 518 Facta
2183 465 2595 536 interrogemus,
2650 481 2757 521 non
2798 465 2974 521 verba
3009 463 3335 519 credamus?
3368 462 3568 517 Omne;

308 569 581 622 Christum
618 568 670 622 in
705 584 866 625 carne
903 573 1136 628 venisse.
1169 574 1358 642 Quzere
1395 578 1464 632 ab
1492 579 1729 642 Arianis,
1760 595 1886 632 con-

299 657 995 716 ‘ﬁtenturJesutnChristum
1014 664 1065 717 in
1088 679 1248 718 carne
1273 667 1482 722 venisse
1499 685 1513 733 ;
1528 685 1708 739 quaere
1730 686 1756 722 a
1775 669 1884 724 Ma-

312 748 639 813 :edoniauis,
672 750 998 807 conﬁtentur
1027 753 1208 808 Jesum
1243 754 1514 810 Christum
1546 757 1597 812 in
1619 775 1781 814 carne
1804 776 1890 814 ve-

313 841 481 906 uissc;
504 841 773 915 interroga
788 845 1178 916 Cataphrygas,
1194 848 1516 903 conﬁtentur
1534 850 1714 906 Jesum
1735 851 1889 906 Chri-

295 927 448 986 stum
471 930 524 984 in
545 946 708 986 carne
729 935 965 1000 venisse;
991 938 1257 1006 interroga
1277 935 1622 1005 Novatianos,
1638 942 1891 997 conﬁten-

309 1017 590 1074 turJesum
607 1019 880 1076 Christum
903 1024 955 1078 in
978 1039 1143 1080 carne
1168 1027 1394 1082 venisse.
1414 1027 1612 1084 Omnes
1625 1046 1754 1101 ergo
1777 1032 1894 1086 ista:

309 1113 543 1168 haereses
572 1113 835 1183 Spiritum
883 1116 976 1171 Dei
1027 1118 1267 1172 habent?
1318 1119 1432 1175 Non
1483 1137 1614 1192 ergo
1664 1126 1893 1192 pseudo-

308 1202 584 1273 propheta:
632 1207 794 1261 sunt?
831 1206 986 1261 Nulla
1025 1217 1108 1263 est
1152 1223 1282 1278 ergo
1325 1211 1397 1264 ibi
1437 1211 1701 1282 deceptio,
1747 1216 1890 1268 nulla

309 1294 587 1350 seductio?
614 1295 775 1352 Certe
811 1298 1132 1354 Antichristi
1173 1310 1296 1355 sunt
1322 1303 1414 1372 qui
1453 1317 1518 1357 ex
1557 1306 1710 1360 nobis
1749 1307 1893 1361 exie-

312 1392 457 1449 runt,
503 1384 598 1439 sed
646 1400 752 1439 non
787 1395 1032 1441 erantex
1072 1389 1248 1443 nobis.
1291 1389 1428 1457 Quid
1467 1406 1595 1462 ergo
1633 1393 1895 1449 facimus?

314 1473 466 1528 Unde
491 1473 879 1530 discernimus?
902 1476 1074 1547 Opera
1097 1479 1456 1546 attendamus,
1482 1497 1586 1536 non
1610 1485 1894 1554 strepitum

312 1563 526 1634 linguae,
563 1580 867 1634 quaramus
895 1582 1066 1636 quare
1103 1569 1154 1622 in
1196 1585 1358 1624 carne
1389 1573 1597 1627 venerit
1626 1574 1891 1641 Chrisus,

311 1663 366 1708 et
391 1655 694 1710 invenimus
725 1657 847 1724 quis
877 1673 998 1711 eum
1030 1668 1189 1729 negat
1217 1660 1267 1714 in
1302 1676 1466 1717 carne
1501 1663 1728 1719 venisse.
1760 1663 1894 1719 Nam

313 1746 360 1800 si
408 1747 616 1816 linguas
664 1748 935 1814 attendas,
982 1751 1179 1806 multas
1229 1754 1461 1810 haereses
1511 1757 1791 1812 auditurus
1837 1772 1896 1813 es
1929 1810 1966 1826 ,,

313 1841 631 1897 conﬁtentes
659 1842 934 1899 Christum
967 1845 1021 1899 in
1052 1861 1213 1900 carne
1245 1847 1477 1914 venisse,
1505 1850 1598 1904 sed
1626 1851 1897 1906 convincit

309 1943 406 1984 eas
447 1930 669 1985 veritas.
715 1931 895 1998 Quare
944 1935 1091 1989 venit
1132 1935 1379 1992 Christus
1428 1938 1482 1992 in
1531 1941 1730 1994 carne?
1773 1941 1898 2011 quia

312 2018 592 2089 oportebat
642 2018 796 2077 nobis
841 2020 1024 2078 all‘erri
1075 2039 1225 2095 spem
1275 2029 1710 2084 resurrectionis.
1759 2031 1898 2086 Deus

313 2128 441 2184 ergo
466 2114 609 2169 venit
639 2115 690 2168 iu
727 2131 913 2180 carne,
945 2127 1004 2172 ut
1029 2131 1331 2175 moreretur
1357 2137 1454 2192 pro
1490 2124 1664 2179 nobis.
1700 2125 1900 2192 Quem-
1983 2140 1985 2142 ·

315 2206 599 2260 admodum
628 2215 806 2262 autem
843 2218 1088 2264 mortuus
1123 2218 1204 2264 est
1229 2226 1326 2280 pro
1365 2213 1556 2268 nobis?
1589 2233 1607 2266 ι
1639 2213 1896 2286 Majorem

315 2296 452 2352 hanc
474 2297 797 2353 charitatem
820 2313 979 2353 nemo
1001 2299 1186 2366 habet,
1210 2317 1372 2370 quam
1401 2311 1458 2357 ut
1483 2304 1718 2358 animam
1744 2321 1896 2360 suam

316 2396 479 2457 ponat
507 2389 630 2458 quis
655 2404 753 2459 pro
781 2390 970 2445 amicis
995 2392 1106 2447 suis
1134 2391 1315 2462 (Joan.
1342 2409 1430 2457 xv,
1461 2394 1564 2464 l5).
1596 2413 1614 2446 ι
1646 2396 1898 2451 Charitas

316 2492 442 2548 ergo
477 2477 627 2532 illum
668 2477 893 2534 adduxit
937 2481 1003 2535 ad
1041 2497 1282 2536 carnem.
1331 2482 1585 2552 Quisquis
1623 2499 1752 2554 ergo
1789 2502 1897 2541 non

316 2571 481 2626 habet
507 2571 864 2637 charitatem,
891 2581 1050 2643 negat
1079 2572 1354 2629 Christum
1389 2575 1441 2629 in
1472 2591 1636 2632 carne
1665 2578 1894 2634 venisse.

395 2676 414 2710 ι
446 2657 601 2714 Nunc
625 2660 789 2714 etiam
822 2662 1095 2732 interrogo
1115 2678 1305 2719 omnes
1328 2664 1630 2721 haereticos.
1656 2666 1901 2724 Christus

319 2749 467 2806 venit
505 2749 562 2804 in
607 2753 805 2806 carne?
846 2753 1024 2819 Venit,
1067 2755 1170 2810 hoc
1212 2756 1404 2821 credo,
1454 2757 1558 2812 hoc
1621 2759 1895 2829 proﬁteor.

321 2840 432 2896 [mo
470 2840 574 2897 hoc
615 2858 800 2910 negas.
849 2842 998 2900 Unde
1040 2847 1214 2915 nego?
1259 2847 1426 2902 Audis
1452 2851 1575 2918 quia
1613 2851 1716 2906 hoe
1747 2853 1899 2908 dico?

320 2932 432 2987 lmo
473 2934 576 2989 hoc
619 2935 898 3002 convinco,
943 2938 1068 3006 quia
1118 2953 1299 3007 negas.
1351 2939 1494 2995 Dicis
1540 2957 1689 3007 voce,
1738 2959 1900 3014 negas

319 3023 516 3090 corde;
546 3025 682 3081 dicis
712 3028 908 3092 verbis,
943 3042 1106 3097 negas
1149 3029 1321 3084 factis.
1361 3030 1660 3099 Quomodo,
1699 3034 1896 3105 inquis,

321 3127 458 3183 nego
495 3112 689 3169 factis?
723 3114 856 3180 Quia
893 3116 1011 3172 ideo
1051 3119 1197 3172 venit
1240 3120 1488 3176 Christus
1529 3124 1581 3176 in
1620 3139 1803 3192 carne,
1841 3135 1898 3180 ut

321 3213 626 3259 moreretur
659 3220 758 3275 pro
793 3207 966 3262 nobis.
1007 3209 1133 3265 Ideo
1174 3219 1418 3268 mortuus
1455 3223 1538 3268 est
1578 3230 1674 3284 pro
1720 3218 1898 3281 nobis,

322 3294 444 3362 quia
475 3295 793 3350 cbaritalem
829 3296 1047 3353 multam
1077 3299 1277 3355 docuit.
1313 3300 1390 3356 Tu
1430 3317 1536 3356 non
1575 3304 1740 3359 habes
1776 3307 1900 3361 cha-

325 3385 561 3453 ritatem,
592 3387 716 3457 quia
745 3405 841 3459 pro
871 3406 1053 3446 amore
1093 3401 1182 3446 tuo
1219 3392 1412 3449 dividis
1445 3394 1726 3450 unitatem.
1761 3396 1901 3467 Ergo

327 3479 602 3552 intelligite
641 3481 766 3539 hinc
805 3482 1062 3552 Spiritum
1115 3501 1180 3553 ex
1233 3487 1359 3540 Deo.
1413 3487 1648 3556 Pulsate,
1702 3489 1902 3558 tangite

325 3586 452 3626 vasa
489 3571 672 3627 ﬁctilia
713 3589 778 3628 ne
816 3574 954 3630 forte
991 3578 1326 3645 crepuerint,
1359 3587 1413 3632 et
1453 3579 1590 3634 male
1625 3590 1898 3635 resonent.

325 3661 514 3718 Videte
551 3663 596 3718 si
639 3664 843 3734 integre
882 3675 1091 3730 sonent,
1123 3667 1300 3723 videte
1330 3669 1374 3723 si
1416 3668 1485 3724 ibi
1525 3680 1607 3725 est
1645 3673 1899 3727 charitas.

326 3748 490 3806 Tollis
511 3759 562 3806 te
582 3752 649 3807 ab
671 3753 875 3808 unitate
897 3754 1046 3810 orbis
1066 3762 1359 3822 terrarum;
1385 3757 1582 3814 dividis
1609 3760 1902 3816 Ecclesiam

325 3842 393 3897 ab
439 3842 676 3910 unitate,
727 3845 954 3901 dilanias
1000 3862 1197 3918 corpus
1245 3848 1469 3904 Christi.
1518 3849 1610 3907 llle
1653 3853 1799 3907 venit
1849 3855 1900 3907 in

325 3944 487 3985 carne
517 3939 575 3984 ut
610 3932 859 4004 colligat;
897 3944 952 3989 tu
991 3936 1110 3991 ideo
1143 3937 1344 3991 clamas
1381 3947 1440 4000 ut,
1481 3957 1723 4010 spargas.
1767 3944 1904 4014 Ergo

327 4020 441 4090 ipse
472 4031 553 4078 est
601 4021 835 4093 Spiritus
879 4025 973 4081 Dei
1019 4028 1109 4097 qui
1153 4029 1281 4084 dicit
1316 4030 1498 4086 Jesum
1529 4033 1801 4088 Christum
1851 4036 1902 4089 in

327 4125 489 4164 carne
517 4113 747 4178 venisse,
788 4115 879 4184 qui
917 4117 1048 4171 dicit
1090 4133 1194 4172 non
1237 4118 1437 4189 lingua,
1471 4121 1562 4176 sed
1594 4121 1778 4187 factis;
1813 4125 1905 4192 qui

325 4198 456 4252 dicit
485 4215 592 4254 non
632 4203 892 4269 sonando,
932 4207 1026 4260 sed
1054 4209 1303 4262 amando.
1343 4209 1432 4263 llle
1471 4219 1650 4264 autem
1691 4227 1794 4267 non
1825 4223 1908 4268 est

325 4288 560 4358 Spiritus
605 4291 698 4346 Dei
741 4294 834 4363 qui
883 4303 1043 4367 negat
1086 4296 1267 4354 Jesum
1319 4299 1593 4355 Christum
1642 4302 1696 4354 iu
1744 4317 1907 4356 carne

325 4380 554 4436 venisse.
602 4380 772 4452 Negat
816 4393 871 4439 et
915 4386 1030 4456 ipse
1076 4403 1181 4442 non
1232 4389 1430 4459 lingua,
1475 4392 1567 4446 sed
1614 4392 1749 4456 vita;
1802 4408 1905 4447 non

1995 562 2190 623 negant
2215 551 2398 607 les-um
2431 555 2484 607 in
2508 571 2671 610 carne
2699 555 2931 618 venisse,
2963 553 3055 624 qui
3099 554 3315 608 violant.
3337 553 3546 608 cbarita

1994 653 2120 694 tem.
2164 640 2319 696 Jesus
2349 643 2492 696 enim
2526 657 2630 696 non
2661 658 2797 712 opus
2824 651 2942 697 erat
2984 655 3039 697 ut
3068 643 3355 698 veniretiu
3383 658 3568 707 carne,

1994 732 2092 784 nisi
2124 741 2342 801 propter
2371 732 2714 786 charitatem.
2746 731 3264 803 Quomodopoterat
3303 733 3446 788 ﬁlius
3478 733 3573 788 Dei

1993 838 2192 892 ponere
2217 823 2454 878 animam
2482 838 2636 878 suam
2665 839 2762 894 pro
2789 823 2963 888 nobis,
2999 823 3103 879 nisi
3133 839 3296 880 carne
3325 824 3574 880 induere-

1996 924 2098 978 tur,
2133 914 2220 969 ubi
2265 915 2402 970 mori
2434 915 2654 985 posset?
2699 914 2955 985 Quisquis
2981 929 3111 987 ergo
3137 916 3302 972 violat
3335 917 3573 972 charita-

1996 1017 2133 1069 lem,
2165 1007 2426 1077 quidlibet
2461 1008 2605 1062 dicat
2645 1007 2847 1078 lingua,
2878 1007 2988 1062 vita
3032 1008 3200 1078 ipsius
3229 1017 3389 1078 negat
3415 1007 3574 1062 Chric

1993 1107 2135 1151 stum
2175 1099 2230 1153 in
2260 1114 2426 1154 carne
2453 1099 2689 1163 venisse,
2718 1113 2773 1153 et
2804 1099 2906 1154 iste
2931 1108 3015 1154 est
3042 1099 3428 1162 Antichristus,
3454 1099 3577 1154 ubi-

1994 1204 2206 1258 cunque
2252 1188 2432 1254 l'uerit,
2477 1205 2799 1259 quocunque
2842 1190 3146 1244 intraverit.
3180 1188 3330 1246 «Nos
3353 1206 3418 1246 ex
3467 1189 3578 1244 Deo

1995 1296 2198 1336 sumus.
2236 1279 2338 1347 Qui
2370 1281 2518 1334 novit
2547 1279 2732 1344 Deum,
2768 1280 2934 1336 audit-
2959 1281 3102 1344 nos;
3143 1281 3235 1351 qui
3278 1295 3384 1336 non
3431 1281 3584 1335 novit

1998 1370 2185 1432 Deum,
2233 1385 2338 1424 non
2382 1369 2537 1422 audit
2574 1385 2695 1425 nos.
2738 1370 2817 1424 Ex
2845 1370 2949 1425 hoc
2972 1370 3317 1440 cognoscitur
3345 1370 3582 1440 Spiritus

1998 1457 2258 1523 veritatis,
2281 1457 2571 1528 etspiritus
2588 1459 2793 1514 erroris
2819 1457 2868 1529 (ι
2891 1458 3048 1513 Joan.
3071 1473 3148 1524 tv,
3168 1457 3245 1530 6).
3268 1478 3286 1512 ι
3311 1458 3429 1514 Jam
3451 1474 3582 1529 ergo

1998 1549 2232 1603 intentos
2268 1564 2368 1605 nos
2405 1549 2552 1616 fecit,
2595 1550 2721 1619 quia
2745 1549 2835 1619 qui
2868 1549 3014 1604 novit
3040 1550 3229 1616 Deum,
3266 1548 3378 1619 ipse
3407 1549 3578 1614 audit,

1998 1640 2088 1709 qui
2125 1649 2304 1694 autem
2349 1655 2478 1696 non»
2508 1641 2687 1707 novit,
2735 1655 2842 1696 non
2889 1641 3068 1707 audit;
3119 1648 3172 1696 et
3212 1640 3327 1696 haec
3371 1648 3453 1695 est
3500 1641 3582 1695 di-

1999 1736 2196 1789 scretio
2223 1735 2506 1804 spirituum
2537 1734 2782 1790 veritatis
2810 1742 2864 1788 et
2889 1734 3112 1790 erroris.
3143 1733 3430 1789 Videamus
3448 1733 3582 1803 quid

2003 1826 2302 1880 moniturus
2324 1827 2496 1889 est,in
2519 1841 2626 1896 quo
2649 1826 2797 1880 illum
2819 1824 3006 1880 audire
3042 1824 3355 1881 debeamus.
3388 1843 3406 1878 ‹
3438 1823 3583 1880 Dile-

2001 1914 2263 1978 ctissimi,
2299 1915 2586 1986 diligamus
2630 1915 2891 1982 invicem,
2929 1914 3054 1984 quia
3103 1915 3316 1970 dilectio
3362 1930 3438 1970 ex.
3472 1915 3582 1970 Deo

2001 2015 2085 2060 est
2119 2003 2170 2076 (I
2195 2005 2356 2061 Joan.
2388 2021 2464 2070 tv,
2495 2006 2572 2076 7).
2613 2025 2631 2056 ›

2067 2095 2197 2149 Item
2221 2095 2360 2151 unde
2380 2111 2542 2166 supra
2567 2096 2746 2167 (Ave,
2763 2096 2948 2152 Tract.
2975 2098 3028 2161 7,
3055 2096 3290 2152 inJoan.
3309 2094 3501 2167 Epist,
3524 2113 3579 2150 n.

2003 2186 2089 2256 ll)
2107 2204 2120 2239 ;
2139 2204 2157 2238 ι
2177 2185 2467 2242 Violatores
2478 2187 2576 2243 cha
2586 2187 2760 2243 ritatis
2773 2188 3010 2244 schisma
3029 2187 3289 2243 fecerunt.
3304 2187 3584 2255 Quomodo

1999 2279 2228 2333 oderunt
2249 2278 2420 2348 ipsam
2459 2278 2802 2344 charitatem,
2827 2279 2906 2334 sic
2928 2279 3159 2335 oderunt
3181 2287 3234 2334 et
3257 2279 3579 2336 columbam.

2002 2368 2108 2426 Sed
2131 2368 2401 2426 convincit
2438 2369 2561 2425 illos
2595 2370 2862 2426 columba.
2896 2369 3144 2426 Procedit
3171 2369 3239 2426 de
3267 2365 3423 2436 caelo,
3453 2387 3583 2441 ape-

2004 2457 2213 2511 riuntur
2238 2458 2380 2522 coeli,
2405 2468 2461 2513 et
2484 2466 2667 2514 manet
2708 2474 2872 2530 super
2915 2466 3076 2530 caput
3097 2460 3328 2516 Domini.
3357 2459 3426 2516 Ut
3456 2459 3586 2529 quid

2003 2547 2139 2601 hoc?
2164 2556 2222 2601 ut
2248 2549 2496 2603 audiant:
2520 2567 2537 2600 ι
2568 2549 2666 2604 llic
2689 2558 2776 2605 est
2796 2550 2886 2620 qui
2912 2551 3148 2622 baptizat
3167 2549 3344 2622 (Joan.
3370 2568 3410 2616 ι,
3433 2551 3580 2621 55).»

2003 2641 2276 2705 ιίεοθαὶιε,
2301 2641 2603 2710 praedones,
2628 2641 2880 2708 recedite,
2915 2643 3192 2698 invasores
3226 2644 3586 2712 possessionis

2001 2729 2224 2786 Christi.
2268 2729 2325 2785 in
2355 2733 2787 2801 possessionibus
2814 2733 3025 2798 vestris,
3059 2733 3146 2787 ubi
3178 2735 3441 2789 dominari
3473 2735 3586 2790 vul-

2004 2820 2092 2886 tis,
2143 2819 2327 2876 titulos
2374 2819 2617 2878 l’otentis
2661 2823 2775 2877 ausi
2828 2823 2960 2879 estis
3004 2822 3246 2894 inﬁgere.
3299 2823 3590 2895 Cognoscit

2005 2911 2093 2965 ille
2131 2910 2313 2965 titulos
2369 2925 2518 2976 suos,
2561 2912 2799 2968 vindieat
2839 2913 2940 2968 sibi
2972 2915 3366 2983 possessionem
3408 2931 3584 2971 suam.

2003 2999 2118 3056 Non
2161 3000 2302 3055 delet
2352 3001 2566 3066 titulos,
2619 3001 2712 3057 sed
2759 3001 2924 3058 intrat
2969 3011 3022 3059 et
3069 3004 3325 3075 possidet.
3381 3003 3472 3061 Sic
3519 3006 3590 3059 ad

2000 3092 2323 3147 catholicam
2353 3093 2587 3148 venienti
2625 3108 2731 3150 non
2767 3093 2973 3150 deletur
3007 3093 3325 3165 baptismus,
3367 3111 3433 3152 ne
3463 3097 3590 3151 titu-

2004 3186 2086 3240 lus
2133 3187 2476 3254 imperatoris
2514 3186 2795 3252 deleatur;
2841 3187 2934 3243 sed
2962 3189 3051 3258 qui
3083 3188 3152 3245 sit
3178 3188 3231 3243 in
3279 3189 3589 3246 catholica?

2003 3277 2311 3347 agnoscitur
2340 3278 2548 3334 titulus.
2593 3279 2764 3334 Intrat
2793 3294 3074 3350 possessor
3118 3283 3216 3337 sub
3256 3282 3423 3336 titulis
3451 3282 3586 3348 suis,

2002 3387 2110 3440 quo
2145 3370 2378 3426 intrabat
2408 3372 2585 3442 praedo
2615 3373 2714 3429 sub
2747 3373 2914 3430 titulis
2945 3373 3152 3430 alienis.
3190 3395 3208 3428 ι

2075 3463 2216 3515 Idem
2268 3463 2409 3518 unde
2439 3479 2632 3532 supra:
2667 3484 2684 3515 ‹
2707 3464 2894 3522 Omnis
2937 3466 3025 3536 qui
3055 3467 3226 3522 credit
3254 3465 3397 3536 quod
3431 3464 3589 3521 Jesus

2005 3556 2075 3608 sit
2100 3553 2372 3618 Christus,
2394 3569 2456 3609 ex
2482 3555 2592 3610 Deo
2619 3565 2776 3609 natus
2801 3566 2902 3612 est.
2941 3577 2959 3609 ι
2995 3559 3175 3626 (Aea,
3203 3556 3379 3611 Tract.
3421 3557 3504 3624 l0,
3535 3558 3588 3612 in

1999 3647 2153 3714 epist.
2178 3643 2363 3709 Joan.,
2389 3662 2444 3702 n.
2463 3646 2485 3700 l
2502 3648 2536 3715 .)
2558 3665 2576 3697 ι
2597 3645 2729 3713 Quis
2741 3647 2923 3716 estqui
2949 3663 3055 3702 non
3072 3647 3243 3702 credit
3267 3647 3408 3719 quod
3431 3645 3588 3703 Jesus

2007 3737 2076 3792 sit
2113 3735 2397 3792 Christus?
2441 3737 2532 3807 qui
2579 3737 2661 3793 sic
2707 3752 2812 3792 non
2859 3737 2990 3792 vivit
3035 3736 3301 3808 quomodo
3345 3739 3586 3808 praecipit

2005 3829 2272 3883 Christus.
2320 3827 2469 3883 Multi
2511 3828 2657 3882 enim
2685 3828 2893 3893 dicunt,
2929 3827 3130 3891 Credo;
3181 3829 3274 3883 sed
3306 3827 3436 3882 ﬁdes
3474 3827 3590 3880 sine

2007 3917 2259 3986 operibus
2293 3932 2400 3972 non
2435 3909 2634 3986 salvat.
2664 3916 2810 3988 Opus
2843 3926 3023 3973 autem
3055 3916 3176 3970 ﬁdei
3219 3917 3334 3986 ipsa
3373 3917 3590 3972 dilectio

2008 4017 2120 4070 est,
2149 4007 2361 4066 dicente
2389 4007 2554 4062 Paulo
2583 4007 2827 4078 apostolo
2863 4027 2874 4060 :
2913 4027 2928 4058 ι
2974 4008 3039 4061 Ει
3072 4009 3203 4064 lides
3233 4023 3353 4077 quae
3388 4023 3484 4077 per
3512 4008 3591 4062 di-

2011 4096 2294 4151 lectionem
2333 4104 2590 4165 cperatur
2618 4095 2760 4167 (Gal.
2795 4113 2846 4161 ν,
2875 4096 2950 4166 6).
2992 4117 3009 4149 ι
3049 4097 3222 4166 Opera
3252 4098 3465 4168 quidem
3499 4107 3587 4151 tua

2014 4188 2306 4256 praeterita,
2339 4194 2631 4255 antequam
2672 4187 2944 4252 crederes,
2977 4189 3059 4241 vel
3099 4187 3242 4242 nulla
3272 4201 3451 4252 erant,
3481 4189 3590 4251 vel,

2009 4283 2053 4335 si
2100 4283 2236 4338 bona
2285 4282 2622 4346 videbantur,
2681 4282 2857 4336 inania
2911 4291 3084 4337 erant.
3142 4283 3200 4338 Si
3251 4271 3393 4336 enim
3447 4283 3589 4335 nulla

2009 4383 2182 4438 erant,
2220 4373 2297 4428 sic
2320 4388 2442 4427 eras
2468 4373 2620 4443 quasi
2648 4374 2810 4430 homo
2837 4374 2953 4429 sine
2989 4374 3228 4444 pedibus,
3262 4383 3353 4430 aut
3380 4375 3593 4428 vexatis

323 4470 524 4536 verbis,
553 4472 644 4526 sed
671 4471 846 4528 factis.
893 4474 1235 4532 Manifestum
1265 4489 1346 4533 ρει
1372 4495 1500 4551 ergo
1542 4481 1679 4536 unde
1709 4496 1905 4552 coguo-
1939 4485 1982 4543 ι)
2011 4467 2231 4534 pedibus
2267 4466 2544 4523 ambulare
2588 4483 2692 4523 non
2725 4468 2929 4523 valens.
2971 4467 3027 4521 Si
3061 4476 3238 4522 autem
3277 4469 3414 4522 bona
3446 4467 3590 4520 vide-

324 4573 538 4614 scamus
564 4561 783 4617 lratres.
818 4563 966 4618 Multi
998 4565 1157 4630 intus,
1187 4570 1338 4636 quasi
1378 4569 1524 4624 intus
1557 4579 1710 4635 sunt;
1750 4585 1908 4625 nemo

325 4644 503 4703 autem
535 4651 686 4717 foris,
727 4654 830 4733 nisi
859 4671 984 4710 vere
1015 4655 1166 4712 foris.
1204 4659 1351 4713 Adeo
1387 4669 1444 4713 ut
1476 4663 1750 4726 noveritis,
1781 4663 1908 4732 quia

326 4739 394 4794 ad
420 4739 559 4796 facta
583 4743 785 4810 retulit,
817 4765 836 4822 ᾳ
869 4756 922 4800 et
945 4750 1121 4804 omnis
1142 4751 1383 4818 spiritus,
1417 4771 1434 4801 ι
1464 4751 1556 4815 ait,
1588 4772 1606 4803 ι
1635 4757 1724 4822 qui
1752 4755 1910 4809 solvit

325 4830 506 4888 Jesum
546 4836 597 4890 in
629 4853 800 4893 carne
821 4841 1052 4905 venisse,
1093 4858 1196 4897 non
1227 4853 1396 4898 estex
1436 4845 1543 4898 Deo
1571 4843 1621 4913 (Ι
1647 4845 1802 4900 Joan.
1832 4863 1907 4912 tv,

325 4924 402 4996 5).
435 4945 455 4979 ›
485 4927 710 4984 Solvere
738 4931 893 4986 factis
921 4933 1238 5003 intelligitur
1258 4935 1383 5006 quid
1417 4935 1509 4988 tibi
1535 4937 1790 4999 ostendit,
1817 4935 1908 5006 qui

326 5031 487 5087 negas
514 5019 642 5088 quia
674 5021 810 5073 dixit
837 5022 1030 5076 solvit?
1069 5023 1160 5078 llle
1188 5027 1336 5081 venit
1369 5024 1638 5093 colligere,
1673 5035 1725 5079 tu
1759 5027 1912 5081 venis

326 5105 528 5130 nul"---
605 5109 933 5130 n2...:..----.,_
985 5111 1058 5130 μ’,
1252 5118 1262 5130 α
1388 5114 1444 5130 ne
1502 5113 1587 5130 v.0
1862 5116 1873 5130 I

605 5110 933 5130 n:...:..----.,_
985 5111 1058 5130 _.'-
1252 5118 1262 5130 α
1388 5114 1444 5130 I‘I

2011 4559 2224 4624 bantur,
2263 4567 2552 4628 antequam
2598 4560 2865 4622 crederes,
2915 4559 3171 4615 currebas
3201 4558 3446 4629 quidem,
3497 4559 3593 4610 sed

2011 4657 2205 4715 prieter
2247 4647 2384 4700 viam
2417 4647 2683 4701 currendo
2721 4647 2943 4701 errabas
2986 4647 3164 4716 potius
3202 4661 3362 4715 quam
3405 4660 3595 4714 perve-

2013 4739 2215 4793 niebas.
2253 4739 2346 4792 Est
2374 4753 2503 4807 ergo
2535 4737 2690 4792 nobis
2721 4745 2774 4792 et
2800 4739 3149 4802 currendum,
3183 4746 3236 4792 et
3273 4738 3327 4791 iu
3357 4737 3440 4790 via
3472 4751 3601 4790 cur-

2013 4829 2254 4883 rendum.
2303 4827 2404 4894 Qui
2448 4835 2646 4896 praeter
2691 4828 2830 4882 viam
2880 4828 3084 4892 currit,
3125 4828 3358 4883 inaniter
3387 4828 3602 4898 currit;

2011 4921 2121 4975 imo
2162 4921 2227 4975 ad
2271 4920 2509 4973 laborem
2540 4919 2712 4974 currit
2756 4938 2767 4971 :
2817 4928 2968 4974 tanto
3013 4919 3132 4988 plus
3177 4925 3348 4980 errat,
3397 4928 3619 4985 quanto
3655 4958 3661 4964 -

2013 5023 2206 5080 praeter
2227 5012 2370 5066 viam
2394 5008 2584 5064 currit.
2613 5007 2742 5075 Quae
2766 5019 2850 5064 est
2875 5009 2957 5062 via
2987 5025 3082 5078 per
3105 5024 3267 5081 quam
3297 5006 3627 5072 currimus?

2649 5117 2666 5130 ρ
2705 5099 2812 5130 πηιὶ
2843 5115 2959 5130 ιιι-Ιν-

2013 5103 2258 5130 1η...ζηι..η
2312 5100 2400 5130 ηιιῖ
2435 5098 2566 5130 Αἶιοῖι
2599 5117 2610 5128 ο
2649 5117 2666 5130 ο
2705 5099 2812 5130 ιἠη
2843 5115 2959 5130 olun-
2993 5099 3074 5130 υἶη
3110 5101 3272 5130 ῘΙΛιιη
3329 5109 3420 5130 νιν
3595 5127 3608 5130 -
