4064 5394
576 393 707 448 illi

1588 392 1942 449 ιιωωειιτι
1982 392 2037 447 S.
2090 392 2154 446 Β.
2191 391 2253 447 IL
2301 393 2710 451 CAltDlNALlS

3697 393 3849 447 ill!

573 522 782 572 moues,
816 505 918 560 hoc
939 503 1077 557 dixit
1106 511 1162 557 et
1185 502 1399 558 Petrus.
1428 502 1632 558 Eadem
1662 505 1843 567 verba,
1874 520 1978 558 non
2006 504 2145 558 idem
2174 511 2221 568 Α
2252 503 2384 561 Nolo
2430 508 2688 563 honorem
2742 519 2889 562 tuum
2908 549 2921 572 ,
2966 510 3179 565 calcare
3206 511 3320 579 jam
3352 526 3495 565 nunc
3540 524 3634 565 tne
3681 512 3844 566 noli!
3870 572 3875 575 Α

568 599 803 654 animus.
842 597 908 651 Et
936 594 1080 652 unde
1109 603 1324 650 constat
1359 596 1486 665 quia
1514 594 1707 651 Petrus
1737 596 1839 651 hoc
1854 610 1988 649 cuni
2016 594 2148 650 dile-

567 688 752 745 ctione
784 684 1030 741 dicebat?
1055 685 1191 753 Quia
1231 685 1368 741 lides
1393 684 1687 740 Christiani
1714 700 1836 740 cum
1862 683 2149 739 dilectione

567 779 662 833 Dei
699 787 812 843 est;
849 776 1110 832 diemonis
1148 783 1328 832 autem
1371 775 1493 832 sine
1530 775 1833 830 dilectione.
1870 773 2147 840 Quomodo

565 871 683 924 sine
708 869 1033 926 dilectione?
1060 870 1163 924 hoc
1185 868 1399 923 dicebat
1424 868 1618 924 Petrus
1643 876 1701 922 ut
1723 866 1993 922 Christum
2031 881 2147 920 am-

566 963 891 1034 plecteretur
918 979 931 1015 :
956 961 1060 1017 hoe
1086 959 1336 1015 dicebant
1371 960 1660 1023 daemones,
1701 967 1760 1013 ut
1792 958 2042 1013 Christus
2077 958 2149 1014 ab

563 1055 642 1110 eis
671 1055 970 1110 recederet.
995 1052 1238 1123 Namque
1259 1064 1551 1123 antequam
1573 1053 1854 1109 dicerent:
1881 1072 1899 1103 ε
1932 1052 2144 1108 Scimus

562 1145 655 1212 qui
679 1146 771 1205 sis.
801 1144 968 1200 Filius
991 1144 1118 1210 Dei;
1159 1145 1288 1214 quid
1329 1144 1485 1200 nobis
1527 1153 1581 1198 et
1626 1144 1722 1199 tibi
1759 1152 1843 1200 est
1880 1142 2075 1205 (Marc.
2101 1161 2142 1200 r.

560 1236 680 1307 ΞΛ),
709 1257 729 1290 ι
756 1238 1030 1302 dixerunt,
1058 1254 1081 1290 ι
1105 1235 1242 1305 Quid
1282 1236 1477 1293 venisti
1503 1248 1630 1292 ante
1671 1244 1880 1306 tempus
1918 1237 2143 1305 perdere

563 1343 663 1382 nos
703 1328 856 1399 (Luc.
890 1343 967 1393 tv,
1003 1327 1132 1397 34)?
1169 1346 1188 1380 ι
1222 1326 1383 1382 Aliud
1415 1335 1500 1382 est
1537 1342 1666 1397 ergo
1703 1326 1945 1382 confiteri
1986 1325 2145 1381 Chri-

561 1430 727 1484 stum,
759 1429 818 1474 ut
853 1429 1036 1475 teneas
1064 1418 1363 1481 Christum,
1391 1418 1535 1474 aliud
1565 1418 1811 1475 confiteri
1844 1418 2139 1483 Christum,

560 1519 621 1564 nt
645 1509 873 1580 repellas
891 1510 1171 1566 Christum
1191 1526 1220 1564 a
1244 1518 1316 1564 te.
1340 1509 1483 1579 Ergo
1504 1510 1700 1564 videtis
1725 1510 1849 1578 quia
1871 1509 2141 1579 quomodo

559 1599 649 1654 hic
677 1599 828 1661 dicit,
856 1599 953 1670 qui
980 1599 1178 1664 credit,
1206 1599 1421 1670 propria
1457 1614 1575 1669 qua:
1596 1601 1700 1654 iam
1732 1599 1863 1654 fides
1893 1608 2000 1663 est,
2033 1614 2138 1656 non

2248 595 2367 649 lam
2405 606 2463 651 tu
2493 599 2608 663 die,
2650 599 2696 654 si
2734 607 2905 670 potes,
2954 598 3133 667 Quare
3181 611 3233 656 te
3270 600 3511 656 calcavi?
3553 598 3663 655 Dic
3692 600 3839 657 illud

2248 685 2409 756 capiti
2441 705 2455 741 :
2489 687 2565 743 Te
2605 689 2832 745 osculari
2876 690 3047 761 vidui,
3089 691 3336 762 amplecti
3375 691 3541 746 volui.
3574 690 3690 747 Sed
3719 708 3840 749 non

2248 777 2425 843 vides,
2453 795 2487 834 ο
2513 779 2700 845 stulte,
2730 781 2856 849 quia
2885 782 3117 850 quodvis
3132 781 3383 852 amplecti
3410 797 3507 853 per
3526 785 3838 852 quamdam

2247 880 2556 938 compagem
2587 869 2810 923 unitatis
2845 871 3174 938 pervenitad
3206 869 3257 924 id
3286 870 3427 939 quod
3457 870 3682 927 calcas?
3716 870 3836 927 Sn-

2246 973 2365 1014 sum
2393 975 2477 1016 me
2501 962 2763 1027 honoras,
2796 960 2980 1029 jusnm
3010 978 3094 1018 me
3118 962 3319 1019 calcas.
3351 962 3476 1018 Plus
3500 963 3653 1019 dolet
3679 965 3843 1034 quod

2245 1050 2459 1116 calcas,
2494 1066 2655 1121 quam
2694 1054 2889 1123 gaudet
2919 1053 3062 1123 quod
3100 1054 3364 1119 honoras,
3404 1054 3532 1123 quia
3574 1063 3841 1122 etque:-

2243 1141 2647 1223 honoras’dolet
2672 1158 2772 1215 pro
2806 1144 2885 1198 eis
2913 1159 3055 1214 quos
3074 1144 3279 1200 calcas.
3305 1144 3591 1211 Quomodo
3614 1144 3836 1200 clamat

2243 1230 2463 1302 lingua?
2479 1231 2631 1289 Dolet
2666 1232 2817 1286 mihi.
2858 1232 2973 1287 Non
2999 1232 3155 1299 dicit,
3178 1233 3333 1288 Dolet
3358 1232 3486 1302 petii
3517 1248 3665 1295 meo,
3701 1234 3841 1299 sed,

2243 1321 2400 1377 Dolet
2428 1324 2581 1389 mihi,
2611 1323 2761 1378 dicit.
2792 1323 2842 1380 0
2862 1324 3075 1395 lingua!
3101 1326 3224 1395 quis
3249 1335 3301 1381 te
3322 1324 3539 1396 tetigit?
3563 1326 3695 1395 quis
3716 1327 3835 1380 sti-

2242 1412 2504 1467 mulavit?
2517 1414 2639 1482 quis
2655 1414 2909 1485 pupugit?
2932 1414 3125 1481 Nemo,
3144 1415 3237 1471 sed
3267 1415 3559 1484 conjuncta
3586 1430 3718 1469 sum
3740 1416 3837 1470 eis

2241 1515 2362 1569 qua:
2379 1500 2693 1566 calcantur,
2732 1504 3003 1571 quomodo
3030 1504 3116 1558 vis
3153 1520 3256 1558 non
3288 1503 3529 1567 doleam,
3563 1519 3693 1572 qua:
3711 1519 3833 1557 non

2240 1606 2359 1644 sum
2396 1590 2680 1660 separata?
2723 1592 3086 1649 Ascensurum
3125 1594 3299 1665 Caput
3337 1594 3391 1648 in
3441 1593 3642 1647 eodem
3683 1594 3833 1648 vidit

559 1705 880 1761 mutemque
901 1691 1059 1746 modo
1080 1690 1382 1745 communis
1404 1706 1526 1746 cum
1553 1690 1752 1749 "mltis.
1780 1689 1947 1745 Nemo
1972 1691 2135 1745 Imm.
2158 1730 2199 1767 κ
2241 1682 2438 1737 multos
2469 1682 2832 1739 bonoraturos
2866 1699 2948 1749 se,
2988 1686 3115 1755 quia
3148 1685 3391 1740 ascendit
3413 1685 3467 1740 in
3510 1683 3738 1748 caelum,
3766 1696 3831 1739 et

559 1781 787 1836 ticerqu
828 1782 970 1836 dicat
1018 1782 1188 1848 vobis,
1223 1781 1292 1836 Et
1337 1797 1439 1837 nos
1481 1782 1775 1837 credimus.
1829 1781 1951 1835 Ideo
1992 1781 2135 1835 enim

2240 1773 2372 1828 vidit
2394 1774 2521 1843 quia
2562 1775 2737 1830 honor
2781 1777 3020 1847 ipsorum
3046 1776 3253 1831 inutilis
3281 1788 3387 1843 est,
3420 1779 3465 1831 si
3491 1776 3828 1831 conculcans

556 1870 624 1926 de
645 1872 976 1929 ἀωωοηίδηε
1009 1873 1314 1943 exemplum
1350 1874 1624 1944 proposui,
1658 1888 1724 1928 ne
1752 1874 2035 1945 gaudeatis
2068 1874 2136 1928 ad
2169 1848 2212 1908 Β
2239 1863 2479 1918 membra
2517 1879 2614 1920 sua
2658 1865 2712 1920 ill
2750 1874 2913 1921 terra.
2956 1866 3024 1920 Ει
3066 1882 3134 1921 ne
3178 1868 3299 1936 quis
3326 1875 3558 1930 erraret,
3596 1874 3655 1920 ει
3692 1881 3827 1920 CIIII

534 1960 718 2016 verba
757 1961 1126 2025 credentium,
1170 1963 1266 2017 sed
1304 1962 1596 2032 exploretis
1635 1962 1778 2017 facta
1818 1962 2132 2017 virentium.

551 2046 691 2117 Quid
710 2059 793 2105 est
821 2052 1042 2107 credere
1074 2053 1128 2106 in
1165 2051 1354 2106 illum?
1382 2060 1436 2107 et
1457 2056 1635 2108 omnis
1653 2053 1744 2123 qui
1774 2053 1946 2124 diligit
1967 2052 2134 2109 Geni-

552 2148 746 2204 torem,
770 2140 944 2212 diligit
982 2156 1119 2197 eum-
1148 2144 1239 2213 qui
1280 2143 1495 2215 genitus
1533 2154 1618 2200 cst
1651 2145 1719 2199 ab
1761 2145 1895 2215 ipso.
1940 2145 2134 2199 Statim

552 2227 675 2284 ﬁdei
698 2229 975 2300 conjunxit
996 2231 1357 2294 dilectionem,
1382 2234 1509 2303 quia
1541 2234 1661 2289 sine
1688 2234 1974 2290 dilectione
2004 2234 2135 2290 fides

553 2317 728 2371 inanis
757 2328 859 2372 est.
893 2317 1028 2374 Cum
1062 2319 1351 2376 dilectione
1387 2321 1520 2376 fides
1549 2322 1842 2377 Christiani
1874 2332 1983 2385 est;
2017 2323 2135 2378 sine

550 2406 840 2462 dilectione
888 2407 1022 2464 fides
1063 2409 1339 2465 daemonis.
1395 2409 1496 2477 Qui
1536 2419 1717 2466 autem
1758 2426 1863 2466 non
1906 2412 2134 2467 credunt

550 2496 773 2566 pejores,
806 2507 933 2556 sunt
974 2513 1135 2568 quam
1181 2499 1472 2564 daemones,
1513 2510 1571 2555 et
1612 2501 1897 2555 tardiores.
1944 2502 2132 2563 Omnis

550 2588 642 2657 qui
678 2588 846 2659 diligit
887 2589 1141 2656 Patrem,
1172 2591 1352 2662 diligit.
1379 2591 1592 2646 Filium.
1621 2591 1676 2645 In
1717 2592 1817 2647 hoc
1845 2591 2129 2662 cognosci-

549 2694 689 2743 mus,
724 2681 861 2749 quia
879 2681 1152 2752 diligimus
1181 2681 1316 2738 filios
1351 2682 1465 2738 Dei.
1509 2683 1675 2739 Filios
1718 2682 1810 2737 Dei
1840 2683 2008 2748 dixit,
2037 2683 2128 2753 qui

547 2766 742 2824 Filium
772 2770 932 2841 paulo
961 2781 1086 2826 ante
1112 2772 1346 2838 dicebat,
1374 2774 1499 2844 quia
1533 2774 1625 2828 filii
1666 2773 1762 2828 Dei
1787 2788 1983 2843 corpus
2006 2781 2130 2828 sunt

523 2921 527 2925 _
548 2859 691 2916 unici
716 2860 835 2915 Filii
862 2860 980 2917 Dei.
1013 2862 1079 2916 Et
1105 2878 1229 2918 cum
1257 2863 1347 2918 ilTe
1368 2873 1547 2933 caput,
1571 2878 1671 2919 nos
1697 2864 1963 2927 membra,
1990 2878 2129 2919 unus

550 2949 720 3006 Filius
765 2952 878 3007 Dei.
931 2954 1069 3024 Ergo
1109 2955 1199 3024 qui
1242 2955 1415 3027 diligit
1460 2955 1597 3010 lilios
1641 2955 1759 3019 Dei,
1801 2953 1993 3010 Filium
2036 2955 2125 3008 Dei

547 3041 740 3112 diligit.
775 3042 838 3099 Ει
868 3043 959 3112 qui
990 3043 1379 3114 diligitFilinm
1406 3045 1522 3109 Dei,
1552 3044 1766 3100 Patrem
1795 3044 1985 3116 diligit.
2018 3044 2128 3100 Nec

545 3133 1029 3205 potestquisquam
1056 3133 1271 3188 Patrem
1298 3133 1542 3205 diligere,
1565 3134 1666 3189 nisi
1695 3133 1888 3213 Filium
1916 3134 2121 3199 diligat.

546 3222 613 3277 Et
638 3223 730 3292 qui
768 3223 942 3295 diligit
982 3222 1205 3288 Filium,
1243 3223 1596 3293 diligit-filios
1634 3224 1748 3279 Dei.
1797 3225 1943 3291 Quos
1988 3225 2126 3279 filios

549 3316 677 3372 Dei?
704 3315 939 3373 Membra
963 3317 1081 3372 Filii
1112 3318 1222 3373 Dei.
1258 3317 1322 3374 Et
1347 3318 1615 3385 diligendo
1646 3317 1703 3371 fit
1723 3328 1779 3372 ct
1810 3319 1923 3388 ipse
1953 3334 2124 3372 tuem-

544 3408 741 3471 brum,
765 3416 820 3463 et
858 3409 919 3463 fit
961 3423 1058 3477 per
1103 3408 1444 3463 dilectionem
1490 3408 1541 3461 in
1583 3423 1840 3477 compage
1885 3409 2126 3478 corporis

544 3494 787 3562 Christi,
808 3503 863 3551 et
894 3496 1000 3551 erit
1030 3511 1169 3553 unus
1197 3495 1449 3552 Christus
1475 3511 1666 3551 amans
1702 3497 1969 3566 seipsum;
2003 3512 2125 3551 cum

544 3585 691 3641 enim
734 3600 794 3641 se
834 3585 1062 3641 invicem
1104 3595 1287 3643 amant
1330 3587 1604 3652 membra,
1636 3602 1832 3656 corpus
1869 3600 1928 3641 se
1958 3596 2123 3640 amat.

551 3696 567 3726 ι
606 3674 675 3731 Ει
709 3675 757 3730 si
794 3676 997 3746 patitur
1022 3692 1187 3731 unum
1216 3677 1551 3742 membrum,
1574 3676 1975 3745 :mttpat'tttntur
2005 3691 2124 3729 om-

544 3768 631 3824 uia
681 3771 955 3835 membra;
1003 3778 1058 3825 et
1107 3768 1153 3824 si
1206 3771 1537 3841 gloriﬁcatur
1585 3787 1750 3825 unum
1799 3772 2122 3837 membrum,

543 3863 884 3932 congaudent
920 3863 1102 3918 omnia
1148 3864 1410 3918 membra.
1454 3883 1472 3915 ι
1512 3862 1579 3917 Ει
1608 3863 1737 3932 quid
1768 3870 1983 3917 secutus
2013 3864 2126 3917 ait?

548 3974 569 4005 ι
619 3952 730 4010 Vos
776 3964 956 4011 autem
1007 3959 1141 4012 estis
1187 3971 1384 4027 corpus
1428 3955 1627 4043 Christi
1672 3966 1727 4013 et
1774 3958 2011 4013 membra
2059 3959 2126 4011 de

545 4044 853 4116 membro“
870 4043 1110 4112 Cana",
1133 4045 1224 4113 9.6,
1240 4048 1330 4117 ΞΤ)
1360 4066 1372 4100 :
1395 4067 1414 4101 ι
1433 4075 1498 4088 --
1518 4067 1536 4100 ι
1556 4048 1654 4114 Qui
1670 4048 1811 4102 enim
1836 4047 2128 4120 uon|diligit

544 4135 770 4195 fratrem
816 4152 983 4191 suum-
1017 4153 1175 4207 quem
1225 4139 1397 4201 videt,
1447 4139 1611 4195 Deum
1657 4154 1815 4210 quem
1845 4155 1950 4195 non
1979 4140 2126 4195 videt

548 4227 1028 4296 quomodo-potest!
1049 4227 1305 4298 diligere?
1330 4249 1349 4281 ι
1384 4228 1436 4300 (1
1457 4229 1614 4284 Joan.
1642 4246 1715 4296 tv,
1741 4228 1857 4299 20.)

622 4331 642 4364 ι
661 4313 903 4371 Ειιειιάε
928 4315 1246 4369 cbaritatem
1270 4331 1364 4384 per
1386 4324 1555 4370 totum
1576 4316 1785 4381 orbem,
1801 4317 1846 4372 si
1869 4317 1951 4373 vis
1964 4317 2121 4373 Chri-

551 4412 690 4459 stum
713 4418 915 4466 amare,
940 4405 1067 4474 quia
1095 4404 1333 4459 membra
1359 4403 1554 4460 Christi
1585 4421 1681 4475 per
1708 4407 1893 4461 orbem
1916 4407 2123 4478 jacent,

2237 1950 2489 2006 adoraret
2532 1950 2706 2023 Caput
2749 1953 2804 2008 in
2842 1954 3013 2020 etelo,
3060 1955 3293 2010 calcaret
3325 1956 3490 2025 pedes
3525 1956 3582 2009 in
3633 1964 3827 2019 terra,

2236 2042 2632 2099 cuunuendavit
2692 2046 2932 2101 membra
2983 2046 3035 2101 in
3086 2055 3259 2111 terra,
3314 2047 3453 2101 dixit
3489 2046 3580 2100 ubi
3631 2060 3821 2101 essent

2235 2135 2475 2189 membra
2529 2136 2718 2204 ipsius,
2764 2136 2898 2191 dixit
2943 2137 3105 2192 verba
3140 2138 3460 2203 novissima,
3508 2147 3565 2193 et
3608 2138 3822 2193 disces-

2235 2223 2323 2277 sit.
2370 2221 2497 2279 Post
2534 2226 2648 2294 ipsa
2678 2226 2841 2281 verba
2888 2242 2995 2282 non
3028 2239 3112 2282 est
3149 2228 3361 2283 locutus
3391 2228 3445 2282 in
3489 2236 3658 2282 terra.
3692 2227 3817 2285 lam

2234 2326 2341 2365 non
2386 2313 2593 2370 invenis
2633 2315 2776 2385 loqui
2812 2315 3084 2372 Christum
3134 2318 3186 2372 in
3223 2327 3385 2373 terra.
3417 2317 3635 2373 Iuvenis
3664 2317 3815 2371 illum

2234 2400 2414 2470 loqui,
2453 2405 2547 2459 sed
2597 2406 2663 2459 de
2699 2406 2855 2461 etelo.
2902 2407 2971 2462 Et
3009 2407 3073 2463 de
3117 2408 3231 2479 ipso
3267 2407 3407 2462 ctelo
3443 2409 3651 2477 quare?
3684 2410 3813 2477 quia

2233 2495 2471 2550 tnetnbra
2528 2496 2875 2551 calcabantur
2931 2498 2986 2552 in
3043 2508 3207 2553 terra.
3268 2498 3608 2554 Persecutori
3663 2499 3810 2553 enim

2233 2582 2397 2638 Saulo
2422 2586 2558 2641 dixit
2589 2603 2604 2640 :
2641 2607 2660 2639 ι
2696 2586 2875 2652 Saule,
2906 2587 3090 2654 Saule,
3120 2590 3246 2660 quid
3274 2605 3358 2645 me
3377 2590 3805 2660 persequeris?»

2232 2676 2369 2748 (Act.
2402 2693 2485 2740 Ix,
2517 2677 2595 2748 4.)
2634 2678 2865 2734 Ascendi
2899 2680 2949 2732 iii
2991 2680 3219 2744 caelum,
3250 2680 3343 2735 sed
3370 2681 3546 2734 adhuc
3573 2680 3628 2733 in
3662 2688 3808 2734 terra

2223 2768 2405 2837 jaceo;
2434 2768 2520 2823 hic
2542 2769 2610 2822 ad
2629 2770 2907 2824 dexteram
2928 2770 3104 2825 Patris
3124 2772 3303 2835 sedeo,
3333 2770 3401 2826 ibi
3424 2771 3605 2831 adhuc
3627 2771 3810 2826 esurio

2228 2870 2285 2914 et
2320 2860 2475 2927 sitio,
2516 2871 2571 2915 et
2604 2862 2922 2932 peregrinus
2958 2879 3099 2917 sum.
3140 2863 3422 2930 Quomodo
3451 2878 3584 2933 ergo
3609 2879 3813 2932 corpus

2228 2964 2383 3004 suum
2411 2951 2808 3006 commendavit
2844 2952 2897 3005 itt
2929 2960 3105 3016 terra,
3136 2954 3496 3009 ascensurus?
3524 2953 3812 3023 discipulis

2228 3039 2340 3094 suis
2364 3040 2675 3109 respondit;
2708 3058 2728 3092 ι
2758 3041 3048 3111 Accipietis
3075 3043 3325 3098 virtutem
3358 3042 3599 3113 Spiritus
3627 3047 3809 3099 sancti

2178 3186 2197 3208 ν
2230 3130 2661 3200 supervenientis
2690 3131 2743 3185 in
2781 3147 2907 3198 vos,
2932 3140 2989 3187 et
3018 3133 3174 3188 eritis
3204 3134 3336 3187 mihi
3368 3142 3537 3189 testes
3565 3134 3619 3189 in
3650 3133 3813 3190 Jeru-

2229 3219 2418 3285 salem,
2446 3229 2501 3274 et
2524 3220 2575 3275 in
2607 3222 2752 3275 onmi
2772 3220 2977 3286 ludam,
3004 3233 3060 3278 et
3085 3222 3329 3278 Samaria
3361 3232 3416 3278 et
3443 3239 3618 3293 usque
3644 3225 3701 3280 in
3729 3236 3813 3281 to-

2230 3318 2337 3364 tam
2365 3320 2562 3366 terram
2591 3312 2724 3382 (Act.
2750 3328 2792 3377 ι,
2814 3311 2889 3383 8).
2911 3333 2931 3365 ι
2949 3312 3085 3369 Ecce
3106 3330 3209 3384 qua
3230 3313 3409 3382 jaceo,
3432 3316 3523 3384 qui
3544 3318 3809 3383 ascendo,

2228 3402 2461 3456 ascendo
2499 3402 2641 3457 enim
2677 3403 2801 3471 quia
2833 3414 2991 3463 caput
3031 3421 3148 3459 sum
3171 3445 3187 3471 ,
3211 3405 3358 3472 jacet
3391 3405 3573 3461 adhuc
3610 3420 3810 3476 corpus

2229 3508 2427 3547 meum.
2458 3491 2572 3560 Qua
2604 3492 2784 3563 jacet?
2815 3509 2910 3564 per
2947 3504 3115 3551 totam
3151 3505 3368 3551 terram.
3409 3495 3557 3552 Cave
3586 3510 3654 3551 ne
3681 3513 3810 3568 per-

2228 3584 2435 3649 cutias,
2474 3600 2606 3639 cave
2645 3601 2712 3639 ne
2741 3586 2942 3653 violes,
2979 3603 3112 3644 cave
3150 3604 3218 3643 ne
3256 3589 3455 3644 calces.
3494 3586 3808 3644 Novissima

2229 3675 2390 3728 verba
2425 3674 2623 3730 Christi
2660 3685 2786 3731 sunt
2813 3676 2914 3732 ista
2938 3677 3066 3733 ituri
3096 3676 3149 3731 in
3180 3677 3399 3732 etclam.
3431 3678 3690 3744 Fratres,
3714 3694 3807 3734 co-

2228 3764 2391 3834 gitate
2414 3764 2710 3821 visceribus
2731 3765 3069 3833 Christianis,
3097 3768 3140 3822 si
3164 3768 3469 3824 haeredibus
3493 3769 3808 3824 carnalibus

2229 3856 2522 3910 novissima
2566 3858 2729 3912 verba
2776 3858 3021 3912 morituri
3071 3860 3238 3929 patris
3282 3858 3403 3928 plus
3438 3870 3569 3915 sunt
3604 3861 3803 3926 dulcia,

2228 3946 2350 4017 plus
2377 3955 2557 4018 grata,
2590 3958 2644 4004 et
2683 3946 2901 4017 majoris
2930 3950 3183 4019 ponderis
3214 3965 3338 4004 mox
3375 3950 3506 4005 ituri
3538 3952 3593 4004 in
3624 3952 3803 4020 sepul—

2228 4055 2401 4106 crum;
2444 4040 2749 4096 hmrcdibus
2785 4041 2987 4097 Christi
3027 4044 3203 4112 qualia
3243 4044 3440 4099 debent
3476 4058 3601 4101 esse
3636 4047 3802 4101 verba

2228 4133 2521 4187 novissima
2547 4148 2651 4187 non
2680 4134 2901 4189 redituri
2932 4135 2987 4189 in
3012 4149 3351 4205 sepulcrum,
3385 4137 3481 4192 sed
3520 4139 3800 4192 escensuri

2228 4224 2280 4278 in
2307 4223 2544 4279 coelum?
2575 4225 2638 4279 Et
2664 4226 2706 4279 si
2737 4226 2855 4295 plus
2881 4228 3259 4282 custodiuntur
3286 4244 3316 4280 a
3347 4227 3474 4283 filiis
3501 4229 3800 4285 novissima

2228 4316 2391 4370 verba
2424 4317 2702 4371 morientis
2739 4318 2944 4387 patris,
2990 4318 3144 4388 cujus
3181 4319 3417 4374 cadaver
3452 4319 3507 4374 in
3550 4320 3800 4391 sepulcro

2227 4408 2343 4460 sine
2382 4423 2541 4462 sensu
2575 4406 2745 4475 jacet,
2791 4409 2921 4479 quid
2957 4410 3058 4464 sibi
3097 4420 3319 4478 sperant
3350 4410 3459 4476 iiIi,
3504 4413 3598 4480 qui
3636 4413 3799 4467 verba

548 4493 640 4550 ubi
668 4493 999 4557 esse-debes,
1032 4502 1089 4546 ut
1118 4493 1216 4548 sub
1242 4494 1417 4563 capite
1450 4495 1544 4549 sis.
1582 4495 1638 4550 Si
1672 4496 1722 4549 in
1760 4511 1987 4565 corpore
2015 4513 2122 4553 non
2150 4513 2203 4574 ο
2229 4496 2519 4550 novissima
2554 4497 2792 4552 sedentis
2822 4498 2876 4553 in
2901 4498 3039 4553 cmlo
3076 4514 3181 4552 nou
3207 4499 3538 4565 custodiunt,
3566 4501 3798 4556 videntis

546 4602 627 4649 es,
657 4585 757 4640 sub
780 4584 958 4654 capite
993 4599 1203 4639 nones.
1255 4584 1393 4650 Quid
1439 4584 1676 4653 prodest,
1715 4585 1838 4655 quia
1863 4587 2039 4643 credis
2069 4596 2124 4642 et

530 4675 928 4746 blasphemas?
951 4674 1147 4729 adoras
1176 4674 1321 4728 illum
1344 4674 1396 4730 in
1419 4676 1612 4746 capite,
1635 4685 1687 4730 et
1710 4677 2045 4747 blasphemas
2070 4680 2120 4734 in

546 4785 792 4841 corpore.
822 4770 986 4824 Amat
1016 4768 1105 4823 ille
1132 4783 1327 4838 corpus
1351 4784 1527 4823 suum.
1558 4768 1614 4824 Si
1645 4779 1699 4823 tu
1730 4777 1779 4823 te
1804 4770 2120 4839 prmscidisti

548 4880 578 4918 a
623 4878 849 4934 corpore
896 4849 1092 4931 ipsius,
1141 4870 1304 4932 caput
1348 4877 1453 4915 non
1499 4877 1558 4917 se
1598 4863 1867 4933 pra‘scidit
1913 4879 1943 4917 a
1995 4879 2121 4918 cor-

548 4969 681 5025 pore
722 4968 843 5007 suo.
892 4952 1020 5008 Siue
1048 4967 1210 5007 causa
1257 4968 1341 5007 me
1376 4951 1627 5016 honoras,
1674 4952 1870 5008 clamat
1906 4952 1997 5008 tibi
2029 4968 2121 5010 ca-

545 5053 640 5114 put
705 5044 963 5114 desuper;
1020 5043 1138 5097 sine
1197 5056 1358 5096 causa
1408 5058 1493 5096 me
1538 5039 1791 5097 honores.
1842 5039 2120 5112 Tanquam

2225 4588 2452 4656 desuper
2477 4603 2543 4641 an
2583 4597 2960 4642 contemnatur
2984 4603 3052 4642 an
3084 4604 3188 4643 non
3219 4598 3629 4655 contemnatur,
3659 4591 3797 4647 illius

2223 4683 2312 4751 qui
2335 4682 2471 4736 dixit
2493 4699 2506 4735 :
2526 4698 2544 4732 ι
2564 4679 2748 4743 Saule,
2762 4680 2943 4744 Saule,
2964 4681 3092 4749 quid
3109 4695 3194 4734 me
3215 4682 3593 4750 persequeris?
3612 4700 3632 4733 ι
3658 4683 3795 4752 (Act.

2226 4789 2300 4837 Ix,
2338 4770 2417 4841 4.)
2457 4770 2557 4836 Qui
2598 4779 2780 4825 servat
2818 4770 2885 4825 ad
2920 4769 3182 4839 judicium
3221 4770 3481 4840 quidquid
3511 4772 3661 4826 ridet
3686 4773 3794 4841 pati

2225 4861 2463 4916 membra
2495 4875 2613 4922 sua,
2640 4860 2834 4927 quibus
2855 4859 3073 4930 gravior
3092 4869 3149 4915 et
3167 4859 3561 4915 intolerabilior
3583 4872 3668 4916 est
3692 4878 3797 4916 ma-

2223 4952 2400 5006 chzcra
2428 4949 2619 5019 linguae
2640 4950 3036 5015 haereticorum,
3057 4965 3218 5020 quam
3242 4948 3373 5005 ferri
3399 4966 3793 5022 paganorum.»

2788 5062 3015 5118 CAPUT
3051 5062 3220 5118 XXX.
