4064 5394
305 323 445 377 “I3

918 315 1280 373 ADVERSUS
1309 314 1721 374 SIMONIACOS
1757 316 1937 375 Lle
1969 318 2169 376 TRES.
2207 353 2275 362 —
2309 321 2511 378 LIBER
2545 320 2930 380 SECUNDUS.

3420 319 3554 373 HM

302 445 471 491 tatem
510 443 835 510 ascensupus
871 429 938 483 ad
983 431 1087 485 hoc
1122 430 1293 485 solum
1333 429 1734 501 suscipiendam
1766 431 1878 487 suis
1904 438 1954 496 Α
1985 444 2069 489 tor
2101 436 2389 491 suscitabit
2416 437 2622 502 zelum,
2655 435 3039 492 vociferabitur
3065 443 3120 489 et
3148 434 3429 496 c.antabit,
3464 447 3558 487 su-

301 521 580 593 discipulis
605 519 870 584 asseruit,
915 528 973 573 ut
1008 519 1428 576 resurrectionis
1456 520 1577 590 ejus
1605 530 1660 575 et
1692 521 1878 581 chari-

301 616 431 671 tatis
457 611 636 667 ubivis
675 619 940 666 terrarum
970 619 1135 666 testes
1171 610 1298 665 sint.
1339 609 1447 666 Sed
1485 612 1880 681 perversissimi

304 704 585 760 hominum
615 702 864 757 conversi
896 702 951 756 in
978 717 1165 757 arcum
1196 715 1541 772 perversum,
1568 716 1690 757 eum
1718 715 1747 755 a
1774 716 1882 770 quo

302 793 502 850 intensi
550 800 679 846 sunt
722 790 991 861 impetum
1032 801 1089 846 et
1134 791 1474 862 percutiunt,
1523 790 1615 845 ubi
1666 791 1882 846 divitias

300 886 491 959 gratiae
517 881 634 953 ejus
657 898 793 952 quas
820 882 959 950 jussi
987 892 1112 937 sunt
1141 883 1392 937 omnibus
1420 881 1591 947 gratis
1620 879 1759 936 sicut
1785 895 1880 936 ac-

301 987 565 1047 ceperunt
599 991 870 1044 exponere
909 984 964 1030 et
1000 989 1255 1046 erogare,
1305 973 1373 1027 ad
1418 973 1654 1043 pretium
1700 973 1885 1027 distri-

302 1069 470 1122 bnerc
501 1074 854 1136 praesumunt.
896 1065 988 1120 Sic
1020 1065 1215 1138 ingrati
1254 1063 1509 1127 Christo,
1541 1073 1728 1117 contra
1758 1077 1880 1116 eum

302 1159 417 1213 suis
460 1158 615 1212 donis
658 1156 945 1227 pugnaturi
993 1157 1316 1226 insurgunt,
1371 1163 1427 1209 et
1474 1152 1722 1208 ﬁdelibus
1766 1154 1884 1219 ejus

303 1261 562 1320 tanquam
613 1251 868 1304 membris
911 1248 1079 1319 ipsius
1130 1247 1394 1318 pessimas
1445 1253 1501 1301 et
1554 1246 1884 1300 insanabiles

302 1339 491 1410 plagas
520 1340 825 1410 imponunt,
854 1340 981 1409 quia
1012 1338 1078 1394 ad
1109 1337 1304 1408 ipsum,
1339 1337 1433 1407 qui
1461 1345 1625 1405 caput
1661 1350 1883 1390 suorum

301 1436 384 1483 est
407 1428 713 1499 pertingere
735 1438 1025 1497 nequeunt.
1049 1428 1217 1493 Quem
1246 1428 1347 1481 etsi
1371 1425 1527 1481 labiis
1548 1442 1607 1480 se
1634 1440 1885 1480 nonnun-

303 1535 469 1589 quam
508 1518 648 1573 velle
693 1520 963 1573 honorare
1005 1518 1241 1588 lingunt,
1285 1517 1480 1588 injuria
1526 1526 1609 1572 est
1657 1517 1729 1571 illi
1774 1533 1883 1572 non

306 1611 608 1667 reverentia
641 1618 808 1665 totum
846 1610 989 1680 quod
1025 1621 1223 1681 agunt,
1260 1610 1497 1679 quandiu
1545 1610 1731 1666 ﬁdeles
1770 1609 1886 1679 ejus

302 1716 404 1755 sua
442 1699 666 1770 perfidia
710 1709 967 1770 tanquam
1008 1698 1159 1755 fures
1190 1708 1246 1753 et
1275 1688 1517 1754 latrones
1548 1700 1883 1755 interimunt.

1966 520 2078 596 per
2106 526 2358 583 inimicos
2385 541 2515 583 suos
2536 527 2953 593 confortabitnr,
2986 525 3183 598 quibus
3214 534 3339 579 tunc
3372 524 3513 580 dicet
3546 543 3559 578 :

1982 615 2148 671 Tacui
2184 631 2431 687 semper,
2469 616 2622 681 silui,
2662 618 2872 688 patiens
2913 618 3021 684 fui,
3070 616 3209 672 sicut
3246 615 3564 685 parturiens

1982 706 2203 776 loquar;
2242 708 2357 762 haec
2381 709 2526 761 enim
2555 707 2757 763 fecistis
2775 748 2790 773 ,
2817 718 2873 763 et
2898 709 3038 763 tacui
3062 705 3233 777 (Psal.
3263 723 3385 762 xu:
3412 748 3427 774 ,
3448 706 3562 776 20).

1982 792 2137 853 Unde
2175 798 2300 867 quia
2343 796 2603 868 paulatim
2641 808 2699 852 et
2748 798 2947 867 partim
2993 797 3296 866 dissipastis
3340 812 3564 867 gregem

1983 902 2159 940 meum
2179 926 2193 950 ,
2221 895 2277 941 et
2304 886 2691 952 absorbuistis,
2721 887 2998 957 dissipabo
3027 902 3124 942 vos
3142 926 3157 952 ,
3185 896 3239 942 et
3258 886 3566 941 absorbebo

1982 977 2163 1032 simul.

2533 1067 2760 1124 CAPUT
2801 1068 2991 1125 XXXI.

1985 1179 2060 1234 De
2086 1179 2287 1235 malitia
2315 1179 2735 1234 Simoniacorum
2755 1221 2772 1243 ,
2800 1192 2847 1251 et
2880 1182 3020 1251 quod
3044 1181 3245 1251 pejores
3271 1182 3379 1237 sint
3404 1181 3571 1235 latro—

2329 1252 2509 1315 nibus,
2545 1261 2591 1303 et
2618 1252 2731 1304 sine
2762 1250 2940 1320 aliqua
2971 1250 3074 1320 ﬁde
3103 1250 3221 1306 Dei.

2053 1338 2327 1395 Adversus
2352 1355 2488 1408 quos
2514 1340 2679 1394 falsos
2704 1350 2897 1406 testes,
2926 1355 3063 1410 quos
3079 1340 3193 1409 jam
3217 1341 3567 1415 impassibilis

1984 1429 2170 1494 Jesus,
2205 1432 2299 1487 sed
2330 1432 2506 1487 adhuc
2535 1431 2671 1486 tales
2698 1433 2909 1503 patiens
2933 1433 2985 1486 in
3008 1432 3355 1501 passionibus
3373 1433 3567 1491 Eccle-

1986 1521 2079 1576 site
2108 1536 2246 1586 suae,
2278 1520 2467 1590 quales
2508 1521 2659 1590 prius
2694 1536 2887 1590 passus
2927 1530 3036 1585 est,
3083 1522 3136 1576 in
3174 1536 3235 1576 se
3264 1522 3570 1591 interpellat

1987 1612 2236 1679 Patrem,
2265 1614 2448 1668 dicens
2472 1629 2569 1683 per
2595 1612 2935 1669 Psaltnistam
2964 1632 2979 1668 ;
3013 1631 3032 1664 ι
3065 1613 3143 1669 Ne
3170 1614 3459 1669 tradideris
3484 1630 3570 1667 tne

1990 1705 2041 1759 in
2074 1705 2281 1759 animas
2309 1704 2747 1775 persequentium
2776 1719 2890 1771 me,
2918 1706 3044 1775 quia
3074 1706 3488 1761 insurrexerunt
3515 1704 3570 1757 in

301 1792 458 1859 Quod
506 1790 655 1846 velut
700 1806 830 1846 oves
877 1790 1151 1860 simplices
1199 1790 1301 1845 sub
1346 1790 1602 1844 simulato
1652 1791 1885 1859 pastoris
1917 1774 1960 1833 Β
1991 1811 2077 1851 me
2134 1774 2323 1851 testes,
2360 1796 2567 1864 iniqui,
2622 1804 2677 1850 et
2724 1774 2951 1851 mentita
3013 1807 3097 1852 est
3159 1796 3415 1865 iniquitas
3468 1794 3574 1850 sibi

300 1885 462 1941 sibilo
491 1885 741 1939 seductas
765 1884 866 1938 sibi
896 1891 1199 1939 convocant
1219 1924 1233 1949 ,
1272 1883 1460 1951 sicque
1496 1898 1639 1937 nunc
1666 1881 1883 1949 furtim,

301 1988 449 2033 nunc
470 1976 665 2046 raptim
683 1974 893 2030 diabolo
916 1976 1181 2046 gregatim
1206 1975 1511 2040 itnmolant,
1527 1974 1652 2028 dum
1667 1988 1889 2028 consen-

303 2071 445 2123 tiunt
485 2076 541 2121 ιιι
582 2067 650 2121 ab
690 2067 771 2121 eis
805 2075 1018 2121 ematur
1057 2067 1199 2135 quod
1235 2080 1341 2119 non
1389 2065 1550 2119 aliter
1597 2063 1886 2133 accipitur,

301 2161 407 2214 ι.ἰεί
433 2168 488 2212 ιιι
509 2158 677 2227 gratis
698 2159 872 2214 detur.
899 2157 1018 2225 Quo
1047 2158 1299 2229 contagio
1322 2158 1565 2227 pauculae
1588 2173 1717 2212 oves
1740 2174 1887 2211 mor-

299 2252 442 2307 biJa:
474 2260 644 2306 totum
672 2264 887 2321 gregem
917 2252 1323 2316 contaminant,
1354 2250 1479 2303 dum
1508 2250 1758 2303 carnales
1787 2248 1888 2302 alia

300 2342 394 2414 qui
428 2344 618 2397 morbo
666 2343 966 2396 ambitiosae
1006 2342 1246 2396 avaritiae.
1282 2340 1501 2406 attacti,
1543 2342 1736 2411 pabula
1773 2356 1886 2397 (ιω-

301 2435 453 2491 lestis
482 2433 740 2488 doctrinae
770 2431 1084 2497 fastidiunt,
1114 2440 1166 2485 et
1195 2430 1364 2485 oculis
1395 2443 1670 2494 pastorum
1704 2449 1764 2486 se
1792 2447 1889 2500 per

300 2524 460 2579 devia
492 2524 745 2577 vitiorum
775 2522 1051 2576 abducunt
1075 2530 1125 2576 et
1158 2521 1518 2575 abscondunt.
1550 2521 1889 2592 Quapropter

303 2633 337 2671 a
373 2612 824 2683 latrocinantibus
861 2612 1216 2677 Simoniacis,
1254 2611 1402 2667 velut
1439 2613 1691 2684 solivaga:
1727 2629 1887 2678 oves,

304 2705 532 2771 inventi,
563 2706 884 2775 quantocius
910 2721 1019 2777 pra!
1045 2707 1325 2760 nimietate
1351 2706 1524 2759 morbi
1554 2705 1637 2759 sui
1666 2720 1891 2760 concor-

303 2800 441 2855 dant
476 2813 666 2853 eorum
706 2798 991 2852 voluntati.
1040 2797 1302 2853 Occidere
1350 2797 1496 2852 enim
1548 2796 1733 2852 volunt
1782 2798 1885 2861 illi,

304 2890 444 2945 mori
486 2890 594 2944 isti.
626 2888 897 2956 Quaerunt
925 2888 1000 2943 illi
1042 2889 1381 2953 interficere,
1421 2887 1508 2941 isti
1544 2902 1649 2941 non
1686 2887 1886 2942 vivere.

301 2981 383 3037 Illi
422 2981 679 3052 perdere,
718 2982 807 3037 isti
836 2981 1036 3050 perire.
1077 2980 1169 3035 Sic
1214 2980 1287 3035 illi
1320 2989 1377 3035 et
1420 2980 1506 3035 isti
1538 2988 1593 3034 et
1630 2981 1699 3035 ad
1732 2996 1888 3033 suam

303 3071 687 3143 perditionem,
713 3081 768 3126 et
797 3073 960 3126 totius
984 3070 1237 3126 Ecclesiae
1262 3069 1568 3141 contagium
1592 3069 1659 3125 de
1682 3068 1887 3140 Spiritu

310 3170 508 3218 sancto
554 3161 775 3217 carnale
812 3162 898 3217 vel
932 3162 1197 3218 seaculare
1233 3161 1547 3232 excogitant
1594 3171 1649 3217 et
1675 3160 1888 3215 faciunt

306 3255 740 3310 mercimonium.
785 3254 1025 3323 Quorum
1065 3255 1371 3325 persecutio
1420 3253 1634 3323 gravior
1668 3252 1887 3309 Christo

303 3357 389 3402 est
418 3362 578 3417 quam
605 3347 970 3416 quorumlibet
991 3363 1344 3418 paganorum,
1369 3347 1459 3416 qui
1490 3345 1703 3417 publica
1730 3345 1888 3400 επιενί-

306 3441 382 3495 tia
406 3447 457 3496 et
482 3439 808 3496 transitoriis
827 3440 999 3511 plagis
1025 3440 1427 3495 debacchantur
1447 3440 1500 3493 in
1526 3439 1884 3505 Christianos,

306 3547 471 3600 quam
505 3532 727 3586 istorum
757 3533 880 3601 qui,
908 3530 1118 3586 occulta
1150 3530 1573 3600 conspiratione,
1620 3531 1718 3586 sub
1746 3545 1886 3601 agno

305 3621 459 3695 pacis
483 3622 841 3692 sempiternas
863 3631 1063 3675 mortes
1092 3619 1349 3675 inferunt.

380 3712 533 3781 Quod
576 3713 621 3767 si
669 3711 921 3768 Christus
960 3711 1165 3781 perpeti
1213 3711 1400 3780 nequit
1449 3709 1884 3782 persecutionem

307 3794 676 3857 membrorum
703 3818 942 3868 suorum,
970 3802 1096 3873 quin
1119 3801 1185 3857 de
1214 3801 1353 3856 caelo
1382 3801 1549 3856 Saulo
1569 3817 1692 3857 eum
1730 3801 1883 3871 igno-

311 3888 471 3957 ranti,
498 3902 550 3947 et
575 3892 747 3947 zelum
775 3892 865 3948 Dei
889 3892 1134 3961 quamvis
1155 3907 1259 3947 non
1283 3892 1579 3948 secundum
1603 3892 1884 3948 scientiam

309 3984 552 4047 habenti,
583 3982 922 4049 inclamaret,
953 3984 1233 4053 vismnqne
1258 3999 1599 4038 communem
1626 3984 1881 4049 auferret,

308 4073 440 4144 quid
479 4083 732 4144 putamus
778 4073 870 4129 lict
920 4072 1070 4139 istis,
1118 4073 1206 4142 qui
1252 4075 1579 4128 conlitentur
1621 4090 1680 4129 se
1727 4086 1886 4128 nosse

309 4161 512 4227 Deum,
550 4173 605 4218 et
642 4174 878 4219 rectores
917 4163 1171 4218 Ecclesia:
1213 4164 1410 4251 ipsius,
1450 4172 1506 4218 et
1534 4173 1725 4218 tamen
1768 4163 1885 4219 zelo

309 4254 575 4310 diabolica
600 4254 912 4310 inﬂammati
932 4297 946 4322 ,
975 4257 1209 4311 scienter
1234 4272 1337 4310 non
1363 4257 1615 4312 desinunt
1639 4257 1887 4312 innume-

310 4359 403 4400 ras
446 4344 679 4400 lldelium
726 4348 937 4402 animas
986 4348 1268 4417 persequi,
1313 4356 1368 4401 et
1409 4347 1697 4419 jugulare?
1734 4348 1796 4402 Et
1839 4349 1883 4403 si

1992 1884 2164 1955 (Psul.
2222 1900 2370 1949 xxvi,
2425 1885 2536 1956 12).
2562 1905 2581 1937 ι
2632 1885 2777 1951 Quos
2806 1885 3337 1955 quantulamcunque
3370 1884 3576 1955 scintil-

1991 1978 2094 2031 lant
2141 1977 2445 2032 dilectionis
2480 1977 2609 2042 Dei,
2651 1988 2707 2033 et
2755 1978 2989 2047 proximi
3039 1987 3312 2033 retentare
3349 1978 3574 2047 impiunt

1990 2060 2075 2123 est
2126 2070 2374 2124 credere.
2434 2070 2655 2125 Dilectit
2713 2071 2859 2124 enim
2904 2070 3002 2125 Dci
3058 2079 3116 2125 et
3167 2070 3398 2141 proximi
3449 2086 3573 2140 pro-

1988 2162 2106 2230 pria
2155 2169 2209 2215 et
2255 2161 2510 2229 specialis
2540 2162 2713 2215 virtus
2761 2171 2845 2217 est
2893 2162 3103 2231 piorum
3151 2172 3311 2231 atque
3359 2169 3573 2216 sancto.

1992 2269 2148 2318 ruut,
2200 2268 2325 2307 cum
2371 2262 2583 2307 caetera:
2626 2254 2854 2307 virtutes
2881 2250 3038 2307 bonis
3084 2268 3147 2306 ac
3185 2251 3338 2306 malis
3368 2251 3578 2320 possint

1989 2360 2110 2398 esse
2159 2359 2501 2408 communes,
2552 2359 2670 2412 quae
2715 2343 2950 2413 qualiter
2998 2352 3179 2413 potest
3233 2342 3412 2398 inesse
3470 2341 3579 2397 illis

1989 2432 2079 2502 qui
2125 2433 2287 2503 Deum
2319 2434 2398 2488 sic
2423 2433 2727 2502 despiciunt
2757 2441 2813 2487 ut
2838 2448 2962 2487 eum
2989 2433 3150 2487 etiam
3182 2433 3413 2487 vendere
3440 2448 3576 2502 quo-

1991 2524 2123 2579 libet
2144 2526 2317 2594 pretio
2346 2523 2629 2588 laborent,
2652 2533 2707 2577 et
2734 2524 3040 2592 proximum
3066 2523 3148 2577 sic
3174 2523 3410 2577 oderunt
3430 2531 3486 2576 ut
3507 2524 3579 2578 ab

1990 2630 2055 2669 eo
2084 2615 2292 2669 viscera
2323 2630 2419 2670 sua
2446 2616 2668 2670 omnino
2691 2615 2968 2679 claudant,
2992 2629 3060 2667 ne
3088 2613 3259 2683 gratis
3281 2614 3578 2682 accipiant,

1990 2706 2133 2775 quod
2162 2706 2236 2759 illi
2270 2720 2366 2774 per
2396 2706 2543 2775 ipsos
2568 2705 2750 2759 divina
2779 2705 2949 2775 gratis
2972 2704 3089 2759 da-ri
3120 2703 3307 2767 voluit,
3336 2712 3389 2759 et
3408 2702 3577 2772 juss’t

1992 2798 2230 2870 largitas.
2266 2798 2366 2865 Qui
2399 2800 2444 2851 si
2473 2798 2638 2857 etiam
2674 2797 3037 2852 substantiam
3074 2796 3259 2851 mundi
3292 2795 3453 2865 hujus
3483 2797 3579 2851 ha-

1992 2890 2178 2943 bentes
2224 2889 2470 2958 proximo
2517 2887 2896 2943 necessitatem
2944 2887 3168 2955 patienti
3221 2887 3431 2941 viscera
3481 2903 3579 2943 sua

1990 2980 2334 3045 clauderent,
2370 2996 2473 3036 nec
2510 2981 2577 3035 de
2614 2996 2714 3035 suo
2748 2980 2953 3049 aliquid
2985 2982 3156 3051 gratis
3191 2980 3411 3046 darent,
3441 2995 3580 3050 quo-

1917 3109 1961 3172 C
1994 3077 2154 3129 modo
2177 3073 2417 3128 cltaritas
2442 3074 2564 3140 Dei,
2595 3090 2716 3144 qua:
2740 3073 2953 3129 nonnisi
2978 3073 3247 3143 geminata
3274 3081 3391 3139 est,
3419 3072 3471 3126 in
3499 3073 3582 3127 eis

1991 3164 2268 3219 maneret?
2311 3162 2361 3235 (1
2388 3162 2553 3217 Joan.
2600 3180 2683 3229 ιιι,
2714 3162 2825 3233 17.)
2865 3163 2971 3218 Sed
3015 3162 3105 3216 isti
3154 3177 3257 3217 non
3299 3161 3472 3216 solum
3513 3161 3583 3216 de

1988 3267 2089 3308 suo
2124 3250 2257 3306 nihil
2297 3252 2459 3318 dant,
2496 3252 2590 3308 sed
2622 3260 2679 3306 ut
2701 3252 2829 3306 dent
2858 3252 3001 3321 quod
3027 3268 3057 3305 a
3100 3250 3213 3306 Deo
3236 3251 3409 3322 gratis
3444 3251 3579 3306 dan-

1989 3344 2116 3399 dum
2152 3343 2324 3414 gratis
2350 3352 2710 3414 acceperunt,
2759 3342 3031 3398 infelicem
3074 3344 3382 3413 proximum
3422 3342 3589 3399 bonis,

1989 3433 2240 3488 omnibus
2298 3433 2544 3502 corporis
2622 3441 2679 3488 et
2716 3432 2910 3487 animae
2954 3431 3219 3501 spoliant,
3266 3433 3347 3487 sic
3388 3442 3580 3487 contra

1986 3524 2303 3579 charitatem
2327 3524 2599 3591 obdurati,
2623 3532 2803 3579 utnec
2826 3538 2889 3578 os
2916 3522 3023 3578 Deo
3043 3524 3291 3592 aperiant
3312 3523 3582 3578 charitate

1987 3615 2133 3671 illius
2173 3615 2258 3670 vel
2306 3616 2575 3686 proximi,
2614 3616 2717 3671 nisi
2759 3615 3063 3671 interventu
3103 3614 3311 3668 nummi
3340 3615 3453 3669 dati
3495 3615 3579 3670 vel

1986 3709 2153 3778 pacti.
2201 3709 2294 3773 Et,
2338 3725 2372 3764 ο
2427 3718 2634 3778 quanto
2686 3709 2900 3779 pejores
2949 3706 3249 3760 latronibus
3296 3706 3578 3775 pessimis,

1986 3805 2076 3873 qui
2125 3802 2287 3857 simul
2336 3802 2573 3856 animam
2628 3815 2934 3870 corpusoue
2989 3797 3219 3868 proximi
3280 3798 3576 3869 dilaniant,

1987 3910 2108 3949 cum
2135 3894 2224 3948 alii
2253 3893 2489 3948 latrones
2516 3892 2596 3948 sic
2618 3906 2817 3960 corpus
2845 3890 3097 3945 occidant
3126 3899 3182 3943 ut
3213 3890 3449 3944 animam
3481 3902 3581 3942 oc-

1987 3985 2170 4040 cidere
2200 3991 2493 4053 nequeant.
2525 3982 2752 4036 Constat
2779 3994 2910 4050 ergo
2932 3994 3026 4034 eos
3053 3980 3125 4034 nil
3148 3978 3432 4034 cliaritatis
3458 3976 3581 4051 Dei,

1987 4092 2147 4147 quem
2194 4090 2304 4129 non
2344 4074 2529 4129 vident
2559 4074 2794 4137 habere,
2830 4071 2919 4139 qui
2960 4080 3066 4124 tam
3104 4071 3337 4140 pessime
3380 4076 3580 4141 norunt

1989 4165 2324 4235 proximum,
2378 4177 2539 4233 quem
2572 4162 2759 4216 vident
2787 4160 3042 4231 diligere,
3085 4176 3244 4230 quem
3288 4160 3332 4215 si
3373 4160 3579 4231 aliqua-

1991 4267 2146 4311 tenus
2186 4271 2282 4326 pro
2317 4255 2460 4320 Deo,
2490 4262 2554 4309 et
2596 4252 2648 4307 in
2678 4253 2791 4307 Deo
2825 4252 3143 4322 diligerent,
3176 4249 3290 4320 jam
3330 4250 3575 4309 haeretici

1989 4366 2093 4403 non
2136 4357 2347 4414 essent,
2386 4349 2512 4418 quia
2546 4346 2857 4403 necessario
2899 4354 3105 4400 tantum
3139 4354 3299 4415 rectae
3326 4344 3447 4400 lidei
3474 4344 3583 4399 etsi

313 4433 508 4491 Saulus
532 4452 629 4493 oro
655 4438 916 4508 corporali
948 4439 1322 4507 persecutione
1353 4448 1499 4494 tanto
1527 4439 1728 4509 impetu
1761 4456 1884 4510 per-
1917 4449 1962 4507 1)
1991 4442 2229 4498 minimae
2257 4449 2514 4511 quantum
2544 4455 2687 4497 vera:
2718 4437 3023 4492 dilectionis
3052 4436 3335 4491 haberent.

312 4525 773 4606 cellitur,quanto,
792 4536 966 4594 putas,
985 4528 1070 4582 isti
1089 4543 1187 4598 pro
1207 4528 1468 4598 spirituali
1483 4530 1886 4599 percelluntur?

314 4618 468 4677 Unde
493 4619 580 4674 ille
599 4617 725 4689 jure
751 4619 931 4674 amisit
958 4620 1024 4673 ad
1050 4630 1256 4690 tempus
1281 4620 1470 4676 oculos
1497 4622 1773 4690 corporis;
1800 4623 1886 4678 isti

315 4720 490 4766 autem
512 4710 723 4775 cordis,
761 4719 821 4763 ut
848 4710 1102 4780 deinceps
1141 4711 1243 4778 ipsi
1271 4711 1399 4766 caci
1428 4711 1593 4767 duces
1621 4726 1888 4767 caecorum

315 4801 485 4857 effecti
537 4816 660 4855 cum
706 4800 1026 4868 sequacibus
1077 4800 1274 4854 cadant
1328 4800 1381 4854 in
1428 4799 1640 4855 foveam
1674 4813 1890 4857 :eternte

316 4898 651 4964 perditionis.
691 4896 792 4965 Qui
824 4898 868 4952 si
900 4913 959 4954 se
995 4911 1169 4952 caecos
1209 4908 1602 4966 coguocerent,
1633 4898 1775 4953 sicut
1814 4899 1890 4953 ait

313 4984 574 5046 Dominus
610 4982 879 5045 similibus
904 5003 1122 5053 eorum,
1155 4995 1435 5057 peccatum
1460 5002 1566 5040 non
1590 4987 1853 5044 haberent
1870 5028 1887 5052 ,

318 5079 437 5146 quia
458 5079 483 5132 f
483 5088 668 5135 ructus
688 5079 875 5149 dignos
893 5078 1220 5149 ptenitentia:
1239 5078 1424 5133 facere
1450 5074 1662 5131 solliciti
1683 5094 1890 5149 quaere-

322 5178 453 5226 rent.
490 5171 647 5227 Nunc
671 5178 850 5225 autem
880 5171 1005 5242 quia
1034 5169 1243 5236 dicunt,
1278 5168 1572 5233 Videmus,
1605 5181 1887 5237 peccatum

320 5273 496 5316 eorum
528 5272 716 5317 manet
743 5278 757 5315 :
784 5262 980 5332 quibus
1005 5259 1071 5314 de
1097 5262 1234 5317 coelo
1273 5257 1536 5316 Dominus
1573 5259 1732 5316 toties
1772 5262 1888 5318 cla-

507 5352 721 5378 ---t\‘:l\h
772 5367 867 5378 ἰιι-
903 5364 1086 5378 κλει-ἠρ
1137 5366 1263 5378 ιιι-ΔΑ
1308 5351 1363 5378 :n
1402 5347 1595 5378 ﬂll:'\lI-
1635 5355 1788 5378 IIl-np:
1833 5353 1885 5378 τι.

2061 4534 2169 4589 Sed
2207 4534 2461 4603 quoniam
2500 4541 2749 4586 neutram
2781 4528 3013 4591 habent,
3050 4527 3286 4582 haeretici
3332 4537 3387 4581 et
3421 4526 3595 4579 Antia

1989 4623 2178 4678 christi
2210 4631 2338 4676 sunt
2365 4621 2455 4690 qui
2492 4631 2685 4689 negant
2716 4617 2897 4672 Iesum
2928 4617 2981 4670 in
3012 4631 3175 4670 carne
3206 4615 3434 4669 venisse.
3467 4613 3587 4667 Cur

1988 4713 2134 4767 enim
2165 4711 2324 4768 Jesus
2352 4710 2500 4765 venit
2529 4710 2582 4762 in
2615 4722 2802 4770 carne,
2834 4707 2934 4759 nisi
2970 4714 3057 4768 ut,
3088 4720 3153 4759 ex
3185 4701 3417 4758 diversis
3446 4717 3582 4770 qua-

1992 4808 2232 4861 Iitatibus
2257 4802 2534 4858 hominum
2563 4810 2725 4868 atque
2746 4812 2812 4850 ex
2835 4796 3087 4850 omnibus
3114 4792 3428 4850 nationibus
3449 4808 3582 4863 gen-

1992 4898 2153 4959 tium,
2203 4909 2301 4963 per
2336 4890 2558 4944 nimiam
2596 4888 2918 4943 charitatcm
2962 4900 3069 4953 qtta
3117 4883 3299 4955 posuit
3342 4896 3440 4950 pro
3478 4882 3590 4940 illis

1991 4988 2224 5042 animum
2262 4997 2447 5046 suam,
2483 4978 2768 5035 exhiberet
2808 4975 2909 5031 sibi
2947 4974 3245 5046 gloriosam
3278 4971 3587 5031 Ecclesiam

1991 5095 2094 5136 non
2120 5079 2409 5133 habentem
2437 5072 2702 5127 maculam
2731 5078 2826 5126 aut
2852 5083 3037 5138 rugam
3057 5108 3073 5133 ,
3099 5071 3187 5127 vel
3211 5063 3418 5134 aliquid
3441 5067 3595 5136 ejus.

1992 5172 2132 5228 modi
2164 5170 2380 5242 (Ephes.
2424 5180 2498 5229 tv,
2523 5163 2642 5236 27),
2675 5166 2730 5219 in
2753 5176 2858 5232 qua
2882 5175 2986 5215 una
3010 5161 3265 5220 columba
3292 5170 3391 5214 sua
3410 5197 3426 5221 ,
3453 5161 3595 5215 ami-

1991 5280 2085 5329 ca,
2124 5276 2312 5319 sorore
2338 5268 2394 5313 et
2428 5273 2633 5328 sponsa
2657 5254 3001 5313 immaculata
3025 5258 3370 5326 quiescente,
3395 5251 3598 5308 imma-

2117 5365 2196 5378 ι..-
2224 5355 2338 5378 2---
2361 5350 2602 5378 αλιι-ειη...
2630 5348 2989 5378 -Αηαιῖιιοηηιοαο
3043 5360 3210 5378 ηιμ-..Α
3239 5350 3293 5378 ξη
3327 5355 3595 5378 νοηηαιιιη
