4064 5394
578 324 714 380 HIS

1638 325 1995 383 IIUMBERTI
2034 327 2091 384 S.
2132 326 2199 382 Β.
2242 326 2302 381 Ε.
2344 324 2749 383 CARDINALIS

3690 324 3832 379 1116

570 438 798 492 ver-dtus
823 438 1184 492 membrorum
1206 438 1305 493 sub
1329 453 1432 493 uno
1454 439 1649 510 capite,
1671 438 1888 495 Christo
1909 439 2139 509 irrepre-
2167 441 2213 498 Α
2246 450 2296 493 te
2340 439 2805 513 comparaverim,
2831 447 2886 494 et
2921 445 3046 494 tunc
3082 436 3287 494 videbis
3337 437 3499 513 talem
3557 448 3612 492 te
3666 454 3831 502 esse,

576 528 851 592 hensibili,
882 541 936 586 et
966 530 1495 601 incomprehensibili
1527 532 1917 602 compositione
1946 532 2141 587 coadu-

569 628 757 684 natur,
782 621 1209 690 compaginatur,
1239 630 1295 677 et
1324 623 1527 685 unitur,
1557 623 1791 678 vendere
1812 640 1918 677 non
1950 638 2139 678 vereu-

572 715 680 763 tur.
701 706 818 778 Ipse
836 711 1004 775 enim,
1030 720 1283 780 tanquam
1307 710 1752 767 violentissimum
1778 720 1833 767 et
1854 710 2140 766 ferventis-

569 798 766 850 simum
791 797 1053 863 bitumen,
1098 808 1187 852 aut
1214 799 1393 869 gluten
1422 800 1723 864 charitatis,
1752 816 1910 870 quam
1942 802 1994 855 in
2011 816 2141 856 san-

571 894 779 942 ctorum
801 888 1053 943 cordibus
1075 887 1342 955 diﬂ‘undit,
1359 905 1552 960 corpus
1569 890 1767 945 Christi
1786 905 1881 961 per
1901 906 2069 945 nexus
2088 897 2144 945 et

564 976 774 1046 junctut
789 995 847 1033 as
858 988 1013 1050 aptas
1024 978 1334 1045 formatum,
1351 989 1403 1037 et
1419 991 1774 1051 prmparatum
1788 981 2140 1052 conglutinat,

567 1077 623 1121 et
643 1068 938 1139 conjungit,
956 1084 1308 1140 crescereque
1329 1067 1457 1126 facit
1473 1072 1525 1126 in
1542 1081 1890 1141 augmentum
1916 1073 2029 1134 Dei,
2054 1072 2142 1127 ubi

567 1167 636 1208 ex
665 1153 895 1210 diversae
922 1156 1271 1227 professionis
1300 1169 1353 1213 et
1383 1159 1814 1214 conversationis
1835 1160 2143 1216 hominibus

570 1257 990 1314 unum-corpus,
1016 1257 1071 1302 et
1094 1261 1256 1301 unum
1284 1248 1560 1318 Spiritum,
1586 1249 1880 1303 secundum
1906 1249 2148 1304 vocatio-

569 1346 717 1398 nem,
741 1347 846 1402 qua
871 1336 1047 1391 voeati
1078 1343 1202 1389 sunt
1220 1375 1235 1402 ,
1267 1337 1319 1390 in
1347 1352 1451 1391 una
1472 1352 1567 1407 spe
1594 1337 1775 1393 ellicit.
1805 1336 1973 1404 Quem
1996 1338 2144 1404 dum,

569 1421 717 1479 velut
740 1422 1166 1481 efﬁcacissimum
1190 1427 1474 1498 glutinum,
1500 1426 1720 1484 fabrica:
1744 1429 1836 1484 Dei
1864 1430 1952 1484 isti
1978 1430 2147 1487 luere-

571 1513 664 1569 tici
688 1513 967 1585 subripere
1001 1526 1363 1585 praesumunt,
1391 1527 1625 1589 quantas
1652 1528 1705 1573 et
1733 1535 1893 1588 quam
1924 1521 2149 1574 misem-

567 1604 702 1658 biles
722 1604 906 1659 ruinas
926 1604 1163 1661 faciunt?
1184 1606 1241 1662 lu
1265 1607 1461 1677 quibus
1483 1625 1575 1665 seu
1602 1610 1655 1664 in
1678 1611 1963 1679 parietinis
1989 1611 2145 1678 solet,

568 1694 645 1749 nil
684 1693 796 1762 jam
845 1696 1145 1766 reperietur
1180 1699 1520 1765 ordinatum,
1562 1700 1637 1754 nil
1684 1716 1789 1755 non
1830 1700 2142 1757 confusum.

2238 548 2358 602 quze
2399 532 2602 609 turpari
2641 546 2749 588 non
2785 530 3009 596 debeas,
3048 544 3172 587 cum
3209 538 3355 583 tuam
3398 528 3659 598 speciem.
3694 543 3833 597 cog-

2239 622 2473 678 noveris.
2510 621 2648 691 Quid
2680 630 2765 678 est
2799 621 2996 692 igitur:
3026 639 3046 674 ι
3078 619 3351 689 Equitatui
3383 634 3508 675 meo
3552 620 3611 675 in
3648 621 3835 683 curri-

2238 712 2339 767 bus
2362 711 2688 767 Pbraraonis
2712 710 3007 773 assimilavi
3036 719 3087 764 te
3111 708 3135 765 i
3159 729 3177 762 ι
3206 708 3335 765 Scio
3371 709 3617 778 equitem
3652 708 3837 776 Spon-

2242 818 2392 868 sum,
2425 802 2686 877 propheta
2716 800 2930 857 dicente
2957 818 2972 857 :
3009 818 3028 854 ‹
3062 800 3128 855 Et
3154 800 3414 870 equitatio
3442 799 3564 868 ejus
3592 797 3780 853 salus.
3813 816 3832 850 ι

2241 889 2551 946 Assimilata
2585 898 2670 945 est
2697 903 2828 959 ergo
2860 887 3124 957 equitatui
3156 901 3277 943 meo
3311 887 3365 942 in
3388 886 3649 941 curribus
3684 883 3836 939 Pha—

2244 981 2446 1035 raonis.
2498 980 2770 1046 Quantum
2810 977 2991 1034 dill‘ert
3024 978 3299 1047 equitatus
3331 991 3485 1032 meus
3510 1017 3528 1041 ,
3565 976 3667 1045 qui
3715 990 3839 1031 sum

2244 1067 2504 1123 Dominus
2529 1108 2546 1135 ,
2581 1078 2639 1123 et
2670 1067 2927 1137 demergo
2961 1067 3017 1122 in
3052 1065 3308 1121 ﬂuctibus
3342 1064 3695 1121 Pharaonem
3728 1103 3748 1130 .
3785 1071 3842 1118 et

2243 1158 2535 1214 christatos
2576 1155 2722 1226 ejus,
2766 1163 2821 1210 et
2867 1170 3215 1220 aseensores,
3262 1163 3318 1211 et
3363 1169 3537 1224 equos
3583 1152 3719 1224 ejus
3785 1163 3840 1206 et

2244 1264 2435 1305 currus
2469 1249 2586 1319 ejus
2611 1288 2628 1314 ,
2666 1235 2927 1316 quantum
2950 1287 2967 1310 ,
3003 1247 3223 1318 inquam
3247 1286 3265 1311 ,
3313 1243 3493 1302 differt
3544 1245 3839 1315 equitatus

2246 1354 2400 1394 meus
2430 1338 2499 1393 ab
2529 1338 2684 1407 equis
2710 1334 3045 1415 Pharaonis,
3077 1342 3227 1390 tanto
3256 1335 3449 1392 melior
3477 1350 3537 1391 es
3566 1335 3839 1391 omnibus

2248 1432 2461 1490 filiabus
2495 1441 2587 1495 tu,
2615 1445 2845 1499 sponsa,
2884 1439 2939 1484 tu
2978 1428 3349 1485 ecclesiastica
3388 1428 3607 1492 anima,
3649 1426 3838 1481 omni—

2248 1525 2376 1589 bus,
2411 1522 2729 1586 animabns,
2764 1536 2883 1591 qua:
2912 1520 2956 1576 si
2990 1536 3094 1577 non
3127 1529 3254 1576 sunt
3280 1518 3692 1576 ecclesiastica.
3724 1517 3836 1586 lgi-

2249 1622 2338 1669 tur
2371 1612 2740 1670 ecclesiastica
2776 1627 2836 1667 es
2872 1610 3085 1676 anima,
3124 1610 3377 1666 omnibus
3424 1609 3724 1664 animabus
3774 1623 3836 1662 es

2252 1705 2465 1770 melior,
2492 1704 2536 1759 si
2569 1719 2675 1759 non
2702 1719 2761 1758 es
2787 1702 2997 1768 melior,
3027 1718 3130 1758 non
3160 1717 3221 1758 es
3247 1699 3643 1756 ecclesiastica.

569 1783 776 1851 Quibus
822 1783 933 1855 iam
978 1788 1155 1844 nullus
1186 1790 1324 1845 inest
1362 1792 1545 1858 decor,
1586 1794 1688 1848 nisi
1720 1794 2050 1861 urticarum,
2091 1804 2144 1852 et
2175 1766 2220 1826 Β
2320 1796 2433 1862 Qua
2452 1766 2532 1871 vde
2559 1807 2648 1858 re,
2679 1792 2766 1848 hei
2795 1792 2925 1847 mihi
2952 1766 3259 1862 liquantum
3297 1804 3509 1844 vereor.
3552 1804 3623 1849 ne
3656 1787 3832 1854 juxta

569 1876 816 1946 veprium
849 1877 1089 1934 libidinis
1119 1881 1399 1948 videlicet,
1432 1892 1593 1953 atque
1624 1885 1864 1939 avaritia:
1903 1886 2143 1955 squalor,

570 1974 624 2021 et
650 1969 947 2039 serpentini
982 1971 1188 2026 latibuli
1222 1973 1437 2029 horror.

1118 2083 1344 2141 CAPUT
1389 2085 1598 2143 XXXII.

576 2167 816 2233 Qualiter
853 2172 1085 2228 luet-elici
1112 2190 1144 2228 α
1176 2171 1286 2314 Dleo
1321 2176 1638 2258 fornicantes
1679 2178 1881 2245 faciant
1927 2188 1974 2234 et
2013 2178 2147 2235 alios

1240 2263 1489 2302 ormcart.

1240 2263 1489 2302 υνηιεανι.

645 2328 787 2385 Ecce
814 2332 1047 2402 qualiter
1076 2332 1405 2390 fornicantes
1429 2352 1458 2390 a
1489 2338 1617 2402 Deo,
1644 2346 1699 2391 et
1726 2338 1940 2408 profani
1970 2339 2149 2395 Simo-

576 2417 714 2473 niaci
740 2421 1012 2477 maculant
1048 2430 1104 2479 et
1137 2424 1417 2480 destruunt
1450 2425 1592 2481 illam
1631 2428 1922 2498 gloriosam
1943 2470 1957 2495 ,
1986 2445 2148 2498 quam

574 2519 633 2562 ut
655 2511 770 2566 sine
793 2512 999 2567 macula
1022 2524 1166 2570 esset
1184 2514 1429 2572 Christus
1454 2519 1732 2574 mundavit
1756 2519 1974 2574 lavacro
1997 2537 2151 2591 aqua:

576 2599 629 2651 in
671 2600 861 2663 verbo.
897 2610 949 2657 et
981 2610 1038 2655 ut
1068 2604 1187 2657 sine
1228 2620 1355 2675 ruga
1396 2605 1698 2663 elIiceretur
1738 2625 1901 2679 rugas
1937 2608 2055 2678 ejus
2094 2610 2148 2663 in

574 2690 755 2745 crucis
784 2694 1028 2748 extendit
1072 2695 1331 2764 patibulo.
1374 2696 1576 2763 Quam,
1617 2699 1751 2770 proh
1784 2701 1963 2756 dolor!
2008 2716 2152 2757 nunc

577 2779 794 2847 impune
822 2782 1174 2840 fornicatores
1202 2787 1495 2854 maculant,
1524 2789 1649 2843 dum
1682 2790 1954 2846 lavacrum
1984 2790 2147 2858 illius,

574 2875 627 2923 et
650 2879 872 2927 caeteras
892 2872 1194 2929 divinorum
1222 2886 1681 2933 sacramentorum
1710 2880 1917 2950 species
1938 2881 2001 2935 ad
2026 2897 2154 2937 con-

574 2964 896 3019 servandum
928 2965 1182 3022 decorum
1214 2970 1315 3025 sibi
1344 2971 1559 3028 etelitus
1586 2987 1872 3028 concessas
1898 2974 2152 3045 contagio

2248 1887 2387 1942 hanc
2428 1894 2535 1940 tam
2575 1883 2859 1955 prudentis
2897 1883 2997 1939 viri
3036 1881 3394 1945 sententiam,
3444 1894 3687 1950 sponsus
3744 1879 3838 1933 ille

2247 1975 2483 2034 ctelestis
2511 1988 2721 2045 sponsae
2749 1988 2891 2039 suae,
2922 1971 3127 2028 scilicet
3153 1980 3351 2027 nostrae.
3381 1970 3699 2033 catholicae,
3734 1970 3837 2023 im-

2247 2069 2534 2140 pudenter,
2570 2075 2631 2121 ut
2658 2064 2921 2137 jamdixi
2947 2106 2963 2132 ,
2999 2079 3099 2134 per
3134 2062 3515 2119 haereticorum
3566 2060 3835 2117 matulras

2248 2161 2463 2232 vaganti
2522 2142 2877 2215 exacerbatus
2923 2157 3014 2213 det
3065 2142 3303 2215 libellum
3356 2153 3614 2225 repudii,
3664 2154 3837 2221 eique

2250 2251 2681 2307 irrevocabiliter
2710 2248 2853 2304 dicat
2883 2262 2898 2302 :
2932 2267 2951 2301 ι
2982 2234 3278 2315 Εενθᾱετε,
3310 2254 3367 2301 et
3396 2235 3481 2299 abi
3515 2254 3639 2312 p05t
3665 2243 3837 2296 vesti-

2250 2343 2334 2413 gia
2368 2356 2587 2413 gregum
2609 2382 2624 2404 .
2651 2348 2707 2394 et
2734 2354 2893 2410 pasce
2926 2337 3109 2397 haedos
3140 2346 3260 2392 tuos
3279 2334 3433 2405 juxta
3467 2329 3831 2388 tabernacula

2250 2441 2525 2501 pastorum
2554 2428 2730 2500 (Cant.
2757 2446 2796 2495 ι,
2827 2426 2905 2496 7).
2946 2449 2969 2481 ι
2996 2427 3087 2482 Sic
3116 2428 3261 2483 enim
3290 2442 3348 2481 se
3384 2425 3644 2496 ignorare
3672 2423 3827 2477 vide-

2254 2535 2360 2589 tur,
2399 2530 2457 2577 ut
2491 2519 2732 2591 profanis
2760 2517 3067 2590 pastoribus
3094 2531 3193 2586 per
3222 2514 3375 2571 devia
3407 2514 3725 2578 adhaerere,
3772 2521 3829 2563 et

2251 2613 2573 2672 commorari
2627 2626 2733 2667 non
2782 2617 3054 2672 vereatur,
3105 2605 3197 2676 qui
3245 2605 3319 2661 nil
3366 2603 3468 2659 nisi
3508 2603 3698 2659 haedos
3735 2618 3830 2672 pa-

2252 2718 2405 2761 scere
2431 2709 2744 2765 noscuntur,
2776 2699 2841 2754 de
2867 2697 3063 2767 quibus
3085 2695 3247 2750 etiam
3277 2692 3647 2763 negotiantur.
3675 2689 3830 2745 Unde

2253 2809 2591 2866 summepere
2628 2790 2924 2848 cavendum
2962 2803 3029 2842 ne
3063 2786 3338 2843 btedorum
3374 2782 3600 2837 lascivia
3641 2782 3829 2836 hirco-

2254 2900 2480 2955 rumque
2514 2880 2809 2954 petulantia
2852 2878 3079 2934 castitas
3115 2875 3231 2944 ejus
3265 2890 3333 2929 ex
3370 2872 3698 2928 assiduitate
3733 2886 3828 2924 co-

2254 2973 2603 3031 habitationis
2629 2969 2983 3042 periclitetur,
3018 2967 3235 3036 sicque,
3267 2963 3528 3019 adulteris
3560 2960 3829 3032 paulatim

576 3068 687 3111 sua:
710 3056 1071 3115 immunditize
1107 3062 1512 3131 contaminant,
1552 3073 1607 3118 et
1646 3080 1741 3119 sua
1784 3067 2147 3137 negetiatione
2173 3094 2221 3161 ε
2257 3067 2309 3120 in
2340 3063 2524 3134 sponsi
2562 3061 2727 3118 cubili
2766 3058 3051 3119 admissis,
3093 3070 3263 3126 usque
3297 3053 3363 3108 ad
3403 3052 3666 3106 verticem
3704 3065 3835 3104 con-

828 3159 835 3161 _
1124 3152 1218 3161 ____
1316 3153 1328 3161 ,
1866 3157 1876 3161 -
2050 3157 2061 3161 _
2746 3152 2758 3161 ,
3060 3156 3070 3161 ,
3335 3142 3373 3161 ί,
3694 3141 3739 3161 ,Α
3784 3149 3831 3161 Α,

577 3159 872 3215 evatuant,
913 3168 1050 3222 quas
1086 3152 1435 3210 nihilominus
1483 3164 1808 3227 corrugant,
1846 3157 1973 3210 dum
2018 3157 2147 3211 sim-

578 3238 771 3309 plicem
794 3241 909 3310 ejus
928 3243 1300 3310 intentionem,
1328 3246 1471 3300 velut
1495 3247 1717 3300 nitidam
1738 3256 1916 3301 cutem
1931 3245 2154 3316 duplici-

582 3338 693 3386 tate
713 3346 823 3387 suae
842 3334 1466 3405 calliditatisdeturpant,
1494 3348 1550 3393 ut
1572 3340 1763 3393 merito
1787 3339 2026 3409 Sponsus
2043 3339 2151 3408 ille,

586 3438 606 3472 ε
626 3423 898 3491 ςρει-ἱσευε
920 3424 1218 3497 forma'pra:
1239 3427 1365 3483 ﬁliis
1386 3429 1661 3484 hominum
1689 3427 1861 3499 (Psal.
1881 3447 2024 3496 κων,
2038 3430 2147 3503 ὖ),ι

584 3515 945 3570 comminetur
985 3516 1109 3571 huic
1138 3518 1549 3587 speciosissimte
1576 3534 1789 3590 sponsae
1817 3535 1956 3583 suae,
2001 3520 2154 3589 cujus

583 3621 745 3676 super
793 3608 974 3663 omnia
1014 3610 1195 3680 specie
1232 3610 1559 3678 delectatur,
1600 3626 1668 3666 ne
1714 3612 1897 3680 vagari
1933 3612 2157 3682 incipiat

580 3713 677 3766 per
704 3713 916 3769 gregem
947 3700 1211 3755 sodalium
1238 3686 1354 3769 ejus
1387 3701 1562 3772 (Cant.
1597 3716 1633 3767 ι,
1662 3700 1739 3772 6).
1770 3703 2151 3758 Ιιίῐξινθιιοοτυιη

580 3789 817 3856 scilicet,
844 3791 935 3860 qui
965 3805 1181 3862 gregem
1207 3791 1482 3847 haedorum
1514 3808 1734 3848 suorum
1765 3793 2063 3863 pascendo,
2097 3809 2155 3849 se

580 3880 786 3936 amicos
811 3881 993 3951 sponsi
1021 3882 1378 3945 mentiuntur,
1406 3897 1766 3951 sponsamquc
1795 3869 1902 3936 bon
1934 3897 2149 3951 sponso,

580 3972 676 4026 ted
714 3972 816 4029 sibi
858 3973 1127 4043 zelantes,
1175 3973 1251 4029 nil
1289 3972 1390 4030 nisi
1441 3974 1762 4029 adulterium
1804 3975 2148 4032 meditantur.

582 4061 765 4128 Unde,
801 4066 952 4136 juxta
992 4066 1383 4137 expositionem
1417 4066 1562 4122 beati
1600 4065 1950 4139 Hieronymi,
1989 4084 2152 4138 spon-

581 4167 675 4207 sus
704 4154 877 4210 eidem
914 4171 1127 4225 sponsa:
1168 4156 1223 4211 in
1263 4155 1503 4213 Canticis
1546 4158 1882 4212 canticorum
1934 4159 2155 4212 commi-

581 4250 773 4309 natur,
804 4252 858 4299 et
889 4246 1018 4301 dicit
1045 4263 1061 4303 :
1098 4256 1192 4301 aut
1223 4262 1487 4318 cognosce
1524 4249 1864 4320 temetipsam
1896 4249 2151 4318 quoniam

584 4330 747 4401 Regis
778 4347 838 4388 es
859 4350 1054 4404 sponsa
1081 4345 1136 4392 et
1165 4336 1427 4403 formosa,
1458 4346 1513 4392 et
1542 4356 1570 4392 a
1602 4355 1686 4393 me
1720 4339 1857 4393 facta
1893 4337 2151 4405 formosa,

2258 3168 2555 3229 stupretur,
2608 3168 2709 3209 nec
2740 3152 2851 3223 jam
2892 3156 3078 3220 pascat
3111 3161 3298 3215 agnus.
3334 3141 3746 3199 Consenticndo
3779 3149 3837 3193 et

2254 3248 2705 3308 communicando
2739 3242 3008 3298 haereticis
3048 3239 3177 3295 facit
3214 3237 3397 3291 haedos
3433 3235 3501 3289 ad
3536 3233 3827 3287 sinistram

2255 3341 2561 3413 ponendos,
2602 3352 2668 3391 ex
2707 3334 2901 3405 quibus
2939 3330 3156 3385 interim
3190 3325 3502 3381 adolescunt
3540 3325 3833 3386 ductores,

2255 3444 2308 3490 et
2333 3440 2515 3503 patres
2538 3443 2724 3484 eorum
2755 3423 2950 3495 petulci
2980 3422 3146 3486 hirci,
3181 3427 3328 3474 sorte
3360 3417 3675 3488 perventuri
3705 3431 3835 3470 cum

2256 3524 2437 3579 multis
2472 3514 2973 3576 maledictionihns,
3023 3520 3077 3567 et
3126 3510 3290 3566 totius
3338 3506 3521 3578 populi
3573 3504 3838 3561 catholici

2255 3614 2494 3686 peccatis
2522 3610 2713 3680 capiti,
2745 3616 2798 3661 et
2826 3604 2987 3661 fronti
3016 3619 3201 3660 eorum
3232 3598 3585 3671 imprecantis
3613 3597 3682 3653 ad
3712 3611 3836 3666 par-

2258 3717 2363 3762 tem
2395 3702 2591 3758 diaboli
2631 3717 2660 3754 a
2700 3700 2808 3754 Deo
2841 3695 3077 3761 deserti,
3120 3694 3172 3747 in
3212 3691 3365 3759 cujus
3401 3689 3615 3745 inferno
3655 3687 3839 3743 nullus

2254 3796 2449 3866 estqui
2474 3792 2797 3849 confiteatur
2826 3788 3055 3843 Domino
3083 3785 3102 3858 (
3131 3784 3275 3839 Psal.
3305 3799 3387 3847 vt,
3422 3782 3455 3835 6
3478 3783 3520 3850 ).
3546 3780 3838 3849 Accipient

2254 3900 2383 3957 ergo
2411 3899 2533 3939 cum
2565 3880 2732 3936 haedis
2760 3878 2872 3933 suis
2906 3885 3142 3940 sortem,
3184 3874 3455 3928 desertum
3492 3868 3837 3924 maledictio-

2257 3979 2371 4042 nis,
2408 3976 2497 4046 qui
2539 3972 2853 4042 refugerunt
2886 3968 3169 4038 possidere
3206 3972 3406 4020 sortem
3446 3962 3550 4017 sibi
3583 3960 3834 4029 assigna-

2256 4077 2363 4123 tam
2386 4107 2400 4134 ,
2433 4063 2744 4136 paradisum
2782 4058 3173 4114 benedictionis
3228 4054 3388 4109 Fient
3416 4052 3598 4108 clerus
3625 4048 3834 4125 diaboli

2255 4169 2310 4213 et
2337 4170 2607 4229 synagoga
2639 4152 2854 4206 Satanae
2875 4190 2890 4214 ,
2922 4149 3048 4218 quia
3077 4154 3397 4203 recusarunt
3420 4145 3626 4199 clerum
3658 4142 3750 4195 Dei
3780 4149 3837 4195 et

2261 4250 2515 4305 Ecclesiae
2544 4261 2684 4301 esse.
2719 4242 2871 4311 Quod
2913 4236 3331 4309 incomparabile
3367 4234 3566 4289 malum
3598 4234 3726 4287 dum
3760 4231 3840 4284 vi-

2256 4341 2485 4412 gilanter
2513 4351 2620 4390 non
2648 4341 2888 4395 cavetur,
2925 4340 3103 4387 tantos
3141 4327 3261 4384 sine
3300 4322 3716 4382 intermissione
3744 4320 3834 4376 iu-

585 4425 852 4496 siquidem
909 4442 1010 4497 ego
1065 4429 1198 4483 mibi
1243 4429 1462 4485 exhibui
1517 4430 1806 4500 gloriosam
1855 4431 2154 4487 Ecclesium
2181 4434 2232 4493 D
2262 4430 2366 4484 fert
2401 4426 2657 4483 Ecclesiae
2692 4424 2785 4480 Dei
2824 4421 3070 4478 defectus
3098 4462 3112 4485 ,
3150 4429 3204 4473 ut
3242 4418 3388 4472 velut
3426 4416 3555 4471 luna
3591 4415 3648 4468 in
3685 4426 3839 4465 men-

584 4532 690 4572 non
764 4517 1052 4575 habentem
1135 4520 1398 4575 maculam
1432 4560 1448 4585 ,
1517 4536 1693 4591 neque
1766 4536 1991 4592 rugam;
2059 4528 2153 4575 aut

581 4609 761 4675 scito,
817 4610 942 4682 quia
998 4610 1044 4667 si
1097 4618 1150 4667 te
1196 4626 1301 4667 non
1347 4613 1701 4682 cognoveris,
1741 4621 1795 4668 et
1850 4622 1996 4666 tuam
2057 4627 2153 4667 ne-

580 4701 808 4758 setveris
852 4701 1198 4772 dignitatem,
1243 4702 1468 4772 patieris
1516 4704 1631 4758 haec
1680 4718 1798 4773 quae
1829 4712 2153 4772 sequuntur.

581 4792 841 4859 Qumnam
864 4790 966 4846 ista
993 4789 1153 4847 sunt?
1172 4791 1229 4847 Si
1250 4808 1357 4848 non
1389 4792 1711 4860 cognoveris
1742 4792 2101 4858 temetipsam,
2124 4803 2156 4842 ο

583 4881 807 4951 pulchra
834 4883 889 4937 in
919 4883 1268 4946 mulieribus,
1303 4884 1564 4951 egredere
1596 4897 1651 4937 tu
1680 4882 1734 4936 in
1765 4881 2008 4951 vestigiis
2038 4896 2158 4950 gre-

580 4988 733 5044 gum,
763 4982 817 5029 et
842 4987 1004 5044 pasce
1031 4973 1212 5029 hzedos
1237 4982 1356 5029 tuos
1385 4974 1438 5029 in
1464 4974 1828 5029 tabernaculis
1856 4981 2153 5042 pastorum,

579 5072 636 5116 et
659 5078 850 5132 pasees
876 5079 981 5119 non
1009 5078 1201 5134 greges
1225 5064 1439 5129 ovium,
1468 5079 1574 5118 non
1601 5078 1864 5132 agnorum
1882 5103 1896 5127 ,
1926 5064 2018 5116 sed
2045 5062 2155 5115 hae-

582 5156 681 5211 dos
713 5164 834 5211 tuos
854 5155 1052 5225 (Ibid.,
1076 5156 1163 5226 7).
1198 5155 1401 5212 Statuit
1419 5158 1617 5226 quippe
1639 5171 1768 5209 oves
1795 5170 1823 5207 a
1850 5153 2077 5217 dextris,
2106 5160 2157 5205 et

586 5260 617 5299 a
642 5245 881 5302 sinistris
906 5246 1104 5302 hzedos.
1135 5246 1190 5300 ln
1216 5245 1457 5317 vestigiis
1480 5285 1494 5310 ,
1522 5246 1699 5312 inqmt
1720 5285 1733 5308 ,
1757 5251 2032 5313 pastorum
2060 5256 2153 5294 nn-

587 5333 810 5389 vissima
839 5334 964 5394 lies.
997 5351 1102 5389 non
1136 5336 1277 5389 inter
1306 5350 1468 5394 oves,
1502 5334 1595 5387 sed
1631 5333 1773 5387 inter
1803 5332 1983 5386 haedos
2015 5339 2155 5392 tuos,

2258 4533 2408 4579 struo
2434 4533 2526 4574 seu
2564 4515 2881 4579 interlunio,
2922 4513 3171 4585 quamvis
3209 4511 3417 4579 integra
3454 4509 3560 4572 sit,
3600 4514 3697 4560 aut
3736 4504 3839 4558 mi—

2259 4614 2402 4668 nima
2428 4652 2442 4676 ,
2476 4620 2573 4664 aut
2599 4609 2745 4664 nulla
2777 4608 3046 4661 videatur.
3084 4601 3234 4671 Quod
3271 4602 3320 4656 ei
3358 4600 3563 4654 idcirco
3599 4595 3841 4658 accidit,

2258 4703 2382 4772 quia
2421 4714 2478 4755 se
2517 4699 2767 4768 ignorare
2792 4697 2954 4752 etiam
2987 4701 3238 4762 correpta
3267 4697 3321 4745 et
3350 4683 3692 4744 commonita
3724 4699 3833 4737 non

2258 4790 2550 4847 erubescit.
2586 4788 2738 4844 Unde
2759 4786 2909 4856 justo
2939 4785 3031 4840 Dei
3060 4782 3292 4850 judicio,
3323 4795 3443 4850 qua:
3482 4792 3542 4833 se
3580 4777 3798 4847 ignorat
3827 4817 3843 4837 ,

2256 4866 2393 4937 adeo
2421 4889 2475 4935 et
2504 4880 2617 4934 suis
2643 4881 2944 4949 ignoratur,
2978 4884 3034 4929 ut
3063 4874 3168 4929 iam
3201 4887 3231 4925 a
3263 4871 3513 4941 pluribus
3539 4883 3609 4921 an
3640 4867 3713 4921 sit
3744 4866 3849 4919 ali-

2259 4987 2363 5041 qua
2404 4970 2705 5025 dubitetur.

2264 5072 2267 5077 ‘
2788 5054 3015 5110 CAPUT
3059 5050 3289 5109 XXXIII.

2426 5171 2503 5224 De
2534 5168 2878 5223 diminutione
2911 5164 3187 5227 Ecclesiae,
3217 5172 3263 5215 et
3295 5161 3670 5215 ltwreticorum

2813 5233 3258 5303 multiplicatione.
3703 5237 3710 5243 '

2332 5328 2424 5383 Sic
2456 5325 2799 5381 invisceratis
2835 5322 2938 5378 sibi
2976 5320 3272 5377 mortiferis
3303 5315 3806 5375 humanimaibnas
