4064 5394
134 4176 151 4185 ‘
186 4196 191 4201 -
254 4162 330 4217 illi
364 4164 650 4218 haereticus
680 4165 896 4234 propria
926 4181 1086 4219 manu
1125 4167 1484 4221 conﬁrmavit.
1545 4166 1637 4221 Sic
1686 4168 1828 4236 quod

202 310 209 323 ’
247 340 375 394 Περι
862 294 1246 407 aovtansus
1279 292 1687 386 smomcds
1720 322 1898 380 LIBRI
1933 322 2135 383 TRES.
2177 324 2452 380 —LIBER
2492 324 2874 382 SECUNDUS.
3363 329 3497 393 me

245 458 349 518 ms,
381 451 611 517 Gothus,
643 449 886 511 Hunnus,
941 449 1349 518 Longobardus,
1398 456 1495 501 aut
1536 444 1827 512 Hungarus
1853 451 1898 508 Α
1929 437 2000 490 sit
2053 436 2180 490 illud
2225 436 2533 506 imperium,
2581 439 2725 507 quod
2780 455 2901 493 eum
2955 447 3176 509 repente
3222 438 3384 495 edicit
3431 456 3499 495 cx

244 553 330 598 est
358 551 564 604 auctor,
591 548 850 611 quantum
878 538 1220 593 Simoniacus
1251 536 1553 605 hostis,qui
1594 533 1820 588 mobiles
1924 524 2233 580 Christiano
2281 543 2576 595 paganum;
2632 528 2747 609 imo
2786 529 3037 597 'Dejorcm
3087 545 3319 599 pagano.
3372 531 3497 601 Qui:

244 644 300 689 et
344 633 670 696 immobiles,
701 646 927 702 seseque
975 615 1256 686 moventes
1297 642 1384 683 res
1429 626 1818 682 venerabilium
1920 627 2191 686 aposlalal
2229 633 2259 672 a
2297 619 2437 683 Deo;
2469 635 2592 673 cum
2634 623 2907 688 perversis
2943 624 3088 676 enim
3116 621 3343 678 eilicitur
3376 640 3498 693 pcr-

244 722 486 779 locowm
510 723 588 777 sic
613 722 895 777 vendendo
920 730 975 775 ει
996 721 1312 790 propinquis
1345 730 1402 773 οι
1427 718 1699 773 extraneis
1725 717 1822 770 do.
1919 722 2133 772 versus,
2162 716 2217 762 et
2239 723 2362 762 cum
2391 709 2673 778 sacrilegis
2715 710 3030 780 sacrilegus,
3064 719 3119 767 et
3163 713 3284 766 ideo
3322 724 3498 767 morie

246 814 450 877 nando,
479 813 740 883 dilapidat
766 822 821 867 et
867 813 1114 882 dissipat,
1144 820 1202 865 ιιι
1233 810 1305 864 nil
1335 810 1434 864 sibi
1466 823 1565 862 nec
1593 808 1822 878 posteris
1922 799 2136 867 dignus,
2170 800 2294 867 quia
2319 802 2591 855 consentit
2622 802 2746 856 talia
2799 802 3135 866 facientibus,
3165 803 3254 872 qui
3278 802 3389 870 jam
3416 814 3501 858 est

246 902 359 957 suis
384 908 580 970 praeter
600 901 869 969 lacrymas
898 901 1184 969 relinquat.
1215 898 1338 965 Qui,
1362 899 1591 961 utinam,
1619 897 1702 948 vel
1731 896 1821 950 illa
1922 890 2184 946 dicendus
2214 892 2486 960 perversis
2530 892 2860 955 consentire,
2891 892 2986 946 sed
3020 906 3208 945 revera
3232 900 3289 946 ut
3318 891 3504 962 pejora

247 998 477 1056 tantum,
512 1006 628 1059 qua:
679 991 749 1045 ab
801 991 1236 1044 antecessoribus
1265 989 1378 1042 suis
1405 996 1589 1057 parata
1617 986 1823 1040 invenit
1923 979 2126 1035 faciant
2169 983 2458 1049 imperare,
2505 981 2703 1050 quibus
2746 983 3022 1036 licentiam
3076 983 3504 1052 suojuramento

246 1093 300 1140 et
327 1098 436 1150 pm
465 1082 715 1136 manibus
736 1096 835 1135 suo
861 1089 1101 1151 tempore
1124 1082 1305 1140 habet,
1328 1079 1607 1146 diriperet,
1638 1085 1820 1130 etnon
1922 1071 2272 1125 administrat
2317 1070 2540 1138 impune
2600 1071 2871 1125 retinendi
2918 1087 3037 1139 qum
3075 1073 3412 1137 invaserant,
3450 1086 3507 1129 et

246 1175 408 1229 etiam
454 1172 565 1236 illa,
616 1186 737 1240 qua:
768 1172 996 1225 necdum
1048 1171 1242 1224 habet!
1298 1169 1544 1223 Decimus
1592 1168 1736 1222 enim
1766 1176 1823 1221 et
1922 1162 2445 1229 andaciamimpune
2471 1162 2845 1227 invadendi,si
2868 1179 2974 1231 qua
2998 1172 3223 1218 restant.
3251 1164 3308 1217 Si
3330 1166 3500 1225 enim,

245 1263 542 1319 oblationes
573 1261 817 1314 vivorum
869 1268 924 1315 et
967 1259 1365 1324 defunctorum,
1412 1268 1575 1327 atque
1596 1268 1823 1313 cunctos
1922 1268 1985 1313 ut
2030 1255 2383 1326 philosophus
2435 1254 2656 1325 allegat,
2706 1257 2796 1324 qui
2844 1271 2949 1309 non
2983 1256 3234 1324 prohibet
3276 1272 3506 1325 peccare

245 1353 511 1416 redditus,
537 1366 672 1420 quos
698 1358 1097 1421 postseusque
1119 1351 1172 1404 in
1202 1350 1360 1402 ﬁnem
1382 1348 1558 1403 saeculi
1583 1348 1824 1402 Ecclesia
1924 1361 2045 1401 cum
2096 1340 2288 1413 pbssit,
2344 1344 2597 1413 imperat,
2658 1345 2828 1400 multo
2882 1346 3056 1416 magis
3103 1346 3210 1412 ille,
3260 1348 3350 1415 qui
3398 1363 3505 1402 non

245 1450 363 1498 erat
395 1441 665 1503 habitura,
698 1455 796 1508 per
820 1439 1112 1494 diabolicos
1132 1448 1447 1493 contractus
1475 1437 1823 1491 smcularibus
1925 1442 2097 1492 solum
2128 1454 2235 1492 non
2265 1440 2517 1508 prohibet
2540 1455 2661 1493 cum
2690 1441 2886 1504 valeat,
2916 1443 3010 1496 sed
3035 1442 3254 1509 insuper
3274 1442 3507 1512 juratne

247 1532 556 1587 hominibus
584 1532 786 1594 vendit,
821 1539 913 1585 aut
942 1532 1128 1598 donat,
1160 1542 1216 1586 et
1259 1532 1674 1601 quibuscnnque
1705 1545 1823 1582 mo-
1926 1528 2222 1599 aliquando
2260 1530 2567 1599 prohibeat,
2598 1531 2689 1600 qui
2737 1532 2844 1585 Deo
2888 1540 2940 1585 et
2994 1534 3198 1586 sanctis
3250 1534 3508 1603 apostolis

246 1620 331 1676 dis
362 1631 416 1675 et
444 1621 847 1677 conditionibus
877 1631 1069 1690 potest,
1097 1633 1358 1691 perpetuo
1378 1620 1597 1684 alienat,
1631 1630 1688 1671 ut
1717 1618 1824 1674 Deo
1926 1621 2411 1689 sacerdotibusque
2444 1622 2560 1689 ejus
2602 1622 2956 1677 nihilominus
2996 1623 3144 1692 jurat
3174 1639 3230 1677 se
3265 1625 3508 1692 prohibi-

243 1722 368 1782 post
395 1715 445 1767 in
479 1711 675 1767 futuris
702 1713 1142 1782 generationibus
1177 1712 1452 1775 servituri,
1484 1726 1744 1779 suamque
1771 1719 1825 1763 et
1928 1720 2107 1765 turum
2153 1712 2280 1765 talia
2326 1721 2489 1781 atque
2530 1711 2879 1767 defensurum
2929 1713 3296 1768 ecclesiastica
3344 1715 3504 1767 bona.

246 1788 472 1858 aliorum
514 1802 741 1858 salutem
786 1804 1083 1871 operaturi,
1130 1803 1262 1856 nihil
1306 1816 1528 1855 omnmo
1564 1800 1665 1853 sibi
1700 1798 1823 1852 reli-
1857 1786 1897 1843 Β
1929 1802 2182 1870 Exploret
2209 1801 2300 1872 qui
2332 1811 2508 1871 potest
2538 1802 2795 1871 qualiter,
2840 1811 2897 1858 et
2942 1819 3047 1871 qua
3099 1804 3240 1856 hunc
3271 1803 3509 1872 labyrin-

250 1904 416 1960 ctum,
440 1910 541 1950 nec
564 1895 630 1948 ad
651 1894 853 1949 victum
883 1895 1042 1948 unius
1079 1895 1245 1957 horae,
1291 1908 1389 1947 nec
1432 1893 1500 1947 ad
1544 1892 1823 1952 vestitum,
1927 1892 2080 1946 thum
2107 1893 2323 1956 evadat,
2351 1892 2560 1948 scilicet
2590 1894 2780 1960 jnrare
2826 1903 2886 1949 ut
2932 1884 3057 1949 talia
3097 1895 3403 1965 prohibeat,
3451 1903 3508 1949 et

247 2001 350 2041 nec
380 1986 447 2040 ad
474 1986 830 2040 diversorium
858 1985 958 2039 sub
987 1993 1144 2038 nocte
1174 1984 1470 2037 inveniant.
1513 1982 1640 2037 lude
1659 1979 1823 2035 libelli
1919 1983 2104 2052 jnrare
2129 2001 2197 2039 ne
2225 1986 2532 2055 prohibeat.
2568 1986 2662 2040 Hic
2681 1986 2869 2055 jnrare
2897 1996 2955 2041 ut
2981 1990 3118 2043 bona
3148 1987 3503 2042 ecclesiarum

250 2074 304 2128 in
328 2076 677 2130 saecularibus
700 2076 1111 2135 manibus,inde
1127 2075 1439 2128 chartarum
1456 2082 1819 2133 monumenta,
1926 2074 2202 2141 defendat,
2238 2076 2324 2129 ille
2344 2077 2534 2146 jnrare
2565 2090 2631 2131 ne
2659 2078 2935 2133 defendat.

247 2173 303 2220 et
327 2164 683 2219 instrumenta
716 2163 1204 2233 subscriptionibus
1245 2164 1431 2218 talium
1462 2162 1601 2217 male
1639 2170 1822 2225 cauta,
2450 2189 2678 2244 CAPUT
2717 2189 2975 2245 XXXVIL

248 2254 445 2321 quibus
492 2262 827 2308 evacnantur
854 2253 1208 2307 ecclesiarum
1255 2255 1348 2307 Dei
1395 2254 1617 2322 antiqua
1640 2253 1823 2307 chiro-
1929 2278 2610 2334 Deinmumabmmamm
2649 2280 2921 2343 hmmseos.
2970 2291 3018 2333 η
3064 2281 3213 2350 qua”
3246 2282 3422 2337 θηρία,
3450 2285 3503 2336 in

248 2345 451 2414 grapha
481 2354 535 2398 et
562 2348 820 2399 canonica
851 2345 1345 2414 privilegia,etjuri
1372 2344 1628 2398 laicorum
1652 2359 1824 2414 usque
2361 2350 2677 2419 Apocalypsi
2715 2362 3066 2420 comparetur.

249 2439 317 2494 ad
340 2438 499 2494 ﬁnem
524 2440 704 2494 saeculi
736 2440 1006 2494 addicitur
1030 2448 1085 2495 et
1112 2440 1467 2495 conﬁrmatur
1495 2441 1673 2494 omnis
1701 2454 1824 2508 pos-
1997 2438 2092 2494 Sic
2114 2439 2293 2510 p0puli
2332 2441 2536 2494 malitia
2567 2456 2771 2511 suaque
2825 2442 3036 2512 ignavia
3068 2443 3262 2498 summi
3304 2443 3508 2513 princi-

246 2528 421 2583 sessio
472 2528 863 2583 ecclesiastica.
918 2528 1205 2599 Nequeunt
1260 2529 1372 2599 jam
1433 2529 1822 2583 catholicorum
1924 2546 2019 2601 pes
2043 2532 2319 2594 excmcati,
2348 2545 2514 2599 opera
2546 2532 2664 2596 Dei,
2689 2548 2851 2599 quam
2884 2532 3142 2587 terribilis
3191 2536 3263 2587 sit
3299 2534 3353 2587 in
3382 2550 3508 2588 con-

246 2617 568 2686 pontiﬁcnm
628 2618 843 2671 decreta
902 2618 987 2670 vel
1018 2618 1296 2687 privilegia
1340 2618 1826 2687 conscriptionibus
1926 2622 2065 2675 siliis
2108 2637 2271 2690 super
2330 2622 2471 2676 ﬁlios
2512 2623 2789 2675 hominum
2839 2623 3012 2695 (Paul.
3044 2639 3167 2686 ιη,
3198 2625 3274 2693 ,5)
3326 2626 3513 2679 videre

251 2704 444 2757 horum
468 2704 848 2759 haereticorum
869 2705 1113 2769 obviare,
1146 2716 1419 2774 nequeunt
1449 2705 1538 2759 ulli
1570 2720 1824 2771 canones,
1926 2711 2229 2780 negligant,
2259 2710 2491 2779 ideoque
2515 2727 2637 2764 cum
2685 2714 2763 2766 eis
2790 2727 2925 2780 quos
2960 2728 3167 2783 regere,
3200 2723 3250 2760 et
3296 2715 3398 2769 sub
3431 2716 3512 2769 eis

250 2793 489 2848 antnlla:
516 2795 705 2865 synodi
734 2803 1045 2849 sanctorum
1089 2795 1310 2849 Patrum
1350 2795 1464 2864 jam
1510 2795 1824 2864 praevalere,
1926 2801 2137 2876 quibus
2164 2815 2399 2869 prmesse
2442 2800 2762 2863 debuerunt,
2794 2803 2849 2855 in
2906 2802 3116 2856 foveam
3166 2804 3513 2873 sempiterna:

249 2894 528 2954 nequeunt
555 2885 659 2939 ulla
681 2886 857 2940 edicta
886 2896 942 2940 et
967 2896 1234 2956 praecepta
1275 2888 1688 2955 imperatorum,
1741 2886 1828 2941 vel
1929 2891 2118 2944 mortis
2145 2900 2429 2944 corruunt.
2457 2890 2665 2956 Quibus
2686 2906 3020 2961 paganorum
3056 2892 3332 2962 principes
3362 2903 3514 2948 tanto

246 2970 398 3042 leges
430 2974 805 3045 religiosorum
846 2977 1151 3047 principum
1175 2978 1290 3047 jam
1319 2979 1604 3034 obsistere.
1928 2989 2057 3033 sunt
2083 2978 2372 3034 liberiores
2397 2990 2452 3034 et
2481 2981 2789 3051 superiores
2813 2982 2866 3035 in
2890 2982 3020 3051 ipsis
3037 2997 3251 3051 quoque
3276 2994 3514 3039 tormen-

322 3067 397 3120 lta
439 3068 723 3138 praevaluit
769 3072 1116 3127 adversarius
1162 3083 1221 3127 ut
1244 3071 1358 3140 jam
1404 3082 1529 3127 ante
1551 3088 1671 3128 eum
1700 3073 1825 3127 sub-
1854 3122 1897 3145 “
1933 3070 2023 3133 tis,
2057 3080 2261 3139 quanto
2285 3070 2618 3126 liberalioies
2645 3082 2699 3126 et
2728 3073 3092 3142 promptiores
3124 3090 3279 3127 suum
3315 3077 3513 3145 cuique

251 3156 445 3211 sistere
484 3174 588 3212 non
618 3161 791 3229 possit
842 3161 1081 3231 clypcus,
1113 3177 1219 3218 non
1267 3166 1480 3229 thorax,
1508 3180 1612 3218 non
1646 3164 1825 3229 hasta,
1853 3156 1898 3184 υ
1923 3159 2015 3227 jus
2056 3161 2414 3215 conservandi
2458 3170 2512 3214 ct
2556 3162 2876 3216 restituendi
2911 3163 2962 3217 in
3011 3164 3171 3218 rebus
3202 3165 3510 3218 mundanis.

166 3302 185 3311 ,
254 3264 360 3303 non
383 3250 612 3321 gladius.
648 3253 703 3306 In
729 3255 978 3322 stipulam
1009 3258 1056 3311 ei
1080 3259 1257 3313 omnis
1276 3269 1550 3313 armatura
1579 3259 1825 3326 vertitur,
1932 3252 2208 3321 Siquidem
2238 3251 2313 3305 illi
2356 3251 2635 3320 privilegia
2690 3253 3040 3322 pontiﬁcibus
3080 3269 3208 3318 sum,
3242 3264 3299 3308 ul
3327 3255 3515 3315 crede-

261 3341 387 3408 quia
420 3355 519 3397 nec
540 3342 929 3410 defensionem,
959 3363 1060 3402 nec
1091 3349 1379 3405 vindictam
1416 3349 1648 3419 aliquam
1676 3365 1830 3404 vere-
1928 3346 2113 3409 batur,
2142 3344 2424 3415 religionis
2459 3354 2514 3398 et
2546 3344 2760 3415 templis
2814 3346 3007 3399 devota
3057 3346 3309 3416 largitate
3331 3346 3515 3424 confe-

254 3439 364 3485 tur.
396 3432 613 3488 Deridet
645 3434 792 3490 enim
838 3439 1140 3493 vibrantem
1188 3441 1419 3505 hastam,
1470 3457 1569 3496 nec
1616 3451 1830 3509 reputat
1932 3436 2142 3499 rebant,
2171 3436 2489 3506 potentique
2516 3451 2679 3491 manu
2709 3452 2808 3492 suo
2840 3447 3082 3507 tempore
3129 3437 3511 3494 defendebant.

250 3525 396 3580 tuba:
417 3541 614 3582 sonare
634 3528 903 3598 clangore,
933 3532 1055 3599 quia
1082 3546 1181 3600 pro
1224 3531 1455 3587 ludibrio
1483 3533 1648 3587 habet
1668 3532 1831 3600 spiri-
1928 3538 1983 3584 et
2012 3529 2062 3582 in
2091 3527 2275 3583 futuro
2304 3529 2514 3598 legibus
2537 3529 2653 3584 suis
2680 3530 3013 3584 munimenta
3040 3542 3231 3585 contra
3257 3546 3514 3600 quarum-

255 3616 386 3670 tuali
435 3619 908 3674 comminatioucm
952 3637 1045 3675 seu
1093 3623 1434 3684 sententiam,
1494 3639 1637 3692 quae,
1683 3623 1829 3678 velut
1930 3619 2059 3673 libet
2083 3621 2503 3674 diminutionum
2536 3636 2628 3675 seu
2657 3621 3042 3676 alienationum
3091 3637 3255 3677 casus
3279 3624 3361 3676 eis
3384 3639 3513 3691 pm-

260 3715 430 3773 astra,
479 3707 606 3763 ferit
635 3711 866 3772 eminus,
909 3722 964 3764 et
1007 3712 1280 3768 carnalem
1325 3716 1826 3787 condemnationem
1929 3710 2209 3778 videbant,
2256 3727 2489 3781 quorum
2541 3712 2861 3767 industriam
2924 3728 2956 3768 a
3009 3714 3397 3783 superstitione
3445 3715 3512 3766 ad

254 3810 375 3865 qme
404 3800 650 3853 cominus
697 3802 776 3854 sic
820 3799 1106 3856 iloccifacit
1151 3804 1451 3865 anathema
1482 3804 1719 3872 cujusvis
1741 3820 1829 3860 sa-
1931 3804 2246 3872 religionem
2276 3806 2546 3858 maximus
2586 3804 2978 3860 Constantinus
3029 3815 3375 3873 retorquens,
3401 3806 3511 3874 pri-

253 3889 518 3953 cerdotis,
572 3890 651 3945 sic
704 3891 848 3961 leges
895 3892 1264 3963 cujuscunque
1314 3896 1514 3949 terreni
1545 3896 1843 3966 principis,_
1927 3893 2281 3961 vilegia,quae
2308 3892 2382 3945 illi
2406 3892 2521 3945 suis
2546 3894 2923 3947 sacerdotibus
2948 3901 3003 3946 et
3023 3893 3286 3955 delubris,
3309 3892 3510 3945 Christi

252 3989 476 4048 propter
504 3995 597 4035 eos
626 3982 922 4050 quamlibet
961 3984 1082 4038 vilis
1107 3986 1267 4040 homo
1314 3987 1634 4057 dedignetur
1662 3988 1825 4041 resti-
1929 3983 2172 4039 ecclesiis
2201 3983 2473 4036 concessit
2504 3997 2805 4050 eorumque
2859 3982 3121 4036 ministris
3163 3982 3305 4050 quod
3338 3990 3393 4036 et
3428 3982 3510 4033 sui

256 4079 411 4126 tuere
434 4072 537 4141 piis
566 4072 718 4139 locis,
743 4073 827 4128 vel
858 4089 1073 4143 passum
1103 4077 1253 4144 pedis
1281 4092 1345 4131 ex
1391 4078 1663 4140 omnibus,
1709 4094 1829 4146 qua:
1929 4075 2155 4144 posteri,
2178 4084 2442 4143 quotquot
2463 4075 2748 4129 orthodoxi
2771 4075 3126 4136 exstiterunt,
3153 4089 3313 4143 agere
3345 4089 3513 4143 usque

1931 4165 1997 4217 ad
2021 4163 2133 4217 haec
2162 4162 2464 4232 periculosa
2490 4173 2728 4233 tempora
2756 4165 3099 4218 studuerunt.
3132 4164 3216 4226 Et,
3250 4179 3285 4218 0
3309 4174 3515 4233 quanto

253 4254 408 4322 prius
446 4253 625 4307 fuerat
667 4253 894 4319 furtum,
941 4255 1191 4325 quodque
1219 4257 1484 4327 gradatim
1516 4256 1716 4311 factum
1747 4265 1828 4311 est
1933 4254 2267 4309 tolerabilior
2289 4254 2491 4309 Christi
2522 4255 2780 4309 Ecclesiis
2801 4255 3026 4318 Ariana,
3046 4254 3508 4314 seuEunomiana.

254 4342 620 4409 latrocinium,
653 4346 720 4398 ad
771 4352 975 4399 tantam
1020 4346 1131 4417 jam
1190 4348 1554 4416 tyrannidem,
1607 4357 1665 4401 ut
1714 4348 1829 4403 cui-
1931 4347 2016 4401 vel
2072 4347 2422 4408 Entichiana,
2452 4348 2568 4402 sive
2611 4363 2949 4416 qumcunque
2975 4347 3078 4400 alia
3110 4348 3508 4417 ba'resiSunia

252 4447 472 4503 cunque
497 4450 592 4489 seu
615 4434 882 4499 ecclesiis,
913 4450 1004 4490 seu
1036 4436 1344 4491 civitatibus
1375 4437 1663 4506 principari
1686 4453 1828 4507 quaz-
1858 4461 1906 4520 ι)
1932 4432 2180 4506 quamvis
2210 4453 2304 4491 sna
2340 4436 2490 4491 rabie
2520 4446 2770 4505 tanquam
2799 4437 2954 4506 lupus
2979 4453 3109 4492 oves
3135 4437 3225 4493 Dei
3251 4438 3509 4507 diripiant

1853 3122 1898 3184 C

253 4524 349 4588 rit,
380 4540 483 4580 non
506 4526 657 4594 prius
687 4526 739 4580 id
781 4526 1114 4594 adipiscatur
1154 4542 1315 4596 quam
1344 4527 1445 4595 ipsi
1479 4543 1690 4598 quoque
1714 4528 1828 4597 ple-

234 4615 459 4671 ‘beculae
494 4617 703 4672 libellos
756 4618 1162 4683 hmreticorum,
1213 4628 1268 4674 et
1323 4621 1711 4689 sacrilegorum
1771 4636 1869 4675 se'

253 4704 672 4762 observaturum
719 4717 774 4763 et
802 4708 1145 4763 defensurmn
1188 4708 1495 4779 iuramento
1536 4720 1591 4766 et
1629 4713 1832 4783 scripto

253 4799 686 4856 conﬁrmaverit.
717 4800 913 4855 Parum
957 4801 1170 4855 videtur
1220 4802 1319 4856 hoc
1349 4802 1488 4871 exigi
1519 4802 1586 4856 ab
1613 4802 1835 4858 inferio-

253 4891 407 4947 ribus
459 4893 839 4962 potestatibus,
894 4892 962 4946 ab
1016 4893 1147 4961 ipsis
1191 4895 1417 4948 summis
1453 4894 1555 4949 hoc
1598 4896 1833 4964 exigitur

255 4981 692 5051 imperatoribus.
744 4981 853 5038 Nec
889 4984 1044 5053 prius
1070 4984 1194 5038 licet
1222 4984 1302 5039 eis
1340 4984 1549 5053 imperii
1600 4985 1829 5057 insignia

254 5075 533 5144 suscipere
560 5088 722 5143 quam
748 5074 1053 5145 iuraverint
1081 5088 1139 5128 se
1164 5089 1271 5130 non
1324 5074 1496 5129 solum
1522 5076 1718 5144 scripta
1741 5077 1830 5132 illa

253 5181 363 5222 non
393 5177 691 5230 cassatnm,
722 5169 815 5222 sed
836 5168 1001 5224 etiam
1030 5166 1307 5223 defensum
1343 5166 1431 5221 iri.
1457 5164 1502 5220 Ο
1528 5166 1748 5225 libertas
1774 5178 1832 5226 et

251 5256 429 5328 pietas
457 5256 720 5311 Romabze
746 5257 1088 5329 reipublicm!
1115 5255 1160 5312 0
1190 5255 1488 5314 liberalitas
1510 5265 1566 5309 et
1593 5268 1831 5327 potestas

252 5347 553 5380 ιηΑξΛι-Ιηοῗιι
612 5348 996 5380 ἶηιηηαηοΑ-ῗωθ
1027 5347 1253 5380 ί⁸Ληῖθηιι
1295 5362 1538 5380 ιιι-Μήτηρ
1578 5352 1827 5380 ηιξ-μελλου-

1931 4538 1987 4581 et
2016 4527 2353 4597 dispergant,
2388 4526 2575 4583 caulas
2608 4536 2786 4582 tamen
2836 4536 2893 4581 et
2940 4543 3140 4598 pascua
3186 4543 3374 4582 earum
3419 4544 3511 4581 au-

1933 4618 2078 4674 ferre
2112 4634 2215 4674 non
2244 4630 2460 4683 curant,
2495 4618 2593 4674 sed
2646 4628 2768 4690 post
2816 4634 2877 4674 se
2922 4620 3236 4687 relinquunt
3262 4619 3348 4672 ubi
3382 4619 3513 4673 resi-

1932 4709 2072 4772 duic,
2101 4717 2155 4762 et
2196 4707 2393 4761 futura:
2437 4723 2565 4762 oves
2614 4718 3020 4770 commaneant,
3046 4717 3104 4763 et
3141 4709 3282 4763 unde
3305 4706 3507 4760 vivant.

1934 4797 2196 4854 Nonnulla
2244 4800 2388 4855 enim
2444 4801 2746 4856 consolatio
2793 4801 3081 4871 prmteriti,
3116 4801 3199 4855 vel
3232 4800 3517 4870 praesentis

1933 4889 2112 4949 damni
2142 4899 2225 4944 est
2248 4889 2550 4953 catholicis,
2580 4892 2670 4946 ubi
2717 4906 2911 4962 parum
2937 4900 3031 4945 aut
3056 4901 3207 4946 certe
3240 4889 3318 4943 nil
3342 4888 3525 4943 victus

1933 4989 1989 5034 et
2009 4982 2234 5036 vestitus
2266 4980 2445 5034 minus
2468 4990 2550 5035 est
2570 4983 2669 5038 eis.
2700 4983 2812 5047 Sic,
2839 4992 2962 5053 post
3004 4983 3341 5039 Auxentium
3371 4980 3533 5033 Aria-

1934 5086 2085 5139 num,
2131 5071 2458 5129 Ambrosius
2509 5076 2805 5132 catholicus
2861 5077 2966 5133 sibi
3014 5077 3270 5134 relictmn
3326 5076 3543 5141 mperit

1937 5163 2358 5223 Mediolanensis
2383 5164 2627 5223 ecclesiae
2655 5168 3002 5240 stipendium-
3023 5178 3080 5223 et
3127 5164 3497 5227 diversorium
3521 5187 3540 5234 ;

1936 5256 2036 5322 sic,
2084 5269 2209 5327 post
2261 5254 2558 5310 Maximum
2589 5258 2870 5328 Cynicum,
2919 5260 3240 5328 Nectarius;
3274 5257 3382 5318 sic,
3412 5270 3548 5325 post

1934 5345 2250 5380 “:nonnnnm
2303 5345 2582 5380 Drnlnrina
2623 5351 2683 5380 De
2709 5353 2751 5380 Αἰ
2771 5351 3305 5380 -Αιξηο-ΑΑΙιΜ-Αηκῆη
3331 5347 3545 5380 Ιιοειῖοια
