  <div class='ocr_page' id='page_1' title='image "/cluster/home/n/w/nwhite01/storage/ocr_20150623/143/hvd.32044015471816/565.png"; bbox 0 0 4064 5394; ppageno 0'>
   <div class='ocr_carea' id='block_1_1' title="bbox 608 335 743 392">
    <p class='ocr_par' dir='ltr' id='par_1_1' title="bbox 608 335 743 392">
     <span class='ocr_line' id='line_1_1' title="bbox 608 335 743 392; baseline -0.007 0"><span class='ocrx_word' id='word_1_1' title='bbox 608 335 743 392; x_wconf 73' lang='lat'><strong>“‘25</strong></span> 
     </span>
    </p>
   </div>
   <div class='ocr_carea' id='block_1_2' title="bbox 1726 336 2837 395">
    <p class='ocr_par' dir='ltr' id='par_1_2' title="bbox 1726 336 2837 395">
     <span class='ocr_line' id='line_1_2' title="bbox 1726 336 2837 395; baseline 0.001 -3"><span class='ocrx_word' id='word_1_2' title='bbox 1726 336 2080 395; x_wconf 66' lang='lat' dir='ltr'><strong>IIIIMBERTI</strong></span> <span class='ocrx_word' id='word_1_3' title='bbox 2123 338 2179 394; x_wconf 86' lang='lat' dir='ltr'><strong>S.</strong></span> <span class='ocrx_word' id='word_1_4' title='bbox 2222 339 2284 392; x_wconf 75' lang='grc' dir='ltr'><strong>Β.</strong></span> <span class='ocrx_word' id='word_1_5' title='bbox 2331 337 2391 392; x_wconf 81' lang='grc' dir='ltr'><strong>Ε.</strong></span> <span class='ocrx_word' id='word_1_6' title='bbox 2431 338 2837 395; x_wconf 65' lang='lat' dir='ltr'><strong>CARDINAIJS</strong></span> 
     </span>
    </p>
   </div>
   <div class='ocr_carea' id='block_1_3' title="bbox 3742 344 3897 397">
    <p class='ocr_par' dir='ltr' id='par_1_3' title="bbox 3742 344 3897 397">
     <span class='ocr_line' id='line_1_3' title="bbox 3742 344 3897 397; baseline 0 0"><span class='ocrx_word' id='word_1_7' title='bbox 3742 344 3897 397; x_wconf 60' lang='grc' dir='ltr'>ιιῖι</span> 
     </span>
    </p>
   </div>
   <div class='ocr_carea' id='block_1_4' title="bbox 607 448 3879 522">
    <p class='ocr_par' dir='ltr' id='par_1_4' title="bbox 607 448 3879 522">
     <span class='ocr_line' id='line_1_4' title="bbox 607 448 3879 522; baseline 0.001 -16"><span class='ocrx_word' id='word_1_8' title='bbox 607 452 728 519; x_wconf 78' lang='lat' dir='ltr'><strong>guis</strong></span> <span class='ocrx_word' id='word_1_9' title='bbox 756 451 933 503; x_wconf 85' lang='lat' dir='ltr'><strong>omnia</strong></span> <span class='ocrx_word' id='word_1_10' title='bbox 965 457 1201 503; x_wconf 85' lang='lat' dir='ltr'><strong>comcmt</strong></span> <span class='ocrx_word' id='word_1_11' title='bbox 1227 459 1280 504; x_wconf 91' lang='lat' dir='ltr'><strong>ct</strong></span> <span class='ocrx_word' id='word_1_12' title='bbox 1306 448 1648 513; x_wconf 90' lang='lat' dir='ltr'><strong>comminuit,</strong></span> <span class='ocrx_word' id='word_1_13' title='bbox 1698 466 1762 505; x_wconf 90' lang='lat' dir='ltr'><strong>ac</strong></span> <span class='ocrx_word' id='word_1_14' title='bbox 1811 453 1923 507; x_wconf 83' lang='lat' dir='ltr'><strong>suis</strong></span> <span class='ocrx_word' id='word_1_15' title='bbox 1954 452 2178 521; x_wconf 81' lang='lat' dir='ltr'><strong>pedibus</strong></span> <span class='ocrx_word' id='word_1_16' title='bbox 2209 460 2249 516; x_wconf 75' lang='grc' dir='ltr'><strong>Α</strong></span> <span class='ocrx_word' id='word_1_17' title='bbox 2281 464 2462 502; x_wconf 84' lang='lat' dir='ltr'><strong>coram</strong></span> <span class='ocrx_word' id='word_1_18' title='bbox 2484 449 2619 519; x_wconf 86' lang='lat' dir='ltr'><strong>ipso,</strong></span> <span class='ocrx_word' id='word_1_19' title='bbox 2644 450 2836 518; x_wconf 79' lang='lat' dir='ltr'><strong>quibus</strong></span> <span class='ocrx_word' id='word_1_20' title='bbox 2852 451 3168 507; x_wconf 85' lang='lat' dir='ltr'><strong>scduxitcos</strong></span> <span class='ocrx_word' id='word_1_21' title='bbox 3192 452 3281 521; x_wconf 88' lang='lat' dir='ltr'><strong>qui</strong></span> <span class='ocrx_word' id='word_1_22' title='bbox 3304 461 3641 522; x_wconf 85' lang='lat' dir='ltr'><strong>acceperunt</strong></span> <span class='ocrx_word' id='word_1_23' title='bbox 3670 454 3879 509; x_wconf 77' lang='lat' dir='ltr'><strong>chara-</strong></span> 
     </span>
    </p>
   </div>
   <div class='ocr_carea' id='block_1_5' title="bbox 607 538 2175 609">
    <p class='ocr_par' dir='ltr' id='par_1_5' title="bbox 607 538 2175 609">
     <span class='ocr_line' id='line_1_5' title="bbox 607 538 2175 609; baseline -0.001 -15"><span class='ocrx_word' id='word_1_24' title='bbox 607 540 810 608; x_wconf 87' lang='lat' dir='ltr'><strong>reliqua</strong></span> <span class='ocrx_word' id='word_1_25' title='bbox 842 540 1091 608; x_wconf 87' lang='lat' dir='ltr'><strong>proterit,</strong></span> <span class='ocrx_word' id='word_1_26' title='bbox 1116 539 1264 593; x_wconf 84' lang='lat' dir='ltr'><strong>velut</strong></span> <span class='ocrx_word' id='word_1_27' title='bbox 1316 538 1487 593; x_wconf 86' lang='lat' dir='ltr'><strong>bestia</strong></span> <span class='ocrx_word' id='word_1_28' title='bbox 1536 539 1649 605; x_wconf 89' lang='lat' dir='ltr'><strong>illa,</strong></span> <span class='ocrx_word' id='word_1_29' title='bbox 1701 555 1822 609; x_wconf 61' lang='lat' dir='ltr'><strong>quae</strong></span> <span class='ocrx_word' id='word_1_30' title='bbox 1877 542 2175 593; x_wconf 74' lang='lat' dir='ltr'><strong>Romanum</strong></span> 
     </span>
    </p>
   </div>
   <div class='ocr_carea' id='block_1_6' title="bbox 605 629 2175 699">
    <p class='ocr_par' dir='ltr' id='par_1_6' title="bbox 605 629 2175 699">
     <span class='ocr_line' id='line_1_6' title="bbox 605 629 2175 699; baseline -0.001 -14"><span class='ocrx_word' id='word_1_31' title='bbox 605 630 889 699; x_wconf 83' lang='lat' dir='ltr'><strong>imperium</strong></span> <span class='ocrx_word' id='word_1_32' title='bbox 930 629 1324 698; x_wconf 72' lang='lat' dir='ltr'><strong>przefiguravit;</strong></span> <span class='ocrx_word' id='word_1_33' title='bbox 1352 630 1445 683; x_wconf 86' lang='lat' dir='ltr'><strong>sed</strong></span> <span class='ocrx_word' id='word_1_34' title='bbox 1497 630 1710 684; x_wconf 81' lang='lat' dir='ltr'><strong>flamma</strong></span> <span class='ocrx_word' id='word_1_35' title='bbox 1758 630 1977 698; x_wconf 90' lang='lat' dir='ltr'><strong>insuper</strong></span> <span class='ocrx_word' id='word_1_36' title='bbox 2024 645 2090 683; x_wconf 86' lang='lat' dir='ltr'><strong>ex</strong></span> <span class='ocrx_word' id='word_1_37' title='bbox 2118 644 2175 683; x_wconf 88' lang='lat' dir='ltr'><strong>se</strong></span> 
     </span>
    </p>
   </div>
   <div class='ocr_carea' id='block_1_7' title="bbox 603 720 2176 791">
    <p class='ocr_par' dir='ltr' id='par_1_7' title="bbox 603 720 2176 791">
     <span class='ocr_line' id='line_1_7' title="bbox 603 720 2176 791; baseline 0.001 -16"><span class='ocrx_word' id='word_1_38' title='bbox 603 728 837 775; x_wconf 79' lang='lat' dir='ltr'><strong>exeunte</strong></span> <span class='ocrx_word' id='word_1_39' title='bbox 865 721 936 773; x_wconf 92' lang='lat' dir='ltr'><strong>nil</strong></span> <span class='ocrx_word' id='word_1_40' title='bbox 972 730 1099 774; x_wconf 89' lang='lat' dir='ltr'><strong>ante</strong></span> <span class='ocrx_word' id='word_1_41' title='bbox 1134 735 1193 774; x_wconf 90' lang='lat' dir='ltr'><strong>se</strong></span> <span class='ocrx_word' id='word_1_42' title='bbox 1236 720 1672 789; x_wconf 87' lang='lat' dir='ltr'><strong>inconsumptmn</strong></span> <span class='ocrx_word' id='word_1_43' title='bbox 1726 721 1999 791; x_wconf 89' lang='lat' dir='ltr'><strong>relinquit,</strong></span> <span class='ocrx_word' id='word_1_44' title='bbox 2036 722 2176 776; x_wconf 89' lang='lat' dir='ltr'><strong>unde</strong></span> 
     </span>
    </p>
   </div>
   <div class='ocr_carea' id='block_1_8' title="bbox 604 812 2175 882">
    <p class='ocr_par' dir='ltr' id='par_1_8' title="bbox 604 812 2175 882">
     <span class='ocr_line' id='line_1_8' title="bbox 604 812 2175 882; baseline -0.002 -15"><span class='ocrx_word' id='word_1_45' title='bbox 604 813 649 867; x_wconf 93' lang='lat' dir='ltr'><strong>si</strong></span> <span class='ocrx_word' id='word_1_46' title='bbox 675 812 937 881; x_wconf 87' lang='lat' dir='ltr'><strong>propheta</strong></span> <span class='ocrx_word' id='word_1_47' title='bbox 966 825 1162 866; x_wconf 90' lang='lat' dir='ltr'><strong>nomen</strong></span> <span class='ocrx_word' id='word_1_48' title='bbox 1197 812 1339 867; x_wconf 89' lang='lat' dir='ltr'><strong>illius</strong></span> <span class='ocrx_word' id='word_1_49' title='bbox 1371 822 1593 882; x_wconf 91' lang='lat' dir='ltr'><strong>stupore</strong></span> <span class='ocrx_word' id='word_1_50' title='bbox 1623 813 1875 881; x_wconf 74' lang='lat' dir='ltr'><strong>potentia:</strong></span> <span class='ocrx_word' id='word_1_51' title='bbox 1902 822 1955 867; x_wconf 92' lang='lat' dir='ltr'><strong>et</strong></span> <span class='ocrx_word' id='word_1_52' title='bbox 1985 812 2175 866; x_wconf 88' lang='lat' dir='ltr'><strong>imma-</strong></span> 
     </span>
    </p>
   </div>
   <div class='ocr_carea' id='block_1_9' title="bbox 604 900 2174 970">
    <p class='ocr_par' dir='ltr' id='par_1_9' title="bbox 604 900 2174 970">
     <span class='ocr_line' id='line_1_9' title="bbox 604 900 2174 970; baseline 0 -15"><span class='ocrx_word' id='word_1_53' title='bbox 604 900 792 956; x_wconf 86' lang='lat' dir='ltr'><strong>nitatis</strong></span> <span class='ocrx_word' id='word_1_54' title='bbox 838 901 1121 969; x_wconf 87' lang='lat' dir='ltr'><strong>perculsus</strong></span> <span class='ocrx_word' id='word_1_55' title='bbox 1172 901 1412 967; x_wconf 77' lang='lat' dir='ltr'><strong>reticuit,</strong></span> <span class='ocrx_word' id='word_1_56' title='bbox 1467 916 1588 954; x_wconf 91' lang='lat' dir='ltr'><strong>cum</strong></span> <span class='ocrx_word' id='word_1_57' title='bbox 1639 902 1889 965; x_wconf 87' lang='lat' dir='ltr'><strong>aliarum,</strong></span> <span class='ocrx_word' id='word_1_58' title='bbox 1926 903 2174 970; x_wconf 90' lang='lat' dir='ltr'><strong>quamvis</strong></span> 
     </span>
    </p>
   </div>
   <div class='ocr_carea' id='block_1_10' title="bbox 602 978 2175 1059">
    <p class='ocr_par' dir='ltr' id='par_1_10' title="bbox 602 978 2175 1059">
     <span class='ocr_line' id='line_1_10' title="bbox 602 978 2175 1059; baseline 0.001 -15"><span class='ocrx_word' id='word_1_59' title='bbox 602 978 1193 1053; x_wconf 66' lang='lat' dir='ltr'><strong>terribilium,nomina</strong></span> <span class='ocrx_word' id='word_1_60' title='bbox 1240 1006 1344 1044; x_wconf 92' lang='lat' dir='ltr'><strong>non</strong></span> <span class='ocrx_word' id='word_1_61' title='bbox 1393 992 1826 1059; x_wconf 69' lang='lat' dir='ltr'><strong>prsetermiserit;</strong></span> <span class='ocrx_word' id='word_1_62' title='bbox 1861 992 1947 1045; x_wconf 90' lang='lat' dir='ltr'><strong>cui</strong></span> <span class='ocrx_word' id='word_1_63' title='bbox 1988 991 2175 1045; x_wconf 70' lang='lat' dir='ltr'><strong>bestiae</strong></span> 
     </span>
    </p>
   </div>
   <div class='ocr_carea' id='block_1_11' title="bbox 599 1067 2221 1148">
    <p class='ocr_par' dir='ltr' id='par_1_11' title="bbox 599 1067 2221 1148">
     <span class='ocr_line' id='line_1_11' title="bbox 599 1067 2221 1148; baseline 0 -14"><span class='ocrx_word' id='word_1_64' title='bbox 599 1080 716 1134; x_wconf 67' lang='lat' dir='ltr'><strong>haec</strong></span> <span class='ocrx_word' id='word_1_65' title='bbox 738 1077 1161 1133; x_wconf 84' lang='lat' dir='ltr'><strong>assimilabitur?</strong></span> <span class='ocrx_word' id='word_1_66' title='bbox 1183 1087 1278 1131; x_wconf 90' lang='lat' dir='ltr'><strong>aut</strong></span> <span class='ocrx_word' id='word_1_67' title='bbox 1302 1093 1408 1147; x_wconf 92' lang='lat' dir='ltr'><strong>quo</strong></span> <span class='ocrx_word' id='word_1_68' title='bbox 1435 1079 1650 1132; x_wconf 85' lang='lat' dir='ltr'><strong>nomine</strong></span> <span class='ocrx_word' id='word_1_69' title='bbox 1679 1079 2023 1142; x_wconf 79' lang='lat' dir='ltr'><strong>vocitabitur,</strong></span> <span class='ocrx_word' id='word_1_70' title='bbox 2042 1095 2174 1148; x_wconf 77' lang='lat' dir='ltr'><strong>quae</strong></span> <span class='ocrx_word' id='word_1_71' title='bbox 2208 1067 2221 1096; x_wconf 63' lang='lat'>&quot;</span> 
     </span>
    </p>
   </div>
   <div class='ocr_carea' id='block_1_12' title="bbox 600 1162 2171 1227">
    <p class='ocr_par' dir='ltr' id='par_1_12' title="bbox 600 1162 2171 1227">
     <span class='ocr_line' id='line_1_12' title="bbox 600 1162 2171 1227; baseline -0.002 -1"><span class='ocrx_word' id='word_1_72' title='bbox 600 1171 915 1227; x_wconf 83' lang='lat' dir='ltr'><strong>dissimilior</strong></span> <span class='ocrx_word' id='word_1_73' title='bbox 945 1179 999 1224; x_wconf 87' lang='lat' dir='ltr'><strong>et</strong></span> <span class='ocrx_word' id='word_1_74' title='bbox 1021 1170 1294 1225; x_wconf 83' lang='lat' dir='ltr'><strong>crudelior</strong></span> <span class='ocrx_word' id='word_1_75' title='bbox 1316 1171 1567 1224; x_wconf 83' lang='lat' dir='ltr'><strong>omnibus</strong></span> <span class='ocrx_word' id='word_1_76' title='bbox 1593 1162 1904 1224; x_wconf 86' lang='lat' dir='ltr'><strong>invenitur?</strong></span> <span class='ocrx_word' id='word_1_77' title='bbox 1933 1179 2171 1224; x_wconf 88' lang='lat' dir='ltr'><strong>attamen</strong></span> 
     </span>
    </p>
   </div>
   <div class='ocr_carea' id='block_1_13' title="bbox 599 1258 2171 1328">
    <p class='ocr_par' dir='ltr' id='par_1_13' title="bbox 599 1258 2171 1328">
     <span class='ocr_line' id='line_1_13' title="bbox 599 1258 2171 1328; baseline -0.002 -13"><span class='ocrx_word' id='word_1_78' title='bbox 599 1260 729 1315; x_wconf 88' lang='lat' dir='ltr'><strong>licet</strong></span> <span class='ocrx_word' id='word_1_79' title='bbox 779 1259 947 1324; x_wconf 89' lang='lat' dir='ltr'><strong>illam,</strong></span> <span class='ocrx_word' id='word_1_80' title='bbox 998 1272 1117 1327; x_wconf 74' lang='lat' dir='ltr'><strong>quae</strong></span> <span class='ocrx_word' id='word_1_81' title='bbox 1160 1258 1339 1327; x_wconf 79' lang='lat' dir='ltr'><strong>quarti</strong></span> <span class='ocrx_word' id='word_1_82' title='bbox 1399 1259 1546 1328; x_wconf 83' lang='lat' dir='ltr'><strong>regni</strong></span> <span class='ocrx_word' id='word_1_83' title='bbox 1607 1260 1891 1327; x_wconf 84' lang='lat' dir='ltr'><strong>pmphetia</strong></span> <span class='ocrx_word' id='word_1_84' title='bbox 1938 1260 2171 1325; x_wconf 86' lang='lat' dir='ltr'><strong>exstitit,</strong></span> 
     </span>
    </p>
   </div>
   <div class='ocr_carea' id='block_1_14' title="bbox 597 1339 2173 1421">
    <p class='ocr_par' dir='ltr' id='par_1_14' title="bbox 597 1339 2173 1421">
     <span class='ocr_line' id='line_1_14' title="bbox 597 1339 2173 1421; baseline -0.001 -14"><span class='ocrx_word' id='word_1_85' title='bbox 597 1351 808 1417; x_wconf 82' lang='lat' dir='ltr'><strong>Daniel,</strong></span> <span class='ocrx_word' id='word_1_86' title='bbox 838 1353 941 1406; x_wconf 88' lang='lat' dir='ltr'><strong>hoc</strong></span> <span class='ocrx_word' id='word_1_87' title='bbox 969 1360 1072 1415; x_wconf 88' lang='lat' dir='ltr'><strong>est,</strong></span> <span class='ocrx_word' id='word_1_88' title='bbox 1095 1350 1359 1421; x_wconf 81' lang='lat' dir='ltr'><strong>judicium</strong></span> <span class='ocrx_word' id='word_1_89' title='bbox 1389 1352 1488 1403; x_wconf 81' lang='lat' dir='ltr'><strong>uici</strong></span> <span class='ocrx_word' id='word_1_90' title='bbox 1510 1350 1634 1413; x_wconf 87' lang='lat' dir='ltr'><strong>Dei,</strong></span> <span class='ocrx_word' id='word_1_91' title='bbox 1663 1351 1903 1421; x_wconf 82' lang='lat' dir='ltr'><strong>exceptis</strong></span> <span class='ocrx_word' id='word_1_92' title='bbox 1925 1339 2173 1407; x_wconf 48' lang='lat' dir='ltr'><strong>ﬁnlibtts</strong></span> 
     </span>
    </p>
   </div>
   <div class='ocr_carea' id='block_1_15' title="bbox 596 1441 2176 1516">
    <p class='ocr_par' dir='ltr' id='par_1_15' title="bbox 596 1441 2176 1516">
     <span class='ocr_line' id='line_1_15' title="bbox 596 1441 2176 1516; baseline -0.003 -14"><span class='ocrx_word' id='word_1_93' title='bbox 596 1455 649 1502; x_wconf 88' lang='lat' dir='ltr'><strong>et</strong></span> <span class='ocrx_word' id='word_1_94' title='bbox 677 1445 924 1516; x_wconf 87' lang='lat' dir='ltr'><strong>pedibus,</strong></span> <span class='ocrx_word' id='word_1_95' title='bbox 954 1459 1054 1497; x_wconf 92' lang='lat' dir='ltr'><strong>nec</strong></span> <span class='ocrx_word' id='word_1_96' title='bbox 1084 1444 1325 1507; x_wconf 91' lang='lat' dir='ltr'><strong>nomina,</strong></span> <span class='ocrx_word' id='word_1_97' title='bbox 1350 1455 1447 1497; x_wconf 87' lang='lat' dir='ltr'><strong>nec</strong></span> <span class='ocrx_word' id='word_1_98' title='bbox 1478 1441 1647 1496; x_wconf 86' lang='lat' dir='ltr'><strong>forma</strong></span> <span class='ocrx_word' id='word_1_99' title='bbox 1693 1442 2023 1504; x_wconf 87' lang='lat' dir='ltr'><strong>ostenderit;</strong></span> <span class='ocrx_word' id='word_1_100' title='bbox 2070 1443 2176 1497; x_wconf 92' lang='lat' dir='ltr'><strong>Do-</strong></span> 
     </span>
    </p>
   </div>
   <div class='ocr_carea' id='block_1_16' title="bbox 598 1531 2173 1607">
    <p class='ocr_par' dir='ltr' id='par_1_16' title="bbox 598 1531 2173 1607">
     <span class='ocr_line' id='line_1_16' title="bbox 598 1531 2173 1607; baseline -0.003 -15"><span class='ocrx_word' id='word_1_101' title='bbox 598 1538 728 1593; x_wconf 82' lang='lat' dir='ltr'><strong>mini</strong></span> <span class='ocrx_word' id='word_1_102' title='bbox 762 1536 933 1607; x_wconf 85' lang='lat' dir='ltr'><strong>gratia</strong></span> <span class='ocrx_word' id='word_1_103' title='bbox 995 1544 1199 1597; x_wconf 84' lang='lat' dir='ltr'><strong>tamen.</strong></span> <span class='ocrx_word' id='word_1_104' title='bbox 1268 1535 1319 1587; x_wconf 89' lang='lat' dir='ltr'><strong>id</strong></span> <span class='ocrx_word' id='word_1_105' title='bbox 1381 1541 1466 1587; x_wconf 90' lang='lat' dir='ltr'><strong>est</strong></span> <span class='ocrx_word' id='word_1_106' title='bbox 1518 1531 1776 1598; x_wconf 78' lang='lat' dir='ltr'><strong>Joannes,</strong></span> <span class='ocrx_word' id='word_1_107' title='bbox 1830 1533 1990 1598; x_wconf 89' lang='lat' dir='ltr'><strong>hanc,</strong></span> <span class='ocrx_word' id='word_1_108' title='bbox 2053 1549 2173 1603; x_wconf 81' lang='lat' dir='ltr'><strong>qua:</strong></span> 
     </span>
    </p>
   </div>
   <div class='ocr_carea' id='block_1_17' title="bbox 565 1610 2169 1701">
    <p class='ocr_par' dir='ltr' id='par_1_17' title="bbox 565 1610 2169 1701">
     <span class='ocr_line' id='line_1_17' title="bbox 565 1610 2169 1701; baseline -0.006 -11"><span class='ocrx_word' id='word_1_109' title='bbox 565 1614 863 1691; x_wconf 60' lang='lat' dir='ltr'><strong>ibazrescos</strong></span> <span class='ocrx_word' id='word_1_110' title='bbox 929 1630 1207 1701; x_wconf 87' lang='lat' dir='ltr'><strong>prophetia</strong></span> <span class='ocrx_word' id='word_1_111' title='bbox 1278 1637 1472 1691; x_wconf 79' lang='lat' dir='ltr'><strong>exstat,</strong></span> <span class='ocrx_word' id='word_1_112' title='bbox 1517 1610 1599 1682; x_wconf 46' lang='lat' dir='ltr'><strong>&#39;iu</strong></span> <span class='ocrx_word' id='word_1_113' title='bbox 1656 1643 1751 1682; x_wconf 90' lang='lat' dir='ltr'><strong>sua</strong></span> <span class='ocrx_word' id='word_1_114' title='bbox 1818 1623 2169 1699; x_wconf 79' lang='lat' dir='ltr'><strong>ApOcalypsi,</strong></span> 
     </span>
    </p>
   </div>
   <div class='ocr_carea' id='block_1_18' title="bbox 565 1706 2173 1788">
    <p class='ocr_par' dir='ltr' id='par_1_18' title="bbox 565 1706 2173 1788">
     <span class='ocr_line' id='line_1_18' title="bbox 565 1706 2173 1788; baseline -0.005 -10"><span class='ocrx_word' id='word_1_115' title='bbox 565 1706 812 1778; x_wconf 45' lang='lat' dir='ltr'><strong>&#39;nomine</strong></span> <span class='ocrx_word' id='word_1_116' title='bbox 854 1728 1064 1774; x_wconf 88' lang='lat' dir='ltr'><strong>tantum</strong></span> <span class='ocrx_word' id='word_1_117' title='bbox 1119 1732 1429 1788; x_wconf 86' lang='lat' dir='ltr'><strong>suppresso,</strong></span> <span class='ocrx_word' id='word_1_118' title='bbox 1472 1731 1536 1771; x_wconf 91' lang='lat' dir='ltr'><strong>ac</strong></span> <span class='ocrx_word' id='word_1_119' title='bbox 1584 1718 1628 1770; x_wconf 91' lang='lat' dir='ltr'><strong>si</strong></span> <span class='ocrx_word' id='word_1_120' title='bbox 1686 1716 1951 1771; x_wconf 77' lang='lat' dir='ltr'><strong>visibilem</strong></span> <span class='ocrx_word' id='word_1_121' title='bbox 1998 1717 2173 1771; x_wconf 91' lang='lat' dir='ltr'><strong>omni-</strong></span> 
     </span>
    </p>
   </div>
   <div class='ocr_carea' id='block_1_19' title="bbox 593 1796 1342 1881">
    <p class='ocr_par' dir='ltr' id='par_1_19' title="bbox 593 1796 1342 1881">
     <span class='ocr_line' id='line_1_19' title="bbox 593 1796 1342 1881; baseline -0.011 -13"><span class='ocrx_word' id='word_1_122' title='bbox 593 1813 694 1868; x_wconf 88' lang='lat' dir='ltr'><strong>bus</strong></span> <span class='ocrx_word' id='word_1_123' title='bbox 738 1796 1023 1881; x_wconf 84' lang='lat' dir='ltr'><strong>elligiavit,</strong></span> <span class='ocrx_word' id='word_1_124' title='bbox 1089 1808 1278 1863; x_wconf 84' lang='lat' dir='ltr'><strong>dicens</strong></span> <span class='ocrx_word' id='word_1_125' title='bbox 1329 1825 1342 1861; x_wconf 90' lang='lat'><strong>:</strong></span> 
     </span>
    </p>
   </div>
   <div class='ocr_carea' id='block_1_20' title="bbox 592 1898 2170 1959">
    <p class='ocr_par' dir='ltr' id='par_1_20' title="bbox 592 1898 2170 1959">
     <span class='ocr_line' id='line_1_20' title="bbox 592 1898 2170 1959; baseline -0.004 0"><span class='ocrx_word' id='word_1_126' title='bbox 592 1903 975 1959; x_wconf 84' lang='lat' dir='ltr'><strong>ascendentem</strong></span> <span class='ocrx_word' id='word_1_127' title='bbox 1007 1900 1074 1957; x_wconf 87' lang='lat' dir='ltr'><strong>de</strong></span> <span class='ocrx_word' id='word_1_128' title='bbox 1112 1907 1255 1953; x_wconf 91' lang='lat' dir='ltr'><strong>terra</strong></span> <span class='ocrx_word' id='word_1_129' title='bbox 1315 1905 1370 1953; x_wconf 90' lang='lat' dir='ltr'><strong>et</strong></span> <span class='ocrx_word' id='word_1_130' title='bbox 1415 1898 1656 1953; x_wconf 85' lang='lat' dir='ltr'><strong>habebat</strong></span> <span class='ocrx_word' id='word_1_131' title='bbox 1711 1913 1912 1953; x_wconf 88' lang='lat' dir='ltr'><strong>cornua</strong></span> <span class='ocrx_word' id='word_1_132' title='bbox 1960 1899 2065 1953; x_wconf 90' lang='lat' dir='ltr'><strong>duo</strong></span> <span class='ocrx_word' id='word_1_133' title='bbox 2095 1899 2170 1953; x_wconf 80' lang='lat' dir='ltr'><strong>si-</strong></span> 
     </span>
    </p>
   </div>
   <div class='ocr_carea' id='block_1_21' title="bbox 594 1990 2166 2063">
    <p class='ocr_par' dir='ltr' id='par_1_21' title="bbox 594 1990 2166 2063">
     <span class='ocr_line' id='line_1_21' title="bbox 594 1990 2166 2063; baseline -0.004 -14"><span class='ocrx_word' id='word_1_134' title='bbox 594 1995 740 2049; x_wconf 81' lang='lat' dir='ltr'><strong>milia</strong></span> <span class='ocrx_word' id='word_1_135' title='bbox 790 1992 954 2063; x_wconf 86' lang='lat' dir='ltr'><strong>Agui,</strong></span> <span class='ocrx_word' id='word_1_136' title='bbox 980 2001 1035 2046; x_wconf 88' lang='lat' dir='ltr'><strong>et</strong></span> <span class='ocrx_word' id='word_1_137' title='bbox 1065 1990 1386 2060; x_wconf 84' lang='lat' dir='ltr'><strong>loquebatur</strong></span> <span class='ocrx_word' id='word_1_138' title='bbox 1413 2001 1473 2043; x_wconf 91' lang='lat' dir='ltr'><strong>ut</strong></span> <span class='ocrx_word' id='word_1_139' title='bbox 1511 1992 1699 2054; x_wconf 85' lang='lat' dir='ltr'><strong>draco,</strong></span> <span class='ocrx_word' id='word_1_140' title='bbox 1748 1998 1804 2044; x_wconf 90' lang='lat' dir='ltr'><strong>et</strong></span> <span class='ocrx_word' id='word_1_141' title='bbox 1843 1998 2166 2060; x_wconf 89' lang='lat' dir='ltr'><strong>potestatem</strong></span> 
     </span>
    </p>
   </div>
   <div class='ocr_carea' id='block_1_22' title="bbox 590 2079 2165 2155">
    <p class='ocr_par' dir='ltr' id='par_1_22' title="bbox 590 2079 2165 2155">
     <span class='ocr_line' id='line_1_22' title="bbox 590 2079 2165 2155; baseline -0.004 -16"><span class='ocrx_word' id='word_1_142' title='bbox 590 2084 788 2155; x_wconf 82' lang='lat' dir='ltr'><strong>prioris</strong></span> <span class='ocrx_word' id='word_1_143' title='bbox 825 2082 1029 2145; x_wconf 70' lang='lat' dir='ltr'><strong>bestia~,</strong></span> <span class='ocrx_word' id='word_1_144' title='bbox 1071 2098 1089 2131; x_wconf 70' lang='grc' dir='ltr'><strong>ι</strong></span> <span class='ocrx_word' id='word_1_145' title='bbox 1151 2080 1358 2135; x_wconf 81' lang='lat' dir='ltr'><strong>scilicet</strong></span> <span class='ocrx_word' id='word_1_146' title='bbox 1414 2094 1534 2149; x_wconf 64' lang='lat' dir='ltr'><strong>qua:</strong></span> <span class='ocrx_word' id='word_1_147' title='bbox 1579 2079 1769 2133; x_wconf 90' lang='lat' dir='ltr'><strong>similis</strong></span> <span class='ocrx_word' id='word_1_148' title='bbox 1811 2088 1931 2134; x_wconf 86' lang='lat' dir='ltr'><strong>erat</strong></span> <span class='ocrx_word' id='word_1_149' title='bbox 1975 2080 2165 2148; x_wconf 87' lang='lat' dir='ltr'><strong>pardo,</strong></span> 
     </span>
    </p>
   </div>
   <div class='ocr_carea' id='block_1_23' title="bbox 590 2168 2164 2241">
    <p class='ocr_par' dir='ltr' id='par_1_23' title="bbox 590 2168 2164 2241">
     <span class='ocr_line' id='line_1_23' title="bbox 590 2168 2164 2241; baseline -0.002 -16"><span class='ocrx_word' id='word_1_150' title='bbox 590 2171 743 2240; x_wconf 76' lang='lat' dir='ltr'><strong>cujus</strong></span> <span class='ocrx_word' id='word_1_151' title='bbox 787 2170 947 2241; x_wconf 89' lang='lat' dir='ltr'><strong>pedes</strong></span> <span class='ocrx_word' id='word_1_152' title='bbox 977 2170 1118 2223; x_wconf 89' lang='lat' dir='ltr'><strong>sicut</strong></span> <span class='ocrx_word' id='word_1_153' title='bbox 1156 2170 1287 2231; x_wconf 89' lang='lat' dir='ltr'><strong>ursi,</strong></span> <span class='ocrx_word' id='word_1_154' title='bbox 1316 2179 1371 2223; x_wconf 92' lang='lat' dir='ltr'><strong>et</strong></span> <span class='ocrx_word' id='word_1_155' title='bbox 1401 2184 1462 2223; x_wconf 93' lang='lat' dir='ltr'><strong>os</strong></span> <span class='ocrx_word' id='word_1_156' title='bbox 1490 2168 1631 2223; x_wconf 87' lang='lat' dir='ltr'><strong>sicut</strong></span> <span class='ocrx_word' id='word_1_157' title='bbox 1677 2168 1868 2233; x_wconf 91' lang='lat' dir='ltr'><strong>leonis,</strong></span> <span class='ocrx_word' id='word_1_158' title='bbox 1905 2187 1922 2219; x_wconf 86' lang='grc' dir='ltr'><strong>ι</strong></span> <span class='ocrx_word' id='word_1_159' title='bbox 1952 2184 2164 2224; x_wconf 86' lang='lat' dir='ltr'><strong>omnem</strong></span> 
     </span>
    </p>
   </div>
   <div class='ocr_carea' id='block_1_24' title="bbox 592 2256 2166 2328">
    <p class='ocr_par' dir='ltr' id='par_1_24' title="bbox 592 2256 2166 2328">
     <span class='ocr_line' id='line_1_24' title="bbox 592 2256 2166 2328; baseline -0.002 -14"><span class='ocrx_word' id='word_1_160' title='bbox 592 2261 824 2315; x_wconf 77' lang='lat' dir='ltr'><strong>faciebat</strong></span> <span class='ocrx_word' id='word_1_161' title='bbox 856 2261 907 2313; x_wconf 91' lang='lat' dir='ltr'><strong>in</strong></span> <span class='ocrx_word' id='word_1_162' title='bbox 935 2268 1226 2328; x_wconf 89' lang='lat' dir='ltr'><strong>conspectu</strong></span> <span class='ocrx_word' id='word_1_163' title='bbox 1253 2256 1390 2327; x_wconf 87' lang='lat' dir='ltr'><strong>ejus.</strong></span> <span class='ocrx_word' id='word_1_164' title='bbox 1426 2259 1489 2311; x_wconf 82' lang='lat' dir='ltr'><strong>Et</strong></span> <span class='ocrx_word' id='word_1_165' title='bbox 1532 2257 1661 2313; x_wconf 83' lang='lat' dir='ltr'><strong>fecit</strong></span> <span class='ocrx_word' id='word_1_166' title='bbox 1691 2266 1893 2312; x_wconf 88' lang='lat' dir='ltr'><strong>terram</strong></span> <span class='ocrx_word' id='word_1_167' title='bbox 1923 2268 1978 2312; x_wconf 91' lang='lat' dir='ltr'><strong>et</strong></span> <span class='ocrx_word' id='word_1_168' title='bbox 2012 2259 2166 2312; x_wconf 90' lang='lat' dir='ltr'><strong>inha-</strong></span> 
     </span>
    </p>
   </div>
   <div class='ocr_carea' id='block_1_25' title="bbox 592 2349 2165 2420">
    <p class='ocr_par' dir='ltr' id='par_1_25' title="bbox 592 2349 2165 2420">
     <span class='ocr_line' id='line_1_25' title="bbox 592 2349 2165 2420; baseline -0.001 -12"><span class='ocrx_word' id='word_1_169' title='bbox 592 2353 828 2408; x_wconf 88' lang='lat' dir='ltr'><strong>bitantes</strong></span> <span class='ocrx_word' id='word_1_170' title='bbox 855 2353 907 2405; x_wconf 91' lang='lat' dir='ltr'><strong>in</strong></span> <span class='ocrx_word' id='word_1_171' title='bbox 924 2366 987 2406; x_wconf 88' lang='lat' dir='ltr'><strong>ea</strong></span> <span class='ocrx_word' id='word_1_172' title='bbox 1014 2360 1073 2405; x_wconf 91' lang='lat' dir='ltr'><strong>ut</strong></span> <span class='ocrx_word' id='word_1_173' title='bbox 1097 2351 1389 2405; x_wconf 85' lang='lat' dir='ltr'><strong>adorarent</strong></span> <span class='ocrx_word' id='word_1_174' title='bbox 1418 2349 1644 2405; x_wconf 84' lang='lat' dir='ltr'><strong>bestiam</strong></span> <span class='ocrx_word' id='word_1_175' title='bbox 1669 2350 1917 2420; x_wconf 89' lang='lat' dir='ltr'><strong>primam.</strong></span> <span class='ocrx_word' id='word_1_176' title='bbox 1944 2352 2009 2405; x_wconf 86' lang='lat' dir='ltr'><strong>Et</strong></span> <span class='ocrx_word' id='word_1_177' title='bbox 2039 2351 2165 2406; x_wconf 86' lang='lat' dir='ltr'><strong>fecit</strong></span> 
     </span>
    </p>
   </div>
   <div class='ocr_carea' id='block_1_26' title="bbox 590 2440 2162 2514">
    <p class='ocr_par' dir='ltr' id='par_1_26' title="bbox 590 2440 2162 2514">
     <span class='ocr_line' id='line_1_26' title="bbox 590 2440 2162 2514; baseline 0.001 -19"><span class='ocrx_word' id='word_1_178' title='bbox 590 2444 741 2514; x_wconf 87' lang='lat' dir='ltr'><strong>signa</strong></span> <span class='ocrx_word' id='word_1_179' title='bbox 774 2456 986 2512; x_wconf 85' lang='lat' dir='ltr'><strong>magna,</strong></span> <span class='ocrx_word' id='word_1_180' title='bbox 1017 2448 1074 2494; x_wconf 90' lang='lat' dir='ltr'><strong>ut</strong></span> <span class='ocrx_word' id='word_1_181' title='bbox 1096 2441 1271 2509; x_wconf 82' lang='lat' dir='ltr'><strong>ignem</strong></span> <span class='ocrx_word' id='word_1_182' title='bbox 1300 2441 1367 2495; x_wconf 92' lang='lat' dir='ltr'><strong>de</strong></span> <span class='ocrx_word' id='word_1_183' title='bbox 1396 2440 1534 2495; x_wconf 65' lang='lat' dir='ltr'><strong>coelo</strong></span> <span class='ocrx_word' id='word_1_184' title='bbox 1559 2440 1889 2495; x_wconf 88' lang='lat' dir='ltr'><strong>descendere</strong></span> <span class='ocrx_word' id='word_1_185' title='bbox 1921 2440 2082 2496; x_wconf 80' lang='lat' dir='ltr'><strong>faciat</strong></span> <span class='ocrx_word' id='word_1_186' title='bbox 2110 2441 2162 2496; x_wconf 91' lang='lat' dir='ltr'><strong>in</strong></span> 
     </span>
    </p>
   </div>
   <div class='ocr_carea' id='block_1_27' title="bbox 589 2531 2164 2602">
    <p class='ocr_par' dir='ltr' id='par_1_27' title="bbox 589 2531 2164 2602">
     <span class='ocr_line' id='line_1_27' title="bbox 589 2531 2164 2602; baseline 0 -14"><span class='ocrx_word' id='word_1_187' title='bbox 589 2546 791 2589; x_wconf 89' lang='lat' dir='ltr'><strong>terram</strong></span> <span class='ocrx_word' id='word_1_188' title='bbox 819 2534 871 2587; x_wconf 86' lang='lat' dir='ltr'><strong>in</strong></span> <span class='ocrx_word' id='word_1_189' title='bbox 894 2541 1180 2602; x_wconf 90' lang='lat' dir='ltr'><strong>conspectu</strong></span> <span class='ocrx_word' id='word_1_190' title='bbox 1205 2532 1504 2586; x_wconf 85' lang='lat' dir='ltr'><strong>hominum.</strong></span> <span class='ocrx_word' id='word_1_191' title='bbox 1530 2531 1595 2585; x_wconf 88' lang='lat' dir='ltr'><strong>Et</strong></span> <span class='ocrx_word' id='word_1_192' title='bbox 1622 2532 1835 2587; x_wconf 88' lang='lat' dir='ltr'><strong>seduxit</strong></span> <span class='ocrx_word' id='word_1_193' title='bbox 1856 2532 2164 2588; x_wconf 88' lang='lat' dir='ltr'><strong>habitantes</strong></span> 
     </span>
    </p>
   </div>
   <div class='ocr_carea' id='block_1_28' title="bbox 589 2622 2161 2693">
    <p class='ocr_par' dir='ltr' id='par_1_28' title="bbox 589 2622 2161 2693">
     <span class='ocr_line' id='line_1_28' title="bbox 589 2622 2161 2693; baseline 0.001 -15"><span class='ocrx_word' id='word_1_194' title='bbox 589 2626 641 2678; x_wconf 86' lang='lat' dir='ltr'><strong>in</strong></span> <span class='ocrx_word' id='word_1_195' title='bbox 673 2633 814 2678; x_wconf 90' lang='lat' dir='ltr'><strong>terra</strong></span> <span class='ocrx_word' id='word_1_196' title='bbox 855 2632 1075 2692; x_wconf 83' lang='lat' dir='ltr'><strong>propter</strong></span> <span class='ocrx_word' id='word_1_197' title='bbox 1101 2623 1252 2693; x_wconf 85' lang='lat' dir='ltr'><strong>signa</strong></span> <span class='ocrx_word' id='word_1_198' title='bbox 1277 2637 1398 2691; x_wconf 75' lang='lat' dir='ltr'><strong>quae</strong></span> <span class='ocrx_word' id='word_1_199' title='bbox 1438 2622 1569 2676; x_wconf 85' lang='lat' dir='ltr'><strong>data</strong></span> <span class='ocrx_word' id='word_1_200' title='bbox 1595 2632 1722 2677; x_wconf 86' lang='lat' dir='ltr'><strong>sunt</strong></span> <span class='ocrx_word' id='word_1_201' title='bbox 1765 2623 1837 2677; x_wconf 91' lang='lat' dir='ltr'><strong>illi</strong></span> <span class='ocrx_word' id='word_1_202' title='bbox 1886 2622 2067 2679; x_wconf 85' lang='lat' dir='ltr'><strong>facere</strong></span> <span class='ocrx_word' id='word_1_203' title='bbox 2111 2626 2161 2679; x_wconf 91' lang='lat' dir='ltr'><strong>in</strong></span> 
     </span>
    </p>
   </div>
   <div class='ocr_carea' id='block_1_29' title="bbox 585 2712 2166 2783">
    <p class='ocr_par' dir='ltr' id='par_1_29' title="bbox 585 2712 2166 2783">
     <span class='ocr_line' id='line_1_29' title="bbox 585 2712 2166 2783; baseline 0.001 -15"><span class='ocrx_word' id='word_1_204' title='bbox 585 2724 878 2783; x_wconf 87' lang='lat' dir='ltr'><strong>conspectu</strong></span> <span class='ocrx_word' id='word_1_205' title='bbox 928 2712 1136 2776; x_wconf 68' lang='lat' dir='ltr'><strong>bestiae,</strong></span> <span class='ocrx_word' id='word_1_206' title='bbox 1180 2712 1369 2767; x_wconf 88' lang='lat' dir='ltr'><strong>dicens</strong></span> <span class='ocrx_word' id='word_1_207' title='bbox 1418 2712 1789 2768; x_wconf 87' lang='lat' dir='ltr'><strong>habitantibus</strong></span> <span class='ocrx_word' id='word_1_208' title='bbox 1834 2714 1885 2767; x_wconf 93' lang='lat' dir='ltr'><strong>in</strong></span> <span class='ocrx_word' id='word_1_209' title='bbox 1925 2723 2066 2768; x_wconf 89' lang='lat' dir='ltr'><strong>terra</strong></span> <span class='ocrx_word' id='word_1_210' title='bbox 2107 2726 2166 2771; x_wconf 87' lang='lat' dir='ltr'><strong>ut</strong></span> 
     </span>
    </p>
   </div>
   <div class='ocr_carea' id='block_1_30' title="bbox 585 2803 2167 2875">
    <p class='ocr_par' dir='ltr' id='par_1_30' title="bbox 585 2803 2167 2875">
     <span class='ocr_line' id='line_1_30' title="bbox 585 2803 2167 2875; baseline 0.001 -16"><span class='ocrx_word' id='word_1_211' title='bbox 585 2804 790 2861; x_wconf 76' lang='lat' dir='ltr'><strong>faciant</strong></span> <span class='ocrx_word' id='word_1_212' title='bbox 815 2803 1102 2873; x_wconf 88' lang='lat' dir='ltr'><strong>imaginem</strong></span> <span class='ocrx_word' id='word_1_213' title='bbox 1143 2803 1348 2857; x_wconf 83' lang='lat' dir='ltr'><strong>bestiae.</strong></span> <span class='ocrx_word' id='word_1_214' title='bbox 1375 2804 1443 2858; x_wconf 85' lang='lat' dir='ltr'><strong>Et</strong></span> <span class='ocrx_word' id='word_1_215' title='bbox 1472 2805 1651 2858; x_wconf 89' lang='lat' dir='ltr'><strong>datum</strong></span> <span class='ocrx_word' id='word_1_216' title='bbox 1699 2814 1782 2859; x_wconf 88' lang='lat' dir='ltr'><strong>est</strong></span> <span class='ocrx_word' id='word_1_217' title='bbox 1811 2804 1883 2859; x_wconf 91' lang='lat' dir='ltr'><strong>illi</strong></span> <span class='ocrx_word' id='word_1_218' title='bbox 1912 2814 1975 2875; x_wconf 69' lang='lat' dir='ltr'><strong>ut</strong></span> <span class='ocrx_word' id='word_1_219' title='bbox 2011 2808 2167 2861; x_wconf 89' lang='lat' dir='ltr'><strong>daret</strong></span> 
     </span>
    </p>
   </div>
   <div class='ocr_carea' id='block_1_31' title="bbox 586 2893 2160 2966">
    <p class='ocr_par' dir='ltr' id='par_1_31' title="bbox 586 2893 2160 2966">
     <span class='ocr_line' id='line_1_31' title="bbox 586 2893 2160 2966; baseline -0.001 -13"><span class='ocrx_word' id='word_1_220' title='bbox 586 2896 835 2966; x_wconf 72' lang='lat' dir='ltr'><strong>Spiritum</strong></span> <span class='ocrx_word' id='word_1_221' title='bbox 884 2893 1102 2963; x_wconf 79' lang='lat' dir='ltr'><strong>imagini</strong></span> <span class='ocrx_word' id='word_1_222' title='bbox 1155 2894 1360 2957; x_wconf 59' lang='lat' dir='ltr'><strong>bestiae,</strong></span> <span class='ocrx_word' id='word_1_223' title='bbox 1390 2902 1445 2948; x_wconf 92' lang='lat' dir='ltr'><strong>et</strong></span> <span class='ocrx_word' id='word_1_224' title='bbox 1488 2894 1654 2949; x_wconf 82' lang='lat' dir='ltr'><strong>faciat</strong></span> <span class='ocrx_word' id='word_1_225' title='bbox 1695 2896 2002 2966; x_wconf 88' lang='lat' dir='ltr'><strong>quicunque</strong></span> <span class='ocrx_word' id='word_1_226' title='bbox 2054 2913 2160 2952; x_wconf 90' lang='lat' dir='ltr'><strong>nou</strong></span> 
     </span>
    </p>
   </div>
   <div class='ocr_carea' id='block_1_32' title="bbox 586 2985 2160 3057">
    <p class='ocr_par' dir='ltr' id='par_1_32' title="bbox 586 2985 2160 3057">
     <span class='ocr_line' id='line_1_32' title="bbox 586 2985 2160 3057; baseline 0.001 -16"><span class='ocrx_word' id='word_1_227' title='bbox 586 2986 896 3042; x_wconf 87' lang='lat' dir='ltr'><strong>adoraverit</strong></span> <span class='ocrx_word' id='word_1_228' title='bbox 942 2985 1226 3057; x_wconf 80' lang='lat' dir='ltr'><strong>imaginem</strong></span> <span class='ocrx_word' id='word_1_229' title='bbox 1272 2985 1500 3050; x_wconf 67' lang='lat' dir='ltr'><strong>bestiae,</strong></span> <span class='ocrx_word' id='word_1_230' title='bbox 1544 2988 1840 3044; x_wconf 85' lang='lat' dir='ltr'><strong>occidatur.</strong></span> <span class='ocrx_word' id='word_1_231' title='bbox 1886 2991 1952 3044; x_wconf 84' lang='lat' dir='ltr'><strong>Et</strong></span> <span class='ocrx_word' id='word_1_232' title='bbox 2001 2990 2160 3045; x_wconf 79' lang='lat' dir='ltr'><strong>faciet</strong></span> 
     </span>
    </p>
   </div>
   <div class='ocr_carea' id='block_1_33' title="bbox 585 3075 2162 3148">
    <p class='ocr_par' dir='ltr' id='par_1_33' title="bbox 585 3075 2162 3148">
     <span class='ocr_line' id='line_1_33' title="bbox 585 3075 2162 3148; baseline 0.004 -16"><span class='ocrx_word' id='word_1_233' title='bbox 585 3092 772 3132; x_wconf 87' lang='lat' dir='ltr'><strong>omnes</strong></span> <span class='ocrx_word' id='word_1_234' title='bbox 788 3075 1008 3147; x_wconf 83' lang='lat' dir='ltr'><strong>pusillus</strong></span> <span class='ocrx_word' id='word_1_235' title='bbox 1028 3086 1083 3130; x_wconf 90' lang='lat' dir='ltr'><strong>ct</strong></span> <span class='ocrx_word' id='word_1_236' title='bbox 1106 3091 1348 3147; x_wconf 86' lang='lat' dir='ltr'><strong>magnos,</strong></span> <span class='ocrx_word' id='word_1_237' title='bbox 1369 3077 1565 3133; x_wconf 85' lang='lat' dir='ltr'><strong>divites</strong></span> <span class='ocrx_word' id='word_1_238' title='bbox 1585 3087 1639 3132; x_wconf 90' lang='lat' dir='ltr'><strong>et</strong></span> <span class='ocrx_word' id='word_1_239' title='bbox 1659 3094 1940 3148; x_wconf 79' lang='lat' dir='ltr'><strong>pauperes.</strong></span> <span class='ocrx_word' id='word_1_240' title='bbox 1965 3081 2162 3138; x_wconf 79' lang='lat' dir='ltr'><strong>liberos</strong></span> 
     </span>
    </p>
   </div>
   <div class='ocr_carea' id='block_1_34' title="bbox 584 3166 2160 3237">
    <p class='ocr_par' dir='ltr' id='par_1_34' title="bbox 584 3166 2160 3237">
     <span class='ocr_line' id='line_1_34' title="bbox 584 3166 2160 3237; baseline 0.003 -16"><span class='ocrx_word' id='word_1_241' title='bbox 584 3176 632 3221; x_wconf 90' lang='lat' dir='ltr'><strong>et</strong></span> <span class='ocrx_word' id='word_1_242' title='bbox 659 3182 844 3221; x_wconf 86' lang='lat' dir='ltr'><strong>servos</strong></span> <span class='ocrx_word' id='word_1_243' title='bbox 871 3166 1069 3220; x_wconf 90' lang='lat' dir='ltr'><strong>habere</strong></span> <span class='ocrx_word' id='word_1_244' title='bbox 1091 3167 1457 3223; x_wconf 85' lang='lat' dir='ltr'><strong>characterem</strong></span> <span class='ocrx_word' id='word_1_245' title='bbox 1487 3168 1539 3221; x_wconf 91' lang='lat' dir='ltr'><strong>in</strong></span> <span class='ocrx_word' id='word_1_246' title='bbox 1572 3170 1759 3223; x_wconf 83' lang='lat' dir='ltr'><strong>dextra</strong></span> <span class='ocrx_word' id='word_1_247' title='bbox 1787 3182 2079 3237; x_wconf 87' lang='lat' dir='ltr'><strong>manu,aut</strong></span> <span class='ocrx_word' id='word_1_248' title='bbox 2108 3174 2160 3226; x_wconf 89' lang='lat' dir='ltr'><strong>in</strong></span> 
     </span>
    </p>
   </div>
   <div class='ocr_carea' id='block_1_35' title="bbox 587 3255 2161 3327">
    <p class='ocr_par' dir='ltr' id='par_1_35' title="bbox 587 3255 2161 3327">
     <span class='ocr_line' id='line_1_35' title="bbox 587 3255 2161 3327; baseline 0.004 -18"><span class='ocrx_word' id='word_1_249' title='bbox 587 3255 854 3309; x_wconf 88' lang='lat' dir='ltr'><strong>frontibus</strong></span> <span class='ocrx_word' id='word_1_250' title='bbox 876 3257 1009 3318; x_wconf 85' lang='lat' dir='ltr'><strong>suis,</strong></span> <span class='ocrx_word' id='word_1_251' title='bbox 1036 3263 1091 3309; x_wconf 91' lang='lat' dir='ltr'><strong>et</strong></span> <span class='ocrx_word' id='word_1_252' title='bbox 1132 3270 1198 3310; x_wconf 92' lang='lat' dir='ltr'><strong>ne</strong></span> <span class='ocrx_word' id='word_1_253' title='bbox 1226 3256 1347 3326; x_wconf 83' lang='lat' dir='ltr'><strong>quis</strong></span> <span class='ocrx_word' id='word_1_254' title='bbox 1385 3258 1557 3327; x_wconf 90' lang='lat' dir='ltr'><strong>possit</strong></span> <span class='ocrx_word' id='word_1_255' title='bbox 1585 3256 1819 3315; x_wconf 83' lang='lat' dir='ltr'><strong>vendere</strong></span> <span class='ocrx_word' id='word_1_256' title='bbox 1844 3269 1936 3314; x_wconf 89' lang='lat' dir='ltr'><strong>aut</strong></span> <span class='ocrx_word' id='word_1_257' title='bbox 1960 3275 2161 3324; x_wconf 86' lang='lat' dir='ltr'><strong>emere,</strong></span> 
     </span>
    </p>
   </div>
   <div class='ocr_carea' id='block_1_36' title="bbox 587 3343 2174 3415">
    <p class='ocr_par' dir='ltr' id='par_1_36' title="bbox 587 3343 2174 3415">
     <span class='ocr_line' id='line_1_36' title="bbox 587 3343 2174 3415; baseline 0.006 -19"><span class='ocrx_word' id='word_1_258' title='bbox 587 3343 689 3397; x_wconf 90' lang='lat' dir='ltr'><strong>nisi</strong></span> <span class='ocrx_word' id='word_1_259' title='bbox 728 3343 819 3412; x_wconf 93' lang='lat' dir='ltr'><strong>qui</strong></span> <span class='ocrx_word' id='word_1_260' title='bbox 849 3344 1011 3399; x_wconf 88' lang='lat' dir='ltr'><strong>habet</strong></span> <span class='ocrx_word' id='word_1_261' title='bbox 1031 3344 1424 3411; x_wconf 87' lang='lat' dir='ltr'><strong>characterem,</strong></span> <span class='ocrx_word' id='word_1_262' title='bbox 1456 3354 1550 3401; x_wconf 90' lang='lat' dir='ltr'><strong>aut</strong></span> <span class='ocrx_word' id='word_1_263' title='bbox 1588 3362 1781 3402; x_wconf 90' lang='lat' dir='ltr'><strong>nomen</strong></span> <span class='ocrx_word' id='word_1_264' title='bbox 1823 3349 2029 3415; x_wconf 66' lang='lat' dir='ltr'><strong>bestiae,</strong></span> <span class='ocrx_word' id='word_1_265' title='bbox 2074 3347 2174 3405; x_wconf 84' lang='lat' dir='ltr'><strong>aut</strong></span> 
     </span>
    </p>
   </div>
   <div class='ocr_carea' id='block_1_37' title="bbox 587 3433 2164 3509">
    <p class='ocr_par' dir='ltr' id='par_1_37' title="bbox 587 3433 2164 3509">
     <span class='ocr_line' id='line_1_37' title="bbox 587 3433 2164 3509; baseline 0.005 -23"><span class='ocrx_word' id='word_1_266' title='bbox 587 3448 869 3488; x_wconf 91' lang='lat' dir='ltr'><strong>numerum</strong></span> <span class='ocrx_word' id='word_1_267' title='bbox 898 3434 1128 3488; x_wconf 90' lang='lat' dir='ltr'><strong>nominis</strong></span> <span class='ocrx_word' id='word_1_268' title='bbox 1155 3433 1292 3503; x_wconf 80' lang='lat' dir='ltr'><strong>ejus,</strong></span> <span class='ocrx_word' id='word_1_269' title='bbox 1328 3443 1435 3490; x_wconf 90' lang='lat' dir='ltr'><strong>etc.</strong></span> <span class='ocrx_word' id='word_1_270' title='bbox 1465 3436 1648 3506; x_wconf 78' lang='lat' dir='ltr'><strong>(Apoc.</strong></span> <span class='ocrx_word' id='word_1_271' title='bbox 1680 3437 1767 3502; x_wconf 81' lang='grc'><strong>15,</strong></span> <span class='ocrx_word' id='word_1_272' title='bbox 1802 3440 2005 3509; x_wconf 76' lang='grc'><strong>11-18).</strong></span> <span class='ocrx_word' id='word_1_273' title='bbox 2032 3460 2051 3493; x_wconf 75' lang='grc' dir='ltr'><strong>ι</strong></span> <span class='ocrx_word' id='word_1_274' title='bbox 2089 3441 2164 3494; x_wconf 91' lang='lat' dir='ltr'><strong>De</strong></span> 
     </span>
    </p>
   </div>
   <div class='ocr_carea' id='block_1_38' title="bbox 586 3525 2165 3598">
    <p class='ocr_par' dir='ltr' id='par_1_38' title="bbox 586 3525 2165 3598">
     <span class='ocr_line' id='line_1_38' title="bbox 586 3525 2165 3598; baseline 0.007 -22"><span class='ocrx_word' id='word_1_275' title='bbox 586 3539 713 3593; x_wconf 86' lang='lat' dir='ltr'><strong>qua,</strong></span> <span class='ocrx_word' id='word_1_276' title='bbox 749 3531 872 3593; x_wconf 88' lang='lat' dir='ltr'><strong>post</strong></span> <span class='ocrx_word' id='word_1_277' title='bbox 906 3539 1096 3593; x_wconf 86' lang='lat' dir='ltr'><strong>pauca,</strong></span> <span class='ocrx_word' id='word_1_278' title='bbox 1125 3525 1347 3593; x_wconf 75' lang='lat' dir='ltr'><strong>angelus</strong></span> <span class='ocrx_word' id='word_1_279' title='bbox 1383 3542 1513 3581; x_wconf 88' lang='lat' dir='ltr'><strong>voce</strong></span> <span class='ocrx_word' id='word_1_280' title='bbox 1545 3542 1736 3598; x_wconf 87' lang='lat' dir='ltr'><strong>magna</strong></span> <span class='ocrx_word' id='word_1_281' title='bbox 1771 3530 1901 3583; x_wconf 90' lang='lat' dir='ltr'><strong>dicit</strong></span> <span class='ocrx_word' id='word_1_282' title='bbox 1936 3532 2165 3586; x_wconf 82' lang='lat' dir='ltr'><strong>homini-</strong></span> 
     </span>
    </p>
   </div>
   <div class='ocr_carea' id='block_1_39' title="bbox 588 3613 2161 3690">
    <p class='ocr_par' dir='ltr' id='par_1_39' title="bbox 588 3613 2161 3690">
     <span class='ocr_line' id='line_1_39' title="bbox 588 3613 2161 3690; baseline 0.005 -21"><span class='ocrx_word' id='word_1_283' title='bbox 588 3615 689 3670; x_wconf 86' lang='lat' dir='ltr'><strong>bus</strong></span> <span class='ocrx_word' id='word_1_284' title='bbox 719 3631 732 3668; x_wconf 75' lang='grc' dir='ltr'>ε</span> <span class='ocrx_word' id='word_1_285' title='bbox 763 3631 782 3664; x_wconf 79' lang='grc' dir='ltr'><strong>ι</strong></span> <span class='ocrx_word' id='word_1_286' title='bbox 815 3613 871 3668; x_wconf 90' lang='lat' dir='ltr'><strong>Si</strong></span> <span class='ocrx_word' id='word_1_287' title='bbox 900 3616 1021 3685; x_wconf 90' lang='lat' dir='ltr'><strong>quis</strong></span> <span class='ocrx_word' id='word_1_288' title='bbox 1047 3616 1353 3671; x_wconf 77' lang='lat' dir='ltr'><strong>adora&#39;verit</strong></span> <span class='ocrx_word' id='word_1_289' title='bbox 1374 3617 1604 3671; x_wconf 88' lang='lat' dir='ltr'><strong>bestiam</strong></span> <span class='ocrx_word' id='word_1_290' title='bbox 1637 3628 1691 3673; x_wconf 93' lang='lat' dir='ltr'><strong>et</strong></span> <span class='ocrx_word' id='word_1_291' title='bbox 1717 3620 2002 3688; x_wconf 82' lang='lat' dir='ltr'><strong>imaginem</strong></span> <span class='ocrx_word' id='word_1_292' title='bbox 2025 3621 2161 3690; x_wconf 89' lang='lat' dir='ltr'><strong>ejus,</strong></span> 
     </span>
    </p>
   </div>
   <div class='ocr_carea' id='block_1_40' title="bbox 588 3708 2162 3777">
    <p class='ocr_par' dir='ltr' id='par_1_40' title="bbox 588 3708 2162 3777">
     <span class='ocr_line' id='line_1_40' title="bbox 588 3708 2162 3777; baseline 0.004 -15"><span class='ocrx_word' id='word_1_293' title='bbox 588 3718 645 3762; x_wconf 89' lang='lat' dir='ltr'><strong>et</strong></span> <span class='ocrx_word' id='word_1_294' title='bbox 677 3708 947 3777; x_wconf 90' lang='lat' dir='ltr'><strong>acceperit</strong></span> <span class='ocrx_word' id='word_1_295' title='bbox 974 3708 1342 3763; x_wconf 85' lang='lat' dir='ltr'><strong>characterem</strong></span> <span class='ocrx_word' id='word_1_296' title='bbox 1383 3710 1434 3763; x_wconf 92' lang='lat' dir='ltr'><strong>in</strong></span> <span class='ocrx_word' id='word_1_297' title='bbox 1466 3708 1641 3764; x_wconf 88' lang='lat' dir='ltr'><strong>fronte</strong></span> <span class='ocrx_word' id='word_1_298' title='bbox 1664 3724 1783 3774; x_wconf 90' lang='lat' dir='ltr'><strong>sua,</strong></span> <span class='ocrx_word' id='word_1_299' title='bbox 1810 3712 1977 3766; x_wconf 90' lang='lat' dir='ltr'><strong>autin</strong></span> <span class='ocrx_word' id='word_1_300' title='bbox 2001 3729 2162 3768; x_wconf 89' lang='lat' dir='ltr'><strong>manu</strong></span> 
     </span>
    </p>
   </div>
   <div class='ocr_carea' id='block_1_41' title="bbox 587 3798 2164 3869">
    <p class='ocr_par' dir='ltr' id='par_1_41' title="bbox 587 3798 2164 3869">
     <span class='ocr_line' id='line_1_41' title="bbox 587 3798 2164 3869; baseline 0.004 -17"><span class='ocrx_word' id='word_1_301' title='bbox 587 3813 705 3863; x_wconf 89' lang='lat' dir='ltr'><strong>sua,</strong></span> <span class='ocrx_word' id='word_1_302' title='bbox 729 3807 786 3853; x_wconf 89' lang='lat' dir='ltr'><strong>et</strong></span> <span class='ocrx_word' id='word_1_303' title='bbox 814 3798 902 3853; x_wconf 93' lang='lat' dir='ltr'><strong>hic</strong></span> <span class='ocrx_word' id='word_1_304' title='bbox 925 3798 1073 3853; x_wconf 87' lang='lat' dir='ltr'><strong>bibet</strong></span> <span class='ocrx_word' id='word_1_305' title='bbox 1114 3799 1180 3853; x_wconf 91' lang='lat' dir='ltr'><strong>de</strong></span> <span class='ocrx_word' id='word_1_306' title='bbox 1212 3800 1338 3853; x_wconf 83' lang='lat' dir='ltr'><strong>vino</strong></span> <span class='ocrx_word' id='word_1_307' title='bbox 1373 3799 1465 3854; x_wconf 59' lang='lat' dir='ltr'><strong>ira:</strong></span> <span class='ocrx_word' id='word_1_308' title='bbox 1500 3801 1615 3862; x_wconf 92' lang='lat' dir='ltr'><strong>Dei,</strong></span> <span class='ocrx_word' id='word_1_309' title='bbox 1645 3801 1787 3869; x_wconf 88' lang='lat' dir='ltr'><strong>quod</strong></span> <span class='ocrx_word' id='word_1_310' title='bbox 1830 3802 2047 3857; x_wconf 87' lang='lat' dir='ltr'><strong>mistum</strong></span> <span class='ocrx_word' id='word_1_311' title='bbox 2079 3814 2164 3859; x_wconf 90' lang='lat' dir='ltr'><strong>est</strong></span> 
     </span>
    </p>
   </div>
   <div class='ocr_carea' id='block_1_42' title="bbox 585 3888 2164 3967">
    <p class='ocr_par' dir='ltr' id='par_1_42' title="bbox 585 3888 2164 3967">
     <span class='ocr_line' id='line_1_42' title="bbox 585 3888 2164 3967; baseline 0.006 -23"><span class='ocrx_word' id='word_1_312' title='bbox 585 3904 736 3945; x_wconf 89' lang='lat' dir='ltr'><strong>mero</strong></span> <span class='ocrx_word' id='word_1_313' title='bbox 785 3889 837 3944; x_wconf 92' lang='lat' dir='ltr'><strong>in</strong></span> <span class='ocrx_word' id='word_1_314' title='bbox 887 3889 1055 3945; x_wconf 82' lang='lat' dir='ltr'><strong>calice</strong></span> <span class='ocrx_word' id='word_1_315' title='bbox 1095 3888 1190 3945; x_wconf 70' lang='lat' dir='ltr'><strong>ira:</strong></span> <span class='ocrx_word' id='word_1_316' title='bbox 1232 3890 1424 3961; x_wconf 88' lang='lat' dir='ltr'><strong>ipsius,</strong></span> <span class='ocrx_word' id='word_1_317' title='bbox 1472 3902 1529 3947; x_wconf 90' lang='lat' dir='ltr'><strong>et</strong></span> <span class='ocrx_word' id='word_1_318' title='bbox 1572 3893 1907 3949; x_wconf 87' lang='lat' dir='ltr'><strong>cruciabitur</strong></span> <span class='ocrx_word' id='word_1_319' title='bbox 1944 3896 2065 3967; x_wconf 85' lang='lat' dir='ltr'><strong>igne</strong></span> <span class='ocrx_word' id='word_1_320' title='bbox 2108 3907 2164 3953; x_wconf 85' lang='lat' dir='ltr'><strong>et</strong></span> 
     </span>
    </p>
   </div>
   <div class='ocr_carea' id='block_1_43' title="bbox 584 3980 2162 4053">
    <p class='ocr_par' dir='ltr' id='par_1_43' title="bbox 584 3980 2162 4053">
     <span class='ocr_line' id='line_1_43' title="bbox 584 3980 2162 4053; baseline 0.004 -18"><span class='ocrx_word' id='word_1_321' title='bbox 584 3980 843 4051; x_wconf 76' lang='lat' dir='ltr'><strong>sulphure</strong></span> <span class='ocrx_word' id='word_1_322' title='bbox 882 3980 958 4041; x_wconf 71' lang='lat' dir='ltr'><strong>in&#39;</strong></span> <span class='ocrx_word' id='word_1_323' title='bbox 984 3990 1275 4050; x_wconf 85' lang='lat' dir='ltr'><strong>conspectu</strong></span> <span class='ocrx_word' id='word_1_324' title='bbox 1321 3982 1633 4053; x_wconf 74' lang='lat' dir='ltr'><strong>angelorum</strong></span> <span class='ocrx_word' id='word_1_325' title='bbox 1674 4000 1917 4050; x_wconf 91' lang='lat' dir='ltr'><strong>suorum,</strong></span> <span class='ocrx_word' id='word_1_326' title='bbox 1945 3994 2001 4041; x_wconf 90' lang='lat' dir='ltr'><strong>et</strong></span> <span class='ocrx_word' id='word_1_327' title='bbox 2037 3996 2162 4041; x_wconf 89' lang='lat' dir='ltr'><strong>ante</strong></span> 
     </span>
    </p>
   </div>
   <div class='ocr_carea' id='block_1_44' title="bbox 584 4074 2158 4144">
    <p class='ocr_par' dir='ltr' id='par_1_44' title="bbox 584 4074 2158 4144">
     <span class='ocr_line' id='line_1_44' title="bbox 584 4074 2158 4144; baseline 0.002 -16"><span class='ocrx_word' id='word_1_328' title='bbox 584 4082 931 4143; x_wconf 88' lang='lat' dir='ltr'><strong>conspectum</strong></span> <span class='ocrx_word' id='word_1_329' title='bbox 959 4074 1116 4144; x_wconf 76' lang='lat' dir='ltr'><strong>Agni.</strong></span> <span class='ocrx_word' id='word_1_330' title='bbox 1144 4084 1199 4129; x_wconf 89' lang='lat' dir='ltr'><strong>et</strong></span> <span class='ocrx_word' id='word_1_331' title='bbox 1232 4074 1409 4130; x_wconf 84' lang='lat' dir='ltr'><strong>fumus</strong></span> <span class='ocrx_word' id='word_1_332' title='bbox 1436 4076 1828 4132; x_wconf 78' lang='lat' dir='ltr'><strong>tormentorum</strong></span> <span class='ocrx_word' id='word_1_333' title='bbox 1870 4092 2059 4133; x_wconf 90' lang='lat' dir='ltr'><strong>eorum</strong></span> <span class='ocrx_word' id='word_1_334' title='bbox 2107 4080 2158 4133; x_wconf 89' lang='lat' dir='ltr'><strong>in</strong></span> 
     </span>
    </p>
   </div>
   <div class='ocr_carea' id='block_1_45' title="bbox 585 4162 2161 4240">
    <p class='ocr_par' dir='ltr' id='par_1_45' title="bbox 585 4162 2161 4240">
     <span class='ocr_line' id='line_1_45' title="bbox 585 4162 2161 4240; baseline 0.006 -23"><span class='ocrx_word' id='word_1_335' title='bbox 585 4162 781 4218; x_wconf 71' lang='lat' dir='ltr'><strong>stt-cuia</strong></span> <span class='ocrx_word' id='word_1_336' title='bbox 814 4162 1131 4219; x_wconf 68' lang='lat' dir='ltr'><strong>smculorum</strong></span> <span class='ocrx_word' id='word_1_337' title='bbox 1160 4166 1425 4232; x_wconf 86' lang='lat' dir='ltr'><strong>ascendit,</strong></span> <span class='ocrx_word' id='word_1_338' title='bbox 1449 4182 1546 4223; x_wconf 91' lang='lat' dir='ltr'><strong>nec</strong></span> <span class='ocrx_word' id='word_1_339' title='bbox 1574 4168 1772 4224; x_wconf 90' lang='lat' dir='ltr'><strong>habent</strong></span> <span class='ocrx_word' id='word_1_340' title='bbox 1800 4172 2042 4240; x_wconf 86' lang='lat' dir='ltr'><strong>requiem</strong></span> <span class='ocrx_word' id='word_1_341' title='bbox 2074 4172 2161 4227; x_wconf 84' lang='lat' dir='ltr'><strong>die</strong></span> 
     </span>
    </p>
   </div>
   <div class='ocr_carea' id='block_1_46' title="bbox 587 4252 2156 4331">
    <p class='ocr_par' dir='ltr' id='par_1_46' title="bbox 587 4252 2156 4331">
     <span class='ocr_line' id='line_1_46' title="bbox 587 4252 2156 4331; baseline 0.006 -26"><span class='ocrx_word' id='word_1_342' title='bbox 587 4266 653 4305; x_wconf 89' lang='lat' dir='ltr'><strong>ac</strong></span> <span class='ocrx_word' id='word_1_343' title='bbox 678 4260 834 4306; x_wconf 90' lang='lat' dir='ltr'><strong>nocte</strong></span> <span class='ocrx_word' id='word_1_344' title='bbox 854 4252 944 4320; x_wconf 90' lang='lat' dir='ltr'><strong>qui</strong></span> <span class='ocrx_word' id='word_1_345' title='bbox 972 4254 1336 4309; x_wconf 85' lang='lat' dir='ltr'><strong>adoravcrunt</strong></span> <span class='ocrx_word' id='word_1_346' title='bbox 1353 4254 1603 4322; x_wconf 86' lang='lat' dir='ltr'><strong>bestiam,</strong></span> <span class='ocrx_word' id='word_1_347' title='bbox 1627 4267 1683 4312; x_wconf 91' lang='lat' dir='ltr'><strong>et</strong></span> <span class='ocrx_word' id='word_1_348' title='bbox 1714 4259 1999 4328; x_wconf 83' lang='lat' dir='ltr'><strong>imaginem</strong></span> <span class='ocrx_word' id='word_1_349' title='bbox 2022 4261 2156 4331; x_wconf 87' lang='lat' dir='ltr'><strong>ejus,</strong></span> 
     </span>
    </p>
   </div>
   <div class='ocr_carea' id='block_1_47' title="bbox 584 4343 2159 4418">
    <p class='ocr_par' dir='ltr' id='par_1_47' title="bbox 584 4343 2159 4418">
     <span class='ocr_line' id='line_1_47' title="bbox 584 4343 2159 4418; baseline 0.005 -21"><span class='ocrx_word' id='word_1_350' title='bbox 584 4344 687 4397; x_wconf 89' lang='lat' dir='ltr'><strong>etsi</strong></span> <span class='ocrx_word' id='word_1_351' title='bbox 731 4343 1013 4413; x_wconf 81' lang='lat' dir='ltr'><strong>quisquam</strong></span> <span class='ocrx_word' id='word_1_352' title='bbox 1050 4345 1319 4415; x_wconf 87' lang='lat' dir='ltr'><strong>acceperit</strong></span> <span class='ocrx_word' id='word_1_353' title='bbox 1368 4347 1741 4403; x_wconf 85' lang='lat' dir='ltr'><strong>characterem</strong></span> <span class='ocrx_word' id='word_1_354' title='bbox 1781 4351 2014 4405; x_wconf 84' lang='lat' dir='ltr'><strong>nominis</strong></span> <span class='ocrx_word' id='word_1_355' title='bbox 2042 4352 2159 4418; x_wconf 89' lang='lat' dir='ltr'><strong>ejus</strong></span> 
     </span>
    </p>
   </div>
   <div class='ocr_carea' id='block_1_48' title="bbox 587 4433 1994 4504">
    <p class='ocr_par' dir='ltr' id='par_1_48' title="bbox 587 4433 1994 4504">
     <span class='ocr_line' id='line_1_48' title="bbox 587 4433 1994 4504; baseline -0.001 -18"><span class='ocrx_word' id='word_1_356' title='bbox 587 4433 773 4504; x_wconf 84' lang='lat' dir='ltr'><strong>(Apoc.</strong></span> <span class='ocrx_word' id='word_1_357' title='bbox 805 4447 919 4497; x_wconf 80' lang='lat' dir='ltr'><strong>xlv,</strong></span> <span class='ocrx_word' id='word_1_358' title='bbox 962 4433 1137 4504; x_wconf 81' lang='lat' dir='ltr'><strong>9-H).</strong></span> <span class='ocrx_word' id='word_1_359' title='bbox 1172 4453 1192 4485; x_wconf 72' lang='grc' dir='ltr'><strong>ι</strong></span> <span class='ocrx_word' id='word_1_360' title='bbox 1980 4437 1994 4450; x_wconf 82' lang='grc'><strong><em>⁸</em></strong></span> 
     </span>
    </p>
   </div>
   <div class='ocr_carea' id='block_1_49' title="bbox 655 4523 2159 4599">
    <p class='ocr_par' dir='ltr' id='par_1_49' title="bbox 655 4523 2159 4599">
     <span class='ocr_line' id='line_1_49' title="bbox 655 4523 2159 4599; baseline 0.007 -21"><span class='ocrx_word' id='word_1_361' title='bbox 655 4523 824 4578; x_wconf 77' lang='lat' dir='ltr'><strong>Porro</strong></span> <span class='ocrx_word' id='word_1_362' title='bbox 863 4525 1089 4578; x_wconf 89' lang='lat' dir='ltr'><strong>bestiam</strong></span> <span class='ocrx_word' id='word_1_363' title='bbox 1128 4524 1271 4579; x_wconf 90' lang='lat' dir='ltr'><strong>illam</strong></span> <span class='ocrx_word' id='word_1_364' title='bbox 1310 4527 1602 4583; x_wconf 86' lang='lat' dir='ltr'><strong>secundam</strong></span> <span class='ocrx_word' id='word_1_365' title='bbox 1636 4529 1688 4583; x_wconf 92' lang='lat' dir='ltr'><strong>in</strong></span> <span class='ocrx_word' id='word_1_366' title='bbox 1708 4530 2159 4599; x_wconf 87' lang='lat' dir='ltr'><strong>subsequentibus</strong></span> 
     </span>
    </p>
   </div>
   <div class='ocr_carea' id='block_1_50' title="bbox 584 4617 2161 4687">
    <p class='ocr_par' dir='ltr' id='par_1_50' title="bbox 584 4617 2161 4687">
     <span class='ocr_line' id='line_1_50' title="bbox 584 4617 2161 4687; baseline 0.006 -17"><span class='ocrx_word' id='word_1_367' title='bbox 584 4625 744 4673; x_wconf 85' lang='lat' dir='ltr'><strong>vocat</strong></span> <span class='ocrx_word' id='word_1_368' title='bbox 788 4617 1331 4687; x_wconf 78' lang='lat' dir='ltr'><strong>pseudopmpbctam,</strong></span> <span class='ocrx_word' id='word_1_369' title='bbox 1367 4620 1552 4675; x_wconf 91' lang='lat' dir='ltr'><strong>dicens</strong></span> <span class='ocrx_word' id='word_1_370' title='bbox 1586 4635 1601 4674; x_wconf 88' lang='lat'><strong>:</strong></span> <span class='ocrx_word' id='word_1_371' title='bbox 1648 4639 1666 4673; x_wconf 85' lang='grc' dir='ltr'><strong>ι</strong></span> <span class='ocrx_word' id='word_1_372' title='bbox 1704 4621 1764 4675; x_wconf 87' lang='grc' dir='ltr'>Ει</span> <span class='ocrx_word' id='word_1_373' title='bbox 1798 4622 1904 4677; x_wconf 90' lang='lat' dir='ltr'><strong>vidi</strong></span> <span class='ocrx_word' id='word_1_374' title='bbox 1951 4623 2019 4678; x_wconf 91' lang='lat' dir='ltr'><strong>de</strong></span> <span class='ocrx_word' id='word_1_375' title='bbox 2066 4639 2161 4680; x_wconf 91' lang='lat' dir='ltr'><strong>ore</strong></span> 
     </span>
    </p>
   </div>
   <div class='ocr_carea' id='block_1_51' title="bbox 560 4700 2160 4795">
    <p class='ocr_par' dir='ltr' id='par_1_51' title="bbox 560 4700 2160 4795">
     <span class='ocr_line' id='line_1_51' title="bbox 560 4700 2160 4795; baseline 0.004 -31"><span class='ocrx_word' id='word_1_376' title='bbox 560 4700 854 4795; x_wconf 50' lang='lat' dir='ltr'><strong>1draconis,</strong></span> <span class='ocrx_word' id='word_1_377' title='bbox 885 4708 1029 4764; x_wconf 90' lang='lat' dir='ltr'><strong>etde</strong></span> <span class='ocrx_word' id='word_1_378' title='bbox 1051 4724 1146 4765; x_wconf 92' lang='lat' dir='ltr'><strong>ore</strong></span> <span class='ocrx_word' id='word_1_379' title='bbox 1175 4709 1380 4775; x_wconf 83' lang='lat' dir='ltr'><strong>bestiae,</strong></span> <span class='ocrx_word' id='word_1_380' title='bbox 1407 4711 1547 4767; x_wconf 89' lang='lat' dir='ltr'><strong>etde</strong></span> <span class='ocrx_word' id='word_1_381' title='bbox 1565 4726 1659 4766; x_wconf 87' lang='lat' dir='ltr'><strong>ore</strong></span> <span class='ocrx_word' id='word_1_382' title='bbox 1677 4713 2160 4784; x_wconf 76' lang='lat' dir='ltr'><strong>pseudoprophette</strong></span> 
     </span>
    </p>
   </div>
   <div class='ocr_carea' id='block_1_52' title="bbox 583 4801 2159 4872">
    <p class='ocr_par' dir='ltr' id='par_1_52' title="bbox 583 4801 2159 4872">
     <span class='ocr_line' id='line_1_52' title="bbox 583 4801 2159 4872; baseline 0.004 -16"><span class='ocrx_word' id='word_1_383' title='bbox 583 4802 808 4872; x_wconf 84' lang='lat' dir='ltr'><strong>spiritus</strong></span> <span class='ocrx_word' id='word_1_384' title='bbox 849 4810 960 4855; x_wconf 91' lang='lat' dir='ltr'><strong>tres</strong></span> <span class='ocrx_word' id='word_1_385' title='bbox 1006 4801 1311 4857; x_wconf 87' lang='lat' dir='ltr'><strong>immundos</strong></span> <span class='ocrx_word' id='word_1_386' title='bbox 1347 4802 1400 4857; x_wconf 90' lang='lat' dir='ltr'><strong>in</strong></span> <span class='ocrx_word' id='word_1_387' title='bbox 1447 4803 1661 4858; x_wconf 89' lang='lat' dir='ltr'><strong>modum</strong></span> <span class='ocrx_word' id='word_1_388' title='bbox 1708 4820 1986 4860; x_wconf 88' lang='lat' dir='ltr'><strong>ranarum.</strong></span> <span class='ocrx_word' id='word_1_389' title='bbox 2021 4807 2159 4863; x_wconf 90' lang='lat' dir='ltr'><strong>Sunt</strong></span> 
     </span>
    </p>
   </div>
   <div class='ocr_carea' id='block_1_53' title="bbox 581 4891 2160 4967">
    <p class='ocr_par' dir='ltr' id='par_1_53' title="bbox 581 4891 2160 4967">
     <span class='ocr_line' id='line_1_53' title="bbox 581 4891 2160 4967; baseline 0.005 -23"><span class='ocrx_word' id='word_1_390' title='bbox 581 4893 726 4945; x_wconf 87' lang='lat' dir='ltr'><strong>enim</strong></span> <span class='ocrx_word' id='word_1_391' title='bbox 795 4891 1467 4960; x_wconf 72' lang='lat' dir='ltr'><strong>spiritusrkemoniorum</strong></span> <span class='ocrx_word' id='word_1_392' title='bbox 1527 4892 1792 4950; x_wconf 87' lang='lat' dir='ltr'><strong>facientes</strong></span> <span class='ocrx_word' id='word_1_393' title='bbox 1846 4897 2039 4967; x_wconf 87' lang='lat' dir='ltr'><strong>signa,</strong></span> <span class='ocrx_word' id='word_1_394' title='bbox 2104 4906 2160 4952; x_wconf 88' lang='lat' dir='ltr'><strong>et</strong></span> 
     </span>
    </p>
   </div>
   <div class='ocr_carea' id='block_1_54' title="bbox 582 4981 2156 5056">
    <p class='ocr_par' dir='ltr' id='par_1_54' title="bbox 582 4981 2156 5056">
     <span class='ocr_line' id='line_1_54' title="bbox 582 4981 2156 5056; baseline 0.005 -21"><span class='ocrx_word' id='word_1_395' title='bbox 582 4984 883 5052; x_wconf 88' lang='lat' dir='ltr'><strong>procedunt</strong></span> <span class='ocrx_word' id='word_1_396' title='bbox 921 4981 986 5035; x_wconf 89' lang='lat' dir='ltr'><strong>ad</strong></span> <span class='ocrx_word' id='word_1_397' title='bbox 1024 4997 1175 5054; x_wconf 80' lang='lat' dir='ltr'><strong>reges</strong></span> <span class='ocrx_word' id='word_1_398' title='bbox 1205 4986 1369 5039; x_wconf 89' lang='lat' dir='ltr'><strong>totius</strong></span> <span class='ocrx_word' id='word_1_399' title='bbox 1395 4993 1552 5039; x_wconf 66' lang='lat' dir='ltr'><strong>terra:</strong></span> <span class='ocrx_word' id='word_1_400' title='bbox 1591 5000 1921 5056; x_wconf 79' lang='lat' dir='ltr'><strong>congregare</strong></span> <span class='ocrx_word' id='word_1_401' title='bbox 1951 4987 2072 5043; x_wconf 91' lang='lat' dir='ltr'><strong>illos</strong></span> <span class='ocrx_word' id='word_1_402' title='bbox 2104 4989 2156 5043; x_wconf 91' lang='lat' dir='ltr'><strong>in</strong></span> 
     </span>
    </p>
   </div>
   <div class='ocr_carea' id='block_1_55' title="bbox 2275 541 3882 615">
    <p class='ocr_par' dir='ltr' id='par_1_55' title="bbox 2275 541 3882 615">
     <span class='ocr_line' id='line_1_55' title="bbox 2275 541 3882 615; baseline 0.005 -24"><span class='ocrx_word' id='word_1_403' title='bbox 2275 549 2477 592; x_wconf 85' lang='lat' dir='ltr'><strong>cterem</strong></span> <span class='ocrx_word' id='word_1_404' title='bbox 2503 541 2709 603; x_wconf 65' lang='lat' dir='ltr'><strong>bestiae,</strong></span> <span class='ocrx_word' id='word_1_405' title='bbox 2741 549 2795 594; x_wconf 91' lang='lat' dir='ltr'><strong>ct</strong></span> <span class='ocrx_word' id='word_1_406' title='bbox 2838 541 2926 610; x_wconf 89' lang='lat' dir='ltr'><strong>qui</strong></span> <span class='ocrx_word' id='word_1_407' title='bbox 2954 542 3314 596; x_wconf 75' lang='lat' dir='ltr'><strong>adoraverunt</strong></span> <span class='ocrx_word' id='word_1_408' title='bbox 3365 544 3670 615; x_wconf 82' lang='lat' dir='ltr'><strong>imaginem</strong></span> <span class='ocrx_word' id='word_1_409' title='bbox 3726 547 3882 614; x_wconf 81' lang='lat' dir='ltr'><strong>ejus.</strong></span> 
     </span>
    </p>
   </div>
   <div class='ocr_carea' id='block_1_56' title="bbox 2276 628 3889 705">
    <p class='ocr_par' dir='ltr' id='par_1_56' title="bbox 2276 628 3889 705">
     <span class='ocr_line' id='line_1_56' title="bbox 2276 628 3889 705; baseline 0.004 -25"><span class='ocrx_word' id='word_1_410' title='bbox 2276 628 2381 682; x_wconf 87' lang='lat' dir='ltr'><strong>vivi</strong></span> <span class='ocrx_word' id='word_1_411' title='bbox 2428 629 2577 683; x_wconf 88' lang='lat' dir='ltr'><strong>missi</strong></span> <span class='ocrx_word' id='word_1_412' title='bbox 2619 639 2745 683; x_wconf 90' lang='lat' dir='ltr'><strong>sunt</strong></span> <span class='ocrx_word' id='word_1_413' title='bbox 2790 631 2841 685; x_wconf 90' lang='lat' dir='ltr'><strong>hi</strong></span> <span class='ocrx_word' id='word_1_414' title='bbox 2884 633 2989 686; x_wconf 89' lang='lat' dir='ltr'><strong>duo</strong></span> <span class='ocrx_word' id='word_1_415' title='bbox 3030 633 3084 686; x_wconf 90' lang='lat' dir='ltr'><strong>in</strong></span> <span class='ocrx_word' id='word_1_416' title='bbox 3134 641 3382 701; x_wconf 78' lang='lat' dir='ltr'><strong>stagnum</strong></span> <span class='ocrx_word' id='word_1_417' title='bbox 3427 635 3571 705; x_wconf 81' lang='lat' dir='ltr'><strong>ignis</strong></span> <span class='ocrx_word' id='word_1_418' title='bbox 3613 634 3889 689; x_wconf 79' lang='lat' dir='ltr'><strong>ardentis</strong></span> 
     </span>
    </p>
   </div>
   <div class='ocr_carea' id='block_1_57' title="bbox 2277 715 3890 790">
    <p class='ocr_par' dir='ltr' id='par_1_57' title="bbox 2277 715 3890 790">
     <span class='ocr_line' id='line_1_57' title="bbox 2277 715 3890 790; baseline 0.003 -21"><span class='ocrx_word' id='word_1_419' title='bbox 2277 715 2552 783; x_wconf 87' lang='lat' dir='ltr'><strong>sulphure,</strong></span> <span class='ocrx_word' id='word_1_420' title='bbox 2578 726 2633 771; x_wconf 87' lang='lat' dir='ltr'><strong>et</strong></span> <span class='ocrx_word' id='word_1_421' title='bbox 2660 718 2840 772; x_wconf 71' lang='lat' dir='ltr'><strong>caeteri</strong></span> <span class='ocrx_word' id='word_1_422' title='bbox 2871 719 3034 774; x_wconf 90' lang='lat' dir='ltr'><strong>occisi</strong></span> <span class='ocrx_word' id='word_1_423' title='bbox 3062 730 3186 774; x_wconf 88' lang='lat' dir='ltr'><strong>sunt</strong></span> <span class='ocrx_word' id='word_1_424' title='bbox 3217 720 3394 789; x_wconf 83' lang='lat' dir='ltr'><strong>gladio</strong></span> <span class='ocrx_word' id='word_1_425' title='bbox 3422 722 3679 776; x_wconf 87' lang='lat' dir='ltr'><strong>sedentis</strong></span> <span class='ocrx_word' id='word_1_426' title='bbox 3708 738 3890 790; x_wconf 78' lang='lat' dir='ltr'><strong>super</strong></span> 
     </span>
    </p>
   </div>
   <div class='ocr_carea' id='block_1_58' title="bbox 2275 798 3886 882">
    <p class='ocr_par' dir='ltr' id='par_1_58' title="bbox 2275 798 3886 882">
     <span class='ocr_line' id='line_1_58' title="bbox 2275 798 3886 882; baseline 0.005 -22"><span class='ocrx_word' id='word_1_427' title='bbox 2275 822 2493 876; x_wconf 90' lang='lat' dir='ltr'><strong>equum,</strong></span> <span class='ocrx_word' id='word_1_428' title='bbox 2523 809 2613 878; x_wconf 91' lang='lat' dir='ltr'><strong>qui</strong></span> <span class='ocrx_word' id='word_1_429' title='bbox 2658 811 2901 879; x_wconf 79' lang='lat' dir='ltr'><strong>procedit</strong></span> <span class='ocrx_word' id='word_1_430' title='bbox 2946 812 3012 867; x_wconf 90' lang='lat' dir='ltr'><strong>de</strong></span> <span class='ocrx_word' id='word_1_431' title='bbox 3038 798 3134 867; x_wconf 90' lang='lat' dir='ltr'><strong>ore</strong></span> <span class='ocrx_word' id='word_1_432' title='bbox 3181 813 3372 882; x_wconf 81' lang='lat' dir='ltr'><strong>ipsius.</strong></span> <span class='ocrx_word' id='word_1_433' title='bbox 3402 822 3455 869; x_wconf 87' lang='lat' dir='ltr'><strong>et</strong></span> <span class='ocrx_word' id='word_1_434' title='bbox 3500 829 3709 869; x_wconf 83' lang='lat' dir='ltr'><strong>omnes</strong></span> <span class='ocrx_word' id='word_1_435' title='bbox 3745 829 3886 868; x_wconf 74' lang='lat' dir='ltr'><strong>aves</strong></span> 
     </span>
    </p>
   </div>
   <div class='ocr_carea' id='block_1_59' title="bbox 2277 901 3881 972">
    <p class='ocr_par' dir='ltr' id='par_1_59' title="bbox 2277 901 3881 972">
     <span class='ocr_line' id='line_1_59' title="bbox 2277 901 3881 972; baseline 0.002 -22"><span class='ocrx_word' id='word_1_436' title='bbox 2277 905 2533 951; x_wconf 73' lang='lat' dir='ltr'><strong>saturatze</strong></span> <span class='ocrx_word' id='word_1_437' title='bbox 2570 908 2698 953; x_wconf 90' lang='lat' dir='ltr'><strong>sunt</strong></span> <span class='ocrx_word' id='word_1_438' title='bbox 2724 901 2981 955; x_wconf 89' lang='lat' dir='ltr'><strong>carnibus</strong></span> <span class='ocrx_word' id='word_1_439' title='bbox 3007 915 3196 956; x_wconf 73' lang='lat' dir='ltr'><strong>eorum</strong></span> <span class='ocrx_word' id='word_1_440' title='bbox 3224 903 3407 972; x_wconf 86' lang='lat' dir='ltr'><strong>(Apoc.</strong></span> <span class='ocrx_word' id='word_1_441' title='bbox 3440 920 3557 969; x_wconf 78' lang='lat' dir='ltr'><strong>xix,</strong></span> <span class='ocrx_word' id='word_1_442' title='bbox 3592 904 3827 969; x_wconf 69' lang='lat'><strong>19-21).</strong></span> <span class='ocrx_word' id='word_1_443' title='bbox 3860 922 3881 953; x_wconf 69' lang='grc' dir='ltr'><strong>ι</strong></span> 
     </span>
    </p>
   </div>
   <div class='ocr_carea' id='block_1_60' title="bbox 2276 985 3882 1062">
    <p class='ocr_par' dir='ltr' id='par_1_60' title="bbox 2276 985 3882 1062">
     <span class='ocr_line' id='line_1_60' title="bbox 2276 985 3882 1062; baseline 0.004 -24"><span class='ocrx_word' id='word_1_444' title='bbox 2276 985 2341 1038; x_wconf 85' lang='grc' dir='ltr'>Ει</span> <span class='ocrx_word' id='word_1_445' title='bbox 2366 994 2484 1054; x_wconf 92' lang='lat' dir='ltr'><strong>post</strong></span> <span class='ocrx_word' id='word_1_446' title='bbox 2525 988 2637 1042; x_wconf 76' lang='lat' dir='ltr'><strong>[nec</strong></span> <span class='ocrx_word' id='word_1_447' title='bbox 2662 988 2729 1043; x_wconf 91' lang='lat' dir='ltr'><strong>de</strong></span> <span class='ocrx_word' id='word_1_448' title='bbox 2755 990 2924 1055; x_wconf 85' lang='lat' dir='ltr'><strong>gloria</strong></span> <span class='ocrx_word' id='word_1_449' title='bbox 2954 999 3265 1045; x_wconf 89' lang='lat' dir='ltr'><strong>sanctorum</strong></span> <span class='ocrx_word' id='word_1_450' title='bbox 3306 992 3470 1047; x_wconf 84' lang='lat' dir='ltr'><strong>etiam</strong></span> <span class='ocrx_word' id='word_1_451' title='bbox 3514 993 3569 1046; x_wconf 92' lang='lat' dir='ltr'><strong>in</strong></span> <span class='ocrx_word' id='word_1_452' title='bbox 3604 995 3882 1062; x_wconf 58' lang='lat' dir='ltr'><strong>praesenti</strong></span> 
     </span>
    </p>
   </div>
   <div class='ocr_carea' id='block_1_61' title="bbox 2275 1077 3883 1150">
    <p class='ocr_par' dir='ltr' id='par_1_61' title="bbox 2275 1077 3883 1150">
     <span class='ocr_line' id='line_1_61' title="bbox 2275 1077 3883 1150; baseline 0.002 -19"><span class='ocrx_word' id='word_1_453' title='bbox 2275 1077 2470 1131; x_wconf 79' lang='lat' dir='ltr'><strong>saeculo</strong></span> <span class='ocrx_word' id='word_1_454' title='bbox 2498 1077 2569 1131; x_wconf 88' lang='lat' dir='ltr'><strong>ita</strong></span> <span class='ocrx_word' id='word_1_455' title='bbox 2596 1079 2770 1132; x_wconf 91' lang='lat' dir='ltr'><strong>dicit:</strong></span> <span class='ocrx_word' id='word_1_456' title='bbox 2813 1098 2832 1130; x_wconf 73' lang='grc' dir='ltr'><strong>ι</strong></span> <span class='ocrx_word' id='word_1_457' title='bbox 2875 1080 2941 1134; x_wconf 79' lang='lat' dir='ltr'><strong>Et</strong></span> <span class='ocrx_word' id='word_1_458' title='bbox 2961 1080 3069 1134; x_wconf 84' lang='lat' dir='ltr'><strong>vidi</strong></span> <span class='ocrx_word' id='word_1_459' title='bbox 3102 1081 3275 1142; x_wconf 86' lang='lat' dir='ltr'><strong>sedes,</strong></span> <span class='ocrx_word' id='word_1_460' title='bbox 3302 1092 3361 1136; x_wconf 89' lang='lat' dir='ltr'><strong>et</strong></span> <span class='ocrx_word' id='word_1_461' title='bbox 3387 1082 3658 1136; x_wconf 88' lang='lat' dir='ltr'><strong>sederunt</strong></span> <span class='ocrx_word' id='word_1_462' title='bbox 3702 1097 3883 1150; x_wconf 83' lang='lat' dir='ltr'><strong>super</strong></span> 
     </span>
    </p>
   </div>
   <div class='ocr_carea' id='block_1_62' title="bbox 2273 1167 3879 1234">
    <p class='ocr_par' dir='ltr' id='par_1_62' title="bbox 2273 1167 3879 1234">
     <span class='ocr_line' id='line_1_62' title="bbox 2273 1167 3879 1234; baseline 0.001 -14"><span class='ocrx_word' id='word_1_463' title='bbox 2273 1180 2388 1230; x_wconf 81' lang='lat' dir='ltr'><strong>eas,</strong></span> <span class='ocrx_word' id='word_1_464' title='bbox 2415 1167 2750 1234; x_wconf 74' lang='lat' dir='ltr'><strong>ctjudiciuzu</strong></span> <span class='ocrx_word' id='word_1_465' title='bbox 2781 1170 2963 1223; x_wconf 89' lang='lat' dir='ltr'><strong>datum</strong></span> <span class='ocrx_word' id='word_1_466' title='bbox 2990 1179 3071 1224; x_wconf 87' lang='lat' dir='ltr'><strong>est</strong></span> <span class='ocrx_word' id='word_1_467' title='bbox 3100 1169 3223 1223; x_wconf 83' lang='lat' dir='ltr'><strong>illis.</strong></span> <span class='ocrx_word' id='word_1_468' title='bbox 3254 1169 3321 1223; x_wconf 85' lang='lat' dir='ltr'><strong>Et</strong></span> <span class='ocrx_word' id='word_1_469' title='bbox 3362 1171 3574 1225; x_wconf 86' lang='lat' dir='ltr'><strong>animas</strong></span> <span class='ocrx_word' id='word_1_470' title='bbox 3620 1171 3879 1225; x_wconf 65' lang='lat' dir='ltr'><strong>decola-</strong></span> 
     </span>
    </p>
   </div>
   <div class='ocr_carea' id='block_1_63' title="bbox 2277 1248 3882 1334">
    <p class='ocr_par' dir='ltr' id='par_1_63' title="bbox 2277 1248 3882 1334">
     <span class='ocr_line' id='line_1_63' title="bbox 2277 1248 3882 1334; baseline 0.006 -24"><span class='ocrx_word' id='word_1_471' title='bbox 2277 1268 2450 1311; x_wconf 87' lang='lat' dir='ltr'><strong>tormn</strong></span> <span class='ocrx_word' id='word_1_472' title='bbox 2488 1270 2705 1330; x_wconf 86' lang='lat' dir='ltr'><strong>propter</strong></span> <span class='ocrx_word' id='word_1_473' title='bbox 2736 1248 3096 1317; x_wconf 85' lang='lat' dir='ltr'><strong>testimonium</strong></span> <span class='ocrx_word' id='word_1_474' title='bbox 3124 1262 3248 1317; x_wconf 79' lang='lat' dir='ltr'><strong>Jesu</strong></span> <span class='ocrx_word' id='word_1_475' title='bbox 3283 1272 3339 1317; x_wconf 91' lang='lat' dir='ltr'><strong>et</strong></span> <span class='ocrx_word' id='word_1_476' title='bbox 3368 1274 3592 1334; x_wconf 87' lang='lat' dir='ltr'><strong>propter</strong></span> <span class='ocrx_word' id='word_1_477' title='bbox 3631 1266 3882 1319; x_wconf 73' lang='lat' dir='ltr'><strong>verbum</strong></span> 
     </span>
    </p>
   </div>
   <div class='ocr_carea' id='block_1_64' title="bbox 2274 1346 3883 1422">
    <p class='ocr_par' dir='ltr' id='par_1_64' title="bbox 2274 1346 3883 1422">
     <span class='ocr_line' id='line_1_64' title="bbox 2274 1346 3883 1422; baseline 0.002 -21"><span class='ocrx_word' id='word_1_478' title='bbox 2274 1346 2389 1401; x_wconf 91' lang='lat' dir='ltr'><strong>Dei.</strong></span> <span class='ocrx_word' id='word_1_479' title='bbox 2434 1347 2500 1401; x_wconf 85' lang='lat' dir='ltr'><strong>Et</strong></span> <span class='ocrx_word' id='word_1_480' title='bbox 2536 1349 2623 1417; x_wconf 89' lang='lat' dir='ltr'><strong>qui</strong></span> <span class='ocrx_word' id='word_1_481' title='bbox 2660 1364 2761 1405; x_wconf 88' lang='lat' dir='ltr'><strong>non</strong></span> <span class='ocrx_word' id='word_1_482' title='bbox 2793 1350 3155 1405; x_wconf 85' lang='lat' dir='ltr'><strong>adoraverunt</strong></span> <span class='ocrx_word' id='word_1_483' title='bbox 3183 1351 3429 1414; x_wconf 88' lang='lat' dir='ltr'><strong>bestiam,</strong></span> <span class='ocrx_word' id='word_1_484' title='bbox 3458 1367 3644 1420; x_wconf 89' lang='lat' dir='ltr'><strong>neque</strong></span> <span class='ocrx_word' id='word_1_485' title='bbox 3675 1352 3883 1422; x_wconf 76' lang='lat' dir='ltr'><strong>imagi-</strong></span> 
     </span>
    </p>
   </div>
   <div class='ocr_carea' id='block_1_65' title="bbox 2273 1440 3881 1511">
    <p class='ocr_par' dir='ltr' id='par_1_65' title="bbox 2273 1440 3881 1511">
     <span class='ocr_line' id='line_1_65' title="bbox 2273 1440 3881 1511; baseline 0.004 -19"><span class='ocrx_word' id='word_1_486' title='bbox 2273 1454 2396 1493; x_wconf 88' lang='lat' dir='ltr'><strong>nem</strong></span> <span class='ocrx_word' id='word_1_487' title='bbox 2428 1440 2562 1509; x_wconf 88' lang='lat' dir='ltr'><strong>ejus,</strong></span> <span class='ocrx_word' id='word_1_488' title='bbox 2594 1454 2767 1510; x_wconf 89' lang='lat' dir='ltr'><strong>neqne</strong></span> <span class='ocrx_word' id='word_1_489' title='bbox 2795 1451 3122 1511; x_wconf 87' lang='lat' dir='ltr'><strong>acceperunt</strong></span> <span class='ocrx_word' id='word_1_490' title='bbox 3163 1444 3540 1498; x_wconf 86' lang='lat' dir='ltr'><strong>characterem</strong></span> <span class='ocrx_word' id='word_1_491' title='bbox 3572 1444 3629 1499; x_wconf 92' lang='lat' dir='ltr'><strong>in</strong></span> <span class='ocrx_word' id='word_1_492' title='bbox 3669 1443 3881 1499; x_wconf 82' lang='lat' dir='ltr'><strong>fronti-</strong></span> 
     </span>
    </p>
   </div>
   <div class='ocr_carea' id='block_1_66' title="bbox 2272 1528 3881 1602">
    <p class='ocr_par' dir='ltr' id='par_1_66' title="bbox 2272 1528 3881 1602">
     <span class='ocr_line' id='line_1_66' title="bbox 2272 1528 3881 1602; baseline 0.002 -20"><span class='ocrx_word' id='word_1_493' title='bbox 2272 1528 2390 1590; x_wconf 89' lang='lat' dir='ltr'><strong>bus,</strong></span> <span class='ocrx_word' id='word_1_494' title='bbox 2414 1538 2508 1581; x_wconf 91' lang='lat' dir='ltr'><strong>aut</strong></span> <span class='ocrx_word' id='word_1_495' title='bbox 2534 1529 2586 1582; x_wconf 90' lang='lat' dir='ltr'><strong>in</strong></span> <span class='ocrx_word' id='word_1_496' title='bbox 2610 1529 2857 1586; x_wconf 78' lang='lat' dir='ltr'><strong>manibus</strong></span> <span class='ocrx_word' id='word_1_497' title='bbox 2882 1532 3010 1585; x_wconf 91' lang='lat' dir='ltr'><strong>suis.</strong></span> <span class='ocrx_word' id='word_1_498' title='bbox 3042 1539 3098 1586; x_wconf 88' lang='lat' dir='ltr'><strong>et</strong></span> <span class='ocrx_word' id='word_1_499' title='bbox 3116 1531 3387 1594; x_wconf 81' lang='lat' dir='ltr'><strong>vixerunt,</strong></span> <span class='ocrx_word' id='word_1_500' title='bbox 3408 1541 3465 1588; x_wconf 89' lang='lat' dir='ltr'><strong>et</strong></span> <span class='ocrx_word' id='word_1_501' title='bbox 3484 1544 3881 1602; x_wconf 83' lang='lat' dir='ltr'><strong>regnaverunt</strong></span> 
     </span>
    </p>
   </div>
   <div class='ocr_carea' id='block_1_67' title="bbox 2273 1619 3877 1687">
    <p class='ocr_par' dir='ltr' id='par_1_67' title="bbox 2273 1619 3877 1687">
     <span class='ocr_line' id='line_1_67' title="bbox 2273 1619 3877 1687; baseline 0.003 -14"><span class='ocrx_word' id='word_1_502' title='bbox 2273 1635 2394 1674; x_wconf 91' lang='lat' dir='ltr'><strong>eum</strong></span> <span class='ocrx_word' id='word_1_503' title='bbox 2431 1619 2649 1675; x_wconf 82' lang='lat' dir='ltr'><strong>Christo</strong></span> <span class='ocrx_word' id='word_1_504' title='bbox 2701 1622 2846 1677; x_wconf 89' lang='lat' dir='ltr'><strong>mille</strong></span> <span class='ocrx_word' id='word_1_505' title='bbox 2884 1622 3073 1687; x_wconf 89' lang='lat' dir='ltr'><strong>annis;</strong></span> <span class='ocrx_word' id='word_1_506' title='bbox 3114 1623 3293 1678; x_wconf 77' lang='lat' dir='ltr'><strong>cmtcri</strong></span> <span class='ocrx_word' id='word_1_507' title='bbox 3333 1637 3461 1676; x_wconf 86' lang='lat' dir='ltr'><strong>vero</strong></span> <span class='ocrx_word' id='word_1_508' title='bbox 3509 1636 3877 1678; x_wconf 87' lang='lat' dir='ltr'><strong>mortuorum</strong></span> 
     </span>
    </p>
   </div>
   <div class='ocr_carea' id='block_1_68' title="bbox 2273 1711 3880 1769">
    <p class='ocr_par' dir='ltr' id='par_1_68' title="bbox 2273 1711 3880 1769">
     <span class='ocr_line' id='line_1_68' title="bbox 2273 1711 3880 1769; baseline 0.004 -6"><span class='ocrx_word' id='word_1_509' title='bbox 2273 1725 2378 1763; x_wconf 91' lang='lat' dir='ltr'><strong>non</strong></span> <span class='ocrx_word' id='word_1_510' title='bbox 2405 1711 2653 1765; x_wconf 76' lang='lat' dir='ltr'><strong>vixerunt</strong></span> <span class='ocrx_word' id='word_1_511' title='bbox 2681 1713 2852 1767; x_wconf 81' lang='lat' dir='ltr'><strong>donec</strong></span> <span class='ocrx_word' id='word_1_512' title='bbox 2886 1722 3330 1768; x_wconf 89' lang='lat' dir='ltr'><strong>consummentur</strong></span> <span class='ocrx_word' id='word_1_513' title='bbox 3358 1713 3507 1767; x_wconf 87' lang='lat' dir='ltr'><strong>mille</strong></span> <span class='ocrx_word' id='word_1_514' title='bbox 3544 1718 3708 1768; x_wconf 86' lang='lat' dir='ltr'><strong>anni.</strong></span> <span class='ocrx_word' id='word_1_515' title='bbox 3742 1715 3880 1769; x_wconf 57' lang='lat' dir='ltr'><strong>Hae</strong></span> 
     </span>
    </p>
   </div>
   <div class='ocr_carea' id='block_1_69' title="bbox 1404 1795 3878 1874">
    <p class='ocr_par' dir='ltr' id='par_1_69' title="bbox 1404 1795 3878 1874">
     <span class='ocr_line' id='line_1_69' title="bbox 1404 1795 3878 1874; baseline 0 -18"><span class='ocrx_word' id='word_1_516' title='bbox 1404 1824 1422 1858; x_wconf 77' lang='grc' dir='ltr'><strong>ι</strong></span> <span class='ocrx_word' id='word_1_517' title='bbox 1482 1808 1547 1860; x_wconf 83' lang='lat' dir='ltr'><strong>Et</strong></span> <span class='ocrx_word' id='word_1_518' title='bbox 1588 1807 1693 1861; x_wconf 81' lang='lat' dir='ltr'><strong>vidi</strong></span> <span class='ocrx_word' id='word_1_519' title='bbox 1744 1807 1969 1862; x_wconf 74' lang='lat' dir='ltr'><strong>bestiam</strong></span> <span class='ocrx_word' id='word_1_520' title='bbox 2009 1807 2167 1861; x_wconf 74' lang='lat' dir='ltr'><strong>aliam</strong></span> <span class='ocrx_word' id='word_1_521' title='bbox 2200 1795 2243 1855; x_wconf 86' lang='grc' dir='ltr'>Β</span> <span class='ocrx_word' id='word_1_522' title='bbox 2272 1810 2355 1854; x_wconf 85' lang='lat' dir='ltr'><strong>est</strong></span> <span class='ocrx_word' id='word_1_523' title='bbox 2383 1802 2707 1856; x_wconf 86' lang='lat' dir='ltr'><strong>resurrectio</strong></span> <span class='ocrx_word' id='word_1_524' title='bbox 2752 1804 2945 1871; x_wconf 91' lang='lat' dir='ltr'><strong>prima.</strong></span> <span class='ocrx_word' id='word_1_525' title='bbox 2973 1802 3165 1858; x_wconf 87' lang='lat' dir='ltr'><strong>Beatus</strong></span> <span class='ocrx_word' id='word_1_526' title='bbox 3209 1811 3265 1857; x_wconf 90' lang='lat' dir='ltr'><strong>et</strong></span> <span class='ocrx_word' id='word_1_527' title='bbox 3306 1812 3527 1858; x_wconf 87' lang='lat' dir='ltr'><strong>sanctus</strong></span> <span class='ocrx_word' id='word_1_528' title='bbox 3559 1805 3661 1874; x_wconf 80' lang='lat' dir='ltr'><strong>qui</strong></span> <span class='ocrx_word' id='word_1_529' title='bbox 3699 1806 3878 1858; x_wconf 81' lang='lat' dir='ltr'><strong>habet</strong></span> 
     </span>
    </p>
   </div>
   <div class='ocr_carea' id='block_1_70' title="bbox 2267 1891 3876 1962">
    <p class='ocr_par' dir='ltr' id='par_1_70' title="bbox 2267 1891 3876 1962">
     <span class='ocr_line' id='line_1_70' title="bbox 2267 1891 3876 1962; baseline 0.003 -20"><span class='ocrx_word' id='word_1_530' title='bbox 2267 1898 2475 1958; x_wconf 84' lang='lat' dir='ltr'><strong>partem</strong></span> <span class='ocrx_word' id='word_1_531' title='bbox 2502 1891 2552 1943; x_wconf 91' lang='lat' dir='ltr'><strong>in</strong></span> <span class='ocrx_word' id='word_1_532' title='bbox 2581 1894 2979 1947; x_wconf 85' lang='lat' dir='ltr'><strong>resurrectione</strong></span> <span class='ocrx_word' id='word_1_533' title='bbox 3008 1892 3201 1962; x_wconf 89' lang='lat' dir='ltr'><strong>prima.</strong></span> <span class='ocrx_word' id='word_1_534' title='bbox 3230 1891 3287 1946; x_wconf 89' lang='lat' dir='ltr'><strong>In</strong></span> <span class='ocrx_word' id='word_1_535' title='bbox 3324 1893 3411 1947; x_wconf 91' lang='lat' dir='ltr'><strong>his</strong></span> <span class='ocrx_word' id='word_1_536' title='bbox 3432 1893 3686 1947; x_wconf 80' lang='lat' dir='ltr'><strong>secanda</strong></span> <span class='ocrx_word' id='word_1_537' title='bbox 3715 1909 3876 1947; x_wconf 85' lang='lat' dir='ltr'><strong>mors</strong></span> 
     </span>
    </p>
   </div>
   <div class='ocr_carea' id='block_1_71' title="bbox 2268 1980 3875 2051">
    <p class='ocr_par' dir='ltr' id='par_1_71' title="bbox 2268 1980 3875 2051">
     <span class='ocr_line' id='line_1_71' title="bbox 2268 1980 3875 2051; baseline 0.002 -18"><span class='ocrx_word' id='word_1_538' title='bbox 2268 1995 2373 2033; x_wconf 91' lang='lat' dir='ltr'><strong>non</strong></span> <span class='ocrx_word' id='word_1_539' title='bbox 2406 1980 2563 2035; x_wconf 89' lang='lat' dir='ltr'><strong>habet</strong></span> <span class='ocrx_word' id='word_1_540' title='bbox 2598 1991 2934 2050; x_wconf 81' lang='lat' dir='ltr'><strong>potestatem,</strong></span> <span class='ocrx_word' id='word_1_541' title='bbox 2967 1984 3059 2037; x_wconf 90' lang='lat' dir='ltr'><strong>sed</strong></span> <span class='ocrx_word' id='word_1_542' title='bbox 3099 1991 3259 2036; x_wconf 88' lang='lat' dir='ltr'><strong>erunt</strong></span> <span class='ocrx_word' id='word_1_543' title='bbox 3291 1983 3605 2038; x_wconf 82' lang='lat' dir='ltr'><strong>sacerdotes</strong></span> <span class='ocrx_word' id='word_1_544' title='bbox 3651 1985 3757 2051; x_wconf 69' lang='lat' dir='ltr'><strong>De}</strong></span> <span class='ocrx_word' id='word_1_545' title='bbox 3817 1996 3875 2038; x_wconf 83' lang='lat' dir='ltr'><strong>et</strong></span> 
     </span>
    </p>
   </div>
   <div class='ocr_carea' id='block_1_72' title="bbox 2266 2069 3871 2144">
    <p class='ocr_par' dir='ltr' id='par_1_72' title="bbox 2266 2069 3871 2144">
     <span class='ocr_line' id='line_1_72' title="bbox 2266 2069 3871 2144; baseline 0.001 -19"><span class='ocrx_word' id='word_1_546' title='bbox 2266 2069 2468 2125; x_wconf 61' lang='grc' dir='ltr'><strong>(λιι-ἰείί</strong></span> <span class='ocrx_word' id='word_1_547' title='bbox 2515 2080 2569 2124; x_wconf 90' lang='lat' dir='ltr'><strong>et</strong></span> <span class='ocrx_word' id='word_1_548' title='bbox 2597 2073 2893 2142; x_wconf 78' lang='lat' dir='ltr'><strong>regnabant</strong></span> <span class='ocrx_word' id='word_1_549' title='bbox 2914 2088 3036 2127; x_wconf 88' lang='lat' dir='ltr'><strong>cum</strong></span> <span class='ocrx_word' id='word_1_550' title='bbox 3062 2072 3150 2128; x_wconf 93' lang='lat' dir='ltr'><strong>illo</strong></span> <span class='ocrx_word' id='word_1_551' title='bbox 3181 2073 3324 2127; x_wconf 88' lang='lat' dir='ltr'><strong>mille</strong></span> <span class='ocrx_word' id='word_1_552' title='bbox 3348 2073 3508 2128; x_wconf 82' lang='lat' dir='ltr'><strong>annis</strong></span> <span class='ocrx_word' id='word_1_553' title='bbox 3536 2072 3742 2144; x_wconf 81' lang='lat' dir='ltr'><strong>(Apoc.</strong></span> <span class='ocrx_word' id='word_1_554' title='bbox 3769 2092 3871 2135; x_wconf 77' lang='lat' dir='ltr'><strong>xx,</strong></span> 
     </span>
    </p>
   </div>
   <div class='ocr_carea' id='block_1_73' title="bbox 2266 2164 2456 2228">
    <p class='ocr_par' dir='ltr' id='par_1_73' title="bbox 2266 2164 2456 2228">
     <span class='ocr_line' id='line_1_73' title="bbox 2266 2164 2456 2228; baseline -0.005 -12"><span class='ocrx_word' id='word_1_555' title='bbox 2266 2164 2406 2228; x_wconf 65' lang='lat'><strong>4-6).</strong></span> <span class='ocrx_word' id='word_1_556' title='bbox 2438 2181 2456 2215; x_wconf 75' lang='grc' dir='ltr'><strong>ι</strong></span> 
     </span>
    </p>
   </div>
   <div class='ocr_carea' id='block_1_74' title="bbox 2773 2249 3326 2311">
    <p class='ocr_par' dir='ltr' id='par_1_74' title="bbox 2773 2249 3326 2311">
     <span class='ocr_line' id='line_1_74' title="bbox 2773 2249 3326 2311; baseline 0.002 -1"><span class='ocrx_word' id='word_1_557' title='bbox 2773 2249 3001 2311; x_wconf 84' lang='lat' dir='ltr'><strong>CAPUT</strong></span> <span class='ocrx_word' id='word_1_558' title='bbox 3039 2255 3326 2311; x_wconf 75' lang='lat' dir='ltr'><strong>XXXVIII.</strong></span> 
     </span>
    </p>
   </div>
   <div class='ocr_carea' id='block_1_75' title="bbox 2269 2344 3787 2420">
    <p class='ocr_par' dir='ltr' id='par_1_75' title="bbox 2269 2344 3787 2420">
     <span class='ocr_line' id='line_1_75' title="bbox 2269 2344 3787 2420; baseline 0.003 -22"><span class='ocrx_word' id='word_1_559' title='bbox 2269 2372 2273 2379; x_wconf 92' lang='lat'><strong><em>-</em></strong></span> <span class='ocrx_word' id='word_1_560' title='bbox 2340 2344 2720 2416; x_wconf 81' lang='lat' dir='ltr'><strong>Recapitulatio</strong></span> <span class='ocrx_word' id='word_1_561' title='bbox 2743 2349 3026 2416; x_wconf 74' lang='lat' dir='ltr'><strong>prwmissw</strong></span> <span class='ocrx_word' id='word_1_562' title='bbox 3046 2350 3311 2402; x_wconf 68' lang='lat' dir='ltr'><strong>sententiae</strong></span> <span class='ocrx_word' id='word_1_563' title='bbox 3339 2365 3404 2403; x_wconf 78' lang='lat' dir='ltr'><strong>ex</strong></span> <span class='ocrx_word' id='word_1_564' title='bbox 3434 2349 3787 2420; x_wconf 70' lang='lat' dir='ltr'><strong>Apocalypsi.</strong></span> 
     </span>
    </p>
   </div>
   <div class='ocr_carea' id='block_1_76' title="bbox 2336 2435 3863 2507">
    <p class='ocr_par' dir='ltr' id='par_1_76' title="bbox 2336 2435 3863 2507">
     <span class='ocr_line' id='line_1_76' title="bbox 2336 2435 3863 2507; baseline 0.004 -19"><span class='ocrx_word' id='word_1_565' title='bbox 2336 2435 2465 2503; x_wconf 64' lang='lat' dir='ltr'><strong>Quae</strong></span> <span class='ocrx_word' id='word_1_566' title='bbox 2513 2437 2795 2506; x_wconf 85' lang='lat' dir='ltr'><strong>prophetia</strong></span> <span class='ocrx_word' id='word_1_567' title='bbox 2849 2438 3139 2507; x_wconf 87' lang='lat' dir='ltr'><strong>apostolica</strong></span> <span class='ocrx_word' id='word_1_568' title='bbox 3179 2478 3194 2501; x_wconf 92' lang='lat'><strong>,</strong></span> <span class='ocrx_word' id='word_1_569' title='bbox 3251 2438 3506 2506; x_wconf 86' lang='lat' dir='ltr'><strong>quoniam</strong></span> <span class='ocrx_word' id='word_1_570' title='bbox 3557 2455 3589 2492; x_wconf 88' lang='lat' dir='ltr'><strong>a</strong></span> <span class='ocrx_word' id='word_1_571' title='bbox 3645 2456 3749 2495; x_wconf 87' lang='lat' dir='ltr'><strong>san</strong></span> <span class='ocrx_word' id='word_1_572' title='bbox 3789 2441 3863 2494; x_wconf 78' lang='lat' dir='ltr'><strong>tis</strong></span> 
     </span>
    </p>
   </div>
   <div class='ocr_carea' id='block_1_77' title="bbox 2264 2527 3859 2601">
    <p class='ocr_par' dir='ltr' id='par_1_77' title="bbox 2264 2527 3859 2601">
     <span class='ocr_line' id='line_1_77' title="bbox 2264 2527 3859 2601; baseline 0.002 -19"><span class='ocrx_word' id='word_1_573' title='bbox 2264 2527 2513 2585; x_wconf 82' lang='lat' dir='ltr'><strong>Patribus</strong></span> <span class='ocrx_word' id='word_1_574' title='bbox 2568 2531 2939 2600; x_wconf 89' lang='lat' dir='ltr'><strong>multipliciter</strong></span> <span class='ocrx_word' id='word_1_575' title='bbox 2993 2541 3046 2587; x_wconf 71' lang='lat' dir='ltr'><strong>et</strong></span> <span class='ocrx_word' id='word_1_576' title='bbox 3099 2532 3315 2601; x_wconf 91' lang='lat' dir='ltr'><strong>copiose</strong></span> <span class='ocrx_word' id='word_1_577' title='bbox 3367 2533 3686 2601; x_wconf 83' lang='lat' dir='ltr'><strong>exponitur,</strong></span> <span class='ocrx_word' id='word_1_578' title='bbox 3753 2534 3859 2587; x_wconf 75' lang='lat' dir='ltr'><strong>hoc</strong></span> 
     </span>
    </p>
   </div>
   <div class='ocr_carea' id='block_1_78' title="bbox 2266 2622 3857 2692">
    <p class='ocr_par' dir='ltr' id='par_1_78' title="bbox 2266 2622 3857 2692">
     <span class='ocr_line' id='line_1_78' title="bbox 2266 2622 3857 2692; baseline -0.001 -16"><span class='ocrx_word' id='word_1_579' title='bbox 2266 2628 2471 2677; x_wconf 90' lang='lat' dir='ltr'><strong>tantum</strong></span> <span class='ocrx_word' id='word_1_580' title='bbox 2503 2622 2624 2675; x_wconf 89' lang='lat' dir='ltr'><strong>inde</strong></span> <span class='ocrx_word' id='word_1_581' title='bbox 2650 2622 2885 2677; x_wconf 88' lang='lat' dir='ltr'><strong>breviter</strong></span> <span class='ocrx_word' id='word_1_582' title='bbox 2914 2623 3291 2677; x_wconf 90' lang='lat' dir='ltr'><strong>insinuandum</strong></span> <span class='ocrx_word' id='word_1_583' title='bbox 3318 2623 3678 2687; x_wconf 88' lang='lat' dir='ltr'><strong>arbitramur,</strong></span> <span class='ocrx_word' id='word_1_584' title='bbox 3705 2624 3857 2692; x_wconf 87' lang='lat' dir='ltr'><strong>quod</strong></span> 
     </span>
    </p>
   </div>
   <div class='ocr_carea' id='block_1_79' title="bbox 2264 2713 3855 2784">
    <p class='ocr_par' dir='ltr' id='par_1_79' title="bbox 2264 2713 3855 2784">
     <span class='ocr_line' id='line_1_79' title="bbox 2264 2713 3855 2784; baseline -0.002 -15"><span class='ocrx_word' id='word_1_585' title='bbox 2264 2715 2437 2769; x_wconf 89' lang='lat' dir='ltr'><strong>bestia</strong></span> <span class='ocrx_word' id='word_1_586' title='bbox 2486 2714 2658 2782; x_wconf 88' lang='lat' dir='ltr'><strong>prima</strong></span> <span class='ocrx_word' id='word_1_587' title='bbox 2701 2713 2896 2769; x_wconf 89' lang='lat' dir='ltr'><strong>similis</strong></span> <span class='ocrx_word' id='word_1_588' title='bbox 2933 2716 3118 2784; x_wconf 86' lang='lat' dir='ltr'><strong>pardo,</strong></span> <span class='ocrx_word' id='word_1_589' title='bbox 3143 2714 3295 2782; x_wconf 85' lang='lat' dir='ltr'><strong>cujus</strong></span> <span class='ocrx_word' id='word_1_590' title='bbox 3321 2714 3485 2783; x_wconf 89' lang='lat' dir='ltr'><strong>pedes</strong></span> <span class='ocrx_word' id='word_1_591' title='bbox 3527 2714 3664 2773; x_wconf 81' lang='lat' dir='ltr'><strong>ursi,</strong></span> <span class='ocrx_word' id='word_1_592' title='bbox 3699 2723 3760 2766; x_wconf 85' lang='lat' dir='ltr'><strong>et</strong></span> <span class='ocrx_word' id='word_1_593' title='bbox 3791 2728 3855 2766; x_wconf 84' lang='lat' dir='ltr'><strong>os</strong></span> 
     </span>
    </p>
   </div>
   <div class='ocr_carea' id='block_1_80' title="bbox 2263 2806 3853 2877">
    <p class='ocr_par' dir='ltr' id='par_1_80' title="bbox 2263 2806 3853 2877">
     <span class='ocr_line' id='line_1_80' title="bbox 2263 2806 3853 2877; baseline -0.001 -16"><span class='ocrx_word' id='word_1_594' title='bbox 2263 2807 2435 2861; x_wconf 88' lang='lat' dir='ltr'><strong>leonis</strong></span> <span class='ocrx_word' id='word_1_595' title='bbox 2477 2816 2632 2870; x_wconf 85' lang='lat' dir='ltr'><strong>erat,</strong></span> <span class='ocrx_word' id='word_1_596' title='bbox 2676 2806 3074 2862; x_wconf 81' lang='lat' dir='ltr'><strong>Antichristum</strong></span> <span class='ocrx_word' id='word_1_597' title='bbox 3123 2807 3433 2877; x_wconf 83' lang='lat' dir='ltr'><strong>specialiter</strong></span> <span class='ocrx_word' id='word_1_598' title='bbox 3480 2808 3853 2876; x_wconf 83' lang='lat' dir='ltr'><strong>portenderit,</strong></span> 
     </span>
    </p>
   </div>
   <div class='ocr_carea' id='block_1_81' title="bbox 2262 2897 3853 2967">
    <p class='ocr_par' dir='ltr' id='par_1_81' title="bbox 2262 2897 3853 2967">
     <span class='ocr_line' id='line_1_81' title="bbox 2262 2897 3853 2967; baseline -0.003 -13"><span class='ocrx_word' id='word_1_599' title='bbox 2262 2897 2415 2967; x_wconf 88' lang='lat' dir='ltr'><strong>cujus</strong></span> <span class='ocrx_word' id='word_1_600' title='bbox 2451 2898 2748 2954; x_wconf 85' lang='lat' dir='ltr'><strong>dominatio</strong></span> <span class='ocrx_word' id='word_1_601' title='bbox 2788 2899 3019 2953; x_wconf 85' lang='lat' dir='ltr'><strong>mirabili</strong></span> <span class='ocrx_word' id='word_1_602' title='bbox 3051 2898 3357 2962; x_wconf 90' lang='lat' dir='ltr'><strong>velocitate,</strong></span> <span class='ocrx_word' id='word_1_603' title='bbox 3388 2907 3445 2953; x_wconf 90' lang='lat' dir='ltr'><strong>et</strong></span> <span class='ocrx_word' id='word_1_604' title='bbox 3487 2899 3853 2954; x_wconf 82' lang='lat' dir='ltr'><strong>callidissima</strong></span> 
     </span>
    </p>
   </div>
   <div class='ocr_carea' id='block_1_82' title="bbox 2264 2986 3858 3057">
    <p class='ocr_par' dir='ltr' id='par_1_82' title="bbox 2264 2986 3858 3057">
     <span class='ocr_line' id='line_1_82' title="bbox 2264 2986 3858 3057; baseline 0.001 -16"><span class='ocrx_word' id='word_1_605' title='bbox 2264 2987 2561 3057; x_wconf 86' lang='lat' dir='ltr'><strong>rapacitate</strong></span> <span class='ocrx_word' id='word_1_606' title='bbox 2602 2988 2936 3057; x_wconf 88' lang='lat' dir='ltr'><strong>proveniret,</strong></span> <span class='ocrx_word' id='word_1_607' title='bbox 2964 2986 3225 3057; x_wconf 89' lang='lat' dir='ltr'><strong>cujusque</strong></span> <span class='ocrx_word' id='word_1_608' title='bbox 3272 2987 3588 3057; x_wconf 80' lang='lat' dir='ltr'><strong>temporalis</strong></span> <span class='ocrx_word' id='word_1_609' title='bbox 3615 2987 3729 3040; x_wconf 81' lang='lat' dir='ltr'><strong>vita</strong></span> <span class='ocrx_word' id='word_1_610' title='bbox 3775 2987 3858 3042; x_wconf 83' lang='lat' dir='ltr'><strong>ci-</strong></span> 
     </span>
    </p>
   </div>
   <div class='ocr_carea' id='block_1_83' title="bbox 2268 3079 3849 3145">
    <p class='ocr_par' dir='ltr' id='par_1_83' title="bbox 2268 3079 3849 3145">
     <span class='ocr_line' id='line_1_83' title="bbox 2268 3079 3849 3145; baseline -0.003 -10"><span class='ocrx_word' id='word_1_611' title='bbox 2268 3081 2476 3135; x_wconf 86' lang='lat' dir='ltr'><strong>tissimo</strong></span> <span class='ocrx_word' id='word_1_612' title='bbox 2518 3081 2649 3145; x_wconf 82' lang='lat' dir='ltr'><strong>line,</strong></span> <span class='ocrx_word' id='word_1_613' title='bbox 2681 3081 2956 3135; x_wconf 86' lang='lat' dir='ltr'><strong>mensibus</strong></span> <span class='ocrx_word' id='word_1_614' title='bbox 2983 3080 3189 3135; x_wconf 88' lang='lat' dir='ltr'><strong>scilicet</strong></span> <span class='ocrx_word' id='word_1_615' title='bbox 3219 3094 3285 3133; x_wconf 68' lang='grc' dir='ltr'><strong>ιι</strong></span> <span class='ocrx_word' id='word_1_616' title='bbox 3335 3079 3549 3134; x_wconf 87' lang='lat' dir='ltr'><strong>duobus</strong></span> <span class='ocrx_word' id='word_1_617' title='bbox 3578 3080 3849 3134; x_wconf 74' lang='lat' dir='ltr'><strong>termina-</strong></span> 
     </span>
    </p>
   </div>
   <div class='ocr_carea' id='block_1_84' title="bbox 2266 3172 3849 3243">
    <p class='ocr_par' dir='ltr' id='par_1_84' title="bbox 2266 3172 3849 3243">
     <span class='ocr_line' id='line_1_84' title="bbox 2266 3172 3849 3243; baseline -0.004 -15"><span class='ocrx_word' id='word_1_618' title='bbox 2266 3174 2431 3229; x_wconf 88' lang='lat' dir='ltr'><strong>bitur.</strong></span> <span class='ocrx_word' id='word_1_619' title='bbox 2487 3172 2764 3243; x_wconf 87' lang='lat' dir='ltr'><strong>Siquidem</strong></span> <span class='ocrx_word' id='word_1_620' title='bbox 2798 3175 2999 3243; x_wconf 87' lang='lat' dir='ltr'><strong>pardus</strong></span> <span class='ocrx_word' id='word_1_621' title='bbox 3037 3181 3120 3228; x_wconf 89' lang='lat' dir='ltr'><strong>est</strong></span> <span class='ocrx_word' id='word_1_622' title='bbox 3145 3173 3380 3236; x_wconf 79' lang='lat' dir='ltr'><strong>varium,</strong></span> <span class='ocrx_word' id='word_1_623' title='bbox 3405 3173 3849 3241; x_wconf 81' lang='lat' dir='ltr'><strong>sanguinarium,</strong></span> 
     </span>
    </p>
   </div>
   <div class='ocr_carea' id='block_1_85' title="bbox 2264 3261 3849 3333">
    <p class='ocr_par' dir='ltr' id='par_1_85' title="bbox 2264 3261 3849 3333">
     <span class='ocr_line' id='line_1_85' title="bbox 2264 3261 3849 3333; baseline -0.003 -18"><span class='ocrx_word' id='word_1_624' title='bbox 2264 3263 2443 3328; x_wconf 81' lang='lat' dir='ltr'><strong>velox,</strong></span> <span class='ocrx_word' id='word_1_625' title='bbox 2476 3278 2663 3333; x_wconf 85' lang='lat' dir='ltr'><strong>rapax,</strong></span> <span class='ocrx_word' id='word_1_626' title='bbox 2690 3272 2745 3317; x_wconf 89' lang='lat' dir='ltr'><strong>et</strong></span> <span class='ocrx_word' id='word_1_627' title='bbox 2770 3276 3011 3333; x_wconf 69' lang='lat' dir='ltr'><strong>prmceps</strong></span> <span class='ocrx_word' id='word_1_628' title='bbox 3057 3261 3284 3326; x_wconf 88' lang='lat' dir='ltr'><strong>animai;</strong></span> <span class='ocrx_word' id='word_1_629' title='bbox 3329 3262 3464 3315; x_wconf 88' lang='lat' dir='ltr'><strong>adeo</strong></span> <span class='ocrx_word' id='word_1_630' title='bbox 3510 3270 3573 3313; x_wconf 89' lang='lat' dir='ltr'><strong>ut</strong></span> <span class='ocrx_word' id='word_1_631' title='bbox 3617 3262 3767 3315; x_wconf 83' lang='lat' dir='ltr'><strong>saltu</strong></span> <span class='ocrx_word' id='word_1_632' title='bbox 3801 3262 3849 3313; x_wconf 87' lang='lat' dir='ltr'><strong>in</strong></span> 
     </span>
    </p>
   </div>
   <div class='ocr_carea' id='block_1_86' title="bbox 2265 3353 3852 3424">
    <p class='ocr_par' dir='ltr' id='par_1_86' title="bbox 2265 3353 3852 3424">
     <span class='ocr_line' id='line_1_86' title="bbox 2265 3353 3852 3424; baseline -0.004 -14"><span class='ocrx_word' id='word_1_633' title='bbox 2265 3364 2493 3411; x_wconf 90' lang='lat' dir='ltr'><strong>mortem</strong></span> <span class='ocrx_word' id='word_1_634' title='bbox 2543 3363 2700 3419; x_wconf 89' lang='lat' dir='ltr'><strong>ruat,</strong></span> <span class='ocrx_word' id='word_1_635' title='bbox 2741 3356 2865 3424; x_wconf 84' lang='lat' dir='ltr'><strong>quia</strong></span> <span class='ocrx_word' id='word_1_636' title='bbox 2924 3363 2980 3408; x_wconf 89' lang='lat' dir='ltr'><strong>ut</strong></span> <span class='ocrx_word' id='word_1_637' title='bbox 3034 3355 3109 3409; x_wconf 89' lang='lat' dir='ltr'><strong>ait</strong></span> <span class='ocrx_word' id='word_1_638' title='bbox 3148 3353 3443 3417; x_wconf 83' lang='lat' dir='ltr'><strong>Jeremias,</strong></span> <span class='ocrx_word' id='word_1_639' title='bbox 3494 3368 3606 3407; x_wconf 89' lang='lat' dir='ltr'><strong>non</strong></span> <span class='ocrx_word' id='word_1_640' title='bbox 3670 3361 3852 3421; x_wconf 79' lang='lat' dir='ltr'><strong>potest</strong></span> 
     </span>
    </p>
   </div>
   <div class='ocr_carea' id='block_1_87' title="bbox 2266 3441 3845 3516">
    <p class='ocr_par' dir='ltr' id='par_1_87' title="bbox 2266 3441 3845 3516">
     <span class='ocr_line' id='line_1_87' title="bbox 2266 3441 3845 3516; baseline -0.005 -15"><span class='ocrx_word' id='word_1_641' title='bbox 2266 3460 2477 3502; x_wconf 88' lang='lat' dir='ltr'><strong>umtare</strong></span> <span class='ocrx_word' id='word_1_642' title='bbox 2516 3448 2806 3501; x_wconf 86' lang='lat' dir='ltr'><strong>varietates</strong></span> <span class='ocrx_word' id='word_1_643' title='bbox 2851 3445 3139 3516; x_wconf 80' lang='lat' dir='ltr'><strong>suas(1er.</strong></span> <span class='ocrx_word' id='word_1_644' title='bbox 3183 3460 3301 3504; x_wconf 61' lang='grc' dir='ltr'>χιιι,</span> <span class='ocrx_word' id='word_1_645' title='bbox 3328 3442 3444 3514; x_wconf 72' lang='grc'><strong>25),</strong></span> <span class='ocrx_word' id='word_1_646' title='bbox 3467 3441 3625 3510; x_wconf 87' lang='lat' dir='ltr'><strong>cujus</strong></span> <span class='ocrx_word' id='word_1_647' title='bbox 3656 3444 3845 3511; x_wconf 69' lang='lat' dir='ltr'><strong>pedes.</strong></span> 
     </span>
    </p>
   </div>
   <div class='ocr_carea' id='block_1_88' title="bbox 2264 3533 3851 3607">
    <p class='ocr_par' dir='ltr' id='par_1_88' title="bbox 2264 3533 3851 3607">
     <span class='ocr_line' id='line_1_88' title="bbox 2264 3533 3851 3607; baseline -0.004 -16"><span class='ocrx_word' id='word_1_648' title='bbox 2264 3540 2428 3607; x_wconf 83' lang='lat' dir='ltr'><strong>pedes</strong></span> <span class='ocrx_word' id='word_1_649' title='bbox 2466 3545 2591 3590; x_wconf 85' lang='lat' dir='ltr'><strong>sunt</strong></span> <span class='ocrx_word' id='word_1_650' title='bbox 2618 3536 2761 3601; x_wconf 90' lang='lat' dir='ltr'><strong>ursi;</strong></span> <span class='ocrx_word' id='word_1_651' title='bbox 2792 3550 2982 3591; x_wconf 90' lang='lat' dir='ltr'><strong>omnes</strong></span> <span class='ocrx_word' id='word_1_652' title='bbox 3023 3535 3231 3590; x_wconf 90' lang='lat' dir='ltr'><strong>scilicet</strong></span> <span class='ocrx_word' id='word_1_653' title='bbox 3265 3533 3506 3588; x_wconf 65' lang='lat' dir='ltr'><strong>haeretici</strong></span> <span class='ocrx_word' id='word_1_654' title='bbox 3547 3534 3851 3602; x_wconf 65' lang='lat' dir='ltr'><strong>quamdam</strong></span> 
     </span>
    </p>
   </div>
   <div class='ocr_carea' id='block_1_89' title="bbox 2264 3627 3853 3700">
    <p class='ocr_par' dir='ltr' id='par_1_89' title="bbox 2264 3627 3853 3700">
     <span class='ocr_line' id='line_1_89' title="bbox 2264 3627 3853 3700; baseline -0.003 -15"><span class='ocrx_word' id='word_1_655' title='bbox 2264 3631 2499 3700; x_wconf 85' lang='lat' dir='ltr'><strong>speciem</strong></span> <span class='ocrx_word' id='word_1_656' title='bbox 2530 3631 2779 3683; x_wconf 70' lang='lat' dir='ltr'><strong>humana&quot;:</strong></span> <span class='ocrx_word' id='word_1_657' title='bbox 2819 3628 3154 3699; x_wconf 87' lang='lat' dir='ltr'><strong>sagacitatis,</strong></span> <span class='ocrx_word' id='word_1_658' title='bbox 3187 3628 3342 3697; x_wconf 87' lang='lat' dir='ltr'><strong>quasi</strong></span> <span class='ocrx_word' id='word_1_659' title='bbox 3381 3627 3580 3681; x_wconf 64' lang='lat' dir='ltr'><strong>divinae</strong></span> <span class='ocrx_word' id='word_1_660' title='bbox 3614 3629 3853 3680; x_wconf 85' lang='lat' dir='ltr'><strong>rationis</strong></span> 
     </span>
    </p>
   </div>
   <div class='ocr_carea' id='block_1_90' title="bbox 2266 3717 3849 3789">
    <p class='ocr_par' dir='ltr' id='par_1_90' title="bbox 2266 3717 3849 3789">
     <span class='ocr_line' id='line_1_90' title="bbox 2266 3717 3849 3789; baseline -0.002 -15"><span class='ocrx_word' id='word_1_661' title='bbox 2266 3720 2495 3784; x_wconf 89' lang='lat' dir='ltr'><strong>mentiti,</strong></span> <span class='ocrx_word' id='word_1_662' title='bbox 2543 3719 2634 3789; x_wconf 88' lang='lat' dir='ltr'><strong>qui</strong></span> <span class='ocrx_word' id='word_1_663' title='bbox 2677 3731 2881 3788; x_wconf 90' lang='lat' dir='ltr'><strong>quanto</strong></span> <span class='ocrx_word' id='word_1_664' title='bbox 2918 3727 3043 3773; x_wconf 91' lang='lat' dir='ltr'><strong>sunt</strong></span> <span class='ocrx_word' id='word_1_665' title='bbox 3084 3717 3370 3773; x_wconf 81' lang='lat' dir='ltr'><strong>inferiores</strong></span> <span class='ocrx_word' id='word_1_666' title='bbox 3420 3718 3473 3771; x_wconf 91' lang='lat' dir='ltr'><strong>in</strong></span> <span class='ocrx_word' id='word_1_667' title='bbox 3511 3718 3849 3772; x_wconf 83' lang='lat' dir='ltr'><strong>Antichristi</strong></span> 
     </span>
    </p>
   </div>
   <div class='ocr_carea' id='block_1_91' title="bbox 2264 3807 3848 3879">
    <p class='ocr_par' dir='ltr' id='par_1_91' title="bbox 2264 3807 3848 3879">
     <span class='ocr_line' id='line_1_91' title="bbox 2264 3807 3848 3879; baseline -0.004 -14"><span class='ocrx_word' id='word_1_668' title='bbox 2264 3825 2509 3879; x_wconf 76' lang='lat' dir='ltr'><strong>corpore,</strong></span> <span class='ocrx_word' id='word_1_669' title='bbox 2528 3820 2675 3864; x_wconf 88' lang='lat' dir='ltr'><strong>tanto</strong></span> <span class='ocrx_word' id='word_1_670' title='bbox 2690 3809 3124 3878; x_wconf 89' lang='lat' dir='ltr'><strong>perniciosiores.</strong></span> <span class='ocrx_word' id='word_1_671' title='bbox 3144 3808 3275 3877; x_wconf 88' lang='lat' dir='ltr'><strong>Ipsis</strong></span> <span class='ocrx_word' id='word_1_672' title='bbox 3286 3807 3430 3864; x_wconf 90' lang='lat' dir='ltr'><strong>enim</strong></span> <span class='ocrx_word' id='word_1_673' title='bbox 3458 3808 3848 3862; x_wconf 86' lang='lat' dir='ltr'><strong>universorum</strong></span> 
     </span>
    </p>
   </div>
   <div class='ocr_carea' id='block_1_92' title="bbox 2264 3900 3848 3974">
    <p class='ocr_par' dir='ltr' id='par_1_92' title="bbox 2264 3900 3848 3974">
     <span class='ocr_line' id='line_1_92' title="bbox 2264 3900 3848 3974; baseline -0.004 -16"><span class='ocrx_word' id='word_1_674' title='bbox 2264 3916 2547 3974; x_wconf 85' lang='lat' dir='ltr'><strong>compages</strong></span> <span class='ocrx_word' id='word_1_675' title='bbox 2576 3904 2941 3957; x_wconf 87' lang='lat' dir='ltr'><strong>membrorum</strong></span> <span class='ocrx_word' id='word_1_676' title='bbox 2975 3901 3278 3957; x_wconf 88' lang='lat' dir='ltr'><strong>retinentur</strong></span> <span class='ocrx_word' id='word_1_677' title='bbox 3303 3909 3360 3953; x_wconf 89' lang='lat' dir='ltr'><strong>et</strong></span> <span class='ocrx_word' id='word_1_678' title='bbox 3387 3909 3677 3970; x_wconf 83' lang='lat' dir='ltr'><strong>reguntur,</strong></span> <span class='ocrx_word' id='word_1_679' title='bbox 3714 3900 3848 3968; x_wconf 82' lang='lat' dir='ltr'><strong>ipsis</strong></span> 
     </span>
    </p>
   </div>
   <div class='ocr_carea' id='block_1_93' title="bbox 2266 3990 3849 4061">
    <p class='ocr_par' dir='ltr' id='par_1_93' title="bbox 2266 3990 3849 4061">
     <span class='ocr_line' id='line_1_93' title="bbox 2266 3990 3849 4061; baseline -0.003 -15"><span class='ocrx_word' id='word_1_680' title='bbox 2266 4002 2375 4047; x_wconf 90' lang='lat' dir='ltr'><strong>tota</strong></span> <span class='ocrx_word' id='word_1_681' title='bbox 2433 3992 2602 4048; x_wconf 88' lang='lat' dir='ltr'><strong>moles</strong></span> <span class='ocrx_word' id='word_1_682' title='bbox 2652 3992 2904 4051; x_wconf 84' lang='lat' dir='ltr'><strong>diabolici</strong></span> <span class='ocrx_word' id='word_1_683' title='bbox 2965 3992 3209 4061; x_wconf 92' lang='lat' dir='ltr'><strong>corporis</strong></span> <span class='ocrx_word' id='word_1_684' title='bbox 3260 3999 3600 4045; x_wconf 87' lang='lat' dir='ltr'><strong>sustentatur</strong></span> <span class='ocrx_word' id='word_1_685' title='bbox 3713 3990 3849 4058; x_wconf 87' lang='lat' dir='ltr'><strong>ipsis</strong></span> 
     </span>
    </p>
   </div>
   <div class='ocr_carea' id='block_1_94' title="bbox 2263 4082 3847 4153">
    <p class='ocr_par' dir='ltr' id='par_1_94' title="bbox 2263 4082 3847 4153">
     <span class='ocr_line' id='line_1_94' title="bbox 2263 4082 3847 4153; baseline -0.003 -16"><span class='ocrx_word' id='word_1_686' title='bbox 2263 4091 2525 4153; x_wconf 85' lang='lat' dir='ltr'><strong>gestatur,</strong></span> <span class='ocrx_word' id='word_1_687' title='bbox 2562 4083 2693 4153; x_wconf 79' lang='lat' dir='ltr'><strong>ipsis</strong></span> <span class='ocrx_word' id='word_1_688' title='bbox 2736 4093 2999 4146; x_wconf 87' lang='lat' dir='ltr'><strong>armatur,</strong></span> <span class='ocrx_word' id='word_1_689' title='bbox 3037 4084 3167 4153; x_wconf 90' lang='lat' dir='ltr'><strong>ipsis</strong></span> <span class='ocrx_word' id='word_1_690' title='bbox 3195 4082 3393 4152; x_wconf 87' lang='lat' dir='ltr'><strong>passim</strong></span> <span class='ocrx_word' id='word_1_691' title='bbox 3423 4091 3678 4151; x_wconf 82' lang='lat' dir='ltr'><strong>vagatur,</strong></span> <span class='ocrx_word' id='word_1_692' title='bbox 3715 4082 3847 4149; x_wconf 83' lang='lat' dir='ltr'><strong>ipsis</strong></span> 
     </span>
    </p>
   </div>
   <div class='ocr_carea' id='block_1_95' title="bbox 2265 4172 3846 4244">
    <p class='ocr_par' dir='ltr' id='par_1_95' title="bbox 2265 4172 3846 4244">
     <span class='ocr_line' id='line_1_95' title="bbox 2265 4172 3846 4244; baseline 0.001 -20"><span class='ocrx_word' id='word_1_693' title='bbox 2265 4173 2716 4244; x_wconf 16' lang='lat' dir='ltr'><strong>vestigatttr,tnon</strong></span> <span class='ocrx_word' id='word_1_694' title='bbox 2741 4182 2799 4226; x_wconf 92' lang='lat' dir='ltr'><strong>ut</strong></span> <span class='ocrx_word' id='word_1_695' title='bbox 2821 4180 3157 4237; x_wconf 86' lang='lat' dir='ltr'><strong>conteratur,</strong></span> <span class='ocrx_word' id='word_1_696' title='bbox 3179 4172 3271 4226; x_wconf 80' lang='lat' dir='ltr'><strong>sed</strong></span> <span class='ocrx_word' id='word_1_697' title='bbox 3299 4179 3356 4225; x_wconf 91' lang='lat' dir='ltr'><strong>nt</strong></span> <span class='ocrx_word' id='word_1_698' title='bbox 3387 4180 3678 4243; x_wconf 82' lang='lat' dir='ltr'><strong>augeatur,</strong></span> <span class='ocrx_word' id='word_1_699' title='bbox 3711 4172 3846 4239; x_wconf 83' lang='lat' dir='ltr'><strong>ipsis</strong></span> 
     </span>
    </p>
   </div>
   <div class='ocr_carea' id='block_1_96' title="bbox 2266 4262 3842 4335">
    <p class='ocr_par' dir='ltr' id='par_1_96' title="bbox 2266 4262 3842 4335">
     <span class='ocr_line' id='line_1_96' title="bbox 2266 4262 3842 4335; baseline -0.003 -17"><span class='ocrx_word' id='word_1_700' title='bbox 2266 4275 2520 4335; x_wconf 90' lang='lat' dir='ltr'><strong>tauquam</strong></span> <span class='ocrx_word' id='word_1_701' title='bbox 2544 4263 2886 4320; x_wconf 88' lang='lat' dir='ltr'><strong>solidissimis</strong></span> <span class='ocrx_word' id='word_1_702' title='bbox 2915 4263 3156 4329; x_wconf 88' lang='lat' dir='ltr'><strong>basibus,</strong></span> <span class='ocrx_word' id='word_1_703' title='bbox 3180 4271 3235 4317; x_wconf 90' lang='lat' dir='ltr'><strong>et</strong></span> <span class='ocrx_word' id='word_1_704' title='bbox 3255 4262 3523 4318; x_wconf 90' lang='lat' dir='ltr'><strong>columnis</strong></span> <span class='ocrx_word' id='word_1_705' title='bbox 3553 4262 3842 4317; x_wconf 88' lang='lat' dir='ltr'><strong>attollitur.</strong></span> 
     </span>
    </p>
   </div>
   <div class='ocr_carea' id='block_1_97' title="bbox 2261 4353 3840 4428">
    <p class='ocr_par' dir='ltr' id='par_1_97' title="bbox 2261 4353 3840 4428">
     <span class='ocr_line' id='line_1_97' title="bbox 2261 4353 3840 4428; baseline -0.003 -16"><span class='ocrx_word' id='word_1_706' title='bbox 2261 4358 2411 4427; x_wconf 88' lang='lat' dir='ltr'><strong>Ipsos</strong></span> <span class='ocrx_word' id='word_1_707' title='bbox 2439 4357 2686 4428; x_wconf 88' lang='lat' dir='ltr'><strong>quisquis</strong></span> <span class='ocrx_word' id='word_1_708' title='bbox 2716 4357 2978 4427; x_wconf 90' lang='lat' dir='ltr'><strong>sequitur,</strong></span> <span class='ocrx_word' id='word_1_709' title='bbox 3000 4356 3116 4412; x_wconf 87' lang='lat' dir='ltr'><strong>sive</strong></span> <span class='ocrx_word' id='word_1_710' title='bbox 3149 4355 3417 4426; x_wconf 83' lang='lat' dir='ltr'><strong>Paganus,</strong></span> <span class='ocrx_word' id='word_1_711' title='bbox 3450 4355 3567 4410; x_wconf 83' lang='lat' dir='ltr'><strong>sive</strong></span> <span class='ocrx_word' id='word_1_712' title='bbox 3595 4353 3840 4421; x_wconf 81' lang='lat' dir='ltr'><strong>Judzeus,</strong></span> 
     </span>
    </p>
   </div>
   <div class='ocr_carea' id='block_1_98' title="bbox 2187 4447 3843 4529">
    <p class='ocr_par' dir='ltr' id='par_1_98' title="bbox 2187 4447 3843 4529">
     <span class='ocr_line' id='line_1_98' title="bbox 2187 4447 3843 4529; baseline -0.002 -25"><span class='ocrx_word' id='word_1_713' title='bbox 2187 4470 2237 4529; x_wconf 70' lang='grc' dir='ltr'>ι)</span> <span class='ocrx_word' id='word_1_714' title='bbox 2263 4452 2378 4505; x_wconf 89' lang='lat' dir='ltr'><strong>sive</strong></span> <span class='ocrx_word' id='word_1_715' title='bbox 2413 4449 2775 4514; x_wconf 86' lang='lat' dir='ltr'><strong>Christianus,</strong></span> <span class='ocrx_word' id='word_1_716' title='bbox 2802 4449 3140 4506; x_wconf 82' lang='lat' dir='ltr'><strong>Autichristo</strong></span> <span class='ocrx_word' id='word_1_717' title='bbox 3167 4464 3291 4503; x_wconf 86' lang='lat' dir='ltr'><strong>mox</strong></span> <span class='ocrx_word' id='word_1_718' title='bbox 3326 4447 3734 4517; x_wconf 88' lang='lat' dir='ltr'><strong>incorporatur,</strong></span> <span class='ocrx_word' id='word_1_719' title='bbox 3785 4456 3843 4501; x_wconf 84' lang='lat' dir='ltr'><strong>et</strong></span> 
     </span>
    </p>
   </div>
   <div class='ocr_carea' id='block_1_99' title="bbox 2265 4539 3839 4613">
    <p class='ocr_par' dir='ltr' id='par_1_99' title="bbox 2265 4539 3839 4613">
     <span class='ocr_line' id='line_1_99' title="bbox 2265 4539 3839 4613; baseline -0.004 -16"><span class='ocrx_word' id='word_1_720' title='bbox 2265 4558 2360 4613; x_wconf 88' lang='lat' dir='ltr'><strong>per</strong></span> <span class='ocrx_word' id='word_1_721' title='bbox 2393 4556 2488 4597; x_wconf 88' lang='lat' dir='ltr'><strong>eos</strong></span> <span class='ocrx_word' id='word_1_722' title='bbox 2517 4541 2582 4596; x_wconf 87' lang='lat' dir='ltr'><strong>ad</strong></span> <span class='ocrx_word' id='word_1_723' title='bbox 2615 4551 2873 4597; x_wconf 60' lang='lat' dir='ltr'><strong>mternum</strong></span> <span class='ocrx_word' id='word_1_724' title='bbox 2905 4541 3183 4595; x_wconf 89' lang='lat' dir='ltr'><strong>interitum</strong></span> <span class='ocrx_word' id='word_1_725' title='bbox 3223 4547 3495 4609; x_wconf 88' lang='lat' dir='ltr'><strong>portatur.</strong></span> <span class='ocrx_word' id='word_1_726' title='bbox 3542 4539 3751 4593; x_wconf 86' lang='lat' dir='ltr'><strong>Deinde</strong></span> <span class='ocrx_word' id='word_1_727' title='bbox 3781 4546 3839 4591; x_wconf 85' lang='lat' dir='ltr'><strong>ut</strong></span> 
     </span>
    </p>
   </div>
   <div class='ocr_carea' id='block_1_100' title="bbox 2266 4628 3839 4690">
    <p class='ocr_par' dir='ltr' id='par_1_100' title="bbox 2266 4628 3839 4690">
     <span class='ocr_line' id='line_1_100' title="bbox 2266 4628 3839 4690; baseline -0.004 -2"><span class='ocrx_word' id='word_1_728' title='bbox 2266 4631 2521 4688; x_wconf 77' lang='lat' dir='ltr'><strong>Dominus</strong></span> <span class='ocrx_word' id='word_1_729' title='bbox 2554 4630 2711 4686; x_wconf 84' lang='lat' dir='ltr'><strong>Jcsus</strong></span> <span class='ocrx_word' id='word_1_730' title='bbox 2749 4646 2812 4686; x_wconf 92' lang='lat' dir='ltr'><strong>os</strong></span> <span class='ocrx_word' id='word_1_731' title='bbox 2849 4629 3026 4685; x_wconf 86' lang='lat' dir='ltr'><strong>Patris</strong></span> <span class='ocrx_word' id='word_1_732' title='bbox 3069 4629 3269 4683; x_wconf 87' lang='lat' dir='ltr'><strong>dicitur</strong></span> <span class='ocrx_word' id='word_1_733' title='bbox 3311 4636 3367 4682; x_wconf 91' lang='lat' dir='ltr'><strong>et</strong></span> <span class='ocrx_word' id='word_1_734' title='bbox 3410 4637 3514 4690; x_wconf 90' lang='lat' dir='ltr'><strong>est,</strong></span> <span class='ocrx_word' id='word_1_735' title='bbox 3548 4628 3633 4684; x_wconf 89' lang='lat' dir='ltr'><strong>sic</strong></span> <span class='ocrx_word' id='word_1_736' title='bbox 3657 4638 3714 4682; x_wconf 90' lang='lat' dir='ltr'><strong>et</strong></span> <span class='ocrx_word' id='word_1_737' title='bbox 3752 4628 3839 4681; x_wconf 88' lang='lat' dir='ltr'><strong>ille</strong></span> 
     </span>
    </p>
   </div>
   <div class='ocr_carea' id='block_1_101' title="bbox 2262 4717 3838 4791">
    <p class='ocr_par' dir='ltr' id='par_1_101' title="bbox 2262 4717 3838 4791">
     <span class='ocr_line' id='line_1_101' title="bbox 2262 4717 3838 4791; baseline -0.003 -15"><span class='ocrx_word' id='word_1_738' title='bbox 2262 4721 2609 4791; x_wconf 85' lang='lat' dir='ltr'><strong>blasphemus</strong></span> <span class='ocrx_word' id='word_1_739' title='bbox 2635 4735 2697 4775; x_wconf 90' lang='lat' dir='ltr'><strong>os</strong></span> <span class='ocrx_word' id='word_1_740' title='bbox 2725 4720 2867 4776; x_wconf 83' lang='lat' dir='ltr'><strong>illius</strong></span> <span class='ocrx_word' id='word_1_741' title='bbox 2892 4719 3066 4775; x_wconf 91' lang='lat' dir='ltr'><strong>leonis</strong></span> <span class='ocrx_word' id='word_1_742' title='bbox 3094 4717 3357 4789; x_wconf 78' lang='lat' dir='ltr'><strong>rugientis</strong></span> <span class='ocrx_word' id='word_1_743' title='bbox 3385 4727 3492 4779; x_wconf 88' lang='lat' dir='ltr'><strong>est,</strong></span> <span class='ocrx_word' id='word_1_744' title='bbox 3519 4718 3613 4786; x_wconf 88' lang='lat' dir='ltr'><strong>qui</strong></span> <span class='ocrx_word' id='word_1_745' title='bbox 3646 4719 3838 4773; x_wconf 85' lang='lat' dir='ltr'><strong>circuit</strong></span> 
     </span>
    </p>
   </div>
   <div class='ocr_carea' id='block_1_102' title="bbox 2261 4808 3834 4882">
    <p class='ocr_par' dir='ltr' id='par_1_102' title="bbox 2261 4808 3834 4882">
     <span class='ocr_line' id='line_1_102' title="bbox 2261 4808 3834 4882; baseline -0.001 -18"><span class='ocrx_word' id='word_1_746' title='bbox 2261 4825 2509 4882; x_wconf 62' lang='lat' dir='ltr'><strong>quaarens</strong></span> <span class='ocrx_word' id='word_1_747' title='bbox 2565 4825 2724 4881; x_wconf 91' lang='lat' dir='ltr'><strong>quem</strong></span> <span class='ocrx_word' id='word_1_748' title='bbox 2777 4812 2997 4866; x_wconf 85' lang='lat' dir='ltr'><strong>devoret</strong></span> <span class='ocrx_word' id='word_1_749' title='bbox 3024 4818 3025 4821; x_wconf 73' lang='lat'>‘</span> <span class='ocrx_word' id='word_1_750' title='bbox 3055 4810 3107 4880; x_wconf 86' lang='grc' dir='ltr'><strong>(Ι</strong></span> <span class='ocrx_word' id='word_1_751' title='bbox 3148 4809 3289 4863; x_wconf 72' lang='lat' dir='ltr'><strong>Pezr.</strong></span> <span class='ocrx_word' id='word_1_752' title='bbox 3321 4824 3375 4870; x_wconf 86' lang='lat' dir='ltr'><strong>v,</strong></span> <span class='ocrx_word' id='word_1_753' title='bbox 3420 4808 3501 4877; x_wconf 88' lang='lat'><strong>8).</strong></span> <span class='ocrx_word' id='word_1_754' title='bbox 3533 4811 3622 4863; x_wconf 89' lang='lat' dir='ltr'><strong>cui</strong></span> <span class='ocrx_word' id='word_1_755' title='bbox 3677 4810 3834 4865; x_wconf 89' lang='lat' dir='ltr'><strong>etiam</strong></span> 
     </span>
    </p>
   </div>
   <div class='ocr_carea' id='block_1_103' title="bbox 2261 4901 3831 4971">
    <p class='ocr_par' dir='ltr' id='par_1_103' title="bbox 2261 4901 3831 4971">
     <span class='ocr_line' id='line_1_103' title="bbox 2261 4901 3831 4971; baseline -0.003 -14"><span class='ocrx_word' id='word_1_756' title='bbox 2261 4913 2515 4971; x_wconf 89' lang='lat' dir='ltr'><strong>tanquam</strong></span> <span class='ocrx_word' id='word_1_757' title='bbox 2543 4902 2652 4956; x_wconf 82' lang='lat' dir='ltr'><strong>lilio</strong></span> <span class='ocrx_word' id='word_1_758' title='bbox 2672 4912 2727 4957; x_wconf 88' lang='lat' dir='ltr'><strong>et</strong></span> <span class='ocrx_word' id='word_1_759' title='bbox 2746 4902 2967 4957; x_wconf 88' lang='lat' dir='ltr'><strong>brachio</strong></span> <span class='ocrx_word' id='word_1_760' title='bbox 2981 4901 3234 4955; x_wconf 88' lang='lat' dir='ltr'><strong>virtutem</strong></span> <span class='ocrx_word' id='word_1_761' title='bbox 3257 4914 3407 4953; x_wconf 88' lang='lat' dir='ltr'><strong>suam</strong></span> <span class='ocrx_word' id='word_1_762' title='bbox 3432 4907 3486 4953; x_wconf 89' lang='lat' dir='ltr'><strong>et</strong></span> <span class='ocrx_word' id='word_1_763' title='bbox 3510 4909 3831 4969; x_wconf 85' lang='lat' dir='ltr'><strong>potestatem</strong></span> 
     </span>
    </p>
   </div>
   <div class='ocr_carea' id='block_1_104' title="bbox 2260 4990 3834 5056">
    <p class='ocr_par' dir='ltr' id='par_1_104' title="bbox 2260 4990 3834 5056">
     <span class='ocr_line' id='line_1_104' title="bbox 2260 4990 3834 5056; baseline -0.003 -10"><span class='ocrx_word' id='word_1_764' title='bbox 2260 4992 2407 5046; x_wconf 89' lang='lat' dir='ltr'><strong>dedit</strong></span> <span class='ocrx_word' id='word_1_765' title='bbox 2446 4991 2629 5051; x_wconf 83' lang='lat' dir='ltr'><strong>draco.</strong></span> <span class='ocrx_word' id='word_1_766' title='bbox 2661 4991 2801 5046; x_wconf 92' lang='lat' dir='ltr'><strong>idem</strong></span> <span class='ocrx_word' id='word_1_767' title='bbox 2853 4990 2944 5056; x_wconf 80' lang='lat' dir='ltr'><strong>qui</strong></span> <span class='ocrx_word' id='word_1_768' title='bbox 2975 4999 3030 5045; x_wconf 88' lang='lat' dir='ltr'><strong>et</strong></span> <span class='ocrx_word' id='word_1_769' title='bbox 3078 4990 3181 5048; x_wconf 90' lang='lat' dir='ltr'><strong>leo.</strong></span> <span class='ocrx_word' id='word_1_770' title='bbox 3222 4997 3282 5043; x_wconf 92' lang='lat' dir='ltr'><strong>ut</strong></span> <span class='ocrx_word' id='word_1_771' title='bbox 3315 4997 3507 5056; x_wconf 89' lang='lat' dir='ltr'><strong>aperta</strong></span> <span class='ocrx_word' id='word_1_772' title='bbox 3563 4990 3731 5043; x_wconf 90' lang='lat' dir='ltr'><strong>simul</strong></span> <span class='ocrx_word' id='word_1_773' title='bbox 3783 5001 3834 5042; x_wconf 71' lang='lat' dir='ltr'><strong>rt</strong></span> 
     </span>
    </p>
   </div>
  </div>
