4064 5394
236 261 379 323 ms

872 258 1233 315 ADVERSUS
1282 236 1689 315 SIMONACOS
1736 253 1913 309 LiBltl
1952 249 2426 308 TRES.—LIBER
2459 248 2845 308 SECUNDUS.

3350 250 3485 306 H26

236 374 378 431 fastu
424 381 624 428 exeunt
667 371 734 426 ad
778 371 919 425 illius
966 373 1187 426 marina:
1233 372 1442 434 bellum,
1485 367 1803 424 Antichristi
1833 371 1880 428 Α
1909 379 2102 434 nymus
2126 364 2266 420 sicut
2286 363 2399 432 jam
2430 365 2676 435 superius
2706 366 2939 437 positum
2976 373 3081 432 est,
3114 366 3192 421 sic
3226 368 3482 431 05tendit,

236 474 467 525 scilicet,
488 465 728 534 potentia
754 463 1001 519 saeculari
1030 462 1445 516 intumescentis
1465 459 1803 529 obsequium,

237 554 530 610 secundum
573 555 857 625 prmsentis
900 553 1127 622 apostoli
1175 554 1376 606 dictum
1412 565 1428 604 :
1480 569 1499 601 ο
1532 551 1611 604 Ex
1652 549 1806 604 nobis

234 644 505 707 exierunt,
532 642 626 696 sed
659 658 765 695 non
789 650 948 696 erant
976 656 1039 695 ex
1075 641 1250 695 nobis.
1284 660 1303 692 ι

308 735 475 789 Terra
505 734 647 789 enim
672 748 778 787 non
803 733 1100 802 incongrue
1140 732 1229 785 hic
1272 729 1589 800 intelligitttr
1616 738 1805 784 sancta

238 823 502 886 Ecclesia,
551 824 614 877 de
662 839 767 892 qua
811 823 1097 892 allegorice
1142 822 1218 874 ait
1267 821 1596 875 Psalmistu:
1649 837 1667 869 ι
1703 816 1805 884 Qui

236 911 478 966 fundavit
507 922 701 965 terram
732 928 894 979 super
920 910 1268 965 stabilitatem
1300 926 1477 970 suam,
1508 923 1611 962 non
1652 906 1805 960 ineli-

235 1003 454 1055 nahitur
502 1002 554 1054 in
598 1001 851 1055 sarculum
890 1000 1070 1054 saeculi
1107 999 1284 1068 (I’snl.
1322 1015 1437 1064 cm,
1481 999 1559 1068 5).
1612 1017 1632 1049 ο
1689 997 1803 1052 Et:

240 1111 260 1142 ο
282 1092 492 1147 Domini
523 1101 607 1147 est
635 1101 779 1146 terra
804 1103 860 1147 et
886 1091 1159 1162 plenitudo
1182 1091 1316 1162 ejus,
1355 1091 1502 1145 orbis
1540 1099 1805 1144 terrarqu

234 1191 291 1239 et
337 1183 571 1237 universi
616 1183 706 1252 qui
759 1182 1007 1237 habitant
1060 1181 1112 1235 in
1158 1197 1244 1235 eo.
1303 1179 1438 1247 Quia
1493 1182 1604 1249 ipse
1648 1193 1808 1247 super

235 1275 404 1329 maria
436 1273 677 1328 fittidavit
695 1290 837 1335 eum,
864 1282 920 1328 et
941 1288 1102 1341 super
1123 1270 1339 1325 ﬂumina
1365 1272 1638 1341 separavit
1660 1284 1804 1323 eum.

234 1364 369 1432 Quis
397 1364 638 1419 ascendit
664 1363 716 1417 in
750 1373 983 1419 montem
1014 1362 1250 1425 Domini,
1272 1371 1367 1415 aut
1396 1362 1517 1431 quis
1543 1359 1709 1414 stabit
1754 1358 1807 1411 in

235 1454 355 1509 loco
398 1464 589 1510 sancto
617 1452 768 1521 ejus?
809 1451 984 1524 (Psal.
1014 1467 1169 1515 χχιιι,
1208 1452 1349 1522 1-5).
1396 1470 1415 1503 ι
1467 1451 1640 1521 Ipsam
1662 1449 1806 1504 enim

232 1560 396 1615 super
441 1545 606 1599 maria
658 1544 939 1608 Dominus,
977 1542 1031 1597 id
1076 1553 1159 1597 est
1203 1557 1364 1612 super
1415 1541 1704 1596 elationem
1754 1548 1810 1594 et

231 1637 530 1708 potentiam
554 1636 877 1691 mundanam
894 1648 1012 1689 esse
1024 1632 1170 1689 fecit.
1194 1634 1366 1705 Ipsam
1389 1631 1805 1703 snperﬂumina,

1909 454 2100 509 dicens
2134 473 2147 508 :
2183 473 2201 507 ι
2237 455 2389 509 Sicut
2414 456 2550 509 idola
2582 455 2717 510 linnt
2748 473 2907 511 manu
2933 457 3177 522 artiﬁcis,
3207 458 3276 511 ita
3308 458 3483 513 barre-

1910 546 2142 599 ticorum
2166 561 2477 614 perversam
2499 547 2799 601 doctrinam
2823 548 3132 618 quicunque
3151 550 3487 605 simulaverit

1909 633 1964 687 in
2002 634 2204 688 idolum
2235 636 2420 699 vertit,
2449 644 2505 689 et
2546 635 2673 689 facit
2704 652 2801 705 pro
2833 636 3052 692 Christo
3079 640 3293 693 adorari
3330 641 3487 694 Anti-

1908 723 2192 778 christum.
2230 741 2249 775 ι
2283 722 2383 790 Qui
2409 724 2663 792 quoniam
2689 724 2857 794 signis
2888 741 3009 795 quae
3037 728 3248 782 faciunt
3272 729 3323 782 in
3355 745 3488 784 eon-

1907 823 2094 882 spcctu
2141 815 2324 869 bestia:
2380 815 2524 869 illius
2577 815 2843 871 seducunt
2884 816 3193 874 habitantes
3238 819 3293 874 in
3341 827 3485 873 terra

1907 906 2116 959 scilicet
2161 904 2485 970 Eeclesiam,
2538 906 2758 975 pusillos
2810 916 2864 961 et
2906 923 3149 975 magnos,
3190 910 3383 964 divites
3431 918 3487 962 ct

1908 1008 2190 1064 pauperes,
2226 995 2422 1049 liheros
2443 1003 2497 1050 et
2520 1009 2730 1059 servos,
2759 996 2923 1050 etiam
2952 996 3213 1051 Dominus
3241 999 3291 1051 in
3318 998 3489 1053 Evan-

1907 1086 2050 1157 gclio
2088 1088 2167 1141 sic
2193 1087 2308 1141 suis
2331 1086 2573 1156 praedicit
2609 1102 2626 1144 ε
2663 1104 2682 1138 r
2719 1087 3020 1157 Exsurgent
3062 1090 3482 1158 pseudochristi,

1907 1187 1961 1231 et
1987 1178 2486 1248 pseudoprophetaa,
2518 1185 2573 1231 et
2599 1177 2804 1232 dabunt
2847 1179 3002 1247 signa
3035 1188 3089 1234 et
3120 1180 3385 1250 prodigia,
3411 1180 3484 1234 ita

1908 1267 2044 1320 utin
2076 1268 2318 1323 errorem
2358 1268 2702 1334 inducantur,
2735 1268 2778 1321 si
2828 1266 2943 1321 ﬁeri
2976 1277 3172 1337 potest,
3201 1268 3378 1323 electi.
3419 1270 3489 1324 Et

1913 1365 2037 1411 tunc
2065 1357 2107 1410 si
2140 1357 2376 1410 dixerint
2410 1356 2564 1411 vobis
2599 1373 2612 1409 :
2645 1357 2782 1410 Ecce
2828 1357 2914 1411 hic
2935 1367 3021 1413 est
3050 1358 3322 1422 Christus,
3353 1373 3482 1413 ecce

1911 1447 2051 1511 illic;
2081 1447 2246 1504 nolite
2272 1448 2495 1502 credere
2536 1446 2751 1517 (Matth.
2788 1463 2936 1513 XXIV,
2962 1448 3058 1513 23,
3091 1448 3206 1518 24).
3239 1465 3259 1500 ι
3322 1448 3487 1503 nolite

1911 1535 2009 1601 ire,
2040 1552 2213 1607 neque
2254 1537 2555 1592 sectemini.
2605 1535 2759 1591 Sicut
2805 1538 2949 1591 enim
3001 1540 3273 1606 propholre
3314 1539 3488 1593 sancti

1911 1636 2037 1682 ante
2064 1630 2353 1682 adventum
2381 1627 2507 1682 Jcsu
2538 1627 2743 1682 Christi
2788 1628 3040 1697 primum,
3071 1627 3246 1682 sancti
3277 1641 3490 1697 quoque

230 1701 554 1797 cupiditates
596 1727 803 1783 scilicet
854 1726 1163 1790 smeulares,
1218 1701 1535 1790 extulit,iut
1584 1725 1656 1779 sit
1693 1723 1805 1791 jam
1839 1701 1886 1763 Β
1912 1718 2137 1787 apostoli
2169 1728 2224 1771 et
2250 1717 2553 1772 imitatores
2577 1732 2788 1783 eorum,
2816 1725 2942 1770 ante
2967 1718 3290 1785 secundum,
3318 1717 3488 1771 dede-

228 1819 522 1891 singularis
567 1834 723 1875 mons
769 1817 886 1886 ejus
929 1818 1136 1888 pariter
1163 1826 1218 1873 et
1254 1827 1477 1873 sanctus
1513 1817 1683 1872 locus.
1729 1815 1805 1869 Ex

228 1921 337 1976 qua
380 1913 643 1976 quotquot
681 1912 882 1959 exeunt
907 1905 1014 1959 duo
1041 1918 1244 1958 cornua
1268 1904 1466 1957 similia
1501 1901 1636 1971 Agni
1670 1917 1808 1971 pne-

230 1998 480 2066 tcndunt,
504 1998 627 2068 quia
650 2008 741 2051 aut
763 1997 868 2051 duo
912 1995 1252 2053 Testamenta
1302 2011 1360 2050 se
1406 1994 1669 2065 recipere,
1706 2001 1804 2049 aut

227 2092 453 2146 totidem
494 2091 774 2145 cbaritatis
819 2098 1087 2159 praecepta
1133 2090 1426 2144 observare
1454 2129 1469 2153 ,
1519 2097 1613 2142 aut
1653 2103 1805 2142 suam

228 2182 528 2253 potentiam
560 2182 627 2236 ad
660 2196 887 2251 regnum
916 2189 973 2235 et
1011 2178 1373 2235 sacerdotium
1401 2178 1603 2233 Christi
1641 2178 1811 2247 perti-

229 2285 384 2335 nere,
411 2281 506 2325 aut
558 2271 829 2341 baptismo
867 2271 1001 2341 ejus,
1039 2279 1094 2325 et
1137 2283 1300 2325 cruce
1329 2284 1388 2323 se
1441 2268 1808 2325 sanetilicatos

230 2361 583 2415 contendunt.
617 2361 727 2419 Sed
766 2361 933 2417 iubis
956 2359 1155 2414 nullam
1186 2358 1472 2413 veritatem
1501 2367 1695 2428 prreter
1716 2372 1805 2413 so-

229 2450 339 2506 lam
364 2468 625 2506 cornuum
652 2452 789 2522 Agui
811 2452 1219 2507 similitudinem
1243 2450 1426 2520 specie
1451 2459 1605 2505 tenus
1624 2457 1810 2505 osten-

230 2543 387 2597 dunt.
406 2541 558 2598 Unde
580 2553 632 2596 et
661 2543 972 2611 loquuntur,
997 2542 1318 2596 sicutdraco
1347 2561 1365 2591 ι
1385 2541 1476 2609 qui
1503 2541 1556 2595 in
1580 2540 1810 2595 veritate

232 2647 344 2685 non
368 2630 538 2685 stetit.
565 2630 688 2696 Qui,
711 2646 832 2684 eum
856 2630 1090 2698 loquitur
1115 2630 1474 2693 mendacium,
1499 2631 1564 2684 de
1593 2629 1810 2697 proprio

232 2720 494 2789 loquitur,
516 2722 641 2791 quia
667 2723 894 2775 mandax
915 2730 1000 2775 est
1026 2720 1161 2789 ipse,
1183 2729 1238 2776 et
1260 2730 1414 2791 pater
1434 2721 1550 2789 ejus
1578 2739 1596 2771 ι
1624 2720 1808 2784 (Joan.

230 2826 355 2875 vm,
391 2809 507 2883 ιιι),
536 2820 585 2866 et
639 2811 779 2865 sicut
832 2811 921 2865 ille
957 2811 1022 2864 ad
1076 2811 1176 2864 hoc
1218 2819 1423 2864 tantum
1476 2809 1686 2864 locutus
1756 2816 1812 2863 et

231 2903 478 2974 loquitur
505 2912 712 2958 tantum
740 2911 798 2957 ut
826 2904 1096 2958 homicida
1128 2903 1249 2966 tiat;
1292 2903 1371 2959 sic
1399 2912 1454 2958 et
1498 2904 1582 2957 isti
1613 2903 1680 2957 ad
1709 2903 1812 2958 hoc

234 3001 446 3047 tantum
500 2991 794 3063 loquuntur
843 3002 903 3047 ut
959 2992 1243 3048 homicida:
1290 2992 1439 3046 ﬁant.
1494 2993 1593 3059 Qui
1645 2991 1807 3046 etiam

232 3100 450 3139 omnem
482 3092 800 3155 potestatem
857 3085 1056 3155 prioris
1082 3068 1291 3139 bestia:
1344 3084 1547 3137 faciunt
1582 3084 1635 3136 in
1680 3097 1808 3136 eon-

235 3189 424 3250 spectu
462 3178 596 3247 ejus,
631 3180 776 3248 quia,
807 3189 899 3233 aut
942 3180 1153 3233 occulta
1201 3189 1295 3253 aut
1332 3189 1545 3249 aperta-
1582 3180 1808 3244 malitia,

233 3286 345 3327 non
397 3273 575 3327 minus
619 3272 736 3341 ipso
783 3272 1115 3326 Antichristo
1163 3272 1214 3324 in
1273 3271 1519 3325 homines
1563 3270 1810 3325 szeviunt.

235 3361 412 3430 Quam
444 3372 621 3418 tamen
671 3362 724 3417 in
756 3371 1048 3432 conspectu
1092 3360 1211 3430 ejus
1240 3359 1464 3425 faciunt,
1498 3361 1623 3431 quia
1674 3361 1815 3415 sicut

235 3454 491 3510 catholici
515 3455 581 3510 ad
603 3455 875 3511 Christum
901 3454 1140 3509 referunt
1160 3452 1418 3522 quidquid
1449 3452 1565 3523 ipso
1592 3461 1814 3505 auctore

235 3552 428 3611 agunt,
467 3543 538 3597 ita
590 3553 645 3598 et
689 3544 929 3600 haeretici
989 3544 1057 3598 ad
1108 3542 1499 3598 Antichristum
1552 3540 1813 3611 quidquid

236 3643 506 3705 potestate
563 3636 630 3691 ab
681 3634 771 3691 illo
828 3636 953 3690 data
1002 3633 1228 3690 faciunt.
1263 3632 1420 3698 Nam,
1451 3633 1593 3687 sicut
1636 3632 1812 3687 sancti

237 3729 515 3799 propheta:
538 3728 827 3798 praeierunt
854 3736 980 3781 ante
1008 3725 1199 3782 faciem
1234 3725 1442 3780 Domini
1476 3738 1667 3793 parare
1699 3724 1814 3779 vias

237 3817 355 3886 ejus
383 3817 535 3888 (Luc.
566 3833 607 3882 ι,
637 3819 760 3890 76),
788 3819 867 3874 sic
894 3827 949 3874 et
996 3818 1082 3873 isti
1115 3832 1481 3887 praeeursores
1516 3815 1641 3870 facti
1674 3814 1814 3869 illius

240 3922 500 3984 apostatte
516 3922 778 3983 pratennt,
801 3922 854 3967 et
877 3913 929 3967 in
953 3920 1243 3981 conspectu
1266 3910 1409 3965 illius
1433 3908 1641 3964 faciunt
1660 3907 1815 3977 quid-

239 4006 368 4077 quid
390 4005 618 4061 l‘aciunt.
641 4005 795 4073 Quod
822 4014 989 4059 totum
1021 4002 1234 4058 nonnisi
1260 4002 1458 4056 malum
1480 4015 1601 4055 esse
1615 4006 1812 4068 potest,

238 4096 451 4153 etiamsi
482 4097 679 4151 bonum
719 4102 960 4165 apparet.
990 4091 1062 4148 Ut
1095 4094 1239 4147 enim
1269 4092 1393 4145 boni
1434 4089 1679 4158 exemplo
1706 4087 1817 4143 Re-

240 4185 537 4257 demptoris
592 4185 674 4241 sui
733 4184 962 4240 dicentis
992 4200 1005 4236 :
1044 4199 1064 4233 r
1094 4181 1206 4252 Ego
1230 4180 1455 4250 gloriam
1483 4192 1658 4233 meam
1705 4191 1814 4231 non

240 4291 426 4347 quaero
456 4276 635 4345 (Jaan.
673 4292 793 4340 vui,
825 4275 949 4343 50);
985 4293 1004 4327 ι
1031 4281 1113 4329 et:
1150 4291 1168 4324 ε
1192 4273 1304 4326 Non
1333 4270 1454 4326 veni
1506 4269 1687 4324 facere
1724 4282 1817 4323 vo-

1910 1820 2039 1865 rnnt
2064 1820 2120 1865 et
2148 1812 2277 1865 dant
2304 1812 2477 1880 signa,
2508 1819 2565 1865 et
2598 1810 2840 1881 prodigia
2869 1811 3035 1865 multa
3065 1819 3121 1865 et
3162 1826 3380 1880 magna,
3408 1812 3490 1867 sic

1907 1909 1961 1953 et
1991 1902 2254 1964 hmretiei,
2285 1902 2377 1971 qui
2409 1918 2437 1955 a
2473 1902 2699 1956 Domino
2725 1903 2978 1956 dicuntur
3001 1901 3483 1971 pseudOpropbeta:

1908 2008 1965 2051 et
2007 1994 2422 2066 pseudochristi,
2466 2002 2525 2047 ut
2563 2002 2690 2062 puta
2730 1993 3051 2049 Antichristi
3103 1993 3309 2048 faciunt
3358 2004 3485 2049 ante
3579 1981 3586 1987 ’

1909 2100 2065 2139 suum
2092 2084 2386 2153 principem
2416 2083 2833 2138 Antichristum.
2875 2083 2987 2138 Sed
3034 2084 3338 2153 inquiratur
3366 2099 3485 2152 qua:

1908 2178 2061 2250 signa
2090 2190 2144 2233 et
2166 2179 2410 2249 prodigia
2440 2178 2676 2234 cultores
2695 2179 2897 2233 Christi
2921 2179 3190 2245 dederint,
3224 2180 3306 2236 vel
3330 2181 3485 2245 dent,

1907 2279 1962 2325 et
1981 2286 2100 2340 quae
2125 2270 2362 2325 cultores
2383 2271 2700 2325 Antichristi
2748 2270 3008 2339 Equidem
3031 2287 3307 2342 praecones
3329 2273 3488 2342 primi

1908 2363 2172 2416 adventus
2202 2361 2401 2416 Christi
2430 2363 2683 2417 omnibus
2711 2363 2825 2417 suis
2866 2363 3001 2418 actis
3026 2373 3078 2419 et
3110 2365 3269 2421 dictis
3300 2379 3487 2421 saeia-

1911 2461 2097 2508 menta
2142 2453 2364 2518 Christi,
2414 2463 2469 2509 et
2529 2453 2788 2509 Ecclesize
2841 2456 2959 2524 ejus
3005 2457 3379 2525 praetulerunt,
3433 2468 3511 2512 et-

1910 2544 2364 2613 praeinvenerunt,
2395 2545 2537 2598 sicut
2581 2543 2811 2615 Moyses,
2851 2546 2904 2599 in
2961 2548 3157 2601 summi
3207 2548 3489 2603 Pontiﬁcis

1912 2636 2080 2689 nostri
2111 2635 2359 2706 ligurum,
2392 2636 2747 2692 lsraeliticum
2782 2639 3035 2709 populum
3070 2655 3167 2710 per
3194 2657 3344 2696 mare
3375 2642 3484 2697 Ru-

1912 2725 2068 2781 brum
2099 2726 2396 2791 transtulit,
2443 2742 2648 2781 manna
2697 2729 2763 2784 de
2811 2729 2949 2784 ccelo
2982 2730 3203 2795 cibavit,
3244 2742 3299 2786 et
3346 2748 3486 2801 aqua

1914 2818 1981 2871 de
2026 2827 2177 2887 petra
2242 2819 2466 2888 potavit,
2514 2820 2938 2891 sacerdotesque
2987 2829 3042 2875 et
3082 2824 3488 2880 talernaenlum

1914 2922 2037 2961 eum
2068 2909 2211 2962 omni
2254 2908 2609 2978 suppellectili
2648 2925 2743 2963 sua
2774 2926 2876 2964 non
2909 2911 3024 2967 solo
3052 2914 3314 2983 sanguine
3340 2915 3494 2985 puri-

1918 2997 2139 3062 ﬁcavit,
2202 3002 2294 3054 sed
2351 3002 2518 3055 etiam
2571 3001 2868 3057 chrismate
2920 3005 3299 3059 sanctiﬁcavit.
3357 3005 3491 3073 Quae

1914 3090 2192 3145 catholica:
2217 3091 2461 3145 veritatis
2509 3092 2702 3160 imago,
2729 3092 2815 3145 vel
2846 3092 3038 3147 umbra
3070 3110 3176 3149 non
3231 3096 3488 3161 cessavit,

1915 3181 2086 3235 donec
2125 3181 2344 3235 advenit
2376 3181 2585 3236 Veritas
2616 3182 2749 3251 ipsa,
2781 3176 3054 3247 Christus,
3090 3184 3181 3254 qui
3209 3186 3373 3240 etiam
3404 3195 3488 3241 est

1914 3272 1998 3325 via
2033 3282 2087 3327 et
2112 3273 2237 3326 vita.
2263 3273 2413 3327 Tunc
2441 3273 2643 3328 veritas
2671 3274 2737 3329 de
2762 3284 2907 3328 terra
2925 3283 3041 3329 orta
3068 3290 3256 3332 omnes
3278 3287 3488 3348 gentes,

1916 3376 2011 3431 per
2062 3377 2337 3431 praecones
2395 3363 2614 3418 secundi
2659 3364 2923 3419 adventus
2969 3365 3100 3433 sui,
3157 3382 3253 3437 per
3298 3383 3486 3425 verum

1914 3453 2204 3522 baptisma,
2238 3452 2515 3517 transfert,
2547 3469 2688 3523 pane
2719 3455 2841 3509 vivo
2891 3464 2946 3510 et
2983 3471 3113 3511 vero
3168 3458 3333 3523 cibat,
3363 3462 3491 3515 vino

1916 3560 2054 3599 novo
2077 3553 2245 3614 potat,
2275 3554 2330 3600 et
2359 3561 2465 3600 non
2490 3545 2662 3600 solum
2691 3548 3023 3611 sacerdotes,
3052 3548 3144 3603 sed
3176 3550 3487 3605 universam

1915 3650 2129 3707 quoque
2160 3637 2457 3692 Eeclesiam
2485 3651 2638 3692 suam
2664 3653 2764 3694 suo
2794 3639 3055 3709 sanguine
3092 3640 3244 3710 prius
3280 3644 3496 3694 redemn

1915 3736 2061 3795 ptam
2104 3727 2291 3795 gratiae
2322 3742 2433 3781 sua:
2477 3727 2732 3782 unctione
2766 3726 2882 3783 sine
2930 3728 3332 3783 intermissione
3361 3743 3490 3783 san-

1917 3820 2140 3875 ctificat.

1986 3910 2050 3963 Et
2080 3913 2193 3966 haec
2222 3921 2490 3982 quatenus
2520 3922 2644 3985 agat
2666 3913 2977 3982 Apostolus,
3003 3931 3197 3985 panem
3230 3927 3284 3971 et
3309 3917 3490 3971 viuum

1916 4001 2115 4056 Christi
2163 4004 2565 4067 commendans,
2599 4004 2955 4059 demonstrat.
2989 4005 3486 4075 «Quotiescunque,

1918 4092 2111 4162 inquit,
2131 4084 2525 4151 manducabitis
2552 4109 2741 4164 panem
2767 4093 3001 4158 hune,et
3022 4095 3247 4151 calicem
3270 4096 3488 4163 bihetis,

1922 4194 2149 4239 mortem
2181 4185 2389 4241 Domini
2419 4186 2831 4251 anntmtiabitis,
2869 4188 3040 4245 donec
3068 4189 3249 4245 veniat
3282 4188 3335 4259 (1
3362 4188 3487 4246 Cor.

1919 4289 1994 4336 at,
2019 4276 2131 4342 26).
2157 4295 2175 4329 ι
2209 4277 2374 4347 igitur
2397 4286 2457 4331 ut
2480 4276 2695 4333 interim
2731 4287 3005 4345 taceamus
3028 4278 3095 4335 de
3111 4279 3377 4349 languidis
3398 4294 3489 4335 σι-

242 4370 501 4428 lnntatem
524 4386 723 4434 meam,
747 4370 839 4424 sed
861 4369 978 4439 ejus
1002 4366 1090 4436 qui
1114 4366 1259 4421 misit
1282 4363 1555 4432 me(Jonu.
1578 4360 1809 4429 v1.58)»
1842 4369 1895 4429 ι)
1924 4365 2073 4430 ratis,
2094 4364 2103 4369 ’
2123 4374 2177 4419 et
2229 4368 2456 4422 mortuis
2497 4367 2803 4434 viviﬁealis,
2855 4371 3175 4439 wterisque
3214 4369 3494 4425 beneﬁciis

242 4460 501 4531 quidquid
527 4469 656 4514 sunt
683 4468 736 4513 et
763 4466 988 4529 possunt
1015 4457 1114 4526 ipsi
1147 4457 1412 4516 tribuunt,
1442 4469 1544 4507 non
1570 4467 1689 4521 qua:
1719 4466 1813 4504 sua

246 4560 393 4614 sunt,
415 4551 509 4607 sed
532 4564 652 4621 qua:
678 4549 877 4606 Christi
904 4547 1223 4618 quaerendo;
1262 4546 1341 4600 sic
1386 4553 1441 4598 ct
1472 4542 1685 4611 reprobi
1718 4556 1817 4595 suo

249 4647 452 4694 tantum
495 4641 784 4710 quaerendo
826 4649 880 4694 et
924 4654 1027 4692 non
1058 4636 1285 4701 Christi,
1313 4633 1570 4704 quidquid
1608 4631 1820 4685 faciunt

248 4726 462 4799 (Philip.
491 4747 552 4796 ιι,
574 4731 687 4800 ξι),
713 4731 765 4786 in
797 4737 1085 4798 conspectu
1116 4724 1436 4781 Antichristi
1464 4722 1693 4786 faciunt,
1725 4722 1816 4791 qui

248 4816 300 4871 in
333 4820 549 4873 nomine
578 4833 677 4873 suo
713 4827 969 4873 venturus
999 4833 1027 4869 a
1060 4814 1350 4885 semetipso
1396 4812 1538 4866 sicut
1588 4810 1816 4865 mendax

251 4904 533 4975 loquetur,
597 4907 823 4979 gloriam
891 4914 1097 4961 tantum
1171 4905 1445 4975 propriam
1490 4901 1818 4971 quresiturus

249 4997 487 5069 exemplo
511 4996 680 5068 patris
725 4998 807 5053 sui
870 4995 1144 5059 draconis,
1169 4995 1255 5061 qui
1286 4993 1354 5047 ab
1387 4990 1540 5045 initio
1570 5006 1667 5045 sua
1699 4999 1816 5048 tan-

252 5094 359 5140 tum
388 5090 663 5158 quaesivit,
714 5090 803 5144 ubi
832 5086 1105 5160 propriam
1134 5084 1233 5140 sibi
1268 5084 1453 5141 sedem
1497 5082 1815 5153 exploravit,

1919 4470 2013 4510 seu
2037 4456 2310 4520 vindietis,
2348 4473 2470 4527 qua:
2496 4458 2658 4512 etiam
2690 4458 2845 4527 signa
2878 4466 2936 4513 et
2978 4459 3223 4530 prodigia
3274 4459 3494 4514 fuerunt

1918 4554 1969 4599 et
1995 4555 2141 4610 sunt,
2166 4547 2409 4602 dicamus
2432 4546 2634 4616 aliquid
2664 4549 2730 4602 de
2760 4548 2876 4602 solo
2903 4548 3199 4617 baptismo,
3222 4549 3493 4603 sacriﬁcio

1920 4646 1975 4692 et
2008 4640 2285 4703 unctione,
2318 4654 2438 4707 qua:
2467 4639 2625 4694 nobis
2649 4641 2900 4695 videntur
2927 4640 3267 4709 principalia,
3298 4648 3352 4693 et
3380 4653 3496 4691 ma-

1921 4728 2065 4782 xima
2096 4734 2250 4800 signa
2281 4740 2335 4785 et
2360 4729 2604 4797 prodigia
2632 4746 2776 4795 esse,
2805 4733 2931 4800 quia
2955 4733 3074 4785 sine
3102 4732 3188 4786 his
3214 4745 3373 4785 nemo
3398 4744 3493 4797 po-

1922 4827 2027 4873 test
2056 4820 2163 4875 Den
2197 4822 2402 4874 vivere.
2432 4820 2489 4872 In
2517 4820 2602 4873 his
2633 4821 2814 4891 itaque
2839 4822 3122 4875 nobiscum
3150 4829 3234 4881 est
3259 4836 3286 4872 a
3319 4818 3495 4887 primo

1922 4913 2151 4966 adventu
2177 4928 2277 4967 suo
2301 4925 2469 4978 usque
2495 4912 2791 4966 secundum
2818 4911 2910 4979 qui
2936 4911 3038 4965 erit
3070 4908 3124 4962 in
3160 4910 3267 4964 line
3292 4907 3493 4963 Stet-ali.

1924 4999 2049 5056 lltee
2094 5003 2165 5058 ita
2214 5002 2368 5073 signa
2410 5009 2533 5053 sum
2573 5010 2634 5055 ut
2687 5003 2797 5057 si.;t
2843 5003 3009 5056 etiam
3050 5010 3158 5052 res.
3189 4990 3322 5053 Nam
3356 4998 3501 5065 quid

1922 5100 2045 5149 sunt
2073 5102 2125 5148 et
2174 5093 2228 5148 in
2265 5105 2325 5146 se
2378 5088 2595 5154 habent,
2634 5089 2962 5162 signiﬁcant.
3007 5086 3099 5142 Sic
3129 5087 3356 5157 visibilis
3383 5085 3505 5142 fons
