4064 5394
635 318 770 373 12⁸21

1726 323 2074 381 HUMBERTI
2117 325 2174 380 S.
2211 324 2277 379 Β.
2304 324 2383 379 Ε.
2423 323 2831 380 CARDINALIS

3774 317 3925 373 “‘33

630 436 737 490 hoc
754 434 917 491 etiam
934 437 1137 492 dictum
1159 446 1289 509 puta
1312 438 1380 494 de
1402 440 1656 495 unctione
1677 443 1850 496 sancti
1875 440 2202 497 chrismatis.
2238 449 2283 506 Α
2310 456 2430 508 qua:
2452 451 2535 494 est
2553 440 2833 505 Christus;
2868 439 2945 493 sic
2970 447 3025 493 et
3055 437 3109 492 in
3132 435 3403 492 hrercticis
3421 446 3696 503 tanquam
3717 434 3775 487 in
3791 434 3924 489 ﬁliis

629 523 745 579 Hoc
795 526 863 580 de
891 527 1114 596 reliquis
1164 529 1444 585 catholicas
1473 530 1718 586 ecclesia:
1761 533 2058 603 mysteriis,
2089 546 2208 601 qua:

631 614 834 669 ideirco
864 618 1146 686 mysteria,
1178 618 1230 672 id
1260 628 1343 674 est
1366 633 1575 676 secreta
1604 622 1878 683 dicuntur,
1911 622 2037 691 quia
2067 622 2208 675 inest

610 705 710 759 seis
753 707 964 762 occulta
1020 711 1211 775 virtus,
1261 728 1381 781 qua:
1432 730 1531 783 per
1582 730 1695 769 rem
1747 716 2012 770 visibilem
2063 716 2205 784 quod

526 802 535 809 '
628 808 784 849 suum
815 806 900 852 est
924 814 1022 868 pro
1048 801 1311 869 qualitate
1337 810 1392 857 et
1422 803 1725 859 ministerio
1756 805 1992 859 hominis
2013 819 2205 873 opera-

626 892 736 938 tur.
775 885 1057 945 Seeretum
1088 892 1232 945 enim
1263 907 1293 945 a
1324 893 1494 947 verbo
1547 911 1756 949 secerno
1793 896 2038 960 veniens,
2065 910 2204 948 scor-

626 993 743 1031 sum
765 990 982 1046 cretum,
1016 983 1066 1036 id
1097 995 1180 1038 est
1207 985 1400 1043 visum.
1429 985 1606 1055 qualis
1650 997 1960 1056 separatum
2008 987 2204 1041 dicitur

626 1069 694 1123 ab
728 1070 902 1126 oculis
946 1073 1155 1128 scilicet
1182 1075 1386 1137 carnis,
1435 1091 1541 1130 non
1584 1077 1780 1130 cordis.
1816 1075 1941 1130 Haec
1990 1091 2203 1145 quoque

624 1163 705 1217 sic
728 1175 857 1218 sunt
883 1164 1035 1234 signa
1067 1176 1124 1221 ut
1166 1168 1276 1222 sint
1296 1177 1349 1223 et
1398 1170 1664 1240 prodigia,
1698 1169 1800 1223 hoc
1824 1177 1907 1223 est
1938 1184 2099 1238 porro
2122 1169 2201 1221 di-

625 1258 824 1309 centia.
880 1256 971 1312 Sic
1003 1260 1146 1312 enim
1188 1269 1415 1314 mortem
1476 1260 1678 1315 Christi
1732 1269 1787 1315 et
1847 1261 2202 1330 dispensatio—

618 1361 746 1400 nem
799 1348 914 1416 ejus
962 1353 1288 1420 pr.eteritam
1338 1351 1674 1419 signiﬁcant,
1723 1360 1783 1407 ut
1836 1359 2015 1407 tamen
2058 1368 2202 1406 nunc

622 1446 842 1506 semper
897 1438 1082 1493 vivere
1134 1448 1188 1493 et
1237 1455 1486 1509 regnare,
1533 1450 1588 1495 et
1631 1451 1918 1495 venturum
1962 1440 2201 1508 judicare

620 1526 775 1581 vivos
831 1536 886 1582 et
937 1538 1175 1585 mortuos
1222 1533 1621 1601 prophetizent,
1652 1532 1702 1584 izl
1734 1540 1849 1598 est,
1892 1546 2057 1602 porro
2115 1534 2198 1587 di—

622 1627 767 1673 cant.

1213 1694 1442 1749 CAPUT
1480 1694 1592 1749 XL.

786 1783 945 1848 ,ρειαί
971 1787 1075 1839 sint
1104 1787 1253 1855 signa
1281 1797 1326 1840 ct
1360 1787 1598 1857 prodigia
1628 1788 2011 1842 hwrelicorum.

692 1894 1076 1951 Verumtamen
1142 1898 1295 1968 signa
1351 1907 1408 1952 et
1460 1899 1742 1970 prodigia,
1795 1907 1919 1953 ante
1968 1898 2200 1969 primttm

622 1985 911 2039 adventum
936 1985 1173 2053 Christi,
1201 1989 1252 2042 in
1285 1989 1388 2042 hoc
1414 1987 1667 2044 dill'erunt
1689 2005 1719 2043 a
1746 1988 1915 2059 signis
1940 1986 2201 2059 etﬂprodi-

619 2074 722 2144 giis
748 2090 869 2144 quae
896 2074 1031 2130 ﬁunt
1065 2093 1093 2130 a
1121 2078 1437 2142 catholicis,
1472 2088 1597 2133 ante
1625 2081 1919 2133 secundum
1954 2076 2072 2145 ejus
2101 2076 2197 2129 ad-

619 2173 870 2228 ventum,
898 2167 1022 2234 quia
1057 2167 1144 2220 illa
1194 2169 1272 2222 sic
1304 2168 1745 2237 signiticaveruut
1772 2178 1830 2222 ut
1860 2170 2083 2224 omnino
2111 2181 2199 2222 res

621 2266 728 2307 non
759 2264 972 2321 essent;
1006 2255 1109 2309 ista
1136 2265 1318 2311 autem
1346 2256 1425 2312 sic
1453 2257 1605 2327 signa
1636 2266 1840 2312 suntut
1868 2273 1956 2311 res
1985 2270 2198 2327 quoque

618 2343 981 2397 essentialiter
1000 2354 1055 2399 et
1076 2360 1203 2400 vere
1223 2347 1352 2399 sint.
1385 2345 1579 2401 Restat
1599 2362 1725 2418 ergo
1749 2357 1806 2401 ut
1824 2348 2012 2402 bestiae
2034 2347 2194 2410 illius,

618 2448 743 2502 quae
772 2435 1097 2491 universalis
1143 2438 1518 2492 luereticorum
1575 2447 1731 2510 typus
1776 2447 1890 2501 est,
1941 2437 2093 2509 signa
2142 2446 2198 2490 et

618 2524 869 2595 prodigia
887 2540 1007 2595 qua:
1032 2527 1175 2591 sint,
1201 2538 1257 2582 et
1285 2543 1406 2598 qua:
1436 2528 1739 2600 signiﬁcent
1766 2529 1844 2583 vel
1873 2529 2198 2598 prophetent

618 2615 965 2682 discutiatur,
1019 2628 1075 2673 et
1141 2630 1271 2675 ante
1318 2621 1499 2674 omnia
1556 2621 2017 2675 animadvertatur
2068 2618 2194 2688 quia

617 2708 788 2762 bestia
818 2710 933 2764 hinc
960 2711 1011 2764 in
1038 2712 1490 2781 subsequentibus
1529 2711 1991 2781 pseudopropheta
2017 2710 2196 2780 appel-

618 2801 780 2856 latttr.
833 2801 986 2870 Quod
1021 2804 1064 2857 si
1120 2802 1287 2858 falsus
1322 2805 1585 2873 propheta
1635 2814 1746 2869 est,
1802 2805 1951 2875 signa
1982 2802 2100 2871 ejus
2142 2812 2197 2857 et
2288 2832 2293 2837 ~

617 2895 860 2966 prodigia
896 2896 1005 2949 sint
1037 2893 1171 2949 falsa
1202 2908 1423 2950 necesse
1451 2904 1555 2950 est.
1588 2895 1655 2949 Et
1690 2910 1808 2965 quae
1857 2895 1989 2948 falsa
2034 2903 2192 2958 sunt,

619 3000 840 3042 necesse
862 2999 947 3042 est
976 2986 1167 3042 falsum
1199 2987 1570 3041 tantummodo
1596 2986 1933 3059 signiﬁcent,
1962 2996 2015 3041 et
2044 3002 2194 3040 men-

615 3076 852 3133 dacium.
885 3077 1106 3133 Constat
1134 3093 1265 3148 ergo
1293 3078 1364 3132 nil
1410 3079 1522 3132 veri
1569 3094 1666 3132 nec
1714 3079 1844 3133 recti
1880 3078 2017 3147 signi
2053 3077 2191 3147 apud

617 3180 740 3222 eum
770 3168 956 3223 haberi
1007 3169 1099 3237 qui
1139 3168 1216 3222 nil
1265 3168 1366 3223 nisi
1419 3167 1553 3223 falsa
1600 3167 1892 3240 signiﬁcat.
1927 3168 2032 3224 Sed
2080 3183 2198 3237 qua:

617 3268 745 3313 sunt
792 3259 943 3330 signa
995 3274 1115 3330 qua:
1150 3261 1322 3315 bestia
1362 3261 1446 3314 illa
1494 3261 1597 3315 sibi
1643 3262 1846 3331 agenda
1887 3259 2199 3331 praesumit?

618 3350 807 3420 utique
859 3365 1031 3420 aqua,
1081 3353 1267 3420 panis,
1324 3352 1548 3415 vinum,
1624 3352 1835 3416 oleum,
1892 3361 1947 3405 et
2000 3363 2196 3405 caetera

618 3441 851 3497 visibilia
881 3443 1237 3496 instrumenta
1265 3453 1729 3496 sacramentorum
1752 3442 2033 3498 catholicae
2074 3441 2200 3495 reli-

620 3533 824 3605 gionis,
852 3549 969 3604 quae
994 3533 1150 3588 oculo
1174 3542 1330 3587 tenus
1351 3541 1404 3587 et
1425 3534 1605 3603 specie
1632 3543 1788 3588 tenus
1811 3549 1840 3589 a
1869 3535 1998 3598 Deo,
2026 3548 2198 3602 usque

619 3624 677 3677 in
706 3622 868 3678 finem
899 3624 1057 3686 irato,
1087 3624 1205 3677 sine
1227 3623 1405 3691 aliqua
1427 3623 1689 3693 spirituali
1720 3624 1894 3690 gratia
1917 3624 2002 3679 vel
2033 3624 2197 3694 signi-

618 3713 869 3769 ﬁcatione
891 3716 970 3769 eis
994 3715 1256 3784 permissa
1287 3721 1431 3768 sunt.
1471 3714 1531 3767 Et
1554 3756 1568 3777 ,
1597 3729 1631 3768 o
1660 3716 1863 3769 utinam
1886 3755 1900 3779 ,
1932 3715 2045 3783 ipsa
2071 3714 2198 3768 visi~

617 3804 746 3860 bilia
798 3814 1262 3861 sacramentorum
1310 3806 1665 3861 instrumenta
1697 3808 1836 3873 apud
1884 3821 1978 3861 eos
2013 3807 2092 3861 vel
2143 3807 2192 3861 in

615 3910 731 3952 sua:
761 3898 1079 3953 substantiae
1105 3904 1196 3950 aut
1224 3906 1429 3952 natura:
1454 3898 1713 3951 munditia
1744 3898 1926 3952 haberi
1955 3908 2191 3968 possent,

613 3992 674 4040 et
700 3986 890 4056 spiritu
923 3986 1203 4041 immundo
1223 3988 1500 4041 carerent!
1523 3987 1618 4042 sed
1635 4028 1649 4051 ,
1675 3989 1818 4056 quod
1844 3986 1996 4057 pejus
2024 3995 2139 4052 est,
2163 4001 2192 4040 a

616 4075 827 4147 Spiritu
862 4078 957 4133 Dei
984 4085 1428 4143 contemnuntur,
1458 4088 1512 4132 et
1542 4091 1571 4131 a
1620 4078 1815 4147 spiritu
1861 4077 2057 4132 diaboli
2101 4092 2195 4146 ap-

615 4180 874 4245 petuntur
901 4185 1009 4240 quo
1038 4178 1092 4225 et
1123 4170 1456 4225 imbuuntur.
1489 4169 1544 4224 lu
1575 4170 1771 4239 quibus
1800 4169 1926 4225 licet
1954 4169 2195 4223 exterius

616 4259 867 4314 videatur
895 4276 1067 4330 aqua,
1108 4260 1293 4330 panis,
1325 4261 1508 4315 vinum
1554 4269 1611 4315 et
1654 4260 1830 4314 oleum
1852 4300 1867 4325 ,
1897 4275 1959 4315 ac
1990 4259 2194 4329 reliqua

614 4359 1121 4415 sacramentorum,
1156 4358 1416 4423 tanquam
1450 4351 1624 4404 victus
1650 4357 1705 4404 et
1728 4351 1954 4404 vestitus
1982 4350 2193 4414 ovium,

2283 2538 2517 2601 'stupore
2543 2530 2928 2585 concutiuntur
2960 2527 3249 2598 ignemque
3293 2526 3518 2580 humani
3565 2527 3673 2581 zeli
3711 2526 3768 2581 in
3798 2526 3897 2580 Ec-

2308 529 2613 584 diﬂidentiaa
2640 538 2899 598 operatur
2920 526 3231 600 mysterium
3265 524 3578 594 injustitiaa,
3609 533 3673 578 et
3703 523 3918 591 iniqui-

2310 623 2436 675 tatis
2461 638 2579 691 qua:
2607 633 2692 677 est
2719 623 3111 678 Antichristus.
3136 621 3237 689 Qui
3269 623 3313 676 si
3345 636 3490 675 nunc
3521 633 3638 673 non
3670 626 3833 670 esset
3862 614 3916 669 in

2306 711 2386 765 eis
2415 722 2656 767 secretus
2704 720 2759 767 et
2804 714 3012 767 velatus
3032 755 3044 776 ,
3076 728 3182 766 non
3214 714 3417 767 diceret
3447 715 3516 767 de
3557 710 3688 780 ejus
3735 712 3916 764 mai-

2302 799 2592 855 .festatione
2618 801 2909 870 Apostolus
2934 819 2947 855 :
2983 820 3001 852 ι
3039 800 3107 856 Ut
3133 801 3405 856 reveletur
3431 801 3486 855 in
3515 815 3623 854 suo
3650 810 3912 867 tempore

2304 899 2354 945 et
2387 900 2512 946 tunc
2543 891 2870 946 revelabitur
2894 890 2983 946 ille
3013 892 3263 946 inimicus
3293 890 3377 963 (11
3411 891 3604 945 Thess.
3641 907 3700 945 vl
3721 931 3739 953 .
3771 891 3905 959 8).)

2307 978 2439 1034 Nam
2475 982 2747 1050 quomodo
2788 981 3039 1035 catholici
3071 983 3316 1051 quaedam
3349 980 3723 1036 Hebraeorum
3756 982 3908 1050 signa

2305 1071 2573 1138 retinent,
2604 1074 2657 1128 in
2688 1073 2885 1143 quibus
2915 1074 3200 1128 Dominum
3235 1073 3470 1127 velatum
3521 1072 3913 1128 essentialitcr

2297 1161 2545 1231 bajttlebt
2567 1173 2622 1216 et
2647 1163 2992 1233 prophetent,
3018 1164 3097 1218 sic
3120 1175 3174 1217 ct
3201 1163 3438 1219 haeretici
3462 1163 3731 1233 quredam
3759 1165 3910 1231 signa

2303 1256 2690 1310 catholicorum
2715 1265 2970 1323 usurpata
2992 1256 3272 1320 exhibent,
3298 1257 3350 1309 in
3376 1257 3578 1325 quibus
3623 1256 3913 1309 Antichri-

2288 1357 2444 1400 -stum
2483 1347 2715 1401 velatum
2743 1346 2981 1415 hajulcnt
3017 1355 3074 1400 et
3099 1348 3441 1416 pr0pbetent.
3474 1345 3653 1416 Cujus
3683 1345 3912 1416 imagini

2301 1428 2464 1490 etiam
2504 1436 2749 1504 spiritum
2777 1438 2932 1500 tlaztt,
2964 1450 3082 1488 eam
3112 1436 3228 1504 ejus
3264 1435 3567 1489 imitatione
3614 1435 3913 1488 mendacio

2301 1542 2411 1581 suae
2433 1528 2828 1596 prxdicationis
2847 1537 2900 1579 et
2924 1526 3254 1582 defensionis
3274 1528 3467 1596 quibus
3487 1536 3740 1598 possunt
3765 1541 3916 1581 com-

2301 1620 2575 1673 mendant.
2602 1618 2703 1685 Qui
2726 1659 2740 1682 ,
2763 1627 2820 1672 et
2840 1619 2981 1672 inter
3005 1619 3107 1671 alia
3135 1620 3285 1689 signa
3310 1633 3429 1687 quae
3452 1617 3677 1687 fingunt
3702 1658 3720 1682 ,
3745 1617 3911 1671 etiam

2303 1708 2476 1779 ignem
2507 1708 2573 1763 de
2605 1709 2744 1763 coelo
2772 1710 2823 1762 in
2860 1717 3058 1763 terram
3086 1709 3411 1763 descendere
3448 1707 3707 1774 faciunt,
3741 1723 3915 1778 quan-

2229 1789 2275 1848 B
2305 1799 2617 1869 docunque,
2653 1800 2826 1854 instar
2858 1798 3256 1869 apostolorum,
3292 1815 3483 1854 manus
3521 1799 3700 1870 alicui
3731 1800 3912 1869 impo-

2300 1903 2496 1949 nentes
2517 1935 2530 1958 ,
2564 1893 2803 1965 Spiritus
2840 1895 3013 1949 sancti
3059 1895 3289 1965 gratiam
3324 1888 3387 1947 ac
3418 1894 3909 1949 consecrationem

2301 1996 2425 2039 eum
2458 1985 2706 2054 accipere
2732 1991 3084 2055 praesumunt.
3118 1982 3223 2037 Sed
3254 1983 3357 2037 hoc
3406 1983 3459 2035 in
3494 1991 3646 2036 terra
3669 2023 3687 2045 ,
3740 1998 3907 2053 quam

2300 2089 2456 2129 suam
2510 2075 2701 2129 dicunt
2758 2071 3099 2136 Ecclesiaut,
3158 2085 3322 2141 agere
3372 2071 3664 2134 videntur,
3728 2080 3791 2123 ct
3854 2071 3905 2124 in

2299 2172 2588 2234 conspectu
2618 2163 2930 2228 hominum,
2961 2162 3065 2216 hoc
3096 2170 3180 2215 est
3205 2160 3532 2215 carnalium.
3572 2158 3713 2215 Sive
3743 2160 3906 2214 aliter

2299 2256 2366 2310 de
2409 2256 2544 2310 coelo
2580 2255 2756 2327 ignem
2801 2256 2855 2309 in
2894 2261 3037 2308 terra
3087 2253 3387 2323 deponunt,
3420 2253 3647 2321 quando
3709 2268 3901 2307 eorum

2298 2347 2546 2417 impietas
2569 2345 2900 2401 smcnlariter
2922 2352 3287 2414 pr05peratur,
3325 2342 3378 2396 in
3408 2351 3622 2395 tantum
3643 2351 3710 2396 ut
3734 2344 3901 2398 etiam

2296 2439 2487 2503 electi,
2538 2441 2589 2492 in
2636 2439 2833 2507 quibus
2864 2437 3003 2491 Dens
3056 2444 3313 2505 tanquam
3356 2434 3410 2488 in
3456 2434 3620 2489 caelis
3650 2435 3897 2497 habitat,

2297 2623 2520 2679 clesiam
2548 2623 2857 2688 excutiant,
2890 2621 3047 2685 dum,
3079 2620 3260 2673 minus
3302 2618 3436 2673 recti
3468 2620 3678 2683 corde,
3710 2634 3894 2689 [noctu

2292 2723 2351 2769 et
2372 2714 2761 2770 abundantiam
2786 2711 3167 2769 htereticorum
3187 2710 3457 2774 videntes,
3488 2710 3544 2764 in
3567 2725 3669 2764 eos
3695 2710 3893 2764 zeiaut.

2885 2823 3114 2880 CAPUT
3152 2822 3291 2877 XLI.

2296 2915 2374 2972 De
2402 2919 2600 2973 sterilia
2629 2917 2790 2987 hujus
2818 2917 3025 2987 bestiis,
3079 2925 3125 2967 et
3172 2916 3236 2987 de
3280 2914 3589 2968 charactere
3617 2913 3823 2968 Christi
3844 2923 3890 2966 et

2921 2985 3252 3039 Antichristi.

2376 3075 2480 3134 Sed
2511 3079 2682 3133 bestia
2709 3079 2824 3133 bazc
2857 3092 2975 3146 qua:
2998 3077 3148 3147 prius
3180 3076 3332 3147 quasi
3377 3078 3685 3131 domestica
3725 3078 3887 3146 signis

2300 3168 2697 3232 blandiebatur,
2735 3176 2796 3222 ut
2846 3167 3159 3231 seduceret,
3202 3166 3256 3220 in
3291 3164 3425 3229 line,
3461 3167 3614 3220 velut
3645 3166 3889 3222 indoma-

2300 3261 2422 3315 bilis
2447 3259 2560 3315 l'era
2578 3301 2592 3324 ,
2626 3261 2804 3332 rugitu
2832 3274 2930 3314 suo
2951 3267 3007 3313 et
3028 3255 3456 3313 dcbaccbatione
3477 3272 3678 3312 omnes
3702 3267 3883 3322 terret,

2299 3364 2367 3405 ne
2412 3352 2483 3406 sit
2531 3352 2622 3421 qui
2649 3351 2761 3421 jam
2808 3349 2924 3419 ejus
2953 3348 3206 3410 saevitia.
3268 3363 3382 3418 prae
3432 3348 3635 3402 timore
3669 3351 3883 3413 mortis,

2296 3444 2497 3497 obviet.
2524 3444 2676 3510 Quod
2709 3459 2775 3498 ex
2815 3458 2917 3496 una
2959 3440 3392 3495 Simoniacorttm
3439 3442 3637 3496 hau-esi
3683 3442 3884 3513 liquido

2296 3543 2473 3603 potest
2499 3533 2745 3604 intelligi,
2767 3548 2888 3602 qua:
2911 3532 3183 3604 prioribus
3217 3532 3551 3602 temporibus
3599 3532 3804 3588 blanda
3832 3536 3880 3588 in

2300 3632 2507 3677 tantum
2528 3624 2642 3678 visa
2664 3632 2749 3679 est
2771 3633 2829 3679 ut
2848 3624 2938 3677 vix
2960 3622 3077 3691 ejus
3097 3625 3333 3692 nequitia
3357 3623 3877 3693 deprehenderetur.

2296 3715 2450 3769 Nunc
2498 3723 2678 3769 autem
2709 3715 2776 3768 ad
2806 3723 3014 3769 tantam
3060 3712 3332 3768 feritatem
3376 3715 3559 3783 erupit
3604 3724 3704 3777 ut,
3744 3716 3881 3771 sicut

2296 3807 2567 3877 quondam
2600 3814 2842 3877 tempore
2883 3807 3243 3871 Arianorum,
3286 3807 3455 3861 nostri
3495 3823 3721 3878 quoque
3752 3818 3881 3863 tent-
4026 3832 4027 3903 ι

2296 3900 2444 3967 poris
2468 3898 2744 3962 homines,
2781 3897 2994 3968 publice
3023 3897 3148 3953 caesi
3168 3907 3221 3952 et
3253 3894 3606 3953 facultatibus
3638 3899 3876 3968 spoliati,
4026 3894 4027 3967 ᾗ

2294 3992 2530 4047 exsiliati
2577 4001 2741 4060 atque
2788 3991 3095 4061 interempti
3131 4005 3159 4044 a
3195 3990 3518 4046 Simoniacis
3547 3990 3874 4053 referantur,

2296 4086 2388 4154 qui
2418 4085 2503 4139 vel
2533 4085 2716 4139 verbis
2746 4084 3084 4137 charitativis
3117 4093 3171 4137 et
3200 4083 3409 4139 blandis
3431 4098 3529 4138 eos
3554 4085 3876 4154 resipiscere

2294 4175 2629 4230 monuerint.
2662 4174 2756 4228 Sic
2785 4175 2956 4229 bestia
2984 4176 3099 4229 haec
3119 4214 3133 4240 ,
3162 4189 3281 4244 qua:
3302 4184 3463 4246 caput
3484 4177 3641 4246 quasi
3671 4176 3805 4230 mite
3824 4185 3875 4229 et

2297 4265 2549 4335 agninum
2578 4264 2841 4333 protulit,
2868 4262 3125 4333 paulatim
3171 4265 3396 4319 caudam
3432 4279 3589 4320 suam
3620 4274 3870 4335 tanquam

2296 4361 2488 4414 cedrus
2535 4360 2783 4428 stringit,
2836 4369 2896 4412 ut
2939 4358 3050 4426 jam
3098 4357 3229 4412 nulli
3278 4365 3464 4429 parcat
3511 4357 3691 4423 aetati,
3745 4356 3870 4411 nulli

616 4443 847 4529 interius
898 4451 1079 4498 tamen
1135 4442 1266 4498 latet
1319 4443 1498 4496 rabies
1548 4442 1665 4496 dira
1719 4441 1986 4512 luporum.
2040 4439 2194 4496 Unde
2225 4450 2468 4541 Dsenui,
2497 4449 2626 4503 nulli
2652 4449 2966 4512 conditioni,
2989 4448 3116 4503 nulli
3144 4448 3488 4520 professioni,
3514 4448 3648 4502 nulli
3673 4447 3868 4509 ordini,

618 4524 877 4590 Dominus
911 4550 1008 4605 per
1051 4533 1187 4589 Osce
1215 4548 1375 4604 super
1408 4533 1593 4588 decem
1643 4534 1913 4597 tribubus,
1960 4532 2191 4603 speciem

619 4628 997 4683 haereticorum
1025 4625 1351 4689 tenentibus,
1377 4625 1748 4695 conqueritur,
1766 4626 1950 4679 dicens
1974 4643 1989 4677 :
2016 4643 2033 4675 ‹
2069 4624 2192 4678 litec

619 4717 885 4783 nescivit,
908 4719 1034 4789 quia
1063 4719 1185 4774 dedi
1214 4720 1262 4772 ei
1292 4718 1640 4783 frumentum,
1673 4718 1877 4784 vinum,
1909 4729 1960 4771 et
1990 4717 2190 4782 oleum,

613 4820 674 4866 et
701 4820 979 4882 argentum
1012 4808 1364 4878 multiplicavi
1390 4808 1473 4873 ei,
1499 4817 1553 4861 et
1583 4823 1772 4862 aurum
1801 4823 1921 4878 qum
1950 4805 2194 4861 fecerunt

618 4901 749 4955 Baal
783 4900 932 4973 (Ose.
963 4916 1034 4965 ll,
1063 4900 1141 4970 8).
1174 4918 1193 4952 ι
1229 4900 1295 4954 Et
1320 4909 1441 4969 post
1462 4915 1629 4969 pauca
1661 4918 1675 4954 :
1705 4919 1723 4950 ‹
1762 4899 1830 4953 Ει
1853 4913 2190 4967 corrumpam

618 4993 839 5067 vineam
863 4990 980 5059 ejus
1000 4999 1052 5045 et
1085 4991 1244 5045 ticum
1273 4989 1412 5057 ejus,
1439 5001 1487 5044 et
1516 5006 1710 5060 ponam
1735 4989 1878 5044 illam
1901 4989 1952 5044 iu
1974 4989 2190 5052 saltum,

612 5093 673 5137 et
709 5084 954 5138 comedet
984 5098 1102 5136 eam
1129 5083 1299 5137 bestia
1332 5084 1444 5152 agri
1473 5081 1663 5152 (lbid.,
1697 5082 1835 5152 12).:

691 5174 878 5243 Itaque
907 5176 1008 5229 bar.
1030 5185 1183 5239 arte,
1216 5176 1300 5229 bis
1327 5173 1465 5229 fucis
1501 5176 1669 5230 bestia
1700 5177 1811 5229 haec
1845 5174 1974 5228 facit
2007 5175 2196 5243 imagi-

622 5278 747 5318 nem
794 5266 991 5333 prioris
1038 5268 1255 5331 bestite,
1304 5276 1364 5319 nt
1429 5269 1565 5321 sicut
1615 5268 1786 5321 sancti
1842 5266 2033 5321 Patres
2083 5266 2196 5321 suis

623 5355 961 5394 nmrnntnniic
1051 5365 1172 5394 nnln
1224 5357 1395 5394 Ionam
1447 5365 1495 5394 Μ
1550 5357 1649 5394 culi
1703 5357 1818 5394 Ιρσρ
1901 5357 2197 5394 nnrﬂnnrn-

2294 4540 2424 4594 nulli
2454 4540 2729 4609 potestati.
2766 4538 2812 4593 Α
2844 4538 3092 4593 maximis
3136 4553 3305 4608 usque
3349 4539 3416 4592 ad
3466 4537 3726 4591 minimos
3762 4547 3868 4591 tur-

2295 4633 2479 4688 matim
2515 4632 2579 4687 ad
2609 4633 2850 4703 praelium
2882 4642 3071 4687 contra
3109 4632 3320 4707 Agnum
3347 4643 3398 4686 et
3422 4630 3541 4698 ejus
3567 4632 3863 4685 exercitum

2294 4723 2440 4779 ducit
2467 4723 2713 4794 populos.
2747 4724 2812 4776 Et
2837 4732 2963 4777 ante
2990 4738 3047 4777 se
3080 4723 3299 4794 quidem
3331 4720 3610 4791 praemittit
3643 4721 3863 4780 multos.

2293 4817 2385 4871 sed
2411 4825 2532 4887 post
2560 4830 2618 4870 se
2647 4814 3068 4869 innumerabiles
3098 4813 3290 4876 trahit,
3317 4813 3368 4867 in
3398 4820 3608 4864 tantum
3644 4820 3722 4875 ιιι,
3749 4826 3861 4865 cum

2295 4906 2380 4961 his
2404 4905 2496 4977 qui
2531 4914 2742 4960 terrena
2774 4904 3086 4975 sapiebant,
3116 4902 3280 4957 etiam
3332 4901 3651 4970 spirituales
3681 4901 3772 4969 qui
3815 4900 3860 4952 in

2294 4997 2535 5052 Ecclesia
2563 5005 2821 5067 tanquam
2849 4993 3016 5049 stella:
3057 4995 3109 5047 in
3138 4994 3276 5047 cmlo
3304 4992 3489 5047 lucere
3526 4992 3859 5048 videbantur,

2294 5090 2464 5143 cauda
2494 5088 2773 5153 draconis,
2805 5095 2863 5141 ut
2892 5095 3018 5156 puta
3045 5083 3164 5153 ejus
3190 5098 3390 5152 sequax
3416 5080 3641 5146 eﬂ'ecta,
3677 5082 3729 5135 in
3763 5091 3859 5135 ter-

2296 5195 2408 5233 ram
2435 5179 2701 5234 detrahat.
2732 5179 2823 5233 Sic
2851 5193 2918 5232 ex
2963 5176 3250 5230 ambitiosa
3295 5185 3351 5229 et
3394 5173 3613 5242 spinosa
3644 5172 3861 5226 rbamno

2297 5269 2437 5338 ign-is
2481 5283 2760 5339 egressus,
2813 5282 2918 5321 non
2960 5265 3105 5321 solas
3150 5263 3367 5319 steriles
3395 5264 3593 5325 silvas.
3644 5278 3767 5332 qua
3800 5262 3860 5315 ab

2296 5361 2433 5394 unum
2520 5360 2633 5394 ιιῖιι)
2665 5369 2718 5394 ΔΩ
2765 5359 2865 5394 “an
2916 5357 3209 5394 νοηηιιῖαίφ
3277 5370 3396 5394 nam
3593 5355 3649 5394 in
3695 5368 3857 5394 manna
