4064 5394
237 245 377 307 H29

841 257 1211 317 ADVERSUS
1249 260 1656 319 SIMONIACOS
1703 262 1880 318 LIBRI
1923 211 2122 321 TRES.
2175 295 2246 308 --
2281 267 2483 323 LIBEII
2524 267 2884 326 SECUNDUS

3283 339 3286 349 ι
3349 270 3487 354 nso

233 363 326 435 qui
368 379 473 420 non
505 365 788 432 habuerit,
815 383 917 423 nec
945 371 1208 436 vendere,
1235 381 1334 427 nec
1371 384 1554 428 emere
1585 376 1802 444 poterit.
1833 382 1880 440 Α
1910 372 2193 444 iniquitate
2221 377 2438 444 (Emit.
2477 386 2678 443 xx‘un,
2713 380 2811 443 l4,
2843 379 2953 450 lii).
2990 396 3010 434 ι
3036 376 3099 436 Ει
3125 391 3243 452 post
3274 397 3440 452 parca
3467 396 3482 440 :

304 452 508 508 Forsan
546 455 834 524 inquiritur
859 457 1141 514 character
1161 461 1248 515 hic
1273 463 1395 532 quis
1421 464 1521 525 sit,
1551 466 1806 522 nimirum

231 541 491 610 perﬁdia,
548 559 669 612 quae
717 554 773 599 et
824 549 1041 616 proprie
1090 549 1289 605 dicitur
1337 552 1605 622 impietas.
1655 556 1808 610 Sicut

228 631 372 685 enim
401 631 532 687 ﬁdes
551 635 841 700 catholica,
867 653 986 706 qua:
1006 647 1062 692 et
1083 640 1254 708 pietas
1279 642 1497 707 dicitur,
1523 645 1807 700 character

229 730 310 773 est
337 720 569 785 Christi,
605 725 674 777 ita
705 734 760 778 et
789 726 1012 794 perﬁdia
1039 729 1294 798 lneretica
1323 732 1658 796 dignosdtur
1685 750 1806 790 esse

230 813 512 868 character
535 817 880 873 Antichristi.
908 819 973 874 Et
997 823 1137 877 sicut
1156 825 1409 880 catholici
1432 828 1803 884 characterem

225 904 425 958 Christi
459 907 676 962 dextera
736 925 894 964 manu
923 922 978 966 et
1009 913 1187 970 fronte
1209 918 1534 986 praeferunt,
1565 921 1645 976 sic
1671 922 1804 976 niln-

225 993 462 1051 lominns
511 998 749 1055 haeretici
794 1003 1166 1060 characterem
1197 1007 1538 1065 Antithristi.
1573 1012 1802 1066 Dextera

224 1086 422 1156 quippe
457 1089 710 1158 stigmata
735 1092 917 1148 crucis
945 1094 1146 1151 Christi
1178 1108 1484 1168 gestamus,
1509 1117 1668 1170 quam
1699 1100 1800 1158 levi

224 1188 373 1233 motu
425 1179 590 1250 ipsius
629 1181 864 1238 dextera:
906 1185 1061 1240 nobis
1109 1197 1162 1241 et
1210 1188 1331 1242 aliis
1374 1191 1803 1262 quotiescunque

222 1268 440 1337 expedit
481 1269 838 1339 proferimus,
887 1291 1047 1344 quam
1097 1287 1152 1332 et
1197 1277 1249 1333 in
1299 1278 1568 1336 frontibus
1603 1284 1803 1340 nostris

225 1359 544 1428 impressam
596 1362 889 1420 chrismate
932 1367 1158 1423 salutari
1207 1370 1560 1440 proferimus,
1597 1389 1697 1428 nec
1733 1376 1802 1430 de

222 1447 308 1504 illa
340 1451 740 1519 erubescimus,
777 1455 869 1510 sed
900 1458 1078 1527 potius
1113 1459 1166 1514 in
1195 1460 1281 1514 illa
1307 1462 1384 1516 sic
1421 1463 1716 1533 gloriamur
1743 1475 1801 1521 ut

218 1558 342 1598 cum
386 1543 643 1614 Apostolo
691 1544 1041 1616 proﬁteantur
1082 1563 1096 1602 :
1149 1570 1168 1602 ι
1220 1549 1332 1622 Ego
1377 1553 1626 1624 stigmata
1671 1553 1797 1610 Jesu

219 1629 416 1691 Christi
441 1637 492 1692 in
519 1653 743 1708 corpore
775 1655 893 1694 meo
915 1650 1070 1709 porto
1096 1639 1240 1707 (Gal.
1265 1659 1347 1707 vi,
1385 1644 1496 1714 l7).
1529 1665 1547 1697 ι
1580 1646 1796 1701 Etcum

222 1724 547 1796 Hieronymo
573 1746 586 1781 :
619 1749 636 1780 ι
660 1725 926 1783 Vexillum
949 1732 1128 1786 crucis
1148 1731 1200 1786 in
1226 1748 1344 1788 mea
1375 1733 1550 1790 fronte
1572 1747 1746 1806 porto.
1772 1758 1790 1790 ι
1830 1718 1871 1776 Β

220 1815 283 1870 Et
314 1834 474 1885 quam
503 1835 740 1890 congrue
771 1820 822 1873 in
845 1817 1022 1876 fronte
1047 1815 1366 1894 prmﬁgitur,
1395 1838 1516 1895 quae
1542 1837 1624 1882 est
1645 1823 1798 1899 prin-

217 1909 405 1979 cipalis
437 1921 488 1966 et
522 1913 892 1967 honorabilior
935 1930 1061 1984 pars
1097 1913 1294 1986 capitis
1337 1916 1594 1989 locusque
1629 1921 1796 1989 pudo-

218 1995 319 2062 ris,
383 2010 636 2071 tanquam
699 2004 751 2057 in
807 2003 1206 2074 superliminari
1275 2009 1441 2063 nostri
1508 2012 1793 2067 exterioris

219 2088 480 2155 hominis,
515 2102 572 2145 ut
600 2105 931 2162 prremoneat
963 2095 1248 2167 principali
1295 2101 1467 2155 nostri
1519 2103 1794 2160 interioris

217 2177 448 2235 hominis
503 2182 680 2251 parti,
731 2199 852 2253 qua:
899 2194 983 2240 est
1033 2187 1202 2252 ratio,
1256 2189 1673 2260 prmﬁgendam,
1723 2193 1792 2249 ad

213 2276 475 2323 aeternum
509 2271 779 2327 monimen
819 2282 875 2327 et
919 2273 1282 2342 munieimcn,
1315 2294 1529 2334 crucem
1554 2281 1791 2350 Christi,

211 2366 272 2410 ut
297 2358 344 2410 ei
372 2359 450 2412 sic
475 2361 868 2428 compatiamur
893 2371 949 2417 nt
973 2379 1386 2436 corregnemus,
1415 2384 1792 2442 summamque

212 2445 439 2516 gloriam
477 2464 574 2517 pro
603 2447 718 2517 ejus
758 2452 974 2506 nomine
1005 2455 1384 2510 contumeliam
1417 2460 1528 2525 pati
1559 2461 1792 2517 arbitre-

220 2555 363 2605 mur,
397 2556 495 2596 nec
521 2541 811 2612 quidquam
845 2559 942 2612 pro
976 2560 1070 2610 eo,
1117 2547 1218 2601 nisi
1252 2559 1560 2617 peccatum,
1595 2554 1788 2609 erube-

207 2643 451 2687 scamus.
506 2631 598 2688 Sic
655 2642 710 2687 et
761 2635 995 2691 dextera:
1043 2647 1269 2702 nostrze,
1323 2657 1442 2710 qum
1470 2652 1591 2711 post
1630 2654 1791 2715 caput

209 2719 575 2790 principatum
605 2721 809 2780 obtinet
841 2733 1089 2792 artuum,
1121 2725 1498 2800 laboriosaqne
1525 2733 1788 2788 imitatrix

209 2827 293 2873 est
321 2819 516 2874 artium
549 2830 601 2876 et
625 2821 1055 2878 administratrix
1082 2824 1357 2880 variarum
1389 2828 1682 2883 utilitatum
1706 2829 1787 2884 sui

211 2913 457 2982 corporis
499 2913 858 2977 et.aliorum,
909 2915 1194 2971 character
1240 2918 1420 2974 crucis
1476 2919 1642 2987 inest,
1679 2937 1788 2992 quo

210 3017 494 3056 monemur
537 3001 682 3057 facta
732 3012 787 3059 et
834 3004 976 3059 dicta
1023 3007 1269 3061 cruciﬁxi
1318 3007 1518 3064 Christi
1553 3011 1605 3065 in
1641 3011 1784 3066 omni

211 3092 424 3148 actione
461 3104 643 3149 nostra
689 3109 788 3150 nos
833 3096 1114 3153 attendere
1145 3098 1370 3165 debere,
1404 3099 1664 3171 Apostolo
1705 3103 1787 3159 di-

212 3195 408 3239 cente:
445 3204 464 3237 ι
494 3186 686 3242 Omnia
728 3204 1064 3258 quaecunque
1114 3188 1292 3247 facitis
1322 3191 1375 3245 in
1418 3194 1585 3248 verbo
1615 3203 1708 3248 aut
1731 3194 1784 3249 in

208 3290 402 3344 opere,
432 3279 614 3332 omnia
640 3279 691 3332 in
721 3280 941 3334 nomine
991 3280 1200 3335 Domini
1232 3284 1400 3338 nostri
1427 3283 1552 3340 Jesn
1584 3285 1782 3340 Christi

211 3364 404 3431 facite,
435 3370 643 3438 gratias
667 3379 890 3440 agentes
916 3370 1026 3425 Deo
1060 3379 1116 3426 et
1159 3373 1304 3428 Patri
1335 3389 1432 3444 per
1462 3376 1633 3446 ipsum
1662 3376 1786 3446 (Coo

209 3451 334 3508 less.
369 3471 430 3510 tu
453 3499 465 3522 ,
496 3457 636 3527 17).»
670 3458 821 3526 Quod
869 3477 990 3515 cum
1024 3460 1339 3530 fecerimus,
1368 3465 1440 3519 nil
1470 3465 1781 3534 sinistrum,

208 3547 305 3600 sed
338 3557 506 3602 totum
539 3549 821 3605 dexterum
849 3551 954 3606 erit
974 3552 1116 3620 quod
1146 3554 1446 3621 egerimus,
1475 3558 1784 3626 nescielque

206 3637 426 3692 sinistra
459 3639 723 3696 malorum
752 3641 880 3712 quid
911 3640 1073 3697 faciat
1103 3643 1327 3701 dextera
1356 3656 1539 3702 nostra
1565 3645 1779 3720 (Matth.

206 3741 287 3792 vr,
326 3727 402 3798 5).

794 3825 1022 3884 CAPUT
1057 3827 1215 3884 XLII.

409 3915 484 3971 De
521 3918 930 3988 negotiatoribus
958 3921 1153 3976 Christi
1181 3932 1228 3976 et
1258 3921 1589 3980 Antichristi.

274 4003 494 4074 Itaque,
528 4009 651 4076 quia
679 4024 775 4078 per
805 4011 961 4066 ﬁdem
1007 4021 1133 4065 ante
1173 4013 1354 4067 omnia
1387 4030 1416 4068 a
1450 4015 1557 4068 Deo
1584 4011 1792 4087 cogito-4

203 4095 428 4160 scimur,
460 4096 590 4152 ﬁdes
631 4105 873 4168 protecto
911 4109 994 4154 est
1023 4101 1307 4156 character
1332 4116 1438 4172 quo
1468 4103 1777 4174 signamnr;

201 4187 294 4256 qui
323 4189 376 4241 in
404 4190 592 4243 dextra
620 4199 801 4245 nostra
823 4201 875 4246 et
899 4191 1076 4248 fronte
1102 4193 1543 4265 deprehenditur,
1569 4199 1782 4268 quoties

200 4277 257 4330 in
295 4294 462 4347 regno
505 4281 644 4350 regis
671 4283 844 4337 nostri
890 4284 1154 4355 negotiari
1192 4285 1432 4355 proﬁcue
1476 4298 1531 4343 et
1557 4289 1780 4359 paciﬁce

1915 481 1933 515 ι
1978 464 2032 517 1η
2065 464 2404 520 multitudine
2433 467 2776 536 iniquitatium
2806 479 3043 535 tuarum,
3066 482 3120 525 et
3143 472 3486 541 iniquitatmn

1907 553 2287 622 negotiationis
2333 563 2470 620 tute,
2516 555 2755 623 polluisti
2802 559 3292 616 sanctiﬁcationem
3335 569 3486 619 tuam

1908 644 2097 716 (lbid.,
2135 646 2245 718 18).
2286 666 2305 697 ι
2339 649 2503 717 Cujus
2535 650 2654 705 rubi
2683 649 2850 704 etiam
2880 651 3020 706 dixit
3049 668 3063 706 :
3100 669 3121 703 ι
3155 651 3214 706 In
3245 653 3487 724 negotia-

1908 736 2050 790 tione
2077 747 2163 792 tua
2211 739 2412 807 repleta
2459 755 2549 803 es,
2597 749 2653 795 et
2699 740 2999 810 gloriﬁcata
3046 741 3210 798 nimis
3236 741 3292 798 in
3319 743 3487 802 cordo

1905 828 2104 893 maris,
2135 829 2188 882 in
2239 831 2395 899 aquis
2422 831 2606 886 multis
2641 833 2983 887 adduxerunt
3027 840 3081 888 te
3124 833 3357 904 remiges
3401 837 3480 892 tul

1905 916 2120 987 (Eucti.
2145 933 2315 984 xxvn,
2343 921 2434 987 25,
2459 921 2571 990 26).
2598 941 2616 973 ι
2638 922 2791 976 Patet
2813 935 2944 992 ergo
2969 923 3095 992 quia
3116 924 3224 978 vita
3246 925 3483 982 humana

1904 1007 2065 1060 iSIhic
2111 1023 2216 1062 non
2266 1011 2590 1082 transigitur
2625 1011 2728 1066 nisi
2763 1012 3110 1082 negotiando.
3161 1011 3270 1068 Sed
3299 1011 3486 1070 ﬁdeles

1903 1099 2005 1151 sub
2036 1100 2356 1154 charactere
2401 1101 2601 1156 Christi
2635 1103 2874 1157 vendunt
2919 1103 3160 1173 peritura
3209 1104 3382 1167 bona,
3426 1115 3486 1162 et

1901 1200 2088 1244 emunt
2109 1193 2462 1262 sempiterna.
2493 1194 2741 1249 lnﬁdeles
2781 1205 2963 1250 autem
3006 1204 3058 1251 et
3091 1196 3189 1266 ipsi
3221 1198 3322 1252 sub
3349 1197 3485 1254 cha-

1901 1289 2112 1335 ractere
2142 1282 2459 1336 Antichristi
2493 1283 2730 1339 vendunt
2759 1285 3001 1354 peritura
3027 1288 3191 1351 bona,
3213 1295 3271 1341 et
3294 1296 3482 1343 emunt

1901 1373 2228 1440 sempiterna
2261 1374 2420 1427 mala.
2451 1374 2590 1428 Dant
2621 1374 2696 1428 illi
2728 1375 2894 1428 vitam
2921 1390 3076 1428 suam
3103 1374 3478 1446 temporalem.

1899 1472 1955 1517 et
1986 1465 2256 1534 accipiunt
2279 1475 2569 1533 mternam;
2599 1467 2732 1522 dant
2767 1469 2852 1524 isti
2886 1469 3054 1524 vitam
3089 1484 3241 1524 suam
3270 1478 3478 1542 temp!»

1899 1554 2098 1621 ralem,
2144 1566 2200 1612 et
2245 1560 2518 1629 accipiunt
2567 1573 2796 1616 mortem
2848 1563 3254 1632 sempiternam.
3287 1563 3354 1619 Et
3400 1564 3478 1620 illi

1899 1645 2113 1713 quidem
2146 1661 2204 1702 se
2251 1658 2307 1704 et
2349 1664 2446 1703 sua
2492 1651 2672 1704 omnia
2718 1653 2988 1718 vendunt,
3027 1662 3083 1707 et
3115 1645 3478 1726 centuplicatu

1898 1749 2018 1787 cum
2042 1736 2201 1804 pleno
2227 1737 2414 1793 fenore
2456 1741 2578 1794 vita:
2599 1750 2816 1796 mternae
2839 1743 3135 1814 recipiunt;
3159 1743 3247 1800 isti
3267 1757 3397 1802 vero
3417 1760 3478 1801 se

1897 1832 1953 1879 et
1993 1840 2089 1879 sua
2137 1828 2317 1882 omnia
2365 1829 2640 1904 vendunt,
2670 1840 2725 1884 ct
2754 1832 2828 1885 nil
2860 1848 3083 1900 eorum,
3135 1834 3239 1889 nisi
3285 1836 3478 1893 mortis

1895 1921 2113 1971 acternze
2184 1917 2581 1973 accnmulatum
2648 1919 2858 1986 fmnus,
2915 1931 3103 1992 postea
3159 1935 3474 1995 reperiunt;

1895 2019 2123 2073 quorum
2155 2009 2384 2078 negotiis
2427 2025 2585 2064 nemo
2632 2011 2872 2066 militans
2915 2012 3026 2067 Deo
3069 2029 3128 2068 se
3176 2014 3478 2084 implicabit

1895 2090 1980 2164 (fl
2009 2092 2143 2147 Tim.
2170 2111 2230 2160 ιι,
2257 2095 2334 2164 4).
2358 2096 2584 2151 Perﬁdia
2611 2099 2755 2152 enim
2787 2100 2901 2155 sive
2930 2101 3180 2172 impietas
3204 2103 3476 2174 generalis

1893 2185 2182 2242 character
2207 2197 2290 2242 est
2316 2189 2422 2244 illis
2450 2191 2720 2255 omnibus,
2747 2194 2976 2262 paganis
2999 2193 3228 2259 scilicet,
3251 2194 3475 2262 Judacis,

1895 2275 2199 2342 hmreticis,
2235 2286 2488 2348 tanquam
2542 2279 2666 2335 ﬁliis
2713 2281 2904 2336 alienis
2949 2290 3004 2337 et
3049 2283 3158 2338 Deo
3207 2282 3471 2340 mentitis.

1895 2363 2001 2419 Sed
2029 2367 2157 2435 quid
2185 2376 2270 2421 est
2298 2370 2440 2436 quod
2467 2369 2660 2424 horum
2693 2369 2986 2440 impiorum
3025 2387 3154 2442 pars
3193 2373 3475 2429 characte-

1894 2469 2006 2508 rem
2029 2456 2206 2510 crucis
2227 2457 2279 2510 in
2303 2459 2521 2512 dextera
2553 2475 2712 2513 manu
2733 2469 2790 2514 et
2815 2459 2994 2515 fronte
3019 2463 3233 2532 portat?
3259 2449 3474 2531 Ergone

1893 2545 1996 2600 hoc
2054 2548 2372 2604 charactere
2435 2550 2848 2620 imputabantur
2903 2553 3046 2606 inter
3109 2549 3475 2626 negotiatores

1891 2635 2130 2692 Christi?
2163 2638 2350 2696 Nonne
2399 2641 2544 2696 fures
2573 2652 2699 2698 sunt
2747 2652 2802 2698 et
2842 2643 3118 2699 latrones?
3146 2635 3474 2718 tlizjus‘crgn

1891 2743 2105 2784 crucem
2153 2746 2251 2800 pro
2303 2733 2621 2788 charactere
2676 2749 2787 2788 sua:
2844 2735 3083 2804 perﬁdia:
3140 2737 3472 2808 prcheruut?

1890 2817 2084 2874 Procul
2115 2821 2280 2877 dubio
2323 2822 2466 2878 illius
2494 2822 2794 2893 blasphemi
2823 2834 2878 2880 et
2923 2827 3167 2897 procacis
3211 2826 3470 2895 latronis,

1889 2911 1979 2980 qni
2013 2926 2108 2981 per
2137 2911 2458 2966 cruciﬁxum
2485 2913 2680 2968 Filium
2710 2930 2898 2981 suum,
2928 2916 3134 2972 scilicet
3163 2917 3426 2974 latronem
3448 2956 3467 2984 ,

1891 3003 2120 3058 Domino
2162 3019 2345 3060 secum
2389 2996 2648 3061 cruciﬁxo
2701 3009 3006 3077 procaciter
3048 3010 3466 3068 convitiabatur.

1892 3094 1997 3150 Sed
2022 3095 2147 3164 quid
2175 3103 2258 3151 est
2280 3095 2423 3165 quod
2459 3095 2700 3152 latrones
2731 3098 2821 3153 isti
2867 3100 3240 3156 characterem
3284 3103 3468 3160 crucis

1888 3185 1968 3240 sic
1989 3186 2249 3241 exhibent
2269 3194 2328 3241 ut
2344 3186 2548 3242 Christi
2575 3201 2772 3243 nomen
2795 3189 3079 3245 invocent?
3101 3189 3217 3246 Non
3244 3191 3463 3258 mirum,

1887 3277 2012 3337 quia
2049 3277 2155 3333 hoc
2199 3278 2268 3333 ad
2304 3278 2510 3334 Christi
2543 3279 2717 3334 nostri
2750 3279 3138 3350 improperinnt
3169 3291 3226 3336 et
3252 3279 3469 3360 dispen-

1888 3367 2067 3433 dium,
2105 3376 2161 3423 et
2202 3368 2270 3424 ad
2316 3369 2398 3423 sui
2451 3368 2682 3424 latronis
2728 3369 2953 3440 gloriam
3003 3377 3056 3424 et
3087 3371 3468 3441 compendium

1886 3457 2115 3514 faciunt.
2165 3458 2301 3514 Nam
2355 3459 2570 3522 illorum
2621 3460 2866 3530 compleri
2919 3468 2976 3514 et
3029 3457 3464 3541 condiscipulus,

1885 3553 2130 3624 quamvis
2155 3553 2286 3607 dicit
2313 3554 2421 3608 Deo
2462 3570 2475 3606 :
2515 3573 2532 3604 ι
2569 3552 2624 3607 Si
2651 3552 2818 3606 Filius
2846 3552 2937 3606 Dei
2988 3566 3076 3615 es,
3128 3547 3335 3606 salvum
3380 3550 3468 3605 fac

1886 3643 2248 3713 temetipsum,
2275 3651 2330 3696 et
2356 3657 2454 3696 nos
2476 3640 2630 3713 (Luc.
2662 3657 2820 3704 χχιιι,
2849 3640 2958 3711 59),
2995 3659 3013 3691 ι
3045 3639 3459 3709 omnipotentiae

1883 3731 2084 3788 Christi
2117 3733 2412 3787 insultabat
2431 3741 2485 3785 et
2511 3732 2862 3795 detrahebat,
2889 3740 3055 3800 atque
3085 3729 3320 3785 inimicis
3345 3727 3465 3796 ejus

1882 3824 2171 3880 materiam
2203 3821 2568 3877 subsannandi
2593 3821 2893 3892 praebebat.
2923 3818 3020 3873 Cui
3047 3819 3462 3889 improperando

1882 3929 2099 3986 pmnam
2143 3913 2456 3978 crucis,'et
2485 3912 2614 3982 quia
2659 3925 2760 3981 par
2803 3909 3110 3965 latronibus
3150 3919 3327 3973 esset,
3361 3926 3463 3965 nec

1880 4013 2232 4076 praesentem,
2286 4016 2385 4060 nec
2439 3999 2678 4056 futuram
2731 3999 3104 4056 confusionem
3165 4014 3350 4067 suam,
3389 4014 3462 4056 ex

1883 4096 2199 4152 confusione
2250 4095 2483 4162 Christi,
2528 4103 2816 4165 protervus
2864 4091 2982 4160 ille,
3035 4091 3159 4148 felle
3207 4091 3462 4176 draconis

1881 4187 2093 4252 ebrius,
2131 4185 2418 4242 sentiebat.
2462 4185 2631 4253 Quem
2654 4184 2833 4239 socius
2859 4181 3130 4254 quondam
3167 4197 3300 4239 suus
3325 4182 3458 4238 dum

1882 4280 2128 4350 increpat
2156 4278 2346 4351 (Ibid.,
2372 4277 2462 4349 40)
2485 4287 2587 4342 ,‘et
2614 4277 2892 4332 Christum
2935 4275 3135 4346 Regem
3179 4281 3238 4330 et
3272 4273 3464 4331 Domi-

200 4371 518 4440 quzcrimus.
570 4370 626 4426 Si
673 4369 816 4427 enim
879 4371 1162 4446 diligenter
1210 4378 1570 4446 advertimus,
1622 4397 1780 4437 nemo

1889 4387 2041 4435 num,
2071 4371 2235 4424 etiam
2270 4369 2324 4422 in
2357 4382 2520 4423 cruce
2565 4367 2916 4433 morientem,
2943 4366 3108 4420 corde
3145 4365 3371 4420 credere
3397 4375 3458 4421 et

201 4461 314 4516 sive
343 4463 550 4527 bonus,
583 4464 696 4518 sive
727 4463 932 4529 malus,
977 4466 1120 4518 valet
1165 4467 1356 4522 saltem
1403 4483 1507 4523 una
1561 4470 1690 4526 hora
1723 4470 1777 4526 in

200 4551 306 4606 hoc
331 4555 528 4608 sceculo
557 4553 739 4609 vivere
765 4555 866 4610 nisi
896 4557 1221 4626 negotietur.
1256 4557 1410 4613 Unde
1444 4558 1693 4615 Christus
1724 4560 1776 4615 in

199 4642 476 4712 regionem
507 4644 856 4713 longinquam
884 4646 1080 4710 iturus,
1110 4647 1210 4702 sub
1237 4649 1471 4717 speciem
1495 4649 1775 4718 cujusdam

201 4738 397 4793 nobilis
439 4739 697 4804 hominis,
727 4739 802 4792 ait
827 4740 996 4793 servis
1021 4738 1169 4793 suis:
1203 4758 1220 4789 ι
1252 4737 1608 4810 Negotiamini
1650 4743 1776 4796 dum

197 4827 361 4890 venio
390 4827 539 4900 (Luc.
576 4810 698 4893 xix,
730 4826 840 4896 l3).
881 4847 898 4879 ι
931 4827 1085 4882 Unde
1114 4831 1264 4885 etde
1315 4840 1498 4884 sancta
1539 4829 1774 4887 Ecclesia

199 4916 254 4972 in
285 4914 594 4974 Proverbiis
623 4918 860 4973 dicitur:
895 4936 913 4968 ι
949 4915 1112 4971 Facta
1136 4927 1215 4971 est
1244 4917 1400 4990 quasi
1433 4919 1585 4974 navis
1617 4921 1774 4975 insti-

199 4994 335 5060 toris
357 5006 421 5061 de
448 5007 606 5076 longe
637 5014 862 5077 portans
891 5022 1082 5076 panem
1112 5022 1288 5066 suum.
1324 5009 1614 5065 Sindouem
1645 5011 1776 5067 fecit

199 5105 256 5150 et
285 5098 550 5163 vendidit,
582 5108 633 5152 et
679 5095 951 5165 cingulum
987 5097 1204 5154 tradidit
1255 5101 1564 5158 Cbananzeo
1590 5101 1771 5175 (Prov.

201 5203 348 5262 sxxr,
377 5188 461 5252 14,
492 5189 610 5251 24).
641 5207 660 5238 ι
695 5185 1008 5256 Negotiator
1030 5203 1157 5252 ergo
1191 5203 1278 5249 est
1305 5193 1555 5249 Christus
1580 5205 1634 5250 et
1654 5197 1769 5262 sui;

199 5260 495 5357 jegotiamr
528 5278 900 5354 Antichristus
1019 5281 1135 5346 sui;
1164 5300 1265 5342 cur
1306 5300 1408 5357 per
1444 5285 1786 5343 Ezechielem

776 5383 800 5394 Α
829 5373 971 5394 ---2-
1019 5369 1146 5394 'I‘--..E
1207 5377 1241 5394 ι·
1284 5378 1321 5394 ο.
1468 5375 1510 5394 ΙΙ·

201 5371 378 5394 ..Α-ηε--
389 5386 446 5394 η-
480 5371 579 5394 ---1.
620 5371 765 5394 -..ιι-ΑΞ

1879 4477 1974 4516 ore
2005 4461 2250 4516 conﬁteri
2282 4473 2392 4512 non
2418 4457 2649 4521 dubitat,
2681 4457 3052 4511 characterem
3093 4455 3342 4519 latronis,
3364 4456 3454 4510 cui

1879 4554 2097 4606 additus
2121 4559 2267 4617 erat,
2303 4551 2354 4603 in
2382 4547 2582 4604 Christi
2615 4548 2988 4601 characterem
3011 4552 3330 4608 commutat,
3353 4545 3454 4598 su-b

1878 4658 1987 4712 quo
2005 4657 2070 4695 ex
2095 4655 2249 4710 paena
2273 4637 2500 4693 latronis
2522 4644 2794 4690 mereatur
2815 4634 3147 4702 triumphum
3172 4633 3452 4732 martyris.

1880 4734 1972 4790 Sic
2019 4732 2256 4786 haeretici
2294 4728 2586 4798 quidquid,
2637 4726 2792 4795 quasi
2851 4725 3131 4788 dextrum,
3166 4736 3328 4796 agere
3376 4725 3458 4774 vi-

1787 4825 1790 4827 i
1877 4824 2096 4889 dentur,
2130 4834 2223 4879 aut
2267 4821 2469 4878 habere
2502 4819 2865 4890 praecipuum,
2913 4824 3082 4871 totum
3131 4813 3472 4873 Antichristi,

1876 4924 1960 4972 est
1987 4915 2281 4984 negotium,
2314 4918 2373 4964 ut
2393 4921 2520 4979 puta
2545 4924 2640 4979 per
2665 4907 3087 4978 recognitionem
3113 4906 3457 4965 character-is

1876 5008 2024 5078 ejus,
2057 5007 2266 5062 scilicet
2302 4996 2574 5072 perﬁdiae,
2623 5001 2845 5054 dextera
2877 5009 2932 5052 et
2960 4999 3136 5054 fronte
3163 4998 3453 5062 eifcctum,

1878 5100 2005 5153 licet
2051 5097 2151 5168 ipsi
2185 5093 2508 5152 Antichristi
2559 5107 2717 5147 suum
2759 5091 3150 5146 Antichristum
3197 5089 3322 5148 cum
3369 5087 3460 5144 Ju-

1874 5189 2003 5246 dacis
2036 5189 2273 5245 vocitent
2311 5183 2608 5240 Christum.

2438 5275 2664 5334 CAPUT
2709 5273 2890 5331 XLIII.

2247 5385 2328 5394 Α..-
2365 5363 2650 5394 ¢:...-...°..-f
2677 5375 2959 5394 ...ηρ-..κιαι-
2987 5383 3089 5394 ---Α
3131 5365 3430 5394 Ᾱμιὲρίιρῖοιῖ

1875 5369 1988 5394 Λ..-
2033 5370 2234 5394 -L___‘.
