4064 5394
616 398 749 456 1151

1694 403 2048 462 liUMBERTl
2085 406 2143 462 S.
2185 406 2248 461 ιι.
2289 408 2351 463 Ε.
2394 410 2804 472 CARDXNALIS

3761 423 3889 479 "'53

614 504 961 564 nihilominus
989 504 1088 563 hoc
1112 508 1432 564 charactere
1461 507 1781 567 Antichristi
1807 524 1927 568 esse
1951 524 2260 583 noseun-A
2291 516 2567 575 amittant.
2612 518 2879 576 Parentur
2916 518 3207 579 fratriCidzc
3235 526 3397 590 Cain,
3446 527 3494 581 si
3543 527 3676 597 ipse
3727 531 3887 587 etiam

615 606 723 662 tur,
750 612 861 667 quo
900 598 1163 669 Spiritum
1189 609 1468 667 sanctum,
1495 609 1557 658 ut
1581 612 1825 672 putatur,
1863 605 2103 659 vendunt
2131 614 2189 663 et

607 697 824 752 emunt,
852 696 947 742 aut
977 688 1135 742 vendi
1180 697 1237 743 et
1271 689 1377 744 emi
1408 705 1568 761 posse
1602 693 1835 749 credunt
1876 703 1933 749 et
1975 695 2181 750 dicunt.

608 776 715 846 ﬁsi
736 792 845 832 non
873 776 1051 832 solum
1072 778 1284 832 occulte
1321 780 1464 835 sicut
1489 780 1579 836 alii
1623 780 1864 837 hmretici
1892 784 1993 838 sub
2030 783 2186 839 Anti-

606 869 814 924 christo
837 868 1214 938 negotiantur,
1249 870 1343 925 sed
1375 871 1596 941 insuper
1636 881 1825 942 aperte
1865 882 1919 928 et
1961 875 2187 929 sucula-

606 959 742 1013 ritcr
782 966 1041 1029 tanquam
1087 957 1192 1012 vile
1237 959 1566 1030 mancipium
1613 960 1877 1030 Spiritum
1932 973 2184 1017 sanctum

547 1042 565 1053 ⁷
604 1049 846 1105 venalem
872 1057 1205 1119 proponunt,
1235 1058 1285 1103 et
1309 1049 1539 1118 pretium
1577 1050 1837 1105 steculare
1855 1066 1954 1120 pro
1989 1066 2053 1107 eo
2078 1066 2147 1121 pa

602 1141 881 1197 sisenntur
906 1148 962 1196 et
986 1140 1278 1208 accipiunt.
1309 1140 1482 1207 Quem
1514 1156 1620 1195 non
1663 1151 1843 1210 potest
1885 1142 2175 1211 quisquam

598 1231 833 1287 vendere
858 1240 953 1286 aut
981 1233 1192 1296 emere',
1225 1232 1328 1287 nisi
1358 1232 1678 1289 charactere
1697 1234 2018 1289 Antichristi
2078 1238 2179 1290 hoc

598 1329 680 1377 est
709 1321 935 1391 perﬁdia
987 1330 1204 1376 notatus
1236 1322 1289 1375 in
1337 1323 1559 1377 dextera
1602 1338 1762 1378 manu
1806 1324 1935 1379 etin
1969 1324 2176 1393 h'oute,

595 1415 805 1473 scilicet
850 1414 906 1469 in
956 1430 1067 1469 sure
1123 1414 1465 1485 cogitationis
1515 1423 1571 1469 et
1618 1416 1846 1473 actionis
1892 1417 2176 1488 principali

595 1516 781 1577 parte,
823 1515 884 1560 ut
919 1505 1122 1576 iugiter
1173 1507 1345 1576 possit
1392 1522 1492 1562 suo
1533 1509 1752 1580 negotio
1781 1510 2174 1566 Antichristum

601 1600 798 1652 ditare.
848 1597 1002 1654 Unde
1048 1608 1104 1652 et
1147 1599 1409 1668 propheta
1444 1598 1683 1655 Judceam
1717 1600 2008 1671 plangens,
2055 1603 2168 1658 ait:

604 1705 623 1739 ι
663 1686 814 1742 Facti
841 1695 967 1742 sunt
989 1686 1174 1742 hostes
1205 1686 1322 1756 ejus
1359 1687 1410 1741 in
1436 1688 1611 1758 capite
1631 1726 1647 1755 ,
1678 1689 1879 1745 inimici
1914 1690 2057 1745 illius
2086 1690 2170 1747 lo-

592 1776 848 1847 cupletati
872 1785 1031 1842 sunt,
1060 1776 1186 1847 quia
1220 1777 1484 1832 Dominus
1511 1777 1725 1834 loeutus
1751 1787 1833 1833 est
1854 1793 2017 1849 super
2043 1794 2164 1835 eam

2288 609 2594 666 admonitus
2620 627 2650 666 a
2677 612 2981 669 fratricidio
3005 618 3228 685 quievit.
3258 619 3525 674 Parcatur
3555 621 3885 688 homicidis,

2274 700 2472 759 sinon
2521 703 2589 758 ad
2621 714 2854 759 mortem
2904 709 3274 776 peccaverint.
3323 709 3599 766 Pareatur
3646 716 3888 783 rapturi-

2286 790 2425 856 bus,
2454 792 2501 847 si
2529 808 2637 847 non
2664 795 2844 851 solum
2891 812 3082 866 rapere
3122 799 3413 866 desierint,
3469 804 3572 856 sed
3625 804 3677 857 si
3739 815 3883 875 rath

2285 896 2528 951 quoque,
2577 900 2698 954 qua:
2741 888 2920 943 adhuc
2969 889 3072 946 sibi
3126 890 3395 948 violenter
3441 895 3736 963 retinent,
3788 898 3885 952 rite

2284 972 2639 1028 restituerint.

2840 1107 3069 1167 CAPUT
3111 1108 3265 1167 ιιίιν
3278 1154 3291 1168 .

2285 1210 2452 1276 Quam
2496 1213 2597 1268 sint
2644 1216 2720 1269 rei
2767 1215 3019 1273 Erclesirc
3076 1220 3399 1290 Simoniaci,
3452 1235 3502 1280 et
3540 1227 3615 1283 de
3659 1246 3878 1286 numero

2829 1291 3050 1344 nominis
3087 1294 3306 1348 Christi.

2350 1393 2395 1450 0
2445 1407 2577 1467 quot
2618 1408 2672 1454 ct
2715 1411 3045 1471 quantorum
3085 1403 3490 1464 fratricidarum
3539 1422 3600 1465 et
3644 1413 3875 1470 homici-

2278 1486 2500 1554 darum,
2536 1507 2645 1560 prze
2671 1494 2881 1547 ueteris
2910 1496 3205 1562 haereticis,
3251 1498 3553 1558 Simoniaci
3604 1505 3876 1563 habentur

2277 1577 2353 1632 rei
2375 1620 2389 1642 ,
2422 1582 2543 1650 qui,
2578 1593 2805 1655 excepta
2838 1576 3045 1655 plebeia
3088 1605 3285 1657 manu,
3337 1602 3416 1647 tot
3460 1603 3742 1654 catervas
3778 1600 3872 1656 do-

2275 1672 2623 1725 mesticorum
2658 1673 2785 1739 Dei,
2816 1675 3030 1731 scilicet
3061 1678 3388 1735 clericorurn
3408 1722 3423 1747 ,
3455 1688 3871 1743 monachorum

2273 1770 2326 1815 et
2354 1763 2842 1820 sanctimonialium
2870 1768 3109 1837 quotidie
3133 1770 3387 1826 occidunt
3414 1788 3543 1828 cum
3576 1780 3876 1848 sacrilegio

591 1869 807 1941 (num.
836 1878 873 1932 ι,
910 1868 986 1940 δ),
1028 1886 1048 1921 ,
1093 1868 1199 1923 se“
1225 1877 1277 1923 οι
1309 1868 1449 1923 alius
1487 1870 1716 1939 psalle,“
1749 1869 1874 1924 ωοιί
1901 1885 2162 1940 arguens,
2199 1852 2242 1922 Β
2273 1852 2522 1908 immani!
2573 1854 2811 1922 Quorum
2845 1859 3115 1928 stipendia
3167 1862 3293 1917 dum
3331 1866 3711 1924 sarcularihus
3760 1887 3873 1924 tcu-

592 1962 765 2030 iuquit
787 1978 802 2015 :
822 1978 839 2011 ι
861 1960 968 2016 Cor
989 1960 1252 2029 insipiens
1273 1961 1519 2015 adorahit
1546 1961 1702 2027 illud,
1717 1971 1771 2016 et
1794 1977 1898 2017 non
1922 1961 2172 2018 liberabit

587 2051 823 2105 animam
854 2063 1037 2114 suam,
1082 2064 1256 2119 neque
1286 2049 1466 2104 dicet:
1515 2049 1678 2105 Forte
1717 2050 2056 2106 mendacium
2086 2060 2170 2106 est

587 2140 640 2194 in
666 2138 889 2194 dextera
919 2154 1033 2192 mea
1063 2137 1217 2209 (Ioni.
1249 2154 1394 2202 κων,
1426 2139 1538 2210 20).
1575 2157 1593 2190 ι
1634 2138 1738 2193 Sed
1767 2140 1867 2193 hoe
1894 2141 2167 2210 negotium

587 2245 697 2285 non
725 2229 1040 2299 perficitur,
1082 2228 1183 2282 nisi
1218 2228 1307 2282 ubi
1356 2238 1617 2298 uterque,
1660 2230 1910 2284 venditor
1957 2231 2167 2286 srilicet

588 2328 1022 2392 atquecntptor,
1077 2320 1453 2376 characterem
1528 2320 1848 2377 Antichristi
1907 2323 2163 2394 praeferre

585 2411 889 2477 invenitur;
921 2422 1117 2481 quem,
1146 2410 1270 2479 quia
1314 2408 1509 2465 Petrus
1538 2426 1646 2467 non
1677 2412 1891 2477 habuit,
1933 2414 2163 2470 vendere

583 2519 692 2559 non
722 2502 931 2574 potuit,
978 2502 1099 2557 licet
1147 2501 1366 2572 Magos,
1396 2503 1713 2559 charactere
1754 2502 1844 2559 illo
1889 2505 2157 2576 signatus,

580 2612 761 2652 emere
782 2595 1030 2651 voluerit.
1057 2595 1157 2651 Ubi
1184 2596 1564 2651 attendendum
1582 2612 1614 2650 a
1639 2607 1841 2666 quanta
1878 2593 2163 2652 imbecilli-

585 2699 697 2745 tate
728 2688 949 2744 Ita-.resis
975 2689 1086 2743 haec
1113 2688 1180 2742 ad
1227 2698 1489 2758 quantum
1529 2690 1779 2745 roborcnt
1827 2692 2155 2761 pervenerit.

583 2782 766 2838 Primo
796 2783 939 2835 enim
982 2780 1315 2835 venditorem
1341 2795 1445 2833 non
1474 2780 1711 2845 invenit,
1749 2781 1971 2845 deinde,
2001 2781 2159 2852 longe

578 2881 702 2945 post
727 2882 998 2940 tempore,
1026 2870 1364 2924 venditorem
1404 2870 1621 2941 quidem
1671 2872 1902 2941 reperit,
1942 2874 2035 2928 sed
2065 2875 2155 2943 qui

583 2960 746 3017 solius
775 2959 1067 3029 emptoris,
1095 2968 1151 3014 et
1180 2974 1285 3014 non
1317 2959 1573 3026 alterius,
1607 2961 1836 3030 pretium
1882 2964 2151 3031 (“LCSiVil-

579 3046 717 3103 llinc
739 3045 851 3116 jam
882 3045 1129 3101 venditor
1174 3046 1242 3102 ab
1289 3056 1532 3118 emptore
1572 3062 1676 3102 non
1713 3048 1883 3104 solum
1912 3066 2061 3105 suatn
2100 3062 2155 3107 et

576 3151 827 3202 suorum,
859 3135 951 3190 sed
996 3135 1219 3206 insuper
1247 3136 1674 3191 ecclesiasticam
1715 3140 2000 3208 pecuniam
2045 3158 2149 3196 non

2273 1941 2447 1998 dendo
2471 1944 2797 2004 etdonaudo
2821 1948 3092 2017 alienant,
3127 1962 3183 2006 et
3223 1968 3455 2025 corpora
3498 1971 3710 2014 eorum
3744 1962 3876 2014 into-

2272 2033 2480 2089 lerabili
2530 2037 2706 2092 inedia
2746 2055 3039 2112 rerumque
3089 2044 3329 2099 euntium
3379 2051 3622 2118 penuria
3662 2053 3875 2107 interti-

2271 2125 2453 2191 (ἱιιιιι,
2507 2137 2561 2183 et
2613 2130 2826 2185 animas
2876 2133 3226 2189 nihilominus
3265 2137 3332 2190 ad
3383 2152 3620 2207 peccata
3669 2145 3871 2213 quibus

2268 2217 2575 2274 moriuntur
2594 2232 2813 2290 cogunt.
2842 2222 2940 2281 Ubi
2965 2226 3110 2280 enim
3141 2227 3384 2284 czelibem
3423 2242 3477 2285 et
3502 2234 3864 2302 spiritnaiern

2268 2306 2434 2359 vitam
2490 2309 2734 2377 ducturi,
2769 2313 2845 2367 nil
2888 2315 2970 2369 sui
3028 2317 3315 2387 stipendii,
3366 2322 3457 2390 qui
3513 2326 3864 2392 subsistant,

2265 2394 2366 2449 sibi
2402 2396 2645 2452 relictum
2688 2403 2954 2471 sentiunt,
3023 2409 3090 2461 ad
3142 2411 3485 2466 stecularium
3566 2417 3865 2473 hominum

2263 2484 2518 2559 sum-agia
2546 2491 2720 2546 coacti
2765 2493 3073 2567 refugiunt;
3116 2501 3313 2569 quibus
3349 2518 3583 2560 necesse
3616 2517 3712 2563 cst
3750 2512 3867 2563 ani-

2265 2590 2378 2630 mas
2430 2577 2720 2651 subjugare
2776 2595 3076 2655 cogantur,
3133 2589 3260 2644 dum
3307 2608 3544 2661 corpora
3607 2597 3862 2654 relevare

2261 2677 2547 2720 conantur.
2593 2668 2636 2723 Ο
2683 2682 2814 2740 quot
2870 2690 3167 2744 pauperes,
3214 2679 3406 2734 viduas
3462 2693 3517 2736 et
3571 2688 3861 2755 orphanos

2260 2753 2397 2822 stipe
2426 2756 2792 2814 ecclesiastica
2822 2764 3074 2829 alendus,
3125 2772 3493 2825 necaverunt!
3527 2774 3575 2826 0
3608 2753 3752 2842 quot
3770 2778 3857 2847 pia

2259 2845 2372 2899 loca
2399 2848 2810 2918 destruxeruat,
2864 2855 2950 2908 ubi
3002 2857 3235 2911 debitam
3279 2863 3625 2930 pauperibus
3658 2875 3720 2918 et
3760 2845 3853 2920 ec-

2258 2939 2437 2996 clesiis
2489 2944 2792 3012 portionem
2832 2949 3168 3005 decimarum
3217 2962 3272 3006 et
3325 2954 3677 3009 ohlationum
3731 2971 3858 3025 pcr-

2256 3043 2418 3101 petuo
2441 3036 2793 3093 srecularibus
2816 3041 3204 3109 vendiderunt,
3229 3055 3323 3099 aut
3348 3045 3663 3102 donarunt!
3701 3048 3855 3103 Unde

2249 3125 2362 3193 jam
2400 3144 2623 3185 necesse
2653 3140 2734 3186 est
2775 3143 2831 3188 ut
2861 3146 3049 3190 contra
3080 3135 3413 3193 Christiana:
3444 3140 3659 3195 mllitim
3685 3143 3853 3212 privi-

575 3228 844 3283 υτιιιιεεςίι
872 3205 1196 3283 omnimodis
1224 3229 1461 3298 exigere.
1491 3229 1586 3284 “ei
1618 3205 1779 3286 mih—ig
1808 3232 2036 3303 conﬁgi,
2067 3248 2152 3289 me
2181 3205 2223 3264 C
2257 3218 2450 3288 legium
2523 3222 2637 3278 suis
2687 3225 2976 3295 stipendiis
3025 3229 3221 3285 militet
3280 3234 3533 3301 quisquis
3604 3236 3849 3290 militare

579 3323 661 3375 ah
693 3321 779 3375 his
826 3320 917 3390 qui
971 3319 1206 3374 inferunt
1255 3332 1364 3375 tam
1415 3322 1748 3377 horrendum
1809 3322 2020 3379 facinus
2062 3340 2153 3379 co-

574 3412 827 3482 gnovisse
847 3451 861 3476 ,
890 3410 1141 3465 videlicet
1170 3422 1287 3480 post
1318 3413 1553 3482 pretiosa
1586 3428 1856 3468 marmora
1880 3414 2147 3484 parietum

571 3511 627 3555 et
647 3499 1378 3555 entblcmatumbasilicarum
1401 3516 1499 3572 pro
1517 3503 1617 3558 hoc
1637 3502 1850 3572 negotio
1867 3503 2147 3568 distracta,

570 3591 733 3645 etiam
785 3587 1025 3658 tegulas,
1076 3589 1233 3644 tectis
1285 3604 1476 3645 carum
1537 3600 1765 3662 cogente
1820 3599 1878 3645 et
1924 3589 2147 3661 juben:e

578 3679 860 3736 venditore
884 3679 1152 3749 direptas,
1199 3687 1258 3733 nt
1301 3680 1402 3734 sihi
1448 3696 1479 3733 a
1528 3680 1836 3735 miserrimo
1870 3690 2141 3751 emptore,

561 3771 675 3841 jam
720 3787 842 3828 sero
886 3787 1049 3842 super
1082 3772 1187 3827 tale
1234 3771 1433 3827 factum
1480 3773 1846 3842 lamentante,
1891 3773 2143 3845 promissi

566 3864 727 3936 pretii
777 3878 987 3918 summa
1036 3862 1451 3932 persolveretur.
1492 3862 1677 3930 Dicat,
1717 3863 1764 3919 si
1798 3866 1921 3943 quis
1964 3865 2141 3930 valet,

564 3969 812 4026 quaenam
864 3955 1086 4011 lueresis
1137 3955 1427 4026 aiiq'tando
1492 3964 1698 4010 tantam
1750 3956 2141 4012 desolationem

568 4045 829 4101 licelesiis
856 4045 948 4100 Dei
982 4048 1295 4103 machinata
1322 4056 1405 4102 est
1443 4056 1703 4117 quantam
1726 4049 1867 4104 hate.
1916 4049 1980 4103 Et
2004 4063 2139 4118 prae-

562 4137 779 4192 dicatur
804 4152 834 4192 a
856 4140 1190 4207 sapientibus
1217 4140 1400 4194 mitius
1425 4142 1691 4210 agendum
1714 4156 1836 4215 cum
1863 4141 2137 4197 Simouia-

559 4228 644 4285 eis
670 4243 832 4297 quam
863 4239 1038 4282 aczuzn
1069 4230 1143 4283 sit
1171 4245 1292 4283 cum
1340 4229 1495 4297 aliis,
1528 4240 1582 4284 et
1611 4232 2020 4300 temperandum
2057 4230 2139 4287 cis

562 4318 913 4374 severitatem
963 4333 1230 4372 canonum
1273 4317 1558 4388 plusquam
1612 4320 1960 4387 Novatianis,
2005 4337 2134 4394 erga

559 4424 699 4482 quos
725 4408 1128 4463 cletneutiorem
1171 4418 1224 4462 et
1256 4405 1620 4465 reinfssioretn
1648 4412 1912 4466 catholica
1943 4427 2001 4467 se
2034 4428 2129 4470 os-

2251 3310 2468 3366 L‘hristo
2493 3314 2653 3370 volet.
2685 3316 2811 3372 Inde
2839 3321 3122 3389 estquod,
3152 3337 3254 3377 nec
3279 3324 3546 3389 clericos,
3583 3343 3693 3382 nec
3736 3342 3848 3381 mo-

2252 3404 2481 3466 nachos,
2518 3416 2612 3461 aut
2649 3408 3090 3467 sanctitnoniales
3131 3413 3418 3482 quisquam
3467 3416 3536 3469 ad
3580 3418 3843 3488 regulare

2250 3492 2582 3559 propositum
2607 3511 2797 3566 cogere
2823 3508 2913 3551 aut
2941 3499 3108 3555 libera
3132 3500 3310 3556 fronte
3328 3519 3635 3573 provocere
3652 3506 3840 3570 audet,

2248 3580 2349 3634 nisi
2404 3587 2697 3639 secundum
2755 3588 3177 3661 uniuscujusque
3224 3608 3411 3648 eorum
3468 3594 3839 3651 voluntatem.

2249 3671 2354 3726 Sed
2379 3673 2502 3728 hinc
2517 3673 2629 3743 jam
2654 3678 2892 3732 breviter
2915 3679 2979 3734 de
3003 3696 3229 3736 numero
3250 3683 3488 3738 nominis
3510 3684 3711 3740 bestize
3733 3686 3838 3740 hoc

2246 3763 2589 3831 intimemus,
2621 3767 2764 3837 quod
2809 3770 2948 3823 sicut
2985 3786 3180 3825 nomen
3228 3770 3435 3826 Christi
3478 3776 3695 3841 nostri,
3738 3777 3835 3845 qui

2244 3867 2324 3910 est
2355 3855 2544 3925 Jesus,
2581 3858 2783 3915 Grzccis
2814 3861 3094 3917 elementis
3128 3864 3566 3927 consideratam,
3610 3866 3724 3923 888
3747 3883 3843 3921 ex-

2204 3976 2207 3977 ν
2242 3950 2458 4018 primit,
2494 3951 2573 4005 sic
2616 3962 2669 4005 et
2723 3954 2823 4005 Ant
2851 3952 3040 4007 Christi
3080 3969 3273 4008 nomen
3321 3955 3426 4010 666
3460 3956 3555 4025 qui
3584 3958 3839 4013 Calculus

2241 4039 2295 4093 in
2350 4038 2622 4109 plerisque
2667 4041 2873 4096 Graecis
2923 4042 3280 4108 dictionibus,
3330 4044 3524 4100 Cra-ce
3570 4049 3837 4103 conside-

2240 4130 2402 4192 ratis,
2455 4129 2756 4196 invenitur,
2809 4146 2879 4186 ex
2932 4132 3128 4202 quibus
3174 4134 3504 4201 est'l‘eitan,
3546 4136 3645 4206 qui
3686 4140 3842 4210 apud

2238 4235 2339 4273 nos
2360 4220 2615 4274 scribitur
2643 4221 2831 4287 Titan,
2882 4222 3034 4291 cujus
3061 4222 3280 4294 pluralis
3308 4235 3392 4278 est
3438 4224 3703 4296 Titanes,
3742 4230 3838 4299 qui

2237 4313 2610 4383 intelliguntur
2663 4315 2927 4386 gigantes,
2958 4318 3228 4386 quondam
3273 4316 3524 4373 fabulose
3579 4323 3838 4392 aggressi

2235 4418 2546 4474 expugnare
2574 4406 2820 4472 coclites;
2863 4416 2916 4462 et
2949 4407 3114 4473 solis,
3152 4408 3244 4476 qui
3300 4409 3582 4479 respuisse
3626 4413 3839 4466 dicitur

561 4502 769 4559 tendit?
796 4501 1084 4566 Parentur,
1117 4504 1269 4569 volo,
1295 4504 1464 4576 lupis,
1499 4505 1707 4561 furilms
1728 4518 1783 4562 et
1810 4508 1884 4562 lat
1916 4511 2130 4577 onibus,

2260 4496 2385 4550 n'ius
2407 4497 2727 4567 compliccs;
2764 4501 2904 4553 unde
2935 4499 3110 4554 adhuc
3146 4500 3222 4553 sol
3258 4498 3461 4555 dicitur
3487 4501 3692 4569 Titan;
3723 4505 3827 4574 qui

558 4594 604 4649 si
638 4593 734 4665 ipsi
767 4592 1057 4662 aliquando
1080 4604 1471 4665 pepercerunt,
1508 4605 1602 4651 aut
1630 4606 1859 4669 parcunt
1902 4599 2127 4667 ovibus,

559 4695 654 4738 aut
703 4684 748 4738 si
811 4697 906 4739 eas
961 4684 1251 4755 aliquando
1311 4687 1528 4756 rapiunt
1578 4688 1662 4744 vel
1726 4687 2005 4757 furantur,
2060 4704 2129 4745 ne

556 4782 794 4829 mactent
820 4782 874 4829 et
898 4775 1142 4845 perdant.
1182 4775 1575 4833 Pcrmittantur
1599 4778 1818 4849 impune
1847 4796 2122 4846 crescere,

553 4876 610 4918 et
643 4864 780 4919 ﬁlios
804 4880 1125 4934 proci-earn,
1154 4868 1248 4923 sed
1272 4869 1626 4938 provideatur
1652 4885 1720 4924 an
1751 4871 1945 4940 pusillo
1977 4870 2124 4942 gregi

2236 4597 2291 4642 et
2337 4589 2566 4659 Apollon
2604 4589 2821 4657 Graece,
2872 4591 2924 4645 id
2974 4603 3057 4646 est
3113 4589 3347 4646 I’erdem
3393 4594 3635 4660 dicitur,
3684 4597 3835 4665 quod

2232 4679 2443 4736 fervore
2478 4669 2578 4734 suo
2605 4696 2819 4736 omnem
2866 4694 3089 4737 succum
3124 4683 3419 4738 virentium
3461 4685 3832 4759 decoquenﬁo

2230 4769 2424 4839 perdat
2452 4770 2764 4826 herbarum.
3798 4849 3805 4854 _

2300 4857 2416 4924 Quo
2438 4862 2655 4916 nomine
2692 4878 2871 4933 regem
2906 4862 3082 4934 ahyssi
3128 4864 3489 4936 Apocalypsis
3538 4869 3829 4933 nominat,

554 4969 816 5024 agnorunt
877 4956 979 5010 hoc
1020 4957 1288 5027 expediat.
1339 4958 1616 5028 Coquatur
1664 4959 1850 5014 haedus
1888 4960 1940 5012 in
1985 4958 2123 5014 lacte
2226 4950 2433 5020 qtti,ut
2459 4952 2654 5008 ibidem
2682 4954 3049 5024 subiungitur,
3075 4953 3264 5010 Latine
3284 4956 3452 5011 habet
3485 4974 3695 5015 nomen
3722 4960 3831 5013 E1-

770 5058 874 5066 --.....
935 5044 1084 5066 τι-.-.9
1140 5062 1152 5066 -
1187 5047 1249 5066 -.ε
1370 5064 1395 5065 η
1437 5057 1448 5066 .
1494 5058 1569 5066 ,,.,
1601 5048 1671 5066 IIS
1763 5048 1777 5066 ι
1868 5063 1879 5065 -
2014 5049 2093 5066 ant

2285 5050 2522 5066 ιη...ἰι.η-.ρ
2562 5050 2573 5064 Ι
2602 5050 2717 5064 Ιηκκ
2777 5061 2825 5066 --.
2883 5050 2972 5066 L‘llt
3040 5050 3182 5066 -7-3A--
3240 5050 3382 5066 «Ι--,ῗν.
3425 5059 3475 5066 .κν
3572 5050 3611 5066 Π
