4064 5394
220 455 356 510 1ιῖῑό

814 459 1180 519 ADVERSUS
1218 459 1624 518 SillONlACOS
1664 459 1838 518 LIBRI
1872 455 2070 522 TRES.
2109 500 2175 508 —
2213 461 2408 527 LIBER
2446 468 2826 550 SECUNDUS.

3329 485 3465 542 H3!

217 564 504 622 Psalmista
533 565 770 623 clamat:
829 589 847 623 ‹
881 571 995 626 Non
1023 573 1265 627 salvatur
1309 591 1400 627 rex
1432 591 1529 642 per
1573 577 1792 630 multam
1822 584 1867 640 Α
1899 579 2021 647 Quia
2053 585 2307 638 nonnulla
2351 588 2761 647 verisimilitudo
2785 594 2980 662 inerit,
3011 594 3223 653 facilius
3250 600 3348 654 sibi
3383 603 3463 660 in-

217 647 505 723 vir‘tutem,
536 665 590 711 et
619 652 770 731 gigas
797 675 900 716 non
948 661 1219 717 salvabiur
1239 657 1292 718 in
1323 666 1662 721 multitudine
1691 669 1794 722 vir-

219 749 346 802 tutis
366 745 675 817 snaa(Psal.
723 752 1040 822 xxxlt,16).
1078 771 1096 803 ι
1129 753 1441 824 Anteqnem
1490 766 1786 812 retrorsum

216 853 432 907 quoque
480 840 876 912 accingendus,
931 841 1077 896 velut
1130 852 1256 898 ante
1309 845 1638 900 contrariam
1684 847 1788 901 sibi

215 928 584 984 fortitudinem
615 932 764 1002 gigas
785 931 875 987 ille
905 934 1183 988 accinctus
1214 935 1520 1005 prmliatur,
1571 939 1638 992 de
1681 955 1789 1009 qua

212 1025 269 1070 et
297 1016 581 1073 Psalmista
607 1025 841 1076 testatur
870 1040 883 1076 :
916 1041 937 1074 ι
971 1022 1272 1078 Exsultavit
1298 1035 1356 1080 ut
1383 1028 1531 1097 gigas
1562 1029 1629 1083 ad
1665 1045 1788 1084 curs

215 1109 440 1165 rendam
483 1111 626 1166 viam
662 1112 836 1182 (Psat.
888 1129 1052 1180 xvm,
1082 1115 1160 1185 6).
1195 1137 1216 1170 ι
1245 1117 1343 1172 Cui
1386 1119 1445 1172 Β.
1473 1120 1790 1176 Ambrosius

210 1198 500 1256 suceinens
550 1202 666 1256 ait:
705 1201 956 1259 Procedit
1006 1205 1073 1259 de
1126 1205 1363 1261 thalamo
1404 1224 1538 1273 suo,
1567 1210 1789 1280 pudoris

211 1289 336 1343 aula
387 1290 534 1360 regia
585 1292 843 1361 geminae,
893 1295 1044 1365 gigas
1091 1295 1405 1353 substantiae
1455 1299 1683 1366 alacris,
1730 1309 1788 1354 nt

209 1386 402 1431 currat
431 1379 590 1432 viam.
623 1379 787 1446 Cujus
835 1382 1009 1452 gratia
1055 1383 1198 1460 sicut
1248 1401 1347 1439 nos
1390 1385 1663 1442 salvantur
1707 1390 1790 1442 vi-

209 1467 388 1525 dendo
405 1509 419 1532 ,
440 1469 597 1526 sic'et
616 1473 824 1541 priores
847 1484 1030 1542 patres
1053 1475 1224 1529 nostri
1248 1474 1441 1530 salvari
1473 1489 1787 1534 meruerunt

209 1543 512 1626 sperando,
560 1559 774 1615 dicente
817 1562 980 1616 Petro
1026 1565 1300 1634 apostolo:
1350 1584 1367 1616 ι
1413 1566 1518 1621 Per
1554 1570 1783 1637 gratiam

205 1651 339 1710 Iesu
366 1652 567 1710 Christi
595 1657 868 1712 credimus
899 1658 1093 1712 salvari
1121 1661 1575 1728 quemadmadum
1614 1674 1668 1717 et
1709 1664 1782 1719 illi

208 1745 354 1817 (Act.
384 1761 484 1811 xv,
519 1746 636 1818 ll);
673 1767 688 1798 ›
715 1764 876 1818 quem
926 1752 1026 1804 sub
1059 1753 1275 1806 nomine
1304 1752 1496 1807 futura:
1517 1755 1705 1811 salutis
1729 1757 1780 1812 in

204 1837 492 1891 octonario
525 1826 749 1893 munero
805 1839 878 1892 illi
920 1841 1311 1910 prcherebant,
1359 1845 1500 1900 velut
1536 1845 1647 1900 Noe
1691 1862 1781 1901 oc-

1894 679 2082 724 cantos
2109 672 2431 744 subjugaLit.
2461 675 2548 742 0h,
2585 680 2715 743 hoc,
2773 698 3056 740 numerum
3106 688 3189 742 Sui
3231 693 3465 751 nominis

1895 776 2121 816 numero
2153 766 2385 820 nominis
2415 766 2540 822 Jesu
2578 771 2779 826 Christi
2816 789 3096 844 coaequare
3141 779 3342 836 frustra
3374 782 3458 840 la-

1894 850 2048 906 boret
2073 894 2087 918 ,
2118 855 2243 923 quia
2275 856 2449 912 eidem
2477 873 2581 912 non
2611 863 3024 933 appropinquat.
3060 865 3192 920 Nam
3226 870 3350 925 licet
3369 885 3460 930 se-

1894 943 2104 996 narium
2133 945 2232 998 sibi
2279 957 2518 1017 usurpet,
2550 954 2856 1019 septenario
2885 964 2938 1007 et
2977 962 3256 1014 octonario
3279 971 3452 1020 caret.

1892 1031 1995 1085 Per
2030 1036 2173 1102 quod
2218 1037 2569 1104 prudentibus
2598 1039 2769 1097 claret
2792 1041 3184 1102 Antirhristnm
3233 1059 3290 1105 ct
3334 1068 3461 1108 suos

1891 1123 2104 1176 nonnisi
2161 1127 2543 1193 perfectionem
2609 1131 2872 1188 malorum
2919 1151 3178 1206 operum,
3236 1156 3335 1195 nec
3391 1145 3458 1197 ad

1891 1215 2258 1279 septenarium
2288 1219 2485 1286 quietis
2530 1222 2856 1290 animarum,
2892 1243 2990 1282 nec
3024 1230 3090 1284 ad
3123 1233 3458 1290 octonarium

1891 1301 2303 1361 resurrectionis
2329 1323 2634 1379 corporum,
2679 1315 2778 1370 nisi
2821 1315 2872 1371 ln
2904 1333 3129 1376 mortem
3168 1327 3459 1381 secundant

1888 1393 2197 1463 pertingere
2227 1413 2402 1464 posse,
2435 1401 2556 1470 quia
2587 1414 2780 1472 prmter
2803 1408 3028 1465 visibilis
3057 1421 3112 1466 et
3147 1417 3458 1485 temporalis

1886 1483 2220 1547 operationis
2259 1503 2367 1540 sute
2395 1492 2692 1558 senarium,
2741 1496 2810 1548 nil
2850 1499 2949 1551 sibi
2975 1503 3165 1558 curant
3195 1483 3461 1563 mercedis

1888 1583 2148 1639 reponere
2180 1574 2228 1626 in
2264 1575 2520 1630 futurum.
2568 1579 2692 1636 Ha‘c
2722 1583 2920 1640 idcirco
2949 1589 3012 1641 de
3043 1591 3211 1659 signis
3241 1602 3296 1648 et
3324 1597 3456 1650 cha-

1889 1668 2097 1712 ractere
2135 1661 2454 1717 Antichristi
2497 1683 2829 1740 muneraque
2858 1677 3093 1731 nominis
3124 1677 3239 1748 ejus
3270 1681 3453 1739 forsan

1883 1741 2128 1803 diﬁ‘usius
2151 1755 2453 1807 neceswrio
2481 1757 2852 1826 discurrimus,
2882 1780 2946 1817 ne
2973 1768 3112 1835 quis,
3139 1769 3459 1829 insidiarum

1885 1836 2001 1904 ejus
2045 1849 2098 1892 et
2147 1853 2373 1896 secretae
2413 1845 2712 1914 iniquitatis
2769 1851 3004 1920 ignarus,
3049 1859 3355 1928 suspicetur
3396 1863 3455 1920 in

206 1934 374 1982 tavus
401 1928 454 1982 in
483 1944 608 1983 arca
633 1969 648 1994 ,
676 1941 731 1984 et
764 1931 1038 1985 Abraham
1089 1932 1140 1986 in
1175 1934 1591 1992 circumcisione
1632 1937 1782 1992 Isaac
1817 1912 1857 1969 Β
1889 1925 1994 1980 “"0
2037 1930 2220 1984 ιηυηάί
2261 1933 2328 1986 λιι)
2369 1935 2461 1987 illo
2495 1947 2586 1991 θυι
2618 1951 2855 1996 "mrtuos
2893 1947 2960 2000 ad
2989 1949 3151 2004 vitam
3187 1954 3461 2011 suscitan~

201 2015 297 2071 die
321 2025 532 2072 octava.
571 2017 740 2085 Quem
772 2028 824 2073 et
851 2036 983 2086 nos,
1015 2022 1114 2076 sub
1147 2025 1364 2080 nomine
1397 2026 1686 2092 exhibita},
1731 2036 1785 2083 et

201 2104 528 2160 exhibenda:
569 2106 794 2172 salutis,
846 2110 899 2163 in
947 2110 1136 2165 eodem
1193 2111 1487 2168 retinemus
1533 2131 1778 2171 numero.

201 2193 313 2248 Per
342 2198 796 2252 resurrectionem
828 2197 944 2265 ejus
979 2199 1173 2254 factam
1213 2201 1299 2254 die
1338 2211 1564 2269 octavo,
1595 2213 1649 2259 ct
1684 2221 1782 2274 per

199 2283 497 2338 adventum
521 2285 756 2355 Spiritus
782 2285 897 2358 ejus
923 2289 990 2343 ab
1013 2289 1128 2358 ipsa
1158 2294 1558 2349 resurrectione
1574 2304 1782 2350 octava:

199 2376 634 2444 septimanarmn
673 2380 759 2434 die
806 2381 1009 2449 primo,
1043 2383 1328 2438 credentes
1359 2401 1457 2441 nos
1493 2402 1591 2456 per
1625 2397 1778 2443 octo-

198 2468 419 2522 narium
451 2486 733 2525 numerum
763 2471 945 2526 Jesum
995 2489 1137 2528 nunc
1183 2474 1236 2527 in
1284 2476 1568 2532 animabus
1597 2494 1779 2534 resur—

200 2573 366 2628 gere,
399 2569 454 2616 et
481 2561 536 2615 in
577 2563 896 2631 corporibus
948 2563 1000 2617 in
1053 2565 1347 2621 novissimo
1393 2567 1500 2622 die.
1531 2569 1632 2634 Qui
1670 2586 1776 2625 non

200 2647 410 2704 frustra
457 2665 524 2705 eo
582 2667 810 2705 numero
867 2653 1205 2722 signiﬁcatur
1251 2671 1359 2723 quo
1419 2659 1666 2711 senarius
1724 2668 1779 2714 et

200 2741 550 2806 septenarius
579 2742 917 2807 continetur,
939 2751 1027 2807 ut,
1057 2743 1548 2801 instarConditoris
1571 2749 1776 2815 mundi,

201 2830 580 2897 demonstret,
617 2841 741 2903 post
788 2835 1178 2904 perfectionem
1211 2837 1474 2892 bonorum
1516 2855 1775 2910 operum,

201 2927 463 2998 tanquam
493 2930 615 2991 post
660 2923 969 2988 senarium,
1020 2939 1120 2978 nos
1167 2928 1532 2995 septenarium
1580 2929 1778 2998 quietis

198 2995 509 3064 animarum
570 3012 888 3078 habituros,
960 3015 1289 3084 tandemque
1357 3019 1776 3075 resurrectionis

198 3102 371 3157 etiam
396 3117 683 3174 corporum
707 3105 1044 3159 octonarium
1071 3114 1443 3178 percepturos.

778 3193 1005 3253 CAPUT
1043 3198 1203 3255 XLV.

516 3287 596 3343 De
621 3305 837 3342 numero
865 3291 1089 3343 nominis
1120 3290 1448 3346 Antichristi.

276 3375 431 3432 Unde
491 3386 546 3432 et
590 3379 987 3445 Antichristus,
1053 3389 1111 3434 ut
1173 3381 1307 3436 nihil
1363 3384 1542 3437 minus
1613 3399 1774 3454 quam

200 3465 449 3522 diabolus
477 3467 760 3531 credatur,
800 3479 1058 3538 quantum
1089 3479 1268 3539 potest
1298 3473 1612 3543 mysterium
1641 3473 1772 3529 Jesu

200 3554 438 3622 Christi,
470 3573 566 3612 seu
605 3557 825 3613 fallendi
873 3560 1264 3630 peritissimus,
1316 3563 1383 3614 ad
1429 3579 1488 3618 se
1527 3564 1699 3635 signis
1720 3573 1776 3620 et

201 3650 444 3703 numeris
492 3658 808 3720 retorquere
863 3661 1125 3714 conatur,
1178 3651 1377 3728 abusus
1416 3653 1579 3707 etiam
1629 3654 1773 3710 illius

201 3740 543 3804 nominibus,
571 3751 630 3795 ut
657 3750 711 3794 et
739 3741 852 3811 ipse
876 3743 1087 3796 dicatur
1111 3741 1364 3807 Messias,
1394 3743 1478 3797 vel
1497 3743 1769 3812 Christus,

195 3827 401 3898 Gigas,
432 3830 514 3884 vel
541 3829 752 3896 Fortis,
778 3847 902 3885 cum
939 3846 1065 3887 vere
1114 3832 1185 3886 sit
1237 3833 1377 3887 ﬁlius
1418 3835 1769 3903 perditionis,

199 3919 291 3987 qui
344 3919 492 3972 venit
543 3920 724 3974 omnia
781 3921 1043 3990 perdere,
1098 3936 1219 3991 quae
1265 3921 1525 3977 Dominus
1576 3922 1767 3991 Jesns,

199 4009 493 4064 secundum
517 4026 709 4066 nomen
734 4027 889 4067 suum
906 4052 921 4075 ,
948 4023 1175 4066 venerat
1199 4027 1442 4082 qumrere
1463 4023 1518 4068 et
1540 4015 1766 4082 salvare,

196 4103 323 4172 quia
361 4104 652 4174 perierant.
685 4104 766 4159 Ad
797 4103 950 4172 cujus
983 4105 1231 4174 injuriam
1258 4114 1422 4176 atque
1441 4121 1660 4160 suarum
1692 4118 1770 4162 te-

198 4195 488 4249 nebrarum
559 4193 1079 4260 dissimulationem,
1138 4193 1331 4260 Titan,
1395 4195 1478 4250 vel
1539 4195 1765 4266 Apollo,

197 4283 352 4352 quasi
391 4282 484 4337 Sol
509 4284 776 4338 nominari
817 4283 1055 4349 allectat,
1095 4294 1152 4338 ut
1185 4292 1403 4355 putetur
1450 4284 1766 4356 principalis

197 4373 287 4430 ille
315 4371 436 4440 Sol,
470 4389 630 4444 quem
678 4375 756 4430 sic
789 4374 1081 4431 Malachias
1127 4376 1491 4446 praemuniat:
1547 4396 1566 4428 ι
1604 4377 1769 4438 Vobis

197 4466 288 4538 qui
355 4467 557 4522 timetis
625 4483 822 4523 nomen
890 4485 1068 4524 meum
1135 4468 1346 4524 orietur
1398 4469 1490 4524 Sol
1545 4469 1768 4539 justitia:

1887 2017 2004 2083 dos,
2047 2031 2139 2073 aut
2177 2021 2495 2079 charactere
2540 2027 2681 2083 illius
2722 2031 2913 2088 visibili
2944 2035 3188 2095 homines
3227 2041 3298 2096 in‘
3327 2045 3460 2102 dex-

1888 2113 2028 2170 tera,
2058 2116 2109 2160 et
2149 2109 2200 2161 in
2237 2111 2413 2166 fronte
2453 2114 2766 2183 inurendos,
2816 2130 2910 2174 aut
2955 2139 3180 2183 numero
3222 2133 3463 2190 nominis

1885 2196 2001 2266 ejus
2040 2198 2435 2267 inscribendas,
2484 2214 2539 2260 et
2583 2205 2783 2262 frustra
2825 2210 2993 2282 jactet
3040 2231 3099 2272 se
3138 2219 3262 2274 talia
3306 2222 3456 2280 nullo

1883 2290 1964 2342 sui
1992 2305 2235 2360 corporis
2257 2294 2498 2349 cruciatu
2527 2311 2894 2368 accepturum,
2933 2306 2978 2359 si
3012 2315 3136 2363 tunc
3165 2313 3455 2378 advixerit,

1882 2395 2003 2434 cum
2036 2381 2172 2436 forte
2191 2383 2303 2452 jam
2344 2386 2620 2443 ultroneus
2654 2391 2737 2444 his
2770 2395 3021 2450 omnibus
3050 2413 3108 2452 se
3140 2401 3453 2471 subjecerit.

1884 2469 1997 2522 lleu
2026 2471 2038 2524 !
2079 2483 2211 2541 quot
2238 2483 2294 2528 et
2332 2477 2520 2544 quanti
2551 2487 2792 2549 tempora
2815 2482 3138 2545 Antichristi
3170 2469 3274 2544 non
3311 2493 3462 2549 vide-

1882 2570 2028 2625 runt,
2081 2571 2132 2616 et
2182 2571 2361 2618 tamen
2413 2565 2464 2620 in
2516 2583 2744 2638 corpore
2774 2571 2890 2639 ejus
2929 2585 3072 2639 sunt,
3116 2580 3206 2648 qui
3248 2592 3454 2652 quanto

1880 2651 2062 2719 plures
2104 2665 2158 2708 et
2207 2654 2456 2710 fortiores
2504 2659 2605 2711 sibi
2648 2659 2940 2716 inviscerat
2979 2679 3180 2735 quanto
3209 2651 3457 2731 callidius

1881 2741 2143 2794 malitiam
2171 2758 2324 2798 Silam
2351 2745 2430 2799 eis
2458 2747 2718 2805 occultat.
2752 2753 2976 2810 Avidius
3005 2757 3150 2811 enim
3186 2772 3452 2816 venenum

1881 2837 2098 2898 potatur
2125 2846 2285 2900 quam
2319 2834 2497 2891 nobile
2524 2838 2707 2891 vinum
2734 2855 2749 2904 ;
2777 2856 2880 2895 non
2911 2843 3082 2898 solum
3115 2861 3181 2901 cx
3213 2849 3452 2918 pretioso

1880 2921 2096 2990 poculo,
2128 2922 2221 2977 sed
2247 2924 2411 2978 etiam
2447 2942 2514 2981 ex
2538 2928 2718 2984 colore
2745 2939 2984 3002 putatur.

2426 3038 2652 3095 CAPUT
2690 3043 2868 3100 XLVI.

1879 3124 2120 3193 Quatiter
2148 3127 2374 3187 Satanas
2400 3135 2677 3204 profanam
2707 3138 2989 3194 trinitatem
3013 3150 3192 3198 contra
3219 3144 3450 3201 dirimit);

2316 3237 2320 3240 ·
2540 3218 2794 3261 εῖδέντιαι.

1948 3286 2285 3358 Quapropter
2333 3293 2583 3362 antiquus
2634 3297 2817 3361 draco,
2868 3313 3079 3370 semper
3119 3306 3344 3375 cupidus
3388 3315 3446 3363 et

1877 3380 2111 3451 fingendi
2147 3385 2372 3454 peritus,
2414 3386 2552 3440 inter
2591 3397 2665 3442 tot
2691 3398 2744 3443 et
2785 3399 2953 3457 tanta,
2982 3409 3099 3462 quae
3124 3412 3247 3450 eum
3273 3405 3449 3456 οιιωιη

1879 3479 1994 3522 tare
2046 3479 2100 3524 et
2148 3471 2404 3528 simulare
2456 3477 2704 3545 superius
2737 3489 3088 3548 monstratur,
3133 3487 3297 3540 etiam
3344 3488 3449 3546 hoc

1875 3560 2202 3617 Omnimodis
2259 3563 2470 3620 ellieere
2523 3579 2754 3624 conatur
2810 3579 2898 3636 ut,
2957 3576 3250 3630 secundum
3305 3582 3448 3648 quod

1877 3661 1986 3706 tres
2023 3662 2148 3706 sunt
2182 3655 2272 3723 qui
2314 3658 2676 3714 testimonium
2713 3662 2842 3717 (lant
2872 3667 3084 3721 veritati
3117 3669 3170 3723 in
3207 3671 3364 3734 cmlo,
3394 3679 3450 3726 et

1874 3747 1984 3794 tres
2010 3741 2100 3810 qni
2135 3743 2187 3796 in
2223 3753 2366 3798 terra
2397 3745 2448 3816 (Ι
2465 3746 2628 3802 lonn.
2661 3765 2709 3812 ν,
2737 3751 2788 3815 7,
2818 3751 2894 3823 8),
2925 3755 3003 3809 sic
3030 3766 3084 3810 et
3117 3758 3231 3825 ipse
3261 3773 3290 3810 e
3313 3773 3444 3813 con-

1876 3833 2042 3886 trario
2075 3843 2201 3896 tres,
2241 3837 2331 3905 qui
2382 3853 2494 3892 sua:
2540 3838 2762 3896 falsitati
2809 3846 3173 3902 testimonium
3213 3851 3344 3905 dent
3393 3867 3449 3906 tn

1873 3920 1976 3976 hoc
2008 3925 2243 3991 turbido,
2273 3941 2431 3997 quem
2455 3930 2632 3985 adhuc
2660 3934 2990 4000 permittitur
3021 3941 3272 4007 occupari
3297 3955 3446 4007 aere,

1875 4013 2242 4082 transﬁgurat,
2274 4023 2330 4068 et
2361 4025 2472 4070 tres
2510 4019 2599 4087 qui
2630 4020 2682 4072 in
2715 4029 2878 4074 terra.
2911 4024 2990 4076 Ad
3021 4025 3121 4079 hoc
3149 4042 3294 4080 enun
3325 4029 3448 4099 ejus

1871 4103 2123 4172 superbia
2150 4107 2394 4175 prorupit
2423 4107 2612 4175 ntjatn
2652 4121 2879 4167 eotenus
2922 4114 3115 4170 similis
3161 4115 3445 4177 Altissimo

1871 4193 1986 4248 ﬁeri
2025 4204 2253 4265 qnmat,
2282 4206 2340 4251 ut
2371 4208 2550 4253 tamen
2577 4217 2737 4271 supra
2759 4219 2920 4260 omne
2940 4208 3083 4276 quod
3113 4208 3314 4266 dicitur
3349 4219 3448 4268 aut

1870 4287 2012 4354 quod
2043 4285 2238 4341 colitur
2264 4303 2382 4344 sese
2408 4291 2630 4345 extollat
2651 4291 2736 4362 (ll
2770 4292 2948 4349 Thess.
2982 4312 3042 4363 n,
3070 4296 3150 4369 4).
3178 4298 3333 4358 Unde
3357 4313 3445 4358 rem

1867 4377 2024 4433 bellis
2046 4378 2157 4434 Deo
2187 4390 2378 4436 contra
2411 4382 2618 4437 beatam
2649 4393 2703 4438 et
2735 4386 3066 4444 individuam
3101 4392 3219 4464 ejus
3258 4392 3447 4452 Trini-

1871 4474 2055 4534 tatem,
2080 4471 2523 4526 eonstituitsuam
2537 4473 2860 4532 altrinsecus
2888 4481 3449 4550 abominationem,ss

198 4559 412 4627 (Malae.
446 4574 530 4625 tv,
559 4559 647 4630 2);
679 4579 698 4612 ι
725 4577 848 4616 cum
877 4562 948 4615 sit
975 4563 1196 4616 omnino
1238 4563 1564 4632 mancipium
1599 4565 1762 4634 picea!
1793 4586 1838 4643 ο
1868 4561 2114 4617 videlicet
2168 4575 2329 4634 atque
2374 4565 2764 4622 Antichristum
2805 4585 2960 4626 suum
3005 4581 3064 4626 et
3114 4575 3451 4642 pseudopron

195 4651 601 4721 sulphurezeque
690 4653 975 4722 gehennae,
1058 4652 1269 4707 rebellis
1338 4654 1760 4710 inconunutabili

195 4740 320 4807 soli,
365 4751 419 4796 et
454 4743 686 4812 perdens
716 4758 932 4797 omnem
987 4746 1216 4797 virorem
1260 4752 1312 4798 et
1348 4761 1566 4815 germen
1615 4745 1759 4802 ﬁdei.

195 4829 400 4900 Quique
441 4847 509 4886 ex
553 4832 787 4888 nefando
835 4833 1040 4887 incesto
1089 4833 1228 4886 clam
1276 4834 1665 4904 concipiendas
1708 4845 1762 4890 et

195 4923 522 4989 nasciturus,
554 4923 607 4978 in
627 4923 757 4994 .ipsa
786 4939 883 4979 sua
911 4925 1264 4992 conceptione
1286 4925 1355 4978 ab
1379 4924 1494 4994 ipso
1521 4925 1761 4996 principe

197 5013 534 5069 tenebrarum
563 5015 906 5085 arripiendus
927 5057 939 5080 ,
970 5016 1096 5068 etin
1130 5015 1296 5071 ﬁlium
1334 5015 1670 5084 adoptandus
1707 5027 1763 5073 et

196 5099 508 5171 habendus,
553 5113 613 5159 ut
644 5103 760 5172 ejus
798 5106 1038 5175 potentia
1087 5105 1361 5177 signisque
1409 5108 1760 5163 mendacibus

195 5192 358 5240 nrimn
407 5211 527 5240 smne
567 5205 747 5240 nnclrn
789 5196 1010 5240 vit-trinis
1056 5195 1322 5240 hominis.
1371 5195 1576 5240 scilit'm
1631 5213 1756 5240 cun-

1864 4654 2084 4722 phetam
2124 4657 2436 4724 amborum,
2485 4667 2543 4713 ut
2591 4662 2705 4729 ipse
2755 4648 2914 4717 Paier
2969 4665 3238 4720 mendacii
3293 4663 3445 4719 Patri

1863 4745 2126 4810 veritatis,
2176 4756 2230 4800 et
2273 4747 2645 4804 Antichristus
2680 4750 2918 4818 Christo,
2955 4766 3050 4808 seu
3101 4753 3446 4809 mendacium

1865 4835 2100 4900 veritati,
2140 4847 2302 4905 atque
2340 4837 2902 4909 pseudoprophetam,
2935 4843 3080 4898 velut
3112 4843 3450 4914 conspiratio

1864 4927 2139 4981 mendacis
2185 4937 2240 4982 et
2285 4929 2554 4984 mendacii
2597 4931 2824 5000 Spiritui
2871 4934 3053 4991 veraci
3100 4945 3158 4989 et
3197 4933 3461 4991 veritatis

1863 5017 2100 5071 resistat.
2177 5018 2278 5084 Qui
2335 5019 2722 5086 nihilominus,
2795 5027 3005 5091 pariter
3071 5037 3264 5083 contra
3350 5030 3464 5078 tres

1860 5108 1949 5176 qui
2008 5108 2375 5166 testimonium
2432 5109 2565 5165 dant
2627 5112 2842 5168 veritati
2881 5118 2938 5175 in
2995 5128 3163 5186 terra,
3223 5131 3345 5175 tres
3392 5127 3466 5173 ex

1862 5211 1958 5240 Sun
2010 5212 2103 5240 nm
2161 5201 2383 5240 enirilnc
2431 5203 2736 5240 immnmlnc
2796 5203 2850 5240 in
2927 5209 3140 5240 moll"...
3197 5220 3466 5240 --ηανιινη
