4064 5394
570 356 712 445 ttss
803 346 813 351 ’

1651 350 2010 411 HUMBERTI
2051 351 2112 408 S.
2155 353 2224 410 Β.
2262 353 2326 411 Ε.
2363 346 2776 414 CARDINALIS

3724 353 3864 411 θεῖε

564 472 816 524 educant.
846 464 905 521 lu
952 465 1147 536 quibus
1178 478 1286 519 non
1332 463 1543 519 iuvenis
1584 462 1674 518 ubi
1708 462 2149 519 deambulaturus
2177 471 2223 526 Α
2252 462 2398 519 Ali'er
2428 464 2556 519 mihi
2589 480 2869 519 nummum
2907 479 3121 519 sanum.
3157 463 3308 521 Unde
3334 464 3507 522 claret
3552 481 3660 523 eos
3698 484 3859 524 acmo

562 568 618 612 ct
645 557 984 628 requieturus
1006 553 1213 625 ﬁguris,
1243 555 1338 609 sed
1383 555 1469 609 ubi
1504 553 1828 624 polluendus
1870 566 1923 610 et
1962 558 2143 611 absor-

560 648 769 703 lzcndus
796 646 1065 717 iungaris;
1106 646 1157 698 in
1183 645 1378 714 quibus
1404 645 1478 699 nil
1510 645 1654 699 aliud
1677 658 2015 716 procreatur,
2040 649 2144 704 nisi

559 737 808 802 nebulae,
855 737 1094 798 fetores,
1154 744 1326 788 acutae
1378 734 1650 797 catrices,
1704 752 1997 807 canumque
2047 754 2145 808 pa-

559 828 754 885 lustres
775 870 790 894 ,
832 840 887 883 et
918 826 1108 896 scirpi,
1136 826 1397 880 vcnenosi
1429 839 1731 896 serpentes,
1775 839 1828 882 et
1856 830 2142 899 perniciosi

558 933 768 975 vermes
793 928 954 986 atque
979 916 1190 971 steriles
1212 916 1451 970 arbores.
1482 916 1631 971 Talis
1660 918 1855 988 quippe
1886 922 2143 988 reprom-

557 1024 678 1064 ηυξ)
724 1007 1014 1064 multitudo
1059 1023 1200 1077 quin,
1231 1007 1381 1062 velut
1410 1008 1606 1063 stativa
1656 1020 1709 1063 ct
1754 1026 1934 1064 amara
1979 1029 2140 1083 aqua,

557 1111 781 1164 terram,
808 1099 961 1169 prius
1008 1099 1217 1152 aridum
1256 1108 1310 1153 et
1342 1096 1650 1153 hominibus
1692 1100 2055 1165 habitabilem.
2088 1090 2140 1157 in

555 1191 777 1261 paludes
800 1190 1076 1264 squalidas
1107 1199 1161 1245 et
1190 1190 1365 1244 invias
1405 1192 1587 1245 vertit.
1618 1192 1672 1244 In
1709 1192 1905 1260 quibus
1926 1191 2039 1262 jam
2067 1194 2138 1247 nil

554 1301 661 1339 nan
692 1285 933 1340 debitum
960 1284 1068 1355 igni
1101 1283 1837 1353 inexstiuguibilijnvenitur.
1867 1285 1920 1339 In
1944 1285 2143 1354 quibus

548 1378 659 1444 jam
690 1374 787 1441 nil,
827 1375 927 1429 nisi
953 1373 1131 1444 inepta
1157 1383 1212 1428 et
1236 1373 1574 1428 contentiosa
1602 1373 1902 1429 carnalium
1933 1385 1987 1429 et
2017 1391 2141 1445 gar-

554 1467 794 1524 rulirum
819 1465 1145 1536 loquacitas,
1175 1464 1496 1520 ebrietatem
1536 1480 1690 1519 suam
1738 1464 2140 1521 defendentium

551 1574 607 1617 et
629 1561 979 1619 sobrietatem
1016 1556 1400 1629 spiritualium,
1418 1566 1473 1613 et
1494 1557 1887 1611 taciturnorum
1910 1572 2007 1611 sua
2033 1557 2138 1612 im-

549 1653 822 1724 probitate
844 1648 1287 1721 iniquietantium
1330 1649 1574 1716 auditur,
1604 1649 1794 1719 quales
1815 1659 1941 1705 sunt
1968 1659 2138 1718 poeta

539 1749 603 1799 ‘et
626 1743 927 1815 philosophi
954 1741 1253 1812 gentilium,
1288 1739 1618 1796 fabulatores
1637 1738 1946 1795 Judreorum
1972 1750 2136 1811 atque

2247 553 2329 611 las
2367 557 2618 624 paludum
2652 551 2958 628 Babylonia:
2982 572 3120 624 esse,
3154 558 3245 628 qui
3293 559 3369 613 nil
3413 559 3685 617 conferre
3733 578 3856 631 ραν

2248 657 2373 703 Sunt
2407 648 2527 703 sine
2575 665 2778 719 morsu,
2810 649 2928 703 sine
2960 646 3210 715 vulnere,
3237 651 3355 705 sine
3403 654 3707 723 sanguine.
3750 654 3855 721 Qui

2248 739 2348 792 nisi
2393 738 2541 808 prius
2581 740 2776 793 haustu
2823 738 3048 807 alicujus
3094 740 3298 795 erroris
3327 756 3602 796 venenum
3643 745 3857 803 innata

2245 830 2348 885 sibi
2396 830 2639 886 avaritia:
2694 828 3025 898 rejecerint,
3078 831 3293 885 nonnisi
3347 843 3556 902 pestem
3607 834 3855 892 invitare

2245 921 2449 977 norint.

2799 1005 3027 1071 CAPUT
3067 1014 3269 1072 XLVII.

2245 1124 2399 1191 Quod
2423 1125 2554 1180 nihil
2575 1126 2736 1193 prosit
2761 1126 3042 1191 Imreticis,
3074 1142 3166 1181 nec
3194 1127 3263 1181 ad
3291 1128 3444 1195 fidei,
3469 1145 3569 1183 nec
3593 1130 3673 1183 ad
3698 1129 3853 1186 salu-

2312 1197 2377 1247 tis
2412 1197 2676 1264 e/feclum,
2706 1197 2908 1249 etiamsi
2947 1198 3231 1266 grandibus
3262 1196 3469 1253 vocibus
3512 1200 3845 1255 catholicam

2312 1266 2583 1319 decentem
2613 1265 2929 1334 symbolum.

2310 1374 2545 1445 l‘ergant
2570 1390 2699 1448 ergo
2729 1391 2870 1431 nunc
2902 1375 3197 1432 Simoniaci
3246 1379 3667 1450 grandibusque
3694 1380 3844 1434 voci-

2240 1464 2344 1519 bus
2367 1466 2727 1535 eoutitcantur
2749 1464 2931 1521 Jesum
2966 1468 3020 1521 in
3050 1482 3217 1524 carne
3260 1471 3499 1534 venisse,
3534 1471 3705 1540 cujus
3736 1485 3842 1525 non

2239 1555 2506 1611 satiantur
2552 1557 2800 1627 corporis
2842 1558 3131 1613 vexatione
3175 1567 3231 1614 et
3274 1560 3710 1626 dilaceratioue,
3750 1576 3847 1618 en-

2230 1646 2321 1714 jus
2366 1656 2665 1716 pascuntur
2706 1663 2859 1703 nece.
2902 1648 3142 1704 Correcti
3196 1659 3251 1704 et
3288 1652 3523 1706 convicti
3557 1654 3845 1713 obstinata

2235 1748 2291 1793 et
2312 1738 2670 1807 impudenter,
2695 1751 2754 1792 ut
2781 1741 2864 1795 eis
2890 1740 3056 1795 moris
3083 1751 3186 1805 est,
3235 1743 3465 1797 recitent
3495 1744 3843 1802 (mimicum

550 1835 928 1911 ιιςεισοιῑωιξυιη
971 1832 1100 1902 qui,
1132 1830 1282 1886 velut
1323 1830 1600 1887 lutulentae
1643 1846 1789 1885 rana:
1826 1832 1878 1885 in
1929 1831 2136 1886 limosis
2170 1807 2205 1864 Β
2236 1829 2563 1900 symbolum,
2587 1829 2864 1897 omnibus,
2887 1841 2945 1885 ut
2972 1833 3188 1900 dicitur,
3222 1851 3415 1890 novem
3447 1837 3842 1896 instrumentis

550 1921 858 1995 paludibus,
889 1921 1092 1976 nzcnias
1140 1935 1266 1975 suas
1321 1918 1766 1974 irrationabiliter
1800 1928 1855 1974 et
1897 1920 2135 1988 pertina-

547 2014 686 2068 citer
733 2011 1074 2078 declamauit;
1126 2010 1323 2082 quibus
1379 2011 1567 2079 utique
1610 2009 2026 2081 principantur,
2080 2020 2133 2065 et

550 2090 797 2164 carmina
825 2105 1088 2179 inspirant
1118 2114 1231 2159 tres
1270 2103 1483 2157 illorum
1515 2111 1765 2157 auctores
1786 2141 1801 2168 ,
1842 2102 2134 2172 gentilibus

547 2201 803 2257 Videlicet
854 2199 1125 2267 Satanas,
1173 2196 1375 2254 Judaﬂs
1409 2195 1806 2263 Antichristus;
1866 2195 2133 2254 haereticis

548 2301 730 2348 autem
759 2290 1252 2362 pseudopropheta.

620 2388 716 2444 llis
761 2387 906 2443 enim
940 2386 1113 2441 tribus
1156 2382 1403 2439 diabolus
1444 2381 1546 2439 sibi
1599 2390 1709 2437 tres
1747 2390 1925 2438 sectas
1966 2379 2130 2438 tozius

545 2479 760 2551 generis
783 2477 1003 2533 humani
1034 2475 1244 2541 venari,
1275 2473 1555 2545 aucupari,
1578 2483 1631 2528 et
1658 2473 1855 2543 piscari
1888 2472 2126 2538 molitur,

540 2581 595 2628 et
616 2586 719 2642 per
762 2585 823 2627 se
846 2569 1071 2640 quidem
1117 2577 1374 2637 tanquam
1412 2565 1710 2620 Vchcmoth
1741 2564 1989 2646 gentiles,
2034 2579 2130 2634 per

538 2663 933 2721 Antichristum
967 2669 1341 2729 tanquamper
1377 2672 1529 2712 avem
1557 2655 1794 2717 .Iudaeos.
1827 2669 1923 2725 per
1965 2670 2124 2725 pseu-

538 2753 928 2829 doprophetam
978 2759 1237 2819 tanquam
1272 2763 1369 2819 per
1416 2746 1712 2802 Leviathan
1764 2745 2125 2801 Christianos.

537 2846 618 2902 Ex
672 2845 869 2916 quibus
903 2849 1173 2912 quotquot
1218 2840 1508 2910 capiuntur
1551 2838 1619 2893 ad
1677 2852 1848 2908 aquas
1898 2836 2128 2891 furtivas

539 2948 796 3005 tanquam
835 2933 1097 2989 vecordes
1138 2931 1512 2993 retrahuntur,
1562 2929 1687 2998 quia
1718 2936 1812 2982 aut
1861 2928 2125 2998 sapiect'a

536 3025 810 3091 sceculari,
833 3033 927 3078 aut
946 3007 1210 3078 felicitate
1241 3018 1545 3090 temporali,
1574 3034 1669 3074 seu
1711 3017 1930 3073 nomine
1972 3017 2126 3072 Chri-

537 3117 740 3178 stiano,
776 3115 1128 3174 seducuntur.
1180 3109 1420 3178 Quorum
1453 3109 1649 3165 tertius
1686 3117 1834 3164 tanto
1882 3116 1964 3162 est
2006 3123 2124 3178 per-

539 3207 797 3265 niciosior
823 3213 1026 3276 quanto
1076 3203 1306 3274 gemina:
1349 3215 1546 3271 aquae,
1594 3198 1877 3269 sapientiae
1920 3199 2128 3254 scilicet

543 3304 708 3364 atque
742 3293 1023 3364 baptismi,
1042 3308 1166 3363 pra:
1216 3290 1323 3345 illis
1362 3289 1670 3360 professor.
1722 3290 1874 3356 Quod
1908 3303 1978 3344 ex
2026 3288 2130 3342 hoc

539 3402 755 3459 quoque
780 3386 1021 3441 inanitur
1058 3384 1202 3453 quod
1237 3398 1268 3436 a
1303 3391 1545 3451 tempore
1578 3380 1717 3435 illius
1746 3381 1909 3434 draco
1950 3389 2004 3435 et
2034 3378 2128 3435 be-

541 3481 645 3535 stia
673 3479 847 3551 prima
874 3475 1217 3532 velutferiati
1243 3474 1297 3529 in
1324 3472 1647 3544 Apocalypsi
1679 3472 1955 3527 videntur.
1985 3472 2131 3527 Geu-

543 3570 726 3631 tilibtrs
748 3565 1015 3638 siquidem
1058 3565 1127 3620 ab
1156 3563 1311 3620 initio
1336 3579 1365 3617 a
1391 3562 1606 3619 diabolo
1631 3562 1916 3633 possessis,
1954 3570 2009 3617 et
2033 3561 2130 3617 Ju-

543 3665 675 3720 dazis
721 3664 789 3717 ab
817 3657 1156 3716 Antichristo
1188 3656 1457 3727 pervasis,
1499 3655 1664 3710 draco
1698 3662 1758 3710 et
1804 3655 1975 3711 bestia
2009 3653 2126 3725 jam

542 3754 720 3812 securi
745 3754 1008 3819 otiantur,
1035 3750 1161 3821 quia
1193 3748 1344 3804 solus
1365 3747 1834 3819 pseudopropheta
1870 3749 2126 3804 seducet:-

540 3848 625 3904 dis
663 3847 878 3917 sibique
902 3842 1257 3916 subjugandis
1285 3840 1610 3919 Christianis
1636 3855 1795 3918 posse
1829 3840 2125 3912 lwmvalere

541 3955 649 3995 non
670 3938 903 3995 dubitat.
920 3936 1010 3992 Ab
1049 3936 1137 3992 his
1169 3935 1339 3991 tribus
1364 3932 1646 4008 spiritibus
1674 3932 1969 3988 immundis
1994 3932 2127 3987 tedi-

541 4036 698 4087 lieata
722 4031 970 4102 Balqlon
1001 4030 1067 4086 de
1091 4029 1252 4083 trium
1280 4025 1671 4097 professionum
1699 4026 2011 4081 hominibus
2035 4025 2129 4079 da-

542 4134 629 4175 tur
652 4135 684 4174 a
704 4121 949 4184 Domino,
970 4127 1030 4173 ut
1058 4117 1316 4189 prepheta
1341 4115 1439 4181 ait,
1472 4116 1544 4171 in'
1553 4116 1951 4186 possessionem
1974 4114 2127 4171 ericii

541 4211 708 4277 illius,
728 4210 817 4279 qui
840 4210 891 4263 in
914 4209 1146 4264 veritate
1174 4223 1280 4263 non
1312 4207 1501 4272 stetit,
1533 4214 1590 4262 et
1626 4207 1679 4261 in
1707 4207 1929 4276 paludes
1953 4222 2124 4277 aqua-

543 4300 907 4368 rum,scilicet
934 4300 986 4354 in
1010 4307 1186 4354 cretus
1200 4296 1550 4367 profanarum
1573 4298 1878 4362 turbarum,
1895 4312 2126 4367 quarunt

502 4432 503 4435 η
546 4397 757 4446 mentes
787 4403 1037 4444 errorum
1071 4386 1282 4441 nebulae
1322 4401 1552 4457 corpora
1592 4390 1772 4441 autem
1803 4389 2127 4444 omnimodae

2238 1919 2488 1975 humanae
2531 1922 2678 1975 vocis
2723 1921 3066 1977 conclantent
3107 1931 3163 1979 et
3204 1924 3541 1995 prociament
3584 1942 3650 1983 se
3708 1942 3839 1986 cre-

2235 2011 2364 2066 dere
2413 2010 2466 2065 in
2521 2009 2709 2067 Jesutn
2736 2010 3013 2067 Christum
3052 2010 3247 2068 Filium
3298 2014 3393 2069 Dei
3451 2017 3835 2087 unigenitum,

2233 2106 2323 2175 qui
2351 2114 2573 2176 propter
2593 2121 2691 2179 aps
2719 2107 2965 2163 homines
2992 2118 3045 2163 et
3068 2117 3290 2179 propter
3318 2119 3562 2165 nostram
3586 2111 3837 2170 salutem

2233 2198 2516 2254 descendit
2567 2200 2634 2255 de
2679 2199 2856 2265 costis,
2906 2209 2962 2255 et
3011 2201 3328 2255 incarnatus
3371 2211 3456 2255 est
3496 2204 3567 2256 de
3616 2202 3833 2273 Spiritu

2132 2338 2137 2346 .
2230 2297 2419 2346 Sancto
2452 2304 2518 2345 ex
2555 2287 2722 2344 Maria
2759 2290 2987 2361 virgine,
3026 2300 3080 2345 et
3120 2291 3281 2345 homo
3340 2291 3515 2346 factus
3569 2303 3686 2360 est,
3717 2306 3830 2349 etc.

2231 2379 2613 2437 Vocifereutur
2638 2395 2874 2450 quoque,
2902 2380 2945 2435 si
2975 2380 3183 2450 possint
3212 2388 3266 2435 et
3288 2379 3496 2436 malunt
3519 2384 3705 2438 ferrea
3736 2394 3833 2438 aut

2229 2488 2377 2530 amca
2405 2489 2558 2542 voce,
2586 2483 2954 2543 centonesque
2982 2488 3144 2528 sonos
3176 2484 3396 2544 pectora
3432 2490 3624 2530 eorum
3655 2477 3833 2533 anhe'

2229 2564 2363 2629 lcnt,
2391 2565 2587 2635 quibus
2616 2564 2976 2635 profiteantur
2999 2583 3017 2616 r
3057 2580 3115 2618 se
3134 2564 3358 2621 credere
3383 2573 3438 2622 et
3469 2566 3519 2620 in
3550 2566 3827 2637 Spiritum

2229 2661 2499 2719 sanctum,
2530 2652 2813 2708 Dominum
2860 2662 2917 2708 et
2967 2652 3365 2720 vivificantem,
3398 2656 3491 2725 qui
3535 2672 3605 2710 ex
3657 2656 3824 2713 Patre

2228 2745 2474 2816 Filioque
2525 2745 2788 2816 procedit,
2839 2745 2928 2815 qui
2989 2762 3111 2800 cum
3153 2744 3314 2801 Patre
3356 2754 3411 2801 et
3460 2746 3599 2801 Filio
3656 2747 3825 2803 simul

2228 2837 2486 2891 aduratur
2513 2846 2565 2892 et
2594 2836 3056 2908 conglorificatur,
3087 2837 3182 2906 qui
3208 2838 3421 2892 locutus
3449 2846 3533 2892 est
3564 2853 3667 2908 per
3695 2854 3825 2908 pro-

2226 2931 2449 3000 phetas;
2489 2937 2544 2983 et
2570 2944 2731 2983 unam
2754 2936 2996 2984 Sanctam
3027 2928 3352 2985 catholicam
3374 2937 3431 2983 et
3458 2930 3822 2998 apostolicam

2228 3019 2526 3075 Ecclesiam
2546 3060 2562 3087 ,
2595 3038 2614 3072 ι
2665 3028 2771 3073 etc.
2802 3018 2991 3075 Nonne
3018 3018 3355 3088 supradictas
3382 3020 3571 3090 plagas
3601 3022 3823 3089 corpori

2227 3107 2448 3172 Christi,
2473 3108 2614 3177 quod
2651 3116 2737 3162 est
2767 3108 2885 3178 ejus
2938 3108 3219 3173 Ecclesia,
3265 3104 3585 3172 inferendo,
3620 3119 3824 3179 negant

2229 3215 2351 3254 cum
2381 3199 2433 3253 in
2464 3186 2629 3254 carne
2660 3198 2910 3254 venisse?
2950 3197 3140 3254 Nonne
3176 3197 3521 3267 supradictas
3561 3198 3825 3268 blasphe-

2229 3291 2386 3357 mias,
2417 3299 2474 3346 et
2515 3289 2741 3359 injurias
2774 3290 2998 3360 Spiritui
3034 3299 3229 3345 sancto
3251 3289 3586 3358 irrogando,
3624 3302 3827 3362 negant

2228 3396 2353 3437 eum
2382 3382 2669 3436 Dominum
2702 3391 2902 3437 etcum
2925 3380 3086 3436 Patre
3113 3389 3169 3436 et
3199 3380 3334 3457 Filio
3378 3382 3728 3435 adorandum
3767 3392 3821 3435 et

2230 3472 2772 3543 conglorilicandutu,
2802 3482 2965 3545 atque
2994 3488 3089 3544 per
3117 3471 3407 3542 prephetas
3437 3471 3728 3526 locutum?
3758 3479 3823 3527 ιι

2228 3567 2372 3634 quod
2411 3580 2607 3636 negare
2656 3566 3024 3635 praedicantur
3059 3563 3363 3630 Novatiani,
3408 3565 3826 3634 praedicandum

2229 3665 2316 3712 est
2360 3656 2702 3713 Simoniac'os
2739 3657 3028 3713 conﬁteri?

2299 3752 2560 3820 Quamvis
2587 3753 2733 3807 enirn
2758 3751 3044 3808 Novatiani
3078 3751 3239 3811 claris
3269 3761 3325 3811 et
3351 3751 3570 3825 magnis
3598 3752 3828 3813 mcibus

2230 3846 2522 3900 audiantur
2573 3845 2879 3916 symbolum
2953 3854 3198 3901 nostrum
3253 3848 3589 3910 decantare,
3654 3856 3829 3916 atque

2229 3937 2404 3993 eidem
2440 3935 2805 4002 subscubere,
2851 3924 3248 3995 convincuntur
3281 3945 3462 3991 tamen
3494 3952 3704 4007 negare
3734 3935 3830 3991 Je-

2228 4041 2346 4081 sum
2394 4024 2670 4080 Christum
2726 4026 2779 4080 in
2837 4042 3000 4082 carne
3053 4027 3306 4093 venisse,
3364 4042 3472 4081 non
3514 4029 3648 4096 quia
3689 4041 3831 4085 sana

2229 4117 2469 4170 membra
2508 4114 2623 4183 ejus
2665 4100 2937 4182 sauciant,
2973 4117 3066 4173 sed
3115 4117 3241 4187 quia
3286 4117 3474 4172 saucia
3525 4118 3715 4174 curari
3756 4116 3831 4175 ab

2228 4207 2467 4263 Ecclesia
2497 4207 2586 4262 Dei
2620 4222 2777 4276 posse
2807 4210 3114 4279 desperant.
3145 4208 3212 4263 Et
3238 4224 3347 4278 quo
3377 4210 3539 4264 modo
3561 4209 3827 4266 audiendi

2229 4307 2357 4354 sunt
2384 4298 2680 4355 Simouiaci
2728 4302 3054 4371 quandoque
3081 4301 3450 4356 vociferantur
3487 4316 3549 4357 se
3593 4303 3829 4359 credere

2227 4388 2412 4446 Jesum
2446 4391 2497 4445 in
2545 4406 2710 4445 carne
2740 4391 2973 4451 venisse.
3003 4401 3095 4446 aut
3139 4391 3398 4461 Spiritum
3424 4402 3687 4447 sanctum
3728 4409 3763 4448 ει
3787 4397 3829 4449 Ι-

546 4480 786 4538 libidinis
822 4479 1018 4537 fetores
1048 4477 1323 4549 possident
1353 4476 1511 4548 (fsai.
1545 4493 1636 4534 xtv
1659 4518 1675 4543 ,
1703 4479 1818 4549 25).
1850 4479 1902 4532 In
1928 4481 2124 4548 quibus
2156 4491 2201 4549 ι)
2227 4483 2488 4535 orandum
2525 4498 2646 4536 cum
2672 4481 2831 4536 Patre
2856 4491 2910 4537 et
2938 4483 3093 4549 FiILO,
3120 4483 3247 4553 quia
3279 4498 3383 4557 non
3412 4483 3591 4538 solum
3638 4488 3823 4539 saucia

548 4574 623 4629 nil
665 4574 773 4631 nisi
816 4564 1176 4629 intractabilis
1208 4570 1309 4635 ira,
1337 4580 1392 4625 et
1435 4586 1570 4631 vana
1606 4586 1824 4641 pompa,
1878 4571 2127 4642 hypocri-

544 4666 729 4736 sisque
757 4670 813 4718 et
865 4661 1097 4726 insidiae,
1132 4659 1398 4716 ltebctudo
1446 4675 1683 4730 quoque,
1726 4671 1888 4729 atque
1926 4660 2128 4716 sterilis

546 4766 601 4809 et
649 4762 899 4826 proterva
947 4753 1254 4817 verbositas
1297 4767 1688 4823 procreantur,
1720 4753 1861 4808 inter
1907 4768 2026 4821 qua:
2075 4762 2131 4808 ct

550 4867 569 4900 ι
607 4845 943 4917 sanguisuga:
972 4844 1089 4899 dua‘
1133 4854 1261 4900 sunt
1302 4843 1424 4899 tiliae
1473 4844 1757 4901 dicentes:
1792 4843 1959 4909 Aller,
1997 4841 2130 4899 ulli-1'

547 4934 734 5005 (Prov.
770 4949 927 4999 lxxx,
985 4934 1104 5006 15).
1144 4933 1435 5009 nAvaritia
1492 4935 1636 4988 enim
1694 4944 1873 4988 exstat
1927 4935 2128 4989 hirudo

2229 4569 2429 4624 Christi
2465 4571 2703 4625 membra
2739 4586 2844 4625 non
2870 4580 3082 4635 curant,
3115 4571 3211 4625 sed
3242 4586 3374 4625 sana
3399 4587 3624 4643 quoque
3649 4587 3825 4641 usque

2230 4662 2296 4716 ad
2340 4672 2566 4716 mortem
2615 4662 2898 4717 sauciant?
2932 4663 3162 4727 Verum,
3207 4671 3265 4716 ut
3313 4662 3369 4716 in
3409 4663 3822 4734 (omparatiunc

2232 4751 2662 4807 Simoniaeorum
2693 4752 3126 4821 deprehendatur
3147 4762 3351 4822 quanto
3378 4755 3449 4807 sit
3481 4753 3820 4809 tolerabilior

2231 4842 2453 4897 hmresis
2479 4840 2922 4908 Novatianorum,
2957 4842 3118 4896 isthic
3154 4858 3221 4897 ex
3244 4843 3490 4897 Historia
3520 4844 3563 4898 Τ
3570 4844 3814 4914 ripart..a

2231 4933 2538 5002 putavimus
2562 4934 2908 4987 inserendum
2947 4932 3067 5003 quis
3096 4941 3150 4988 et
3188 4934 3331 4987 unde
3362 4935 3817 4990 exstiteritetrd'
