4064 5394
521 350 526 356 .
567 345 673 357 *ιφ-ρ.

203 410 355 468 H37

847 407 1216 466 ADVERSUS
1253 406 1663 468 SIMONIACOS
1699 408 1881 465 LIIIIII
1923 408 2121 465 TIIES.
2160 439 2233 452 —
2266 407 2471 466 LIBER
2511 407 2830 467 TERTIUS.

3330 413 3456 468 1158

200 522 559 593 separaris?»
598 521 683 576 ille
708 534 770 574 ea
801 537 920 592 qua:
950 520 1051 577 sub
1080 521 1246 576 Decio
1267 530 1415 594 gesta
1442 532 1564 577 sunt
1607 538 1789 592 perse-
1821 534 1864 591 Α
1896 524 2065 579 siouis
2096 542 2200 580 mm
2242 541 2271 580 τι
2320 526 2713 589 sacerdotibus,
2764 525 2859 583 sed
2902 541 2931 582 a
2971 523 3084 582 Deo
3131 525 3462 581 solummodo

201 630 280 669 (-u
311 613 452 667 iouis
478 621 718 683 tempore
762 612 1061 682 replicavil,
1089 621 1143 666 et
1176 613 1529 667 subtilitatem
1553 616 1790 669 acerbis-

202 707 368 763 sima:
399 705 596 774 regula:
625 704 848 758 deduxit
892 704 960 758 ad
990 705 1222 759 medium
1249 705 1398 775 quia,
1432 723 1452 757 ι
1489 722 1595 759 non
1626 722 1788 775 opor-

205 804 330 852 teat
351 810 445 851 eos
474 795 565 865 qui
608 802 729 864 post
753 793 1020 863 baptisma
1054 801 1283 862 peccant
1309 802 1615 863 peccatum,
1646 794 1789 863 quod

203 887 283 941 ad
336 896 566 941 mortem
628 899 748 940 esse
796 883 1093 955 Scriptura:
1153 884 1348 938 divinae
1394 886 1786 955 pronuntiant,

206 978 707 1036 communicatione
754 987 1065 1032 sanctorum
1118 976 1231 1031 ﬁeri
1270 978 1479 1048 dignos,
1511 979 1603 1034 sed
1654 978 1790 1032 iuvi-

207 1073 412 1131 mudos
444 1072 659 1148 quidem
688 1071 756 1126 ad
797 1071 1196 1147 pmuiteutiam,
1236 1087 1385 1145 spem
1426 1086 1555 1126 vero
1604 1072 1789 1132 remis-

1895 616 2190 680 sustinere,
2223 616 2313 686 qui
2346 626 2665 686 potestatem
2691 617 2851 673 habet
2872 628 3090 689 peccata
3116 617 3390 672 remittere
3439 647 3462 671 δ

1898 704 2004 760 Sed
2040 706 2124 759 IIIS
2159 707 2438 761 hactenus.
2473 706 2609 762 IIiuc
2632 707 2745 776 jam
2785 724 2909 764 cum
2960 709 3180 763 lectoris
3234 700 3461 777 respirsl

1895 795 2060 860 tioni,
2093 805 2204 849 tum
2249 797 2530 867 scriptoris
2577 798 2895 853 recreationi
2928 800 3230 854 consultum
3270 800 3347 854 ire
3374 816 3458 854 cu-

1896 883 2126 954 pientes,
2157 887 2521 941 necessarium
2546 887 2797 945 duximus
2816 899 2875 945 ut
2900 889 3058 962 hujus
3079 889 3322 962 opusculi
3349 891 3463 945 istic

1895 976 2163 1030 secundus
2196 975 2398 1055 ligatur
2428 975 2602 1033 limes.

1361 1204 1669 1265 EXI‘LICIT
1706 1205 1910 1262 LIBER
1947 1206 2331 1271 SECUNDUS.

1124 1455 1524 1521 INCIPIUNT
1559 1445 1958 1519 ΟΑΡΠῊΙδΛ
2008 1447 2220 1511 LIBRI
2265 1450 2558 1514 TERTII.

208 1601 254 1656 I.
295 1597 493 1657 Contra
528 1614 615 1654 eos
650 1598 739 1669 qui
780 1599 959 1652 dicunt
983 1613 1037 1651 se
1067 1614 1167 1651 non
1197 1600 1653 1664 consecrationem,
1699 1599 1790 1654 sed

286 1708 370 1748 res
399 1689 646 1746 Ecclesia:
678 1705 1025 1759 comparasse.

210 1783 277 1842 II.
302 1783 668 1855 Comprobatio
707 1781 780 1835 nil
812 1782 1057 1850 prodesse
1086 1781 1456 1851 possessionem
1497 1781 1604 1836 sine
1636 1781 1792 1850 privi-

281 1879 416 1949 legio
455 1877 591 1948 ejus.

209 1966 300 2024 III.
340 1966 420 2022 De
436 1967 689 2022 sententia
716 1963 1149 2020 Chalcedonensis
1175 1965 1382 2019 concilii
1402 1975 1583 2020 contra
1604 1981 1793 2034 supra-

283 2060 470 2114 dictos.

210 2148 303 2206 IV.
338 2149 412 2203 De
446 2150 859 2219 sanctiﬁcatione
882 2149 1246 2218 sanctiﬁcante
1276 2164 1356 2201 res
1391 2146 1791 2209 ecclesiasticas,

283 2241 713 2312 subsequentibus
735 2242 856 2296 inde
879 2251 1179 2295 sanctorum
1215 2236 1435 2293 Palmm
1466 2239 1791 2292 testimoniis.

212 2330 277 2385 ν.
317 2330 552 2396 Qualiter
584 2329 874 2387 Simoniuci
919 2348 1015 2385 suo
1046 2331 1247 2399 negotio
1281 2338 1571 2399 expugnent
1611 2328 1790 2383 Eccle-

283 2420 418 2473 siam
447 2419 563 2483 Dei,
602 2430 649 2474 et
686 2420 825 2490 quod
863 2437 989 2490 pene
1039 2436 1215 2474 omnes
1250 2419 1376 2472 laici
1413 2429 1462 2473 et
1499 2417 1674 2472 clerici
1729 2418 1793 2473 de

289 2508 524 2564 Ecclesia
550 2520 790 2581 quierant
812 2511 1017 2581 jugiter
1056 2512 1329 2580 negotiari.

213 2600 303 2654 VI.
358 2600 434 2655 De
485 2601 683 2655 bacul's
724 2612 772 2656 et
816 2602 1029 2657 annulis
1076 2618 1168 2673 per
1223 2618 1410 2655 manus
1460 2599 1791 2655 scecularium

286 2699 588 2756 potestatem
635 2690 799 2747 datis.

222 2779 330 2834 VII.
358 2779 433 2835 De
471 2792 697 2852 tempore
729 2782 1015 2837 Otthonum
1061 2792 1109 2837 et
1137 2781 1312 2836 studio
1363 2779 1581 2835 Ilcnrici
1633 2781 1791 2849 impe-

290 2875 500 2942 ratoris,
528 2885 578 2931 et
611 2882 676 2932 de
705 2877 911 2932 malitia
948 2878 1084 2948 regis
1115 2875 1470 2931 Francorum.

219 2965 348 3020 VIII.
392 2966 479 3032 De
516 2969 881 3039 quadripartia
934 2967 1224 3022 venditione
1261 2965 1402 3036 apud
1432 2964 1646 3018 Latinos
1670 3002 1686 3029 ,
1742 2970 1790 3016 et

285 3062 349 3115 de
376 3062 550 3131 magni
582 3061 912 3116 Constantini
948 3060 1215 3114 devotione
1244 3075 1367 3129 erga
1410 3055 1644 3110 clericos.

213 3150 305 3207 IX.
337 3151 411 3204 De
434 3136 732 3221 (li/ferentia
755 3150 1063 3204 clericorum
1085 3158 1131 3202 et
1167 3148 1505 3213 laicorum,et
1528 3145 1593 3200 de
1614 3143 1788 3199 studio

285 3245 387 3298 divi
417 3242 659 3315 Gregorii
693 3244 745 3297 in
774 3243 989 3298 talibus.

1899 1597 2089 1656 XXIII,
2142 1602 2215 1657 De
2264 1605 2496 1674 periculo
2528 1592 2665 1658 male
2700 1594 2986 1650 lucentium
3036 1595 3392 1661 sacerdotum,
3425 1611 3474 1653 Ν

1956 1691 2103 1775 male
2128 1692 2467 1762 loquentium,
2497 1704 2543 1747 et
2566 1694 2629 1748 de
2652 1691 2921 1748 individua
2941 1683 3140 1749 unitate
3164 1685 3471 1761 di:.'i.-.‘o;.n.

1968 1791 2015 1835 et
2039 1798 2274 1837 suorum.

1898 1872 2090 1931 XXIV.
2119 1875 2197 1930 De
2220 1878 2504 1947 exemplari
2537 1878 2819 1940 individua!
2848 1876 3120 1932 Trinitatis
3152 1877 3205 1931 in
3234 1879 3471 1933 omnibus

1969 1969 2245 2022 creaturis.

1899 2063 2064 2118 XXV.
2106 2064 2261 2131 Quod
2293 2066 2562 2121 individua
2604 2067 2669 2121 sit
2720 2065 3068 2134 sanctiﬁcatio
3113 2065 3181 2119 ab
3225 2064 3309 2118 his
3356 2081 3472 2133 qua:

1965 2157 2282 2225 sanctiﬁcat,
2315 2167 2360 2212 et
2387 2156 2615 2228 qualiter
2637 2156 3051 2224 sanctiﬁccntur.

1895 2244 2082 2300 XXVI.
2121 2246 2198 2300 De
2232 2263 2384 2317 pecua
2418 2248 2739 2313 diviserunt,
2787 2256 2834 2300 et
2881 2245 3019 2315 quod
3067 2243 3323 2313 Spiritum
3351 2260 3473 2298 san.

1965 2347 2105 2391 ctum
2155 2354 2258 2392 non
2306 2339 2598 2409 accipiant,
2628 2338 2729 2391 nisi
2769 2351 3014 2406 sequaces
3055 2335 3179 2404 ﬁdei
3214 2333 3477 2405 apostolo-

1965 2445 2023 2482 τι(
2030 2445 2101 2482 m.

1894 2518 2104 2575 XXVII.
2136 2520 2212 2575 De
2237 2520 2464 2590 Spiritus
2487 2520 2656 2576 sancti
2673 2518 2844 2591 gratia
2868 2527 2981 2589 post
3004 2516 3473 2581 Resnrrectionem,

1882 2636 1887 2641 ε
1964 2619 2012 2663 et
2040 2611 2269 2664 vindicta
2307 2612 2362 2665 in
2398 2611 2624 2664 Anania.

1893 2695 2127 2751 XXVIII.
2163 2696 2375 2762 Quanta
2406 2707 2650 2767 operatus
2675 2695 2761 2759 sit,
2807 2694 2885 2749 vel
2919 2703 3161 2765 operetur
3184 2689 3475 2761 idemSpi-

1965 2789 2095 2841 ritus
2132 2787 2187 2841 in
2220 2784 2457 2841 Ecclesia
2489 2802 2651 2857 usque
2679 2786 2733 2839 in
2762 2785 2918 2853 ﬁnem
2956 2782 3158 2839 sicculi.

1892 2877 2083 2933 XXIX.
2109 2878 2376 2933 Sententia
2400 2880 2569 2933 sancti
2599 2876 2878 2946 Augustini
2920 2875 2983 2928 de
3009 2874 3200 2929 anima:
3221 2872 3474 2942 potentia,

1964 2979 2012 3025 et
2040 2979 2228 3025 retract
2253 2987 2283 3024 ο
2311 2987 2375 3025 ex
2400 2988 2483 3034 ca,
2506 2978 2554 3024 et
2581 2968 2757 3039 quales
2788 2969 2891 3022 sint
2918 2967 3141 3037 promoti
3172 2984 3203 3018 a
3227 2964 3398 3029 laicis,
3422 2975 3473 3018 ot

1961 3063 2346 3134 metropolitani
2380 3079 2580 3117 eorum.

1894 3154 2059 3209 XXX.
2095 3153 2474 3225 Recapitulatio
2510 3153 2574 3207 de
2618 3152 2937 3222 depositione
2965 3150 3363 3212 hatreticorum,
3415 3158 3465 3201 at

1960 3248 2219 3300 sententia
2246 3244 2538 3299 Ezechielis
2575 3244 2629 3298 in
2662 3259 2770 3297 eos.

217 3332 285 3391 X.
325 3333 534 3399 Quanto
586 3332 801 3388 liberior
831 3335 896 3388 sit
944 3332 1250 3389 Crtecorum
1296 3331 1534 3387 Ecclesia
1559 3370 1574 3396 ,
1629 3345 1787 3400 quant
1817 3358 1862 3421 ο
1893 3335 2086 3390 XXXI.
2120 3336 2196 3390 De
2225 3335 2523 3405 impropriis
2561 3332 2878 3387 dictionibus
2905 3331 2960 3384 in
3000 3329 3316 3400 supradictis
3351 3344 3475 3397 pro-

284 3423 589 3480 Latinorum
620 3442 652 3479 a
688 3434 942 3494 potestate
971 3424 1249 3479 laicorum.

218 3513 305 3569 XI.
333 3515 573 3582 Qualiter
599 3524 646 3570 et
674 3531 767 3585 per
797 3531 925 3586 quos
957 3513 1188 3571 ecclesia:
1221 3514 1330 3569 suis
1366 3512 1648 3584 privilegiis
1680 3508 1786 3580 pri-

286 3615 413 3661 vatae
452 3607 576 3660 sint.
903 3621 906 3624 ’
1453 3626 1457 3631 ο

216 3693 325 3753 XII.
348 3698 426 3753 De
448 3700 853 3771 prwsumptione
872 3700 1208 3769 feminarum,
1238 3707 1286 3752 et
1320 3697 1574 3768 dignitate
1607 3712 1786 3752 sacra-

284 3806 454 3851 lfll'llm
487 3812 686 3853 rerum.

193 3871 345 3945 XIII.
372 3886 446 3940 De
473 3880 725 3956 dignitate
751 3886 1033 3940 sacerdotii
1074 3885 1256 3940 veteris
1286 3884 1433 3954 legis,
1480 3892 1528 3937 et
1560 3884 1622 3937 de
1647 3898 1778 3954 pra:-

281 3977 567 4048 sumptione
596 3988 644 4032 et
679 3995 829 4047 paena
854 3994 1031 4048 regum
1064 3976 1101 4031 Ι
1108 3977 1214 4031 uda
1243 3985 1291 4030 et
1328 3974 1521 4030 Israel.
1596 3972 1609 3976 ³

214 4067 346 4124 XIV.
375 4056 451 4122 De
478 4085 737 4138 pra'sump
762 4069 878 4122 ione
915 4067 1095 4123 Saulis
1137 4079 1185 4122 et
1220 4084 1394 4138 pwna.

213 4158 323 4216 XV.
365 4160 578 4227 Quanta
621 4159 829 4230 ﬂagella
858 4168 1095 4228 premant
1123 4159 1381 4228 principes
1428 4174 1545 4211 cum
1578 4157 1783 4227 populis

196 4248 199 4251 ’
278 4266 369 4320 pro
401 4250 800 4319 prasumptione
833 4248 1174 4303 sacerdotalis
1205 4248 1377 4319 oﬁicii.

211 4336 344 4399 XVI.
380 4340 454 4395 De
482 4343 655 4395 studio
683 4353 987 4395 sanctorum
1015 4357 1192 4412 regum
1239 4357 1363 4409 erga
1411 4340 1640 4394 divinum
1680 4340 1785 4394 cul-

277 4441 413 4493 tum,
457 4443 503 4487 et
554 4433 1013 4499 remuneratione,
1054 4441 1102 4486 et
1150 4442 1401 4502 peccato,
1452 4441 1499 4484 et
1557 4430 1782 4485 vindicta

275 4521 522 4591 plebium.
624 4528 630 4534 ’

206 4604 364 4668 XVII.
389 4609 469 4666 De
489 4611 688 4666 meritis
711 4610 931 4667 Israelis
954 4622 1001 4667 et
1023 4610 1179 4667 Iuda:
1194 4612 1249 4665 in
1277 4621 1395 4683 typo
1418 4612 1810 4666 hmrcticoruuv
1956 4630 2180 4668 omnem.
3016 4650 3021 4657 ι
3428 4648 3429 4651 η

1809 4701 1854 4759 D
1884 4706 2170 4762 XXXVIII.
2201 4706 2267 4761 In
2292 4722 2403 4776 quo
2417 4704 2668 4760 audiendi
2693 4712 2813 4758 sunt
2841 4702 3174 4767 mercenarii,
3205 4708 3253 4753 et
3280 4697 3338 4749 in
3358 4712 3460 4765 quo

274 4708 324 4756 et
350 4702 749 4758 catholicorum.

208 4787 384 4847 XVIII.
431 4793 508 4849 De
543 4795 838 4864 diﬂ'erentia
869 4795 1149 4849 sacerdotii
1186 4797 1557 4851 catholicorum
1592 4809 1641 4851 et
1669 4799 1774 4853 Iuv-

188 4881 199 4905 "
278 4884 574 4951 reticorum,
597 4893 645 4940 et
674 4885 738 4939 de
765 4886 1010 4954 primitiis
1049 4884 1487 4942 Simoniacorum.

213 4972 340 5027 XIX.
379 4974 620 5041 Qualiter
649 4985 697 5030 et
740 4978 839 5047 ipsi
868 4984 1164 5031 sacerdotes
1194 4980 1287 5032 sub
1324 4980 1431 5048 lege
1458 4982 1776 5035 communio-

193 5057 199 5065 ’
278 5080 388 5118 nrm
430 5066 707 5135 impiorum
758 5067 1067 5132 vitaverint,
1108 5076 1155 5120 et
1193 5069 1257 5122 ab
1294 5069 1369 5123 eis
1422 5074 1775 5127 contaminata

278 5172 370 5190 null
380 5157 494 5190 Ῐῖθαιι·
520 5175 587 5190 nos
599 5159 643 5190 re.
655 5157 914 5190 Consonus...’

1864 5150 1954 5190 ‘vr
1980 5159 1997 5190 I
2069 5158 2312 5190 nunlo'hsr

1960 3427 2147 3496 phette,
2176 3434 2224 3480 et
2254 3424 2390 3480 beati
2419 3422 2657 3494 Gregorii
2685 3422 2855 3477 verbis
2884 3421 3192 3491 subjuuctis.

1889 3515 2104 3571 XXXII.
2150 3514 2228 3570 De
2263 3514 2556 3569 criminosis
2599 3511 2869 3567 catholicis
2913 3511 3185 3581 promotis.
3232 3510 3311 3564 vel
3358 3519 3473 3579 post

1959 3608 2142 3677 lapsis,
2169 3615 2216 3661 et
2247 3605 2312 3660 de
2348 3604 2642 3658 ministerio
2667 3611 2715 3657 et
2745 3602 3068 3673 depositione
3107 3616 3310 3654 eorum.

1889 3698 2127 3755 XXXIII.
2172 3697 2246 3752 De
2283 3695 2737 3769 qualibuscunque
2780 3693 3031 3763 promotis
3068 3708 3100 3744 α
3132 3689 3471 3748 Simoniacis.

1956 3800 2003 3845 et
2033 3788 2329 3859 repulsione
2353 3786 2660 3857 objectionis
2688 3782 3135 3837 adversariorum.
3431 3837 3440 3845 ,

1887 3877 2126 3934 XXXIV.
2155 3880 2473 3947 Argumenta
2512 3891 2578 3929 ea:
2600 3873 2881 3928 mundanis
2911 3871 3108 3940 legibus
3138 3880 3321 3923 contra
3348 3883 3472 3938 pro—-

1958 3983 2234 4034 moventes,
2266 3968 2342 4025 vel
2374 3976 2637 4038 promotos
2664 3964 3016 4021 Simoniacos.
3432 4004 3436 4017 ,

1886 4061 2106 4119 XXXV.
2140 4059 2429 4131 Replicatio
2454 4056 2725 4113 sententia:
2752 4054 2965 4109 Domini
2983 4055 3048 4108 de
3070 4053 3217 4109 bonis
3241 4055 3468 4123 pastori-

1962 4154 2129 4220 ribus,
2158 4163 2205 4208 et
2229 4150 2587 4207 mercenariis.

1886 4246 2126 4302 XXXVI.
2176 4244 2254 4300 De
2293 4242 2526 4299 mercede
2556 4241 3021 4306 mercenariorum,
3050 4249 3098 4294 et
3140 4238 3467 4311 promotione

1955 4355 2153 4393 eorum.
3422 4358 3431 4384 ε

1884 4428 2147 4485 XXXVII.
2195 4427 2270 4482 De
2298 4443 2357 4481 eo
2390 4425 2531 4497 quod
2573 4422 2819 4478 catholici
2865 4421 3069 4476 nullum
3115 4438 3211 4492 pro
3250 4418 3464 4475 crimine

1954 4530 2307 4593 promoveant,
2351 4529 2399 4575 et
2438 4517 2577 4590 quod
2614 4516 2901 4573 Simoniaci
2942 4532 3038 4586 pro
3083 4514 3195 4570 solo
3248 4511 3465 4566 crimine

1956 4630 2158 4668 οηιησυι
2167 4652 2180 4666 .

1954 4814 2055 4851 non
2080 4797 2399 4851 attendeudi.
2914 4824 2918 4829 -
3424 4800 3433 4829 ⁵
3500 4856 3507 4857 ,

1883 4885 2125 4940 XXXIX.
2160 4886 2238 4941 De
2278 4884 2431 4938 malis
2480 4883 2697 4937 scienter
2729 4890 2779 4935 et
2826 4881 3118 4935 nescienter-
3141 4874 3465 4950 promeritis,

1953 4986 1999 5030 et
2029 4977 2091 5029 de
2120 4973 2407 5030 ministerio
2437 4988 2615 5025 eorum
2661 4971 2916 5025 sententia
2950 4966 3249 5021 Paschasii.

1885 5066 1992 5120 XL.
2032 5066 2105 5120 De
2142 5065 2345 5137 furibus
2375 5063 2713 5128 Simoniaeis,
2744 5069 2790 5114 et
2820 5060 3044 5130 qualiter
3068 5059 3206 5115 ovile
3250 5054 3474 5111 intrent.

3228 5142 3399 5190 fures-
3430 5158 3482 5190 et

2362 5152 2649 5190 Qimnninpi
2695 5151 2969 5190 inritantur
2995 5151 3175 5190 ars-rsin
