4064 5394
534 353 671 428 ὶιὸθ

1599 350 1952 410 HUMBER‘I'I
1989 348 2047 401 S.
2090 345 2154 401 [ι.
2198 344 2257 399 Ε.
2296 336 2702 399 ΟᾹΒΜΝᾹῙΛΞ

3636 315 3786 376 IllO

602 485 672 539 ad
698 484 883 536 horam
908 496 939 534 a
969 473 1238 533 catholicis
1275 472 1506 541 antiquis
1544 467 1813 531 toleratos,
1841 474 1888 520 et
1913 477 2105 517 mercc-
2134 465 2184 522 Α
2280 457 2559 520 custodito,
2590 472 2652 510 ne
2686 435 2917 509 uenderet
2962 448 3207 522 gratiam,
3238 454 3287 502 et
3331 445 3395 502 de
3426 438 3793 499 admonitione

607 573 786 629 narios
816 568 1086 624 toleratos.

540 666 698 723 XLV.
739 663 819 717 De
845 677 904 717 eo
924 659 1063 731 quod
1105 667 1319 712 sanctus
1345 652 1629 724 Gregorius
1657 649 1829 704 adhuc
1858 647 2110 699 diaconus

610 753 879 808 Emicium
918 746 1183 809 devitavit,
1233 754 1280 798 et
1324 744 1459 814 quod
1501 750 1710 795 sanctus
1757 734 2111 803 Hieronymus

612 860 719 901 non
736 839 1143 912 exspectandum
1167 838 1220 890 in
1245 837 1319 891 eis
1336 832 1598 905 publicum
1620 829 1881 900 judicium
1904 823 2111 882 asserit.

544 933 727 993 XLVI.
769 934 845 989 De
866 930 1081 1004 synodis
1122 926 1450 983 censentibus
1489 922 1715 994 qualiter
1749 918 1980 974 Inrretici
2010 916 2114 969 sint

613 1021 1014 1087 reconciliandi,
1057 1028 1103 1073 et
1174 1018 1239 1071 de
1292 1013 1876 1087 quartadecimanorum
1939 1006 2117 1076 aliqua

611 1114 966 1173 excusatione.

545 1204 757 1267 XLVII.
797 1203 875 1260 De
925 1199 1111 1255 libellis
1149 1196 1604 1270 pt‘otestationum,
1655 1201 1702 1246 et
1736 1196 1987 1260 potestate
2026 1201 2118 1240 co-

618 1314 758 1353 rum.

544 1385 775 1449 XLVIII.
822 1385 900 1440 De
943 1380 1235 1437 constantia
1288 1376 1583 1447 aliquorum
1628 1368 2002 1436 catholicorum
2059 1379 2122 1419 ne

621 1476 856 1529 cederent
878 1472 953 1528 rel
975 1470 1354 1540 acquiescerent
1384 1469 1521 1518 Ita're
1544 1461 1663 1515 icis.

545 1564 735 1626 XLIX.
771 1563 849 1621 De
874 1562 1022 1623 beato
1055 1560 1260 1619 Joanne
1285 1554 1520 1627 episcopo
1559 1559 1756 1606 tentato
1776 1546 2008 1619 quidem,
2033 1543 2123 1599 sed

2286 547 2400 620 ejus
2420 558 2600 603 contra
2627 546 2920 601 lnrreticos.

2218 637 2280 691 L.
2310 637 2387 691 De
2409 635 2611 690 cautela
2642 634 2706 688 Β.
2744 632 2959 687 Antonii
3002 640 3049 687 et
3090 630 3286 685 visione
3331 626 3468 698 ejus,
3495 623 3629 679 etde
3664 622 3795 693 vigi-

2290 727 2455 780 lantia
2487 726 2550 780 Β.
2583 724 2912 795 Hieronymi.

2224 817 2307 873 LI.
2347 817 2423 871 De
2448 816 2649 871 duabus
2687 814 3104 886 generationibus
3135 812 3267 868 Cain
3304 819 3353 889 et
3390 807 3517 864 Abel
3546 820 3715 878 usque
3740 804 3805 859 in

2290 908 2449 976 linem
2476 908 2679 968 mundi,
2709 905 2993 962 secundum
3028 904 3168 959 dicta
3202 899 3580 972 Clirysostomi.

2224 998 2329 1054 LII.
2372 998 2448 1052 De
2472 998 2829 1068 reprobatione
2866 992 3245 1051 communionis
3290 1002 3338 1046 et
3370 987 3729 1060 baptismatis,
3751 990 3824 1071 εξ.

2297 1090 2620 1146 ordinatonis
2649 1104 2849 1151 eorum,
2875 1097 2921 1141 et
2958 1087 3022 1141 de
3072 1100 3176 1139 non
3204 1079 3541 1137 retractanda
3567 1076 3810 1132 danista-

2296 1183 2433 1237 tione
2454 1197 2635 1236 eorum
2664 1180 2950 1235 secundum
2983 1176 3292 1232 sententiam
3334 1188 3485 1245 papas
3510 1167 3712 1222 Felicis
3734 1166 3811 1220 ad

2295 1269 2554 1328 Zenonem
2578 1279 2625 1325 et
2655 1268 2924 1322 Acacium.

2227 1361 2358 1421 LIII.
2397 1360 2775 1429 Compendiosa
2824 1356 3125 1412 retractatio
3169 1353 3524 1425 superiorum,
3562 1356 3613 1404 et
3658 1342 3815 1420 quod

2296 1450 2528 1508 ita’retici
2545 1448 2672 1521 jure
2697 1447 3255 1515 muliscomparentur.

2717 1533 3025 1605 Expliciunt
3051 1531 3305 1602 capitula.

1427 1742 1890 1836 INCIPIT
1953 1736 2310 1827 LIBER
2376 1726 2929 1824 TERTIUS.

1062 1942 1290 2001 CAPUT
1332 1937 1619 1995 PRIMUM.

550 2069 749 2124 Contra
772 2079 859 2120 eos
886 2062 975 2133 qui
1001 2060 1185 2133 dicunt
1209 2073 1263 2133 se
1297 2072 1398 2109 non
1425 2050 1888 2112 consecrationem,
1916 2045 2005 2100 sed
2050 2059 2130 2098 res

1043 2128 1296 2183 Ecclesia:
1321 2137 1670 2193 comparasse.
1725 2135 1729 2139 ‘

626 2227 781 2281 Sicut
819 2224 874 2277 in
924 2234 1105 2276 rerum
1157 2225 1351 2272 natura
1400 2211 1534 2268 nihil
1589 2209 1817 2265 rotnmla
1851 2215 1907 2263 et
1948 2212 2132 2274 aperta

552 2317 791 2374 veritate
830 2310 1077 2376 solidius,
1124 2315 1180 2363 et
1217 2304 1418 2376 potius,
1469 2302 1551 2356 sic
1597 2299 1733 2354 nihil
1779 2296 2036 2366 angulosa
2079 2300 2135 2346 et

556 2403 830 2467 latebrosa
855 2399 1089 2455 falsitate
1114 2394 1332 2452 inanius
1369 2402 1424 2448 et
1468 2391 1640 2462 pejus.
1674 2388 1849 2442 'l‘anta
1877 2393 1962 2440 est
1989 2384 2135 2439 enim

556 2494 806 2556 veritatis
842 2490 1114 2548 evidentia
1163 2484 1323 2543 simul
1362 2492 1419 2540 et
1464 2480 1703 2538 eﬁlcacia
1747 2487 1807 2531 ut
1854 2477 1996 2530 sicut
2041 2473 2132 2527 lux

559 2602 691 2646 vera
718 2601 826 2642 non
852 2582 1024 2639 solum
1051 2578 1293 2636 omnium
1317 2573 1505 2630 oculos
1535 2570 1693 2626 feriat
1718 2609 1731 2632 ,
1766 2570 1859 2622 sed
1888 2566 2051 2621 etiam
2081 2563 2136 2617 in

563 2678 807 2740 tenebris
862 2676 1060 2732 luceat.
1118 2666 1458 2731 Econtrario
1497 2672 1645 2722 tanta
1706 2668 1789 2715 est
1840 2656 2142 2713 falsiﬁcatis

564 2771 901 2834 obscuritas,
931 2764 1092 2823 simul
1122 2772 1178 2821 et
1196 2759 1566 2821 imbecillitas,
1597 2764 1654 2809 ut
1679 2753 1961 2808 veritatem
1989 2791 2002 2813 .
2034 2764 2140 2818 qua

565 2859 1044 2934 comprehenditur
1080 2865 1137 2910 et
1177 2860 1523 2924 penetratur,
1571 2862 1672 2902 nec
1720 2839 2144 2912 comprehendat

565 2972 671 3015 nec
716 2954 935 3012 sentiat.
989 2950 1163 3018 Quam
1215 2945 1463 3002 homines
1487 2957 1554 2997 ex
1605 2939 1750 3008 jltsla
1798 2932 2143 2990 damnatione

566 3044 865 3110 incurrisse
909 3044 1023 3114 ipse
1068 3050 1257 3095 auctor
1295 3034 1571 3097 veritatis,
1625 3029 1841 3086 Veritas
1888 3026 1941 3080 in
1969 3023 2145 3088 Evan-

570 3138 713 3211 gelio
764 3135 845 3192 sic
893 3132 1065 3189 voluit
1117 3127 1445 3186 ostendere:
1501 3142 1520 3174 ι
1571 3121 1683 3175 lloc
1727 3128 1812 3173 est
1844 3114 2143 3185 judicium,

574 3203 702 3301 quia
728 3226 820 3280 lux
847 3223 996 3286 venit
1031 3222 1085 3279 in
1117 3218 1376 3276 mundmn
1401 3258 1417 3283 ,
1456 3221 1514 3269 et
1543 3212 1848 3268 dilexerunt
1900 3203 2146 3261 homines

574 3320 751 3393 magis
791 3316 1047 3374 tenebras

573 3392 718 3477 mala
741 3426 925 3482 opera.
948 3405 1139 3462 Omnis
1169 3402 1259 3472 qui
1288 3399 1429 3454 male
1451 3396 1564 3467 agit
1588 3395 1704 3450 odit
1722 3392 1898 3446 lucem
1921 3428 1937 3453 ,
1966 3394 2021 3442 et
2044 3400 2150 3440 non

576 3503 728 3561 venit
752 3480 819 3557 ad
851 3499 1059 3564 lucem,
1083 3510 1152 3555 ne
1177 3498 1470 3564 arguantur
1493 3502 1656 3559 opera
1678 3485 1815 3555 ejus.
1843 3480 1944 3548 Qui
1970 3487 2150 3533 autem

575 3591 713 3649 facit
745 3591 1031 3645 veritatem
1073 3583 1223 3639 venit
1272 3580 1339 3634 ad
1366 3579 1539 3633 hicem
1566 3617 1579 3641 ,
1625 3582 1687 3630 ut
1737 3569 2154 3628 manifesteutur

574 3694 744 3755 opera
765 3681 904 3751 ejus,
925 3676 1048 3746 quia
1072 3675 1128 3728 in
1154 3672 1261 3727 Deo
1283 3678 1409 3726 sunt
1430 3666 1569 3722 facta
1592 3664 1771 3737 (Joan.
1789 3678 1870 3728 ιιι,
1898 3658 2097 3729 19-21).
2128 3677 2147 3711 ι

576 3776 658 3830 Ac
686 3772 729 3827 si
762 3771 968 3825 diceret
995 3785 1008 3820 :
1062 3764 1300 3819 Medicus
1325 3760 1474 3815 venit
1506 3759 1559 3813 iu
1594 3756 1853 3811 nnmdum
1875 3794 1890 3819 ,
1934 3766 2151 3808 omnem

576 3865 854 3921 hominem
885 3859 1093 3917 invenit
1121 3865 1401 3926 :egrotum.
1426 3854 1666 3921 Quorum
1694 3848 1914 3920 quidam
1940 3886 1957 3913 ,
1980 3843 2155 3913 magis

579 3957 844 4027 eligentes
875 3951 1072 4019 inﬁrmi
1107 3961 1390 4005 remanere
1422 3960 1585 4016 quam
1616 3942 1880 3998 medicum
1909 3937 2156 3994 adeundo

579 4044 785 4103 inﬁrmi
820 4057 1116 4115 apparere,
1158 4038 1442 4101 falsitatem
1476 4035 1672 4095 iecere.
1706 4032 1958 4101 Quidam,
1985 4029 2157 4097 magis

584 4134 851 4208 eligentes
876 4134 1075 4189 inﬁrmi
1109 4144 1370 4202 apparere
1397 4144 1560 4198 quam
1598 4125 1797 4187 inﬁrmi
1833 4135 2115 4178 remanere
2138 4159 2154 4186 ,

584 4224 855 4282 medicum
882 4224 1130 4280 adeundo
1155 4220 1438 4277 veritatem
1478 4218 1675 4274 fecere.
1725 4214 1851 4269 Sive
1878 4226 2008 4281 ergo
2038 4209 2117 4265 ιιιι
2140 4248 2156 4274 ,

586 4316 706 4373 sive
746 4312 834 4370 isti
873 4313 1075 4383 pariter
1121 4308 1461 4366 habebantur
1508 4304 1727 4361 inﬁrmi.
1787 4302 1893 4358 Sed
1944 4299 2157 4354 illorum

590 4400 757 4477 opera
784 4413 940 4460 erant
981 4401 1121 4466 mala
1147 4415 1245 4469 per
1272 4397 1581 4469 superbiam
1613 4394 1823 4465 medico
1857 4403 2159 4460 repugnan-

589 4499 729 4557 tium
780 4502 839 4551 et
894 4490 1262 4549 inﬁrmitatem
1321 4501 1474 4544 suam
1529 4483 1865 4556 negantium.
1927 4479 2159 4532 Istorum

589 4594 771 4642 autem
809 4582 950 4640 bona
996 4594 1093 4651 per
1124 4576 1484 4633 humilitatem
1530 4573 1740 4628 medico
1762 4567 2065 4626 cedentium
2109 4572 2161 4619 et

588 4672 967 4743 inﬁrmitatem
990 4684 1144 4729 suam
1177 4665 1566 4725 conﬁtentium.
1604 4660 1757 4734 Quod
1782 4659 1941 4737 plane
1960 4656 2165 4726 judicio

592 4762 1021 4837 deprehenditur
1042 4758 1206 4814 etiam
1229 4756 1282 4811 in
1298 4753 1648 4817 Simoniacis,
1674 4751 1836 4820 inque
1858 4761 1955 4818 per
1977 4759 2168 4801 manus

573 4871 816 4918 .eorum,
865 4860 928 4909 ut
960 4850 1193 4915 dicitur,
1242 4842 1510 4903 ordinatis
1534 4883 1548 4908 ,
1600 4843 1728 4919 dum
1764 4855 1891 4910 pars
1928 4839 2167 4908 iliisorum

595 4942 882 5001 sententiis
943 4948 1253 4997 sanctorum
1305 4933 1527 4989 Patrum
1584 4938 1774 4993 contra
1831 4928 2171 4987 Simoniacos

593 5034 823 5106 prolatis
840 5033 1114 5103 sapienter
1131 5025 1458 5098 acquiescit,
1485 5040 1572 5079 rea
1581 5031 1799 5094 tumque
1819 5034 1976 5074 suum
1996 5016 2173 5072 humi-

792 5120 1082 5144 -.-r..-:......
1167 5114 1430 5144 mantnt...“
1461 5117 1854 5144 ηη-ηηοίοηιηση
1884 5105 2122 5144 nvnncnil
2154 5121 2168 5137 ι

1092 3326 1255 3383 quam
1291 3308 1491 3372 lucem;
1556 3309 1711 3359 erant
1762 3298 1906 3354 enim
1958 3309 2147 3350 eorum
2176 3273 2220 3334 C
2252 3281 2686 3339 sanetiﬁcantcm
2750 3274 2888 3329 nihil
2940 3286 3062 3328 esse
3091 3311 3107 3335 ,

2164 1931 2210 1991 Β
2238 1923 2466 1989 desinit,
2516 1919 2939 1985 mandatumque
2985 1913 3075 1969 Dei
3116 1922 3339 1984 propter
3358 1924 3512 1965 suam
3539 1907 3821 1967 adimam

2233 2017 2436 2071 tionem
2486 2012 2700 2066 irritum
2755 2008 2933 2062 facere
2980 2001 3278 2059 contendit.
3332 2000 3411 2054 Ex
3468 2014 3577 2069 qua
3624 1998 3830 2070 uti-qna

2233 2099 2584 2171 generatione
2613 2136 2628 2160 ,
2657 2103 2715 2149 et
2742 2092 2815 2148 illi
2841 2098 2999 2146 erant
3028 2102 3162 2156 quos
3191 2087 3244 2140 in
3281 2084 3572 2156 Evangelia
3603 2083 3829 2140 Veritas

2233 2170 2510 2255 conl'utat,
2537 2188 2763 2243 dicens:
2817 2201 2836 2235 ι
2874 2180 2966 2236 Vae
2997 2180 3176 2244 vobis,
3218 2178 3411 2232 scriba:
3451 2185 3506 2231 et
3548 2170 3828 2230 Pharismi

2235 2284 2560 2356 hypocrita},
2592 2280 2682 2350 qui
2720 2276 2901 2333 dicitis
2929 2293 2940 2329 :
2971 2273 3027 2328 Si
3058 2273 3181 2345 quis
3203 2272 3469 2343 juraverit
3492 2270 3544 2324 in
3576 2266 3824 2339 templo,

2235 2373 2370 2430 nihil
2402 2382 2516 2437 est;
2555 2371 2644 2441 qui
2674 2377 2852 2424 autem
2880 2364 3146 2436 iuraverit
3177 2363 3231 2415 in
3258 2375 3392 2415 auro
3416 2357 3600 2427 templi
3629 2356 3825 2411 debet.

2238 2466 2377 2522 Casei
2400 2507 2413 2529 ,
2444 2465 2571 2534 quid
2602 2461 2777 2530 majus
2801 2468 2886 2516 est
2914 2472 3077 2521 auro,
3107 2470 3176 2509 an
3208 2451 3408 2523 templo
3435 2449 3583 2520 quod
3614 2446 3829 2502 sancti-

2245 2557 2370 2612 Iicat
2395 2532 2634 2608 aurum?
2670 2551 2736 2603 Ει
2764 2549 3074 2619 quicunque
3110 2540 3377 2612 juraverit
3412 2539 3465 2593 in
3494 2535 3655 2590 altari
3685 2532 3827 2589 nihil

2241 2654 2356 2712 est,
2404 2645 2495 2714 qui
2525 2652 2706 2698 autem
2748 2638 3011 2710 juraverit
3061 2635 3114 2689 in
3146 2633 3287 2687 dono
3308 2671 3322 2693 ,
3367 2629 3509 2698 quod
3540 2637 3625 2682 est
3658 2640 3828 2696 super

2242 2737 2372 2793 illud
2402 2735 2580 2790 debet.
2609 2731 2780 2795 Caeci,
2825 2730 2952 2799 quid
2986 2726 3159 2797 majus
3180 2732 3266 2779 est
3290 2719 3522 2785 donum,
3549 2734 3619 2773 an
3649 2718 3832 2773 altare

2245 2828 2388 2899 quod
2438 2823 2741 2881 sanctiﬁcat
2769 2819 3010 2876 donum?
3041 2838 3061 2871 ι
3117 2814 3333 2888 (Matth.
3385 2827 3561 2876 χχιιι,
3615 2807 3829 2877 1649.)

2245 2920 2355 2975 Nec
2387 2915 2583 2985 injuria
2611 2912 2736 2968 ezcci
2778 2919 2833 2966 et
2873 2909 3166 2980 hypocrita).
3212 2905 3505 2968 dicuntur,
3559 2900 3827 2985 quoniam

2247 3009 2350 3081 legi
2389 3007 2585 3063 divinat
2630 2974 2961 3059 attestanti'i
2997 3017 3018 3051 ι
3049 2997 3367 3064 Quicunque
3411 2974 3651 3061 tetigerit
3684 2999 3829 3043 tem-

2246 3078 2390 3172 plum
2415 3107 2471 3154 et
2496 3097 2668 3152 altare
2688 3090 3110 3150 sanetiﬁcabitur
3138 3086 3335 3158 (Exod.
3359 3099 3487 3138 xm
3511 3123 3527 3148 ,
3554 3081 3672 3151 57),
3700 3100 3719 3131 ι
3750 3078 3832 3135 sic

2248 3194 2608 3247 adversantur
2664 3192 2725 3241 ut
2785 3181 3129 3251 impudenter
3188 3174 3519 3247 persuadere
3576 3178 3833 3242 qumrant

3162 3268 3256 3324 sed
3316 3252 3429 3322 sola
3484 3262 3834 3320 sanctiﬁcata

2251 3373 2468 3446 pensari
2510 3379 2565 3425 et
2610 3364 2815 3423 attendi
2859 3364 3077 3420 debere.
3128 3359 3366 3427 Quorum
3396 3368 3663 3424 sequaces
3690 3364 3836 3405 nune

2254 3443 2546 3522 Simoniaci
2588 3460 2714 3514 dum
2758 3456 3152 3526 redarguuntur
3219 3450 3289 3507 de
3357 3443 3833 3504 sanctiﬁcatione,

2255 3561 2368 3613 sive
2397 3554 2463 3610 de
2492 3550 2886 3609 sanctiﬁcatore
2916 3544 3189 3600 hominum
3218 3539 3421 3610 Spiritu
3450 3544 3644 3592 sancto
3674 3549 3837 3603 nego-

2254 3648 2379 3705 tiari
2409 3688 2424 3712 ,
2471 3646 2540 3701 ad
2581 3641 2723 3698 aliud
2774 3637 3026 3694 falsitatis
3067 3650 3177 3690 sua:
3219 3629 3468 3701 angulum
3514 3625 3838 3696 refugiunt,

2257 3737 2486 3806 indeque
2507 3737 2604 3790 has
2624 3744 2982 3802 supervacuas
3009 3724 3416 3781 excusationem
3447 3717 3674 3773 nebulas
3705 3729 3835 3769 evo~

2256 3836 2433 3891 munt.
2462 3824 2617 3881 Absit
2653 3830 2712 3878 ut
2746 3821 3111 3876 mercenarius
3140 3810 3605 3869 consecrationem
3666 3805 3845 3860 eccle~

2257 3918 2553 3979 sissticam,
2574 3914 2667 3969 sed
2683 3911 2847 3967 solam
2870 3904 3264 3978 possessionem
3284 3896 3709 3956 ecclesiasticam
3734 3935 3752 3959 ,
3776 3907 3846 3949 ac

2257 4011 2301 4067 si
2337 4016 2663 4080 pra‘postero
2687 4001 2910 4073 vestigio
2937 3998 3125 4055 callem
3154 3990 3547 4048 Pharisasorum
3579 3995 3848 4048 terentes.-

2258 4112 2504 4159 astrnere
2528 4094 2858 4153 contendant
2888 4090 3060 4146 solum
3104 4083 3553 4142 sanctiﬁcatnrcm
3582 4077 3845 4133 honorari

2259 4192 2475 4257 debere,
2500 4186 2833 4243 sanctiﬁcata
2856 4191 3034 4237 autem
3058 4177 3188 4234 nihil
3201 4189 3321 4232 esse
3344 4174 3358 4228 !
3384 4170 3660 4227 Adversus
3681 4179 3847 4239 quos,

2259 4283 2391 4355 quia
2418 4278 2679 4350 superiori
2723 4273 3029 4330 narratione
3067 4266 3517 4322 sanctiﬁcatorem
3549 4256 3853 4313 defendere

2260 4390 2357 4445 pro
2385 4374 2586 4427 viribus
2625 4365 3011 4427 laberaviums,
3053 4373 3196 4415 nunc
3220 4355 3496 4411 defensum
3535 4351 3616 4404 ire
3636 4345 3851 4404 sancti-

2263 4444 2439 4527 ﬁcata,
2471 4460 2716 4531 rrmluee
2738 4458 2925 4512 eodem
2964 4453 3164 4523 Spiritu
3182 4458 3401 4513 sancto,
3442 4444 3848 4518 aggrediamur.

2339 4555 2402 4613 Et
2447 4553 2623 4621 primo
2665 4547 2795 4603 illud
2846 4546 3003 4614 quale
3049 4544 3117 4598 sit
3159 4538 3525 4601 eventiletnr,
3571 4550 3681 4602 quo
3721 4545 3850 4602 pars

2196 4623 2241 4682 υ
2270 4645 2614 4717 prmfatnrmn
2672 4639 3070 4707 negotiatorum
3132 4648 3192 4688 se
3246 4630 3463 4701 quidem
3512 4628 3745 4697 palliare
3794 4630 3850 4675 et

2270 4735 2599 4797 deiemlere,
2648 4731 2914 4786 hmresem
2965 4739 3115 4780 suam
3148 4730 3243 4780 aut
3270 4729 3514 4795 statuere
3553 4727 3609 4771 et
3649 4712 3853 4769 conﬁr-

2271 4845 2422 4885 mare
2472 4833 2740 4887 conatur,
2798 4816 3092 4877 asserenda
3141 4831 3199 4870 se
3249 4811 3471 4868 minime
3519 4805 3849 4863 invisiLilem

2272 4917 2506 4989 Spiritus
2534 4914 2706 4973 sancti
2749 4910 3009 4982 gratiam,
3058 4905 3150 4961 sed
3203 4901 3443 4957 visibiles
3490 4897 3849 4955 ecclesiarum

2274 4987 2364 5064 res
2412 5016 2621 5063 tantum
2658 5001 2833 5075 pretio
2887 5007 3270 5066 comparasse:
3322 4990 3446 5061 quia
3478 4987 3714 5057 contigit
3761 4998 3854 5038 eos

2277 5095 2747 5144 mnsecratiaaam
2794 5107 2823 5144 a
2868 5085 3286 5144 metronolitano
3332 5079 3500 5144 eratis
3546 5075 3853 5144 at’CPPisse-
