4064 5394
315 283 452 345 lli!

960 280 1336 343 ADVERSUS
1373 283 1793 345 SIMONIACOS
1830 287 2007 343 UBBI
2047 287 2246 344 TRES.
2278 318 2349 330 -—
2376 285 2580 344 LIBER
2617 282 2915 344 TEll'l'iUS

3415 281 3553 336 illi

306 405 393 458 dis
423 401 537 457 suis
558 368 856 471 opponunt.
885 397 1058 467 Unde,
1089 404 1213 472 quia
1242 403 1345 459 ltoc
1374 378 1592 475 pallium
1619 403 1879 459 mendacii
1912 407 1957 464 Α
1987 413 2165 473 parat,
2195 403 2298 459 nisi
2321 402 2596 457 licentiam
2618 399 2884 467 habendi,
2910 395 3186 465 equitandi
3205 420 3227 458 ο,
3248 403 3301 449 et
3323 393 3550 450 faciendi

310 508 499 548 eorum
554 491 716 546 breve
761 497 873 555 est,
923 500 1209 560 utrumque
1262 492 1459 562 operiri
1513 507 1617 545 non
1668 501 1879 561 potest,

311 582 569 653 quoniam
597 621 613 646 ,
650 579 694 634 si
722 595 788 634 eo
816 589 975 650 caput
1005 591 1317 650 coopertum
1346 580 1409 635 iri
1440 588 1645 635 tentant
1670 620 1685 644 ,
1718 580 1883 649 pedes

313 689 435 727 trux
465 671 687 724 nudant.
716 669 868 737 Quod
890 669 934 724 si
965 672 1126 741 pedes
1153 671 1470 739 cooperittnt
1496 710 1510 736 ,
1537 679 1699 739 caput
1723 668 1883 723 simul

313 760 734 830 discooperinnt.
777 760 886 813 Aut
922 759 1064 813 enim
1099 775 1162 814 ex
1206 757 1359 813 initio
1389 769 1483 813 aut
1512 775 1574 814 ex
1606 758 1710 813 line
1739 759 1882 813 actio

311 865 405 904 seu
435 849 661 904 intentio
683 864 870 901 eorum
894 848 1215 902 denudatur.
1260 847 1317 903 Si
1351 848 1495 901 enim
1519 849 1691 903 solum
1719 847 1885 916 patri-

310 940 571 1003 monium,
602 954 695 993 seu
717 953 935 992 censum
965 938 1219 993 Ecclesia:
1244 953 1557 1008 comparare
1581 939 1880 1002 voluerunt,

314 1043 486 1098 quare
530 1042 631 1082 nec
679 1041 831 1081 mora
885 1036 1008 1097 post
1048 1028 1410 1081 venditionem
1460 1036 1513 1079 et
1560 1028 1882 1095 emptionem

313 1120 494 1175 sedem
519 1117 755 1188 episcopi
779 1108 843 1171 et‘
867 1117 1245 1171 auctoritatem
1275 1116 1392 1185 ejus
1423 1117 1586 1171 e:iatn
1620 1130 1724 1169 non
1752 1131 1883 1168 cott-

314 1208 515 1263 sccrati
561 1206 865 1261 invadunt?
912 1204 1025 1260 Cur
1056 1206 1124 1259 de
1166 1203 1406 1269 inferiori
1444 1204 1509 1258 ad
1549 1204 1881 1272 superiorem

316 1298 541 1370 gradum
601 1296 929 1367 prosiliunt?
965 1297 1075 1349 Cur
1124 1294 1427 1364 episc0pale
1470 1293 1729 1363 judicium
1761 1332 1776 1354 ,
1832 1299 1887 1346 et

315 1385 598 1443 consilium
629 1400 789 1456 super
812 1385 1186 1454 delinquentes
1210 1384 1489 1453 proferunt
1509 1383 1535 1437 ἲ
1569 1397 1677 1452 quo
1706 1381 1888 1434 debito

315 1477 813 1540 eo..secrationetu,
870 1475 1130 1529 canonice
1170 1474 1358 1528 electis
1403 1474 1469 1526 ad
1516 1472 1884 1542 episcopatum

315 1567 576 1631 dandam,
600 1573 887 1635 expetunt,
924 1564 1026 1619 nisi
1052 1565 1175 1633 quia
1201 1565 1595 1633 possessionem
1632 1561 1888 1617 ecclesia-

317 1658 509 1714 sticam
532 1664 820 1723 retentant,
855 1671 1015 1725 quam
1040 1657 1185 1725 prius
1211 1666 1541 1722 coeznerttnt,
1568 1670 1667 1709 nec
1699 1669 1882 1723 quem-

318 1742 482 1823 quam
517 1765 680 1821 super
720 1764 780 1805 se
819 1749 1102 1804 ecclesiam
1150 1758 1538 1818 occupaturum
1575 1745 1887 1801 confidunt?
1919 1733 1962 1794 Β

317 1843 421 1912 Qui
447 1842 491 1899 si
519 1841 584 1898 ad
608 1842 711 1898 hoc
749 1849 954 1895 tantum
996 1840 1391 1895 ecclesiasticas
1423 1838 1705 1894 facultates
1737 1852 1889 1892 cont-

317 1940 512 2006 puranl
558 1942 619 1989 ut
651 1932 733 1989 eis
774 1941 1031 1995 utantur,
1068 1946 1237 2000 quare
1275 1946 1381 1985 non
1420 1930 1656 1984 contenti
1697 1943 1883 1983 earum

320 2042 453 2092 ttsu,
482 2027 702 2097 insuper
726 2023 1186 2088 benedictionem,
1229 2039 1389 2092 quant
1430 2037 1487 2077 se
1528 2038 1631 2076 non
1671 2037 1887 2089 compa-

314 2130 472 2173 rasse
495 2116 713 2180 dicunt,
738 2114 1078 2185 impudenter
1102 2115 1324 2183 exigunt
1346 2113 1370 2167 ?
1395 2113 1487 2167 sed
1514 2111 1680 2167 fortes
1699 2154 1711 2173 ,
1745 2110 1886 2183 quod

319 2222 426 2263 non
457 2215 625 2278 puto,
665 2204 851 2260 dicent
890 2218 949 2259 se
973 2244 988 2268 ,
1032 2204 1248 2273 quando
1286 2203 1484 2273 przedia
1522 2201 1886 2256 ecclesiastica

319 2308 600 2366 emerunt,
645 2298 887 2353 nescisse
920 2310 978 2351 se
1014 2295 1084 2351 ob
1124 2298 1227 2351 boc
1268 2295 1429 2350 etiam
1457 2293 1885 2356 consecrandos,

318 2392 414 2445 sed
438 2401 691 2461 tanquam
709 2388 877 2444 laicos
893 2372 1009 2457 quae
1031 2394 1275 2442 emerant
1288 2396 1504 2456 putasse
1520 2398 1884 2456 possessores.

319 2481 619 2537 Monstrettt
642 2496 771 2552 ergo
795 2481 1045 2533 omnibus
1065 2494 1122 2533 se
1145 2489 1271 2531 tunc
1293 2477 1533 2531 nescisse
1551 2517 1565 2539 .
1598 2486 1651 2529 et
1676 2483 1889 2529 cessent

320 2568 682 2641 episcopalem
707 2568 932 2639 gratiam
954 2568 1206 2636 exigere;
1237 2582 1396 2633 quam
1417 2606 1431 2629 ,
1460 2564 1687 2633 pretium
1712 2563 1889 2616 dando

318 2676 424 2733 pro
446 2659 606 2714 rebus
629 2658 1016 2713 ecclesiasticis
1037 2697 1052 2720 ,
1084 2671 1182 2711 nec
1207 2655 1514 2721 cogitabant
1539 2694 1553 2717 ,
1581 2668 1678 2705 nec
1703 2652 1887 2720 exige-

319 2748 474 2805 bant.
511 2746 577 2801 Et
608 2745 858 2816 quamvis
891 2759 1013 2799 cum
1044 2744 1329 2813 sacrilegio
1368 2744 1597 2796 habeant
1635 2741 1746 2794 Sola
1772 2755 1891 2809 qua:

323 2845 805 2908 comparaverunt,
857 2850 957 2890 nec
999 2835 1100 2888 sibi
1145 2833 1267 2888 ittde
1301 2833 1571 2902 justitiam
1623 2830 1891 2901 episcopis

322 2930 561 2985 debitam
592 2934 945 2998 prtesumant,
969 2925 1084 2991 sed,
1129 2924 1269 2979 sicut
1298 2923 1454 2990 laici,
1499 2938 1603 2977 non
1626 2921 1798 2978 solum
1824 2936 1891 2975 ex

1983 495 2107 548 inde
2136 494 2265 563 quid
2288 493 2445 548 vult?
2471 493 2647 548 Aliter
2669 492 2814 547 enim
2838 490 3061 561 quilibet
3087 488 3214 557 quid
3239 487 3553 555 comparat?

1982 586 2208 642 Constat
2253 598 2384 656 ergo
2430 583 2539 648 nil,
2590 584 2693 637 nisi
2742 583 3010 636 licentiam
3059 579 3141 634 vel
3164 592 3317 633 nsunt
3360 591 3550 631 rerum
3629 562 3659 594 “·

1981 691 2107 743 quas
2149 683 2382 729 veneunt
2409 713 2426 738 ,
2487 674 2815 743 comparari.
2873 671 3235 738 Quamobrem
3299 667 3555 722 desinant

1983 766 2274 822 S'moniaci
2304 765 2543 820 latrones
2563 763 2923 818 damnationis
2947 776 3058 813 sum
3081 756 3377 827 patibulum
3400 754 3540 810 desi-

1983 857 2144 922 bare;
2172 857 2279 910 itno
2299 856 2424 925 quia
2447 853 2730 924 parricida:
2752 861 2805 906 et
2827 851 3120 905 fratricida:
3139 856 3286 913 sunt,
3304 847 3554 913 ealcum,

1983 962 2090 1017 quo
2114 943 2357 1000 insuendi
2375 953 2432 998 et
2455 942 2710 1014 puniendi
2736 950 2879 1003 sunt,
2907 948 3115 993 cessent
3138 936 3335 992 frustra
3358 949 3551 1007 super-

1985 1052 2217 1108 uugere,
2258 1045 2313 1091 et
2360 1035 2574 1090 tandem
2607 1033 2689 1088 vel
2739 1046 2862 1087 sero
2887 1031 3094 1086 discant
3120 1042 3177 1082 se
3207 1044 3312 1084 non
3336 1040 3556 1096 posse:-

1984 1130 2167 1184 siones
2192 1125 2609 1189 ecclesiasticas,
2633 1124 2728 1179 sed
2755 1123 2928 1177 solam
2950 1120 3218 1177 licentiam
3244 1118 3553 1187 possidendi

1984 1231 2349 1289 comparasse.
2377 1215 2509 1283 Quae
2532 1213 2749 1269 licentia
2772 1211 3078 1268 benedictio
3103 1218 3184 1265 est
3205 1206 3554 1279 episcopalis,

1990 1319 2245 1380 tanquam
2305 1305 2646 1377 privilegium
2718 1302 3094 1373 possessionis.
3167 1298 3330 1355 Certe
3379 1295 3553 1349 sicubi

1986 1399 2529 1456 locorum'edictum.
2556 1397 2637 1452 sic
2685 1403 3111 1464 proponeretur,
3152 1401 3215 1445 ut
3256 1390 3308 1444 in
3338 1397 3558 1459 praeter.

1989 1493 2169 1548 missis
2205 1491 2626 1552 observaretur,
2684 1501 2753 1541 ne
2790 1484 2920 1555 qttid
2959 1483 3218 1538 videlicet
3257 1482 3375 1535 sine
3431 1479 3560 1533 snb<

1987 1584 2280 1654 scriptione
2317 1580 2478 1652 regite
2514 1592 2706 1633 manus
2745 1592 2774 1629 a
2817 1590 2925 1645 quo
2967 1573 3095 1628 inibi
3146 1570 3513 1642 possidentur
3540 1607 3557 1629 ,

1988 1674 2114 1744 quid
2144 1673 2403 1729 dicendus
2428 1677 2571 1725 esset
2598 1667 2793 1737 aliquis
2819 1680 3008 1719 eorum
3053 1662 3189 1733 jnre-
3212 1671 3559 1727 comparasse

1991 1765 2091 1823 nisi
2121 1765 2293 1821 solam
2326 1759 2777 1831 subscriptionem
2820 1757 3055 1826 regiam,
3098 1754 3212 1808 sive
3240 1751 3408 1822 gratis
3446 1749 3562 1805 sive

1990 1871 2096 1911 non
2143 1853 2313 1922 gratis
2355 1866 2478 1906 eam
2516 1844 2986 1916 consequeretur?
3050 1841 3236 1912 Neque
3271 1839 3415 1895 enim
3443 1837 3562 1894 sine

1990 1946 2080 2001 illa
2144 1943 2362 1999 licentia
2397 1941 2506 2013 juri
2545 1938 2663 2009 ejus
2706 1937 2923 1993 cederet
2969 1933 3274 2008 possessio,
3312 1928 3561 2003 quamvis

1987 2041 2322 2104 comparata.

2058 2127 2243 2199 itaque
2282 2122 2637 2195 principalius
2673 2119 2930 2183 licentia,
2985 2117 3102 2172 sive
3135 2113 3365 2187 gratuita
3391 2152 3406 2177 ,
3447 2109 3575 2166 sive

1989 2225 2202 2287 empta,
2230 2215 2504 2271 dominum
2530 2208 2887 2283 possessionis
2919 2208 2973 2261 in
3009 2205 3240 2259 alterum
3266 2199 3563 2270 translegat

1989 2322 2151 2378 quant
2179 2304 2451 2375 possessio
2476 2316 2733 2357 concessa
2789 2299 2873 2352 vel
2911 2305 3094 2366 empta
3132 2293 3429 2350 licentiam.
3469 2289 3562 2344 Sic

1989 2394 2314 2466 episc0palis
2343 2393 2578 2464 dignitas
2607 2391 2784 2461 potius
2810 2386 3226 2459 possessionem,
3246 2396 3410 2453 quam
3438 2394 3564 2451 pos-

1988 2486 2160 2542 sessio
2181 2482 2541 2553 episcopalem
2559 2480 2874 2549 dignitatcm
2896 2477 2997 2533 sibi
3021 2475 3277 2531 vindicat.
3298 2471 3367 2528 Et
3383 2480 3561 2528 tamen

1992 2574 2099 2632 tale
2117 2587 2201 2631 est
2224 2574 2528 2646 episcopale
2553 2572 2787 2627 alliciunt
2817 2580 2876 2624 ut
2898 2570 3015 2624 sine
3043 2568 3150 2630 bis,
3189 2564 3387 2635 quibus
3404 2559 3563 2615 debet

1991 2666 2262 2738 impendi,
2309 2665 2396 2720 vel
2415 2662 2692 2726 adhiberi,
2745 2677 2853 2716 non
2904 2659 2976 2717 sit
3016 2655 3250 2715 cilicium
3277 2693 3294 2719 ,
3329 2651 3477 2709 velut
3512 2650 3557 2707 si

1991 2762 2114 2833 quis
2142 2761 2354 2816 dicatur
2376 2757 2578 2813 habere
2603 2753 2880 2809 licentiam
2919 2765 3107 2822 agrum
3135 2746 3375 2810 colendi,
3416 2751 3475 2798 et
3508 2740 3570 2800 ei.

1992 2869 2122 2923 ager
2140 2865 2299 2921 quem
2327 2848 2468 2904 colat
2491 2847 2647 2902 desit.
2681 2844 2866 2899 Nonne
2888 2858 2950 2897 ea
2990 2839 3204 2896 licentia
3233 2846 3581 2906 supervacua.

1991 2951 2156 2998 estet
2185 2939 2331 2999 ttttlla
2357 2940 2380 2992 ?
2405 2938 2527 2998 Pari
2554 2933 2799 3004 exemplo
2834 2933 3154 3003 episcopus,
3200 2926 3292 2997 qui
3323 2924 3564 2993 superin-

322 3019 623 3083 beneﬁciis,
642 3017 735 3072 sed
763 3017 926 3071 etiam
954 3031 1019 3070 ex
1050 3015 1264 3086 praediis
1290 3016 1370 3068 sui
1396 3014 1656 3086 quidquid
1680 3013 1891 3083 cpiscoo

324 3126 329 3127 ,
500 3125 507 3127 ξ
546 3124 566 3127 ,4
588 3107 844 3127 -,,_-l___-e.
903 3106 1193 3127 na-..!.a___a
1227 3105 1312 3127 ,122
1341 3106 1584 3127 Α,-Ξ----.-
1616 3118 1863 3127 _............-

1995 3033 2209 3088 tendens
2256 3030 2454 3084 dicitur
2479 3068 2494 3091 ,
2536 3026 2712 3082 nullus
2761 3025 2901 3089 crit,
2940 3023 2984 3077 si
3027 3022 3077 3075 ei
3107 3019 3338 3075 defuerit
3376 3015 3577 3084 quibus

314 3114 515 3183 'porum
543 3107 869 3180 persolvant.
902 3106 1198 3169 Demittunt
1225 3105 1313 3159 alii
1339 3106 1586 3175 accipere
1611 3118 1895 3159 consecra-

325 3202 561 3263 tionem,
598 3196 956 3269 episcopalem
988 3195 1401 3260 anetoritatcm,
1439 3197 1743 3250 animarum
1767 3210 1897 3265 pro-

326 3291 691 3354 curationem,
732 3305 852 3359 quae
877 3288 1063 3358 procul
1104 3286 1270 3342 dubio
1309 3288 1611 3359 spiritualia
1643 3296 1804 3351 sunt,
1842 3294 1899 3342 et

327 3383 613 3440 invisibilis
650 3381 857 3454 gratim.
909 3381 1014 3437 Sed
1055 3390 1447 3451 recognoscant
1498 3382 1639 3451 quod
1681 3382 1894 3450 utique,

327 3487 615 3548 antequam
649 3475 1085 3545 negotiarentur,
1129 3482 1497 3544 cognoverunt
1529 3473 1595 3526 ad
1615 3473 1898 3542 episcopos

328 3584 416 3623 res
431 3567 782 3622 ecclesiarum
806 3562 1078 3635 pertinere
1101 3604 1115 3626 .
1140 3572 1265 3618 etse
1292 3563 1409 3617 illas
1432 3562 1709 3616 aliternon
1738 3574 1897 3631 posse

328 3658 594 3721 retinere,
642 3655 749 3710 nisi
798 3656 897 3709 sub
952 3652 1245 3725 episcopali
1295 3654 1478 3708 ltabitn
1524 3660 1581 3707 et
1637 3651 1894 3716 nomine,

329 3748 790 3805 consecrationem
841 3762 1001 3817 quam
1057 3748 1110 3800 in
1171 3745 1291 3801 aliis
1338 3744 1692 3799 ecclesiarum
1743 3743 1898 3799 bonis

327 3839 480 3913 prius
505 3846 783 3903 emerunt,
835 3837 978 3892 velut
1024 3837 1125 3892 sibi
1160 3836 1283 3906 jure
1319 3835 1552 3891 debitam
1592 3836 1893 3905 requirunt.

239 3945 245 3949 ‘
330 3928 541 3995 Nonne,
572 3944 697 3984 cum
729 3928 1040 3997 quislaicns
1070 3926 1278 3991 fundos,
1310 3936 1403 3980 attt
1428 3925 1579 3980 lacus
1597 3934 1893 3995 comparat,

312 4021 533 4096 'paritet‘
578 4035 790 4092 quoque
830 4019 1087 4091 quidquid
1120 4019 1221 4073 sibi
1262 4019 1386 4073 inde
1413 4019 1582 4086 gratis
1620 4016 1897 4085 proveniet

328 4113 650 4183 comparat?
683 4111 872 4166 Nonne
900 4112 1061 4164 etiam
1090 4111 1258 4179 ipsam
1284 4108 1582 4170 culturam,
1627 4122 1732 4176 qua
1767 4120 1894 4183 pos-1

331 4205 627 4260 sessionem
658 4209 907 4265 exercet,
939 4198 1265 4269 comparat?
1387 4198 1399 4210 '

948 4309 1175 4367 CAPUT
1213 4307 1274 4370 ll.

1998 3120 2426 3192 superitttendat.
2477 3118 2543 3174 Et
2582 3117 2711 3187 quid
2749 3115 2949 3185 plura?
2988 3109 3256 3181 Quidquid
3292 3108 3571 3175 insepataz

1998 3211 2180 3270 biliter
2219 3209 2531 3267 continetur
2556 3222 2585 3261 a
2623 3206 2904 3276 quolibet,
2943 3211 3192 3259 neutrum
3227 3211 3414 3254 eorum
3452 3195 3585 3250 sino

1998 3304 2171 3360 altero
2218 3302 2379 3359 vendi
2432 3308 2490 3357 et
2526 3297 2829 3369 comparari
2877 3295 3041 3351 valet.
3095 3290 3351 3349 Continet
3386 3295 3573 3347 autem

1996 3393 2319 3467 episcopalis
2362 3391 2598 3463 dignitas
2644 3402 2733 3447 res
2771 3386 2882 3453 Deo
2926 3391 3205 3448 sacratas;
3260 3377 3599 3434 continetur

1998 3464 2219 3563 quoque
2251 3484 2320 3538 ab
2342 3483 2422 3538 eis
2443 3520 2459 3547 ,
2507 3481 2618 3537 imo
2659 3479 2715 3534 in
2761 3477 2870 3542 eis,
2922 3482 2981 3529 ttt
3024 3480 3152 3544 puta
3180 3478 3237 3525 et
3263 3469 3377 3539 ipsa
3402 3479 3433 3520 a
3461 3464 3578 3522 D80.

1998 3556 2314 3633 consecrata
2336 3614 2351 3641 ,
2398 3589 2464 3628 ac
2488 3571 2536 3627 si
2561 3569 2841 3642 quodlibet
2867 3564 3170 3635 subjectum
3198 3563 3278 3618 sic
3302 3573 3398 3615 sua
3426 3556 3568 3612 acci-

1998 3670 2178 3725 dentia
2217 3665 2498 3723 contineat
2534 3671 2591 3717 ut
2628 3662 2679 3717 id
2713 3672 2927 3730 quoque
2951 3657 3018 3711 ab
3056 3652 3188 3726 ipsis
3214 3645 3578 3722 principalius

1996 3761 2362 3817 contineatur.
2392 3755 2545 3813 Unde
2565 3754 2707 3809 sicut
2726 3751 2781 3806 itt
2802 3748 3054 3806 omnibus
3080 3747 3241 3801 rebus
3266 3737 3579 3797 visibilibus

1997 3851 2426 3920 quandocunque
2477 3845 2820 3906 venduntur,
2888 3854 2996 3899 non
3062 3843 3273 3892 tantum
3327 3832 3571 3920 ipsarum

1996 3917 2228 3995 visibilis
2256 3936 2521 4001 materia,
2572 3940 2834 4005 quantum
2864 3923 3298 3985 substantialiter
3321 3937 3385 3974 et
3423 3917 3577 3973 θεοῖ-ς

1998 4028 2217 4091 tientia.
2266 4039 2386 4097 qua:
2439 4023 2625 4093 utique
2674 4035 2768 4091 per
2826 4033 2887 4073 se
2940 4013 3173 4071 visibilia
3252 4019 3378 4066 sunt
3434 4024 3567 4065 von—

1997 4116 2221 4177 dnntnr,
2263 4114 2391 4169 licet
2435 4119 2685 4167 neutrum
2728 4108 2848 4164 sine
2883 4107 3055 4161 altero
3102 4102 3256 4158 vendi
3294 4100 3575 4171 patiatur;

1998 4209 2076 4263 sic
2107 4218 2163 4262 ct
2212 4206 2265 4260 itt
2306 4205 2467 4263 rebus
2495 4202 2604 4257 Deo
2651 4197 3000 4262 consecratis,
3046 4195 3099 4251 in
3156 4194 3351 4265 quibus
3399 4191 3577 4261 magis

1998 4296 2365 4360 consecratio,
2397 4309 2587 4351 eorum
2624 4292 2709 4348 vel
2745 4289 3136 4350 sanctiﬁcatio,
3163 4302 3283 4357 quae
3327 4291 3411 4340 est
3439 4282 3575 4353 'Spi-.

327 4404 694 4477 Comprobatio
720 4404 795 4460 nil
822 4403 1461 4484 prodesse-possessionem
1487 4417 1597 4458 stne
1625 4399 1893 4472 privilegio
1922 4396 1973 4456 D
1999 4394 2133 4448 ritus
2172 4389 2342 4462 sancti
2383 4386 2555 4459 gratia
2583 4400 2675 4457 per
2708 4400 2769 4457 se
2804 4383 3019 4453 quidem
3061 4378 3346 4435 invisibilis
3375 4374 3569 4482 vendi-

1039 4490 1173 4543 qua.

400 4563 459 4620 Si
491 4564 636 4620 enim
668 4563 935 4619 culturam
973 4563 1143 4635 ipsam
1163 4605 1177 4628 ,
1214 4563 1323 4618 imo
1360 4563 1632 4618 licentiam
1665 4561 1897 4616 habendi

328 4664 383 4710 et
404 4654 615 4712 colendi
648 4669 753 4710 non
777 4646 1087 4725 comparat,
1128 4656 1399 4727 possessio
1425 4660 1737 4722 comparata
1769 4652 1896 4721 quid

330 4745 599 4802 commodi
635 4744 686 4800 ei
720 4745 982 4815 prastat?
1022 4742 1250 4799 Videtur
1278 4744 1422 4800 enim
1460 4743 1534 4796 nil
1568 4742 1712 4796 aliud
1734 4756 1898 4811 quam

328 4853 439 4893 suae
469 4835 717 4907 pecuniae
747 4835 1019 4906 jacturatn
1056 4833 1293 4888 voluisse
1329 4833 1543 4896 facere,
1593 4841 1648 4886 et
1679 4833 1899 4901 insuper

329 4941 439 4982 suae
464 4939 710 4998 personae
732 4964 748 4989 ,
774 4933 830 4980 et
859 4925 970 4981 suis
991 4922 1213 4980 acerbas
1239 4922 1466 4993 injurias
1488 4963 1503 4987 ,
1527 4930 1582 4977 et

328 5018 551 5086 emisse;
576 5017 1006 5090 quandocunque
1028 5026 1311 5085 prmsumet
1333 5030 1592 5071 exercere
1611 5015 1899 5082 culturam,

327 5124 489 5177 quam
521 5110 575 5165 in
600 5118 918 5177 comparato
955 5106 1119 5162 fundo
1146 5120 1250 5160 non
1285 5105 1640 5175 comparavit.
1689 5105 1805 5172 Qua
1833 5118 1901 5159 ex

2000 4492 2109 4547 tur,
2155 4482 2280 4537 licet
2330 4494 2545 4551 quoque
2597 4478 2725 4548 ipsa:
2770 4491 2859 4533 res
2919 4474 3236 4530 vendantur.
3292 4466 3581 4538 Denique,

1996 4575 2144 4629 verbi
2169 4572 2370 4646 gratia,
2398 4571 2490 4641 qui
2520 4570 2767 4624 arborem
2791 4572 3071 4636 comparat
3089 4604 3105 4626 ,
3137 4560 3308 4631 magis
3336 4558 3384 4612 ei
3426 4573 3572 4612 com-

1997 4672 2155 4734 parat
2169 4663 2285 4733 ejus
2306 4659 2559 4722 l'ormam,
2581 4658 2785 4715 scilicet
2808 4656 3225 4725 proceritatem,
3249 4646 3569 4716 grossilndi-

1998 4771 2149 4818 nem,
2192 4738 2264 4813 et,
2310 4761 2368 4806 ut
2402 4750 2635 4806 breviter
2667 4749 2879 4803 dicatur
2904 4786 2920 4812 ,
2961 4744 3322 4814 quantitatem
3357 4735 3473 4803 ejus
3520 4743 3579 4793 et.

1998 4843 2310 4914 qualitatem
2337 4879 2352 4903 ,
2391 4854 2510 4908 quae
2535 4852 2631 4905 per
2658 4852 2716 4892 se
2743 4845 2867 4889 sunt
2899 4831 3213 4894 invisibilia,
3241 4840 3403 4898 quam
3450 4824 3576 4881 sub-

1995 4912 2192 5007 jectam
2211 4929 2456 4987 sensibus
2477 4941 2573 4996 per
2589 4924 2790 4979 formas
2809 4922 3111 4981 materiam.
3140 4920 3232 4972 Sic
3247 4912 3336 4983 qui
3351 4926 3573 4982 equum,

2001 5026 2080 5081 sic
2112 5024 2202 5095 qui
2243 5019 2465 5077 fundum
2492 5030 2545 5072 et
2567 5030 2896 5089 quascunque
2920 5010 3231 5081 bujusmodi
3256 5012 3403 5062 sunt.
3476 5044 3479 5047 λ

2619 5124 2848 5183 CAPUT
2882 5125 2970 5181 Ill.
