4064 5394
551 248 700 310 ηια-

546 452 755 513 lusores
785 458 927 554 Deus
959 465 1177 524 illudet.’
1202 452 1516 541 Quos-licet
1551 452 2003 554 praecedentibus—
2018 452 2123 552 1.1;.

540 551 987 634 nmnm_scienti:e
1014 570 1578 631 argumentationibus
1617 570 1996 648 quaesierimus
2027 605 2120 644 ar-

538 648 727 707 guere,
765 640 1024 703 habemus
1057 659 1235 709 tamen
1280 657 1333 713 in
1370 640 1871 734 promptu-divinas
1903 688 2122 735 saneto-

537 740 658 782 rum
718 729 938 790 Patrum
984 746 1301 809 sententias,
1351 729 1471 821 qure
1525 756 1654 812 solae
1697 761 1972 821 suilieinnt
2021 785 2118 826 ora

533 829 722 874 eorum
750 824 1016 894 oppilare,
1045 840 1100 885 et
1128 838 1631 904 tergiversationem
1672 850 1889 909 sistere.
1936 855 2118 928 Siqui-

539 906 650 928 ..ω
706 925 744 928 μ
835 924 846 928 _
960 926 966 928 Α
1086 923 1098 928 _
1142 912 1153 920 .

1848 906 1887 909 μ
1936 906 2087 928 την..

533 906 657 963 dem
697 924 884 971 sancta
918 926 969 974 et
1006 912 1332 985 universalis
1375 938 1617 1005 synodus
1659 941 2118 1010 Chalcedonensis

533 996 625 1069 (ο.
656 999 734 1072 2)
762 1008 1005 1065 unanimi
1066 1029 1333 1076 consensu
1379 1029 1623 1085 eamdem
1672 1049 1836 1105 super
1894 1054 2117 1101 meone-

530 1105 706 1159 mum,
739 1094 793 1151 id
821 1107 905 1154 est
932 1103 1364 1172 dispensatorem
1395 1131 1493 1186 per
1515 1094 1775 1189 pecunias
1807 1143 2112 1199 promotum

528 1186 858 1245 sententiam
890 1190 1212 1266 intentavit,
1251 1219 1414 1274 quam
1459 1186 1626 1281 super
1669 1186 1978 1290 episcopum
2030 1226 2113 1283 vel

525 1274 944 1349 presbyterum,
1005 1297 1343 1364 caeterosque
1398 1299 1675 1360 ministros
1719 1309 1986 1369 clericalis
2014 1331 2111 1371 or-‘

527 1362 708 1476 diuis...
752 1371 962 1430 scilicet
997 1388 1055 1433 ut
1108 1362 1390 1451 prnuiotor
1436 1392 1757 1468 deponatur,
1801 1412 1875 1459 et‘
1895 1422 2112 1476 promo-

524 1461 613 1509 tus
637 1453 847 1516 alienus
870 1463 941 1518 sit
985 1480 1015 1520 a
1055 1471 1439 1542 sollicitudine,
1464 1453 1626 1551 quam
1673 1453 1925 1558 pecuniis
1963 1511 2111 1566 quie-

518 1543 671 1612 sivit,
713 1558 767 1604 et
795 1554 1126 1627 mediatores
1163 1572 1272 1621 tam
1306 1543 1581 1642 turpis-ac
1614 1543 1835 1638 nefandi
1877 1543 2008 1652 dati.
2051 1600 2108 1646 et

519 1637 748 1707 accepti,
782 1640 827 1695 si
852 1642 1037 1703 clerici
1052 1643 1283 1721 iuerint,
1324 1660 1684 1731 deponantur.
1724 1671 1781 1726 Si
1819 1691 1950 1732 vero
1979 1679 2104 1738 laici

1609 276 1966 346 HUMBERTI
2009 290 2068 348 s.
2111 273 2178 350 ιτ.
2222 294 2285 351 ε.
2324 295 2767 358 εΑιιυιΝΑιιε·
3089 306 3155 357 τι,

545 374 595 470 et
627 375 721 422 aut
740 369 1087 443 resipiscam,
1119 388 1215 436 aut
1238 379 1340 441 soli
1363 397 1609 459 perant,
1643 399 1855 454 sensuri
1879 401 2003 470 quia
2032 404 2125 460 de-
2153 408 2201 469 Α
2650 422 2653 427 ’

3668 322 3813 385 litt

3304 400 3405 436 ’δῖε
3463 439 3478 451 ι

2832 439 3063 503 CAPUT
3096 444 3170 504 IV

2222 558 2303 615 De
2345 565 2786 659 s‘anctiﬁcqtlione.
2826 576 3187 659 sanctiﬁcante
3253 595 3340 659 rei
3392 581 3805 659 ecclesiasticas,

2292 632 2721 714 subsequentibus
2768 642 2889 697 inde
2943 632 3263 705 structorum,
3288 632 3809 714 Patrum

2292 703 2416 759 niis.

2290 829 2443 889 Unde
2495 852 2601 893 non
2656 841 2855 898 mirum
2909 846 2955 901 si
3005 847 3347 918 dispensator
3395 853 3803 935 cujuscunqxe,

2217 926 2705 1000 quantulaecunque
2734 935 2811 990 rei
2833 938 3217 1000 ecclesiasticae
3241 960 3338 1014 per
3358 950 3649 1015 pecuniam
3674 926 3809 1026 pro-

2215 1023 2416 1080 motus,
2439 1018 2651 1075 etiamsi
2680 1038 2787 1078 non
2817 1039 3190 1100 consecretur,
3219 1036 3512 1095 damnatur
3532 1043 3601 1097 ab
3624 1044 3806 1100 eccle-

2213 1104 2451 1163 siasticis
2475 1112 2677 1182 regulis
2697 1129 2819 1171 cum
2844 1120 2959 1175 suis
2978 1125 3291 1183 auctoribus
3312 1140 3367 1185 et
3386 1135 3803 1203 mediatoribus,

2211 1206 2277 1248 ac
2321 1194 2366 1248 si
2410 1211 2845 1271 consecraretur,
2888 1209 3016 1277 quia
3064 1226 3289 1271 necesse
3329 1228 3414 1274 est
3456 1235 3641 1280 saneta
3686 1228 3806 1282 sint

2211 1296 2546 1358 quaecunque
2579 1296 2874 1351 sanctuarii
2905 1307 2961 1353 et
2988 1299 3177 1358 altaris
3201 1302 3565 1379 famulantur,
3608 1321 3665 1369 et
3694 1313 3797 1371 dc-

2208 1372 2410 1430 bentur
2435 1379 2642 1437 usibus.
2671 1383 2825 1451 Quod
2843 1388 2890 1442 si
2926 1400 3118 1447 sancta
3148 1404 3299 1461 sunt,
3326 1398 3475 1453 sicut
3498 1372 3622 1453 Vere
3640 1406 3799 1467 sunt,

2209 1481 2434 1524 necesse
2479 1480 2564 1527 est
2607 1476 2952 1537 sanctitatem
2997 1492 3054 1539 et
3092 1487 3577 1546 sanetilicationem
3630 1492 3685 1547 in
3731 1507 3800 1551 se

2208 1555 2463 1626 habeant,
2505 1562 2631 1632 quia
2681 1577 2870 1625 sancta
2919 1581 3064 1629 sunt.
3115 1574 3397 1637 Sanctitas
3447 1589 3654 1649 autem,
3703 1583 3797 1643 vel

2206 1651 2565 1709 sanctiﬁcatio
2601 1671 2701 1712 nec
2743 1668 2845 1727 est,
2893 1678 2996 1719 nee
3037 1678 3161 1721 esse
3195 1678 3378 1737 potest
3413 1671 3533 1727 sine
3581 1674 3795 1745 Spiritu

513 1734 615 1780 aut
674 1736 926 1791 monachi
983 1744 1535 1822 anathematizentur,
1599 1771 1854 1832 putasne,
1908 1734 2104 1843 sentis,
2136 1748 2181 1809 Β
2210 1750 2420 1841 ³³¹³Ῡι⁰’
2456 1744 2564 1843 im?
2590 1747 2701 1816 ipsa
2731 1759 2814 1805 em
2841 1750 3078 1824 Spiritus
3098 1768 3342 1826 “nam”
3371 1762 3520 1818 velut
3539 1765 3794 1837 quisquis

515 1814 823 1843 Q2...-..:-,_-
876 1841 900 1843 η
922 1842 925 1843 ,
946 1826 999 1843 η.
1130 1842 1133 1843 ν
1387 1840 1397 1843 -

512 1814 847 1889 Situoniaee,
874 1826 1095 1897 pallium
1122 1842 1270 1892 tuum
1296 1814 1637 1904 cmlesti'tibi
1662 1814 1881 1913 ﬂamine
1906 1815 2101 1919 decus:

510 1921 668 2014 sinu,
702 1920 863 2014 teque
893 1924 1096 2014 nudum
1131 1928 1233 1983 sub
1263 1930 1583 1995 hiemalibus
1622 1957 1857 2014 superno
1885 1951 2100 2012 fulmini

511 1997 808 2060 relictum?
855 2012 1099 2068 sentisne
1160 2033 1539 2083 sescentorum
1598 1997 1818 2105 trigrinta
1876 2039 2101 2102 Patrum

506 2091 814 2153 trabalibus
837 2100 963 2159 telis
989 2106 1298 2178 confossus,
1342 2116 1471 2186 quid
1496 2091 1867 2194 comparando
1896 2134 2099 2193 sollici-

507 2180 755 2240 tudinem
791 2188 876 2244 vel
918 2192 1377 2265 dispensationem
1422 2180 1851 2276 ecclesiasticam
1896 2222 2099 2284 habeas

507 2270 690 2331 minus
726 2276 850 2344 illis,
878 2283 971 2352 qui
1006 2284 1179 2356 ipsam
1208 2305 1425 2365 quoque
1449 2307 1918 2365 consecrationem
1949 2327 2091 2371 com-

504 2370 810 2447 pararunt?
838 2370 979 2436 Ecce
1000 2389 1318 2443 meonomus
1340 2402 1426 2443 res
1446 2392 1847 2456 ecclesiasticas
1875 2402 2095 2475 dispen-

505 2472 651 2523 sare,
679 2476 785 2517 non
820 2475 1004 2523 autem
1043 2478 1354 2534 consecrari
1388 2484 1568 2551 pretio
1607 2493 1877 2561 quaesivit,
1912 2472 2094 2571 neque

502 2548 650 2604 enim
695 2548 1431 2638 teconomus'consecratur,
1481 2583 1539 2630 et
1590 2548 1768 2639 tamen
1816 2587 1862 2642 si
1918 2548 2093 2660 pretio

501 2643 874 2713 pronmvetur,
951 2651 1302 2716 nihilominus
1373 2663 1779 2730 damnationem
1855 2643 2091 2742 incurrit

500 2746 667 2800 quam
693 2737 980 2811 episcopus
1005 2753 1098 2800 aut
1134 2748 1421 2824 presbyter
1440 2756 1615 2827 pretio
1645 2737 1948 2834 promotus.

498 2825 626 2889 hoc,
663 2830 766 2887 nisi
793 2835 917 2904 quia
946 2852 1054 2894 non
1086 2842 1260 2899 solum
1306 2848 1358 2903 in
1396 2854 1669 2918 maximis,
1703 2861 1798 2916 sed
1833 2867 1998 2924 etiam
2030 2871 2086 2927 in

496 2919 741 2978 minimis
771 2926 1152 2989 ecclesiasticae
1187 2944 1590 3006 procurationis
1617 2950 1809 3015 olliciis
1848 2961 2086 3034 Spiritus

498 3020 723 3067 Sanetus
766 3020 1064 3083 operatur?
1105 3021 1260 3090 Quod
1308 3034 1684 3100 experimento
1712 3020 1954 3107 moverat
1993 3020 2083 3112 ille

491 3095 837 3169 dispensator
860 3107 1058 3176 ﬁdelis,
1088 3116 1178 3182 qui
1201 3095 1418 3178 dicebat
1455 3144 1468 3179 :
1503 3146 1522 3179 σ
1561 3128 1653 3187 Sic
1681 3153 1782 3194 nos
1805 3095 2081 3202 existimet

492 3187 660 3247 homo
688 3204 746 3250 ut
786 3199 1065 3260 ministros
1093 3205 1295 3267 Christi
1340 3221 1397 3269 et
1434 3217 1843 3290 dispensatores
1882 3247 2080 3308 myste-

492 3280 698 3308 ..:.._....-
749 3286 877 3308 *μέν
921 3292 935 3308 ·
963 3294 975 3308 ·
1363 3307 1368 3308 ⁷

491 3280 701 3346 rioru'n
749 3286 844 3344 Del
866 3307 880 3356 ξ
921 3292 1007 3352 hic
1047 3313 1158 3371 1am
1202 3307 1467 3379 quaeritur
1501 3312 1645 3374 inter
1670 3280 2079 3394 dispensai'ores

478 3384 494 3434 i
728 3474 744 3489 .
771 3384 1225 3465 qms‘tnveniatur
1248 3398 1299 3471 (1
1330 3399 1455 3458 Cor.
1489 3422 1568 3473 tv,
1606 3410 1657 3475 1,
1688 3384 1774 3481 2):
1794 3433 1815 3467 ι
1838 3384 2080 3489 Denique

491 3471 564 3531 de
608 3474 987 3547 spirituaiibus
1029 3485 1218 3544 nolens
1254 3489 1508 3560 ignorare
1549 3471 1885 3572 Corinthios,

492 3583 519 3621 ε
557 3566 861 3629 Divisiones
898 3575 1193 3647 gratiarum
1226 3591 1372 3649 sunt,
1407 3585 1548 3643 idem
1591 3600 1771 3650 autem
1810 3598 2074 3669 spiritus;

485 3668 546 3718 et
572 3662 866 3723 divisiones
899 3667 1361 3731 ministrationum
1385 3688 1540 3747 sunt,
1578 3681 1719 3740 idem
1752 3662 1930 3745 autem
1967 3662 2076 3749 Do;

487 3752 703 3821 minus,
740 3764 798 3813 et
831 3758 1127 3819 divisiones
1165 3769 1545 3836 operationum
1587 3784 1737 3842 sunt,
1767 3779 1909 3836 idem
1934 3770 2076 3841 vero

485 3843 634 3903 Deus
659 3848 754 3920 qui
779 3861 1043 3920 operatur
1068 3857 1250 3913 omnia
1281 3859 1332 3914 in
1370 3864 1623 3921 omnibus
1659 3866 1712 3938 (I
1738 3868 1863 3925 Cor.
1891 3887 1991 3940 xu,
2014 3876 2076 3932 6-

487 3934 566 4004 6).
592 3954 613 3990 ι
644 3937 748 4006 Qui
780 3957 904 3998 mox
935 3946 1233 4003 secundum
1264 3950 1478 4020 quodin
1507 3934 1724 4013 tertium
1758 3960 1957 4018 eteium
1978 3934 2072 4020 ra-

483 4036 614 4096 ptui
643 4044 838 4097 novem
874 4036 1181 4094 antestium
1211 4042 1489 4111 agminum
1514 4048 1738 4106 ordines
1769 4067 2072 4126 conspexe-

482 4127 593 4186 rat,
637 4137 833 4192 novem
879 4144 1096 4202 quoque
1134 4134 1436 4203 gratiarum
1491 4137 1967 4202 distributionibus
2016 4149 2069 4204 in

482 4209 591 4273 hoc
613 4224 803 4272 nostro
823 4204 990 4290 regno
1020 4224 1304 4292 caelorum,
1337 4229 1395 4285 id
1415 4240 1498 4287 est
1521 4222 1572 4288 in
1600 4240 1853 4304 przescnti
1882 4242 2070 4301 Eccle-

480 4301 566 4369 sia
590 4311 950 4375 enumeratis,
988 4314 1267 4379 subiunxit
1307 4336 1320 4373 :
1375 4340 1394 4374 ‹
1435 4320 1559 4379 limo
1599 4329 1785 4383 omnia
1813 4345 2071 4400 operatur

480 4409 626 4450 unus
672 4411 739 4453 ac
796 4399 938 4455 idem
991 4403 1247 4471 Spiritus,
1300 4408 1549 4467 dividens
1599 4399 1860 4488 singulis,
1909 4434 2069 4492 prout
2098 4430 2146 4493 D

480 4487 600 4544 Vult
628 4488 685 4561 (I
712 4488 834 4546 Cor.
876 4508 975 4560 xu,
1017 4496 1126 4562 ll).
1151 4516 1169 4549 ι
1200 4497 1265 4553 Et
1300 4503 1584 4559 considera
1614 4487 1757 4577 quod
1780 4487 2068 4581 Apostolus

478 4578 574 4646 qui
615 4580 767 4649 prius
816 4583 918 4639 sub
962 4587 1205 4642 ternario
1246 4604 1473 4647 numero
1511 4578 1841 4664 spiritualesi
1863 4605 2068 4673 gratias

478 4674 993 4744 comprehenderat,
1027 4694 1151 4735 mox
1173 4696 1268 4737 eas
1296 4681 1348 4737 in
1371 4689 1727 4745 novenarium
1758 4692 1861 4753 dibi
1873 4703 1969 4760 tat,
1992 4697 2067 4752 si-

475 4761 745 4830 gniﬁcans
771 4767 934 4843 quod,
967 4767 1139 4823 instar
1163 4771 1337 4826 beata:
1370 4770 1672 4843 Trinitatis,
1710 4786 1822 4837 tres
1854 4788 2062 4840 tantum

478 4838 827 4918 diversitates
869 4855 1148 4918 hominum
1197 4860 1250 4915 in
1296 4862 1456 4934 hujus
1502 4838 1764 4937 temporis
1818 4870 2060 4932 Ecclesia

476 4938 845 5013 inveniantur,
907 4949 1192 5005 doctorum
1249 4953 1490 5022 scilicet,
1547 4958 1947 5019 continentium
2007 4976 2065 5024 et

472 5032 910 5108 etmjugatorum.
958 5040 1090 5108 Qum
1134 5050 1314 5100 tamen
1359 5055 1489 5114 tres,
1532 5050 1577 5104 si
1618 5066 1719 5120 pro
1755 5051 2059 5114 oliiciornm

472 5123 810 5178 diversitate-
832 5131 980 5178 velut
1001 5137 1365 5178 namnnalitar
1400 5142 1818 5178 οηηοῖήωιηνιιιη.
1863 5165 2055 5178 ...μη-η

2205 1830 2422 1899 sapiens
2464 1834 2545 1889 vel
2583 1848 2765 1895 castus
2802 1852 2905 1908 est,
2942 1858 3165 1903 necesse
3210 1857 3297 1905 est
3339 1853 3661 1923 sapientiam
3704 1858 3793 1913 vel

2203 1920 2511 1980 castitatem
2545 1924 2599 1980 in
2624 1941 2687 1983 se
2720 1928 2938 1998 habeat,
2963 1935 3089 2005 quia
3116 1939 3337 2009 sapiens
3361 1920 3447 1996 vel
3468 1953 3656 2001 castus
3676 1957 3789 2003 est.

2201 2007 2390 2081 itaque
2413 2023 2628 2071 constat
2651 2021 3144 2082 sanetilicationem
3172 2007 3258 2088 vel
3284 2033 3655 2101 sanctitatem,
3679 2038 3786 2092 sei-

2200 2099 2326 2158 licet
2374 2103 2634 2174 Spiritum
2683 2120 2953 2181 sanctum,
3007 2119 3384 2189 sanetillcatis,
3438 2123 3523 2179 vel
3576 2099 3790 2187 sanctis

2198 2191 2381 2260 rebus,
2421 2205 2513 2251 aut
2557 2202 2805 2269 personis
2851 2203 3049 2261 inesse.
3099 2207 3443 2282 Quapropter
3471 2216 3786 2288 quicunque

2196 2283 2523 2354 stipendium
2555 2289 2639 2344 vel
2666 2290 2989 2350 beneﬁcium
3010 2298 3444 2357 ecclesiasticum
3472 2283 3661 2362 vendit
3684 2283 3785 2365 aut

2195 2375 2344 2441 emit,
2401 2378 2661 2449 Spiritum
2707 2392 2953 2440 sanctum
3002 2388 3190 2456 procul
3237 2390 3401 2448 dubio
3453 2396 3645 2452 vendit
3684 2407 3782 2453 aut

2193 2465 2344 2531 emit,
2376 2482 2482 2523 non
2514 2480 2571 2525 ut
2607 2469 2721 2542 ipse
2757 2472 2991 2545 Spiritus
3031 2488 3250 2536 sanctus
3296 2482 3349 2538 in
3390 2499 3472 2552 re,
3512 2493 3612 2542 aut
3647 2502 3782 2544 eum

2193 2572 2254 2614 re
2280 2560 2495 2620 vendita
2517 2573 2613 2620 aut
2639 2576 2818 2635 empta
2852 2568 3138 2639 habeatur,
3178 2575 3273 2630 sed
3307 2584 3366 2631 ut
3392 2578 3463 2635 ab
3489 2594 3578 2646 ea,
3607 2596 3775 2651 quam

2191 2650 2590 2720 sanetiflcabat,
2638 2654 2877 2714 offensus
2927 2660 3216 2734 eﬂ'ugetur,
3268 2674 3324 2720 et
3369 2667 3442 2729 ah
3492 2650 3779 2727 immundo

2190 2740 2385 2809 spiritu
2411 2744 2695 2812 polluenda
2731 2752 3077 2819 pervadatur,
3101 2754 3256 2824 juxta
3289 2759 3432 2827 quod
3463 2775 3565 2830 per
3596 2760 3771 2816 Mala.

2189 2829 2366 2886 cbiam
2394 2833 2596 2889 dicitur
2627 2852 2641 2890 :
2680 2855 2701 2891 ι
2745 2838 3148 2898 Contaminavit
3185 2844 3355 2904 ludas
3381 2829 3777 2921 sanctiﬁcatio,-

2187 2935 2310 2978 nem
2334 2923 2569 2992 Domini,
2609 2943 2771 2999 quam
2797 2930 2986 2989 dilexit
3015 2934 3236 3004 (Malae.
3262 2955 3324 3005 ιι,
3366 2942 3474 3010 Η).
3517 2961 3536 2994 ι
3584 2942 3777 3015 Neque

2184 3013 2330 3070 enim
2369 3018 2731 3076 sanctiﬁcatio
2762 3026 3121 3081 contaminari
3164 3038 3365 3097 potest,
3395 3033 3488 3087 sed
3520 3013 3774 3107 metony-

2185 3104 2356 3160 micos
2401 3122 2502 3176 pro
2545 3123 2612 3164 eo
2652 3112 2799 3181 quod
2849 3116 3111 3183 continet,
3162 3119 3215 3174 id
3263 3123 3409 3192 quod
3456 3104 3774 3185 continetur

2182 3198 2541 3256 contaminari
2591 3202 2792 3259 dicitur
2832 3222 2847 3259 :
2901 3204 3001 3265 Ubi
3051 3224 3139 3264 res
3178 3225 3243 3265 ea
3291 3228 3455 3283 quam
3504 3216 3772 3273 hactenus

2181 3289 2559 3348 sanetilicabat
2602 3294 2840 3365 qualiter
2883 3297 3086 3354 dictum
3130 3310 3214 3356 est
3259 3306 3616 3367 contaminat.
3659 3309 3769 3367 Pro

2181 3379 2380 3436 talibus
2409 3384 2648 3451 quandiu
2687 3400 2798 3442 non
2824 3388 3176 3459 resipuerint,
3206 3408 3309 3449 nec
3336 3397 3604 3452 orandum
3637 3413 3765 3458 san-

2179 3479 2301 3528 ctus
2354 3472 2715 3548 Hieronymus
2770 3494 2935 3549 super
2992 3484 3245 3539 eumdem
3304 3488 3627 3558 prophetam
3683 3493 3766 3547 sic

2178 3573 2363 3633 aperte
2389 3569 2628 3625 ostendit
2676 3588 2690 3624 :
2743 3588 2764 3624 ε
2817 3571 2954 3640 Quia
2994 3574 3162 3644 igitur
3201 3577 3304 3634 hoc
3342 3581 3610 3649 fecerunt,
3638 3599 3765 3653 pro-

2174 3654 2352 3723 phetae
2379 3656 2446 3711 ad
2474 3672 2571 3713 eos
2598 3674 2781 3717 sermo
2820 3663 3094 3734 dirigitur,
3127 3676 3184 3721 et
3211 3684 3240 3722 a
3273 3679 3497 3739 peccato
3526 3673 3761 3735 maledi-

2175 3743 2446 3802 ctionibus
2473 3751 2844 3808 retrahuntur.
2885 3753 2996 3811 Nec
3026 3756 3163 3812 dixit
3193 3773 3209 3813 :
3249 3760 3535 3818 Maledicat
3568 3763 3761 3820 Domi-

2176 3850 2278 3894 nus
2321 3837 2372 3892 ei
2401 3840 2495 3909 qui
2540 3838 2670 3899 fecit
2714 3844 2840 3911 hoc,
2877 3847 2973 3902 sed
3019 3849 3110 3918 qui
3159 3849 3373 3919 fecerit,
3417 3853 3470 3907 in
3515 3853 3758 3911 futurum

2176 3930 2405 3987 tendens
2435 3933 2892 4004 maledictionem,
2929 3948 2988 3994 ut
3030 3952 3345 4010 peccatores
3387 3945 3454 4000 ad
3497 3948 3762 4016 paeniten-

2175 4019 2307 4078 tiam
2337 4034 2720 4091 provocentur.
2753 4027 3041 4085 Doaorem
3075 4032 3275 4101 inquit,
3318 4045 3484 4104 atque
3519 4037 3760 4107 discipu~

2172 4110 2324 4179 lum;
2366 4115 2482 4177 sive
2514 4116 2606 4173 ille
2628 4119 2884 4176 sacerdos
2917 4121 3007 4186 sit,
3045 4122 3160 4182 sive
3189 4122 3412 4189 levites,
3444 4141 3552 4181 una
3589 4128 3758 4183 maie-

2171 4204 2409 4264 dictione
2457 4208 2739 4267 ferientur.
2794 4213 2861 4269 Et
2904 4213 3220 4272 offerentem
3275 4234 3472 4280 munus
3524 4219 3757 4281 Domino

2170 4299 2529 4365 exercituum,
2570 4302 2892 4359 subauditur
2929 4305 3258 4376 :Dislierdat
3297 4309 3559 4368 Dominus
3600 4327 3752 4379 eum,

2171 4387 2261 4455 qui
2315 4403 2413 4456 pro
2463 4389 2768 4459 itujusmodi
2817 4394 3124 4452 hominibus
3176 4396 3408 4455 voluerit
3454 4400 3523 4454 ad
3579 4399 3754 4459 altare

2174 4492 2368 4530 munus
2410 4476 2637 4546 otierre,
2667 4470 2914 4551 quorum
2951 4483 3125 4543 solum
3166 4487 3469 4542 remedium
3515 4498 3605 4547 est
3643 4506 3752 4548 non

2168 4563 2348 4622 facere
2377 4584 2497 4639 quae
2526 4571 2824 4629 fecerunt»
3308 4594 3311 4599 '
3482 4599 3486 4602 ‘

2241 4657 2298 4711 ln
2327 4675 2434 4728 qua
2481 4669 2655 4717 tamen
2695 4666 2839 4721 docti
2881 4667 2983 4724 viri
3023 4668 3214 4724 stricta
3265 4670 3484 4743 quidem
3529 4672 3627 4731 sed
3673 4673 3752 4733 di-

2165 4747 2358 4802 stricta
2415 4754 2710 4819 sententia,
2761 4755 3195 4815 animadvertant
3241 4761 3373 4831 quid
3432 4772 3753 4825 mereantur

2160 4837 2260 4906 qui
2291 4853 2378 4896 res
2408 4841 2519 4898 Deo
2550 4844 2917 4902 sanetiticatas
2949 4849 3341 4915 contaminant,
3369 4851 3501 4907 dum
3528 4867 3604 4910 ex
3641 4854 3749 4909 illis

2164 4931 2266 4987 sibi
2292 4935 2636 5004 negotiantur
2680 4936 2786 4994 Per
2817 4954 3049 5009 quorum
3083 4943 3365 5011 negotium
3395 4942 3458 4999 ﬁt
3484 4944 3749 5003 maculare

2163 5034 2307 5101 quod
2338 5046 2553 5087 sacrum
2579 5042 2687 5101 est,
2712 5043 2773 5090 ut
2795 5036 2985 5093 beatus
3018 5036 3311 5108 Gregorius
3339 5042 3557 5098 edocet.
3592 5042 3748 5100 Unde

2140 5120 2287 5178 "auia
2315 5136 2473 5177 sacra
2509 5122 2711 5178 letmnt.
2751 5126 2802 5178 id
2837 5136 2922 5178 est
2952 5128 3218 5178 furantur.
3257 5132 3455 5178 merito
3492 5134 3742 5178 υρτίιι-σί
