4064 5394
248 304 387 366 1145

860 305 1229 366 ADVERSUS
1266 304 1677 366 SIMONIACOS
1723 305 1906 363 LlBRl
1948 305 2151 365 TRES.
2190 339 2262 354 —
2297 311 2503 371 LIBER
2542 312 2869 374 TERTIUS.

3362 321 3504 379 1146

247 422 428 496 utique
482 425 772 498 sacrilegos
833 428 1130 494 cavemlos,
1179 429 1290 498 (l9)
1320 427 1469 495 Pius,
1523 428 1827 499 apostolica:
1856 430 1903 487 Α
1932 425 2016 479 vel
2044 441 2131 481 res
2160 427 2414 485 Ecclesiae
2446 431 2751 499 abstulerit,
2792 434 3136 506 sacrilegium
3163 435 3310 492 facil.
3349 436 3505 497 Unde

249 521 388 577 seJis
419 517 656 589 pontifex
680 560 695 581 ,
752 518 825 572 ita
856 519 1158 583 denuntiat,
1188 519 1373 575 dicens
1388 520 1557 589 (epist.
1589 519 1670 591 2.)
1704 519 1828 576 :Ab

262 631 280 663 ι
316 609 566 666 omnibus
616 610 758 666 illius
803 611 1248 680 usurpationibus
1280 610 1610 665 contumelia
1640 610 1824 678 depel-

246 702 402 757 lenda
448 711 563 767 est,
621 717 691 756 ne
739 703 939 772 praedia
984 703 1084 757 sibi
1131 711 1467 757 secretorum
1518 702 1822 756 caelestium

247 795 422 849 dicata
453 808 485 849 a
521 793 841 864 quihusdam
883 793 1219 848 irruentibus
1247 802 1533 848 vexentur.
1585 792 1736 859 Quod
1778 793 1823 847 si

247 888 367 957 quis
409 885 835 956 pnesumpserit,
889 885 1186 956 sacrilegus
1231 884 1516 949 habeatur,
1576 892 1632 939 et
1684 884 1826 938 sicut

246 977 542 1044 sacrilegus
576 976 868 1046 judicelur.
916 975 1067 1045 Ipsos
1114 984 1295 1030 autem
1345 975 1437 1044 qui
1491 975 1592 1029 hoc
1635 983 1822 1043 agunt,

246 1063 473 1120 clericos
498 1074 552 1118 et
579 1063 790 1117 Domini
822 1063 1133 1118 sacerdotes
1158 1061 1410 1132 persequi
1449 1076 1653 1131 eosque
1685 1061 1826 1116 infa-

245 1169 397 1211 mare
419 1154 747 1219 audivimus,
778 1163 835 1207 ut
872 1153 1071 1208 malum
1102 1168 1266 1223 super
1293 1152 1491 1206 malum
1520 1152 1741 1215 addant,
1769 1161 1826 1207 et

244 1245 542 1301 deteriores
572 1244 727 1308 fiant,
753 1261 858 1299 non
890 1244 1247 1316 iulelligentes
1278 1243 1418 1313 quod
1452 1243 1690 1299 Ecclesia
1729 1243 1820 1299 Dei

243 1337 296 1393 in
344 1339 715 1394 sacerdotibus
761 1338 1030 1402 consistit,
1102 1344 1152 1392 et
1200 1337 1397 1392 crescit
1445 1336 1498 1391 in
1565 1336 1822 1405 templum

241 1426 359 1483 Dei.
390 1428 455 1483 Et
481 1428 621 1484 sicut
644 1428 736 1499 qui
766 1428 1051 1483 ecclesiam
1080 1428 1173 1483 Dei
1208 1437 1404 1493 vastat,
1444 1425 1561 1495 ejus
1595 1429 1820 1498 praedia,

240 1527 295 1573 et
316 1517 543 1573 donaria
571 1520 834 1590 exspoliat
858 1527 913 1573 et
934 1517 1157 1583 invadit,
1192 1518 1248 1572 lit
1278 1518 1599 1588 sacrilegus,
1633 1520 1823 1588 sicque

241 1611 331 1681 qui
365 1608 481 1680 ejus
506 1612 818 1666 sacerdotes
848 1611 1153 1681 insequitur
1175 1611 1441 1681 sacrilegii
1466 1627 1589 1666 reus
1614 1612 1820 1677 existit,

242 1710 295 1756 et
319 1699 623 1773 sacrilegus
643 1699 941 1770 iudicatur.
986 1721 1005 1753 ι
1058 1700 1120 1754 Et
1153 1702 1342 1755 beatus
1389 1716 1526 1771 papa
1572 1699 1824 1757 Urbanus

1928 525 1981 570 et
2008 515 2171 570 Judas
2197 518 2286 587 qui
2317 522 2598 587 pecuniam
2626 521 2916 591 fraudavit,
2956 541 3077 596 qua:
3107 528 3294 582 usibus
3329 530 3504 586 cccle-

1927 604 2020 658 site
2047 604 2099 658 id
2129 614 2211 659 est
2247 608 2594 676 pauperibus,
2632 626 2767 680 quos
2794 612 3033 668 Ecclesia
3065 630 3291 683 pascere
3317 617 3496 684 debet,

1927 693 2492 763 destinabatur,jussu
2524 698 2845 764 Salvatoris,
2876 702 3029 772 cujus
3060 705 3297 775 episcopi
3327 707 3499 764 vicem

1930 791 2135 848 tenent,
2163 800 2268 840 non
2308 787 2480 842 solum
2510 787 2597 843 fur
2624 799 2679 844 et
2704 793 3000 863 sacrilegus
3031 796 3253 852 ellectus
3280 808 3382 854 est.
3422 800 3500 858 De

1928 873 2123 929 talibus
2145 877 2308 940 enim,
2336 876 2387 931 id
2416 888 2502 934 est
2529 881 2620 949 qui
2652 881 2939 939 facultates
2969 886 3229 943 Ecclesia:
3259 893 3500 963 rapiunt,

1926 964 2199 1034 fraudant,
2237 968 2319 1024 vel
2352 969 2624 1035 auferunt,
2665 972 2924 1031 Dominus
2952 979 3291 1038 comminans
3320 988 3500 1041 omni-

1923 1056 2027 1149 bus
2055 1074 2157 1149 per
2195 1057 2518 1149 Prophetam
2552 1062 2811 1133 loquitur,
2842 1069 3030 1127 dicens
3062 1088 3077 1125 :
3122 1094 3140 1125 ι
3179 1076 3338 1141 Deus,
3375 1079 3501 1149 quis

1925 1146 2117 1202 similis
2136 1148 2239 1203 erit
2266 1149 2394 1204 tibi?
2419 1167 2487 1205 ne
2510 1161 2710 1220 taceas,
2736 1173 2912 1228 neque
2924 1166 3309 1232 compescaris,
3338 1146 3498 1224 Deus.

1925 1237 2189 1303 Quoniam
2212 1254 2337 1295 ecce
2369 1241 2570 1297 inimici
2603 1246 2676 1299 tui
2706 1262 3023 1317 sonuerunt,
3065 1265 3119 1310 et
3147 1257 3237 1326 qui
3268 1260 3501 1315 oderunt

1925 1326 2310 1419 teﬁex‘tulerunt
2346 1341 2528 1400 caput,
2578 1352 2597 1385 ›
2639 1347 2773 1402 etc.,
2807 1355 2978 1411 usque
3018 1343 3070 1397 in
3116 1346 3276 1402 linem
3306 1349 3500 1419 psalmi

1925 1411 2094 1507 ςΡεαΙ.
2125 1431 2330 1483 Luxu,
2364 1419 2439 1485 2).
2471 1421 2593 1474 llzec
2621 1422 2734 1479 fieri
2768 1430 3068 1497 prophetae,
3103 1436 3214 1490 hare
3244 1411 3498 1507 apostoli,

1923 1502 2039 1557 hace
2075 1519 2418 1563 successores
2458 1526 2643 1567 eorum
2684 1518 2923 1573 omnium
2965 1502 3352 1582 catholicorum
3395 1502 3499 1584 Pa;

1925 1600 2067 1684 trum
2108 1604 2289 1650 vetant
2321 1597 2564 1666 decreta,
2599 1611 2653 1657 et
2684 1606 2818 1662 tales
2846 1614 3299 1684 pnesumptiones
3329 1622 3501 1679 sacri-

1923 1681 2061 1753 legia
2090 1699 2213 1740 esse
2239 1687 2561 1757 dijudicant.
2597 1692 2836 1759 Quorum
2868 1714 2965 1754 nos
2990 1681 3284 1772 sequentes
3312 1723 3499 1765 exem-

242 1794 424 1863 (cpist.
451 1761 663 1863 n.v2);
699 1811 718 1845 ι
747 1792 1141 1847 Ecclesiasticze
1189 1808 1302 1856 res,
1335 1761 1536 1862 inquit,
1587 1790 1818 1846 fidelium

1924 1772 2031 1841 pla,
2078 1789 2266 1831 omnes
2312 1778 2448 1833 tales
2474 1794 2910 1854 pnesumptores,
2948 1761 3203 1849 Ecclesia:
3248 1808 3500 1867 raptores

192 1886 197 1890 ’
240 1884 543 1940 oblationes
592 1883 958 1953 appellantur,
1015 1882 1142 1953 quia
1216 1882 1441 1937 Domino
1494 1880 1820 1937 oﬂ'erunlur.

240 1971 357 2027 Non
392 1988 523 2045 ergo
551 1974 605 2027 in
634 1972 756 2029 aliis
778 1971 966 2027 usibus
994 1987 1156 2043 quam
1193 1972 1600 2038 ecclesiasticis,
1628 1981 1683 2027 et
1712 1972 1824 2027 fra-

241 2070 382 2117 trum
420 2062 852 2118 Christianorum
889 2077 1232 2118 comnmnem
1276 2063 1441 2117 vitam
1484 2063 1681 2133 degere
1724 2079 1819 2118 vo-

239 2156 490 2221 lentium,
532 2157 617 2213 vel
662 2157 1015 2230 indigentium
1058 2158 1327 2222 converti,
1367 2158 1494 2227 quia
1531 2166 1655 2213 vota
1694 2167 1822 2213 sunt

220 2252 501 2318 fidelium,
524 2262 580 2308 et
600 2254 773 2324 pretia
815 2261 1179 2324 peccatorum,
1205 2262 1371 2323 atque
1408 2252 1475 2307 ad
1504 2251 1818 2321 praedictum

238 2358 376 2413 opus
416 2344 740 2414 explendum
787 2344 1014 2401 Domino
1054 2344 1286 2400 traditas.
1345 2342 1400 2398 Si
1444 2342 1566 2412 quis
1616 2351 1816 2403 autem.

238 2434 384 2503 ψιοά
420 2435 593 2490 absit!
641 2450 799 2490 secus
838 2435 1027 2506 egerit,
1076 2434 1256 2489 videat
1300 2449 1369 2488 ne
1416 2431 1819 2487 damnationem

235 2523 468 2577 Ananiae
523 2532 579 2578 et
627 2522 872 2593 Saphirze
920 2524 1200 2593 percipiat,
1258 2532 1313 2577 et
1371 2538 1498 2577 reus
1548 2521 1820 2591 sacrilegii

235 2611 524 2678 elIiciatur,
551 2613 692 2667 sicut
720 2621 774 2667 et
816 2613 888 2667 illi
930 2613 1020 2681 qui
1050 2613 1431 2682 praedictarum
1473 2627 1653 2666 rerum
1691 2627 1820 2681 pre-

237 2704 377 2758 tium
403 2703 813 2760 fraudaverunt.
844 2724 863 2758 ι
892 2706 957 2760 Et
985 2714 1105 2774 post
1127 2719 1296 2773 pauca
1326 2720 1340 2759 :
1372 2721 1390 2754 ι
1422 2702 1568 2767 “me,
1601 2701 1821 2767 fratres,

233 2794 399 2850 valde
434 2797 675 2850 cavenda
723 2806 850 2851 sunt
877 2804 931 2851 et
971 2795 1231 2859 timenda,
1278 2794 1405 2864 quia
1458 2809 1544 2849 res
1575 2793 1821 2848 ecclesia:

234 2905 346 2949 non
389 2893 544 2960 quasi
593 2891 845 2961 propria‘,
891 2890 984 2946 sed
1022 2899 1082 2944 ut
1119 2884 1556 2951 communes,'et
1596 2888 1822 2941 Domino

233 2980 434 3034 oilata:
477 2994 601 3034 cum
644 2995 855 3034 summo
898 2981 1092 3034 timore
1129 2995 1235 3033 non
1284 2978 1335 3032 iu
1375 2977 1534 3043 alios,
1565 2993 1728 3047 quam
1768 2977 1820 3031 in

235 3069 492 3138 praefatos
522 3085 650 3125 usus
686 3078 815 3124 sunt
850 3068 1084 3127 fideliter
1116 3068 1509 3138 dispensanda),
1557 3084 1623 3122 ne
1652 3066 1818 3122 sacri-

234 3159 358 3231 legii
396 3170 606 3216 reatum
649 3162 931 3215 incurrant
963 3160 1054 3230 qui
1092 3175 1185 3215 eas
1216 3161 1340 3215 inde
1370 3160 1693 3215 abstrahunt
1727 3159 1816 3214 ubi

211 3238 453 3331 :tradittc
474 3262 618 3316 sunt,
641 3261 695 3306 et
719 3251 862 3321 quod
887 3251 1039 3322 pejus
1063 3260 1146 3306 est
1173 3251 1462 3305 anathema
1493 3251 1813 3306 maranalha

235 3342 389 3406 ﬂant,
418 3351 470 3396 et
496 3343 542 3398 si
581 3358 686 3398 non
723 3359 971 3413 corpore,
1004 3351 1064 3398 ut
1091 3344 1301 3398 Anauia
1330 3353 1385 3398 et
1413 3344 1642 3412 Saphira
1678 3342 1820 3398 fece-

234 3446 379 3499 runt,
415 3436 506 3506 qui
539 3436 736 3490 mortui
762 3436 1084 3490 ceciderunt
1119 3435 1259 3505 (Act.
1300 3436 1390 3498 v);
1423 3435 1604 3489 anima
1636 3444 1816 3489 tamen

235 3539 354 3593 quae
380 3525 561 3594 potior
592 3534 675 3581 est
708 3541 938 3596 corpore
970 3534 1181 3581 mortua
1212 3525 1442 3579 alienata
1474 3542 1506 3580 a
1545 3526 1819 3582 consortio

238 3612 474 3669 fidelium
514 3615 693 3682 cadat,
733 3624 789 3671 et
834 3632 886 3669 In
928 3614 1253 3684 profundum
1298 3615 1538 3669 barathri
1578 3615 1814 3669 labatur.

236 3699 347 3757 lloc
379 3702 525 3757 enim
564 3703 608 3758 si
640 3704 762 3774 quis
804 3703 1014 3768 fecerit,
1047 3714 1167 3773 post
1197 3704 1391 3758 debila:
1421 3703 1641 3759 ultionis
1669 3721 1817 3760 acri-

235 3789 496 3855 tanniam,
548 3808 669 3867 qua:
713 3807 840 3862 erga
890 3793 1185 3863 sacrilegos
1215 3790 1340 3861 jure
1377 3794 1674 3863 promenda
1706 3804 1813 3855 est.

234 3892 270 3947 ι)
291 3889 495 3950 ινρθῑιιίι
528 3881 820 3939 damnatur
851 3883 1092 3948 infamia,
1118 3893 1175 3938 et
1205 3887 1409 3956 carceri
1438 3886 1693 3946 traditur,
1722 3897 1816 3942 aut

236 3971 287 4028 ln
338 3973 534 4029 exsilio
582 3983 854 4047 perpetua:
908 3975 1299 4044 deportationis
1353 3976 1619 4041 truditur;
1678 3992 1814 4045 quo-

236 4062 402 4127 niam,
448 4061 605 4131 juxta
650 4063 992 4136 Apostolum,
1043 4065 1181 4119 tradi
1234 4074 1451 4134 Oportet
1503 4066 1811 4135 hnjnsmodi

238 4152 509 4210 hominem
538 4155 771 4223 Satanas,
808 4167 865 4212 ut
893 4158 1117 4228 spiritus
1144 4154 1326 4212 salvus
1363 4158 1437 4213 sit
1468 4158 1522 4213 in
1575 4159 1663 4213 die
1702 4160 1809 4214 Do-

236 4243 365 4303 mini
399 4243 454 4316 (1
476 4243 599 4301 Cor.
639 4264 694 4315 v,
725 4248 803 4320 5).
847 4268 866 4300 ι
906 4242 909 4245 ’

305 4332 505 4389 Beatus
543 4351 757 4408 quoque
806 4336 1006 4393 Lucius
1043 4353 1178 4408 papa
1219 4337 1299 4393 sic
1357 4337 1376 4407 (
1412 4340 1561 4409 epist.
1594 4356 1649 4393 n.
1683 4338 1758 4409 6)
1796 4357 1809 4393 :

1875 3104 1893 3125 η
1925 3050 2185 3118 irretitos,
2223 3073 2243 3107 ι
2281 3065 2387 3110 etc.
2425 3057 2592 3121 Idem,
2630 3062 2771 3116 unde
2800 3077 2965 3133 supra

1922 1870 2085 1957 atque
2109 1881 2329 1922 suarum
2363 1870 2696 1940 voluptatum
2727 1875 3076 1948 alienatores,
3108 1899 3212 1939 una
3236 1885 3500 1957 vobisque

1921 1968 1951 2007 a
1989 1954 2262 2013 liminibus
2288 1970 2487 2016 sancta'
2515 1965 2703 2020 matris
2733 1967 3003 2034 Ecclesiae,
3034 1954 3499 2035 anathematizan-

1921 2046 2019 2102 dos
2038 2051 2333 2119 apostolica
2358 2057 2707 2123 auctoritate,
2732 2061 3067 2130 repellimus,
3087 2067 3496 2137 etdanmamus,

1920 2147 2084 2208 atque
2118 2142 2413 2213 sacrilegos
2437 2160 2559 2199 esse
2580 2145 2911 2216 judicamus.
2946 2153 3013 2207 Et
3042 2171 3150 2210 non
3178 2158 3353 2213 solum
3379 2176 3498 2227 eos,

1920 2230 2015 2284 sed
2042 2245 2231 2287 omnes
2269 2236 2675 2293 consentientes
2706 2240 2806 2305 eis,
2847 2243 2974 2311 quia
3013 2260 3119 2299 non
3161 2248 3255 2317 qui
3293 2251 3501 2306 faciunt

1922 2322 1998 2375 rei
2039 2322 2373 2392 judicantur,
2418 2328 2511 2383 sed
2559 2330 2721 2384 etiam
2771 2333 2861 2402 qui
2909 2334 3234 2395 facientibus
3272 2356 3500 2399 consen-

1923 2410 2060 2464 tiunt
2102 2411 2279 2481 (Rom.
2324 2430 2360 2481 ι,
2396 2416 2509 2486 δε).
2544 2418 2651 2473 Par
2676 2422 2820 2476 enim
2867 2439 3047 2495 pcena,
3092 2437 3147 2483 et
3174 2444 3397 2498 agentes
3445 2444 3502 2489 et

1921 2506 2318 2560 consentientes
2347 2510 2723 2577 apprehendit.
2757 2532 2775 2563 ι
2805 2515 2878 2568 De
2901 2516 3095 2584 quibus
3116 2521 3281 2576 etiam
3310 2524 3501 2581 beatus

1924 2589 2233 2660 Stephanus
2263 2611 2399 2664 papa
2435 2608 2490 2652 et
2519 2610 2729 2671 martyr
2757 2603 2833 2657 ait
2866 2621 2881 2659 :
2924 2625 2941 2656 α
2988 2606 3219 2666 lnfames
3248 2627 3370 2669 esse
3405 2630 3502 2671 cas

1922 2694 2184 2747 personas
2236 2684 2487 2751 dicimus,
2525 2704 2645 2757 qua:
2682 2705 2781 2759 pro
2819 2693 2996 2763 aliqua
3046 2698 3203 2767 culpa
3242 2711 3501 2759 notantur

1924 2772 2169 2840 infamia,
2205 2776 2256 2830 id
2299 2787 2381 2833 est
2414 2795 2533 2849 qute
2561 2781 2886 2840 Christianae
2923 2787 3056 2860 legis
3088 2808 3334 2849 normam
3365 2798 3501 2866 abji-

1922 2867 2072 2921 ciunt
2099 2878 2153 2922 et
2184 2880 2386 2927 statuta
2414 2874 2783 2932 ecclesiastica
2812 2891 3191 2938 contemnunt.
3233 2885 3502 2945 Similiter

1923 2956 2094 3024 fures,
2135 2961 2452 3033 sacrilegos,
2495 2976 2550 3021 et
2592 2983 2786 3023 omnes
2825 2972 3148 3041 capitalibus
3179 2976 3500 3036 criminibus

3007 3082 3020 3119 :
3068 3084 3088 3118 ι
3141 3066 3410 3139 Quidquid
3444 3073 3501 3127 in

1923 3146 2093 3199 sacris
2121 3146 2213 3203 Dei
2241 3148 2403 3203 rebus
2438 3162 2491 3205 et
2519 3153 2789 3222 episcopis
2818 3154 3013 3224 ii‘juste
3039 3159 3234 3228 agitur,
3272 3178 3370 3229 pro
3407 3180 3498 3219 sa-

1920 3237 2141 3308 crilegio
2168 3242 2521 3310 reputabitur,
2550 3247 2673 3315 quia
2698 3262 2851 3301 sacra
2878 3260 3003 3304 sunt
3026 3259 3078 3305 et
3100 3251 3286 3308 violari
3308 3270 3338 3307 a
3368 3271 3500 3325 quo-

1919 3342 2211 3394 quamnon
2243 3333 2463 3387 habent.
2498 3354 2516 3387 ι
2553 3336 2694 3390 idem
2728 3356 2740 3390 :
2788 3356 2806 3387 ι
2854 3337 3054 3405 Laicis,
3091 3343 3337 3410 quamvis
3376 3344 3499 3400 reli-

1920 3419 2055 3487 giosi
2089 3421 2215 3485 sint,
2254 3422 2396 3477 nulla
2438 3432 2616 3479 tatneu
2647 3427 2712 3480 de
2740 3427 3124 3485 ecclesiasticis
3151 3414 3498 3491 facultatibus

1919 3509 2119 3580 aliquid
2170 3512 2486 3585 disponendi
2541 3516 2735 3587 legitur
2796 3536 3031 3591 unquam
3093 3522 3357 3580 attributa
3412 3524 3495 3580 fa-

1920 3601 2114 3655 cultas.
2155 3621 2175 3654 ι

2534 3718 2763 3776 CAPUT
2803 3720 2868 3776 γ.

1923 3820 2162 3902 Qualiter
2197 3822 2484 3902 Simoniaci
2510 3846 2606 3883 suo
2639 3832 2843 3899 negotio
2879 3843 3168 3902 expugnent
3201 3830 3489 3888 Ecclesium

1989 3892 2364 3975 lfeiLet.qu_od_
2385 3915 2559 3975 omnes
2588 3892 2788 3975 pendet
2814 3892 2954 3975 laici
2974 3892 3225 3958 eludett'st'
3249 3921 3361 3975 qua
3374 3916 3491 3961 runt

1988 3964 2052 4015 de
2078 3961 2315 4017 Ecclesia
2336 3966 2542 4035 jugiler
2570 3961 2843 4038 negotiari.

1989 4052 2084 4106 llis
2109 4067 2238 4107 sane
2264 4054 2544 4110 beatorum
2575 4058 2887 4125 pontiﬁcum
2910 4069 2965 4115 et
2990 4072 3287 4134 martyrum
3311 4050 3497 4120 decre-

1920 4143 2115 4199 talibus
2154 4148 2460 4215 sententiis,
2507 4165 2803 4220 eorumque
2846 4154 3106 4224 sanguine
3152 4144 3493 4226 subscriptis,

1916 4233 2029 4287 sole
2068 4234 2269 4290 clarius
2315 4248 2684 4294 monstrantur
2728 4242 3030 4310 invasores,
3068 4244 3153 4298 vel
3194 4256 3497 4304 vastatores

1916 4345 2095 4384 rerum
2135 4332 2627 4411 ecclesiasticarum
2687 4335 2936 4402 infames,
2994 4335 3165 4403 fures,
3219 4340 3494 4411 sacrilegi,

244 4441 263 4474 α
293 4423 400 4481 Res
456 4427 810 4484 ecclesiarum
852 4441 1183 4507 vestrarum,
1228 4430 1434 4500 inquit,
1479 4442 1535 4486 et
1584 4431 1809 4486 oblalio-

1922 4422 2200 4480 homicida:
2250 4441 2487 4495 quoque,
2536 4440 2590 4482 et
2631 4430 3086 4486 excommunicati
3135 4442 3190 4488 et
3233 4442 3496 4504 perpetuo

238 4530 334 4572 nes
376 4517 636 4585 fidelium,
700 4536 861 4591 quam
919 4520 1241 4588 significatis
1280 4537 1310 4574 a
1363 4522 1687 4591 quibusdam
1733 4522 1810 4575 ir-

240 4605 519 4663 ruentibus
564 4609 773 4675 vexari,
814 4609 1073 4679 vobisque
1107 4619 1163 4665 et
1203 4609 1448 4665 ecclesiis
1485 4609 1683 4665 vestris
1722 4625 1816 4664 au-

240 4694 388 4762 ferri,
437 4699 806 4755 indubitanter
851 4700 1144 4754 maximum
1184 4708 1266 4755 est
1311 4709 1619 4769 peccatum,
1680 4710 1815 4756 teste

242 4783 545 4858 Scriptura,
584 4806 705 4861 qua:
725 4790 803 4844 ait
837 4809 849 4844 :
881 4790 981 4861 Qui
1006 4790 1293 4846 abstulerit
1319 4790 1522 4860 aliquid
1558 4790 1699 4859 patri
1732 4790 1815 4844 vel

242 4879 426 4944 matri,
470 4890 525 4936 et
567 4882 698 4937 dicit
745 4881 851 4938 hoc
893 4900 997 4938 non
1041 4891 1124 4937 est
1174 4891 1480 4951 peccatum,
1531 4881 1816 4937 homicida:

241 4966 509 5039 particeps
554 4978 659 5026 est.
708 4970 872 5027 Pater
908 4987 1038 5043 ergo
1077 4980 1263 5027 noster
1308 4972 1426 5026 sine
1467 4971 1629 5025 dubio
1673 4971 1817 5027 Deus

243 5062 342 5118 est,
378 5058 466 5125 qui
501 5073 600 5114 nos
644 5061 871 5123 creavit,
910 5069 966 5114 et
1000 5069 1171 5115 mater
1200 5070 1386 5116 nostra
1427 5048 1665 5115 Ecclesia
1696 5078 1816 5132 quae

226 5138 339 5200 nos
364 5145 415 5198 in
450 5147 720 5219 baptismo
755 5149 1112 5220 spiritualiter
1134 5152 1433 5223 generavit.
1476 5151 1543 5206 Et
1576 5152 1696 5209 ideo
1723 5155 1814 5228 qui

240 5232 437 5289 Christi
493 5238 752 5310 pecunias
799 5250 851 5294 et
909 5238 1163 5296 Ecclesia:
1209 5243 1411 5307 aufert,
1458 5239 1704 5311 fraudat,
1761 5256 1817 5301 et

241 5325 373 5364 venit
429 5326 695 5364 hnminillo
728 5330 778 5364 in
803 5336 1094 5364 nnncnnnln
1125 5329 1248 5364 incl:
1281 5332 1481 5364 ΙιιιΙΞΛῖο
1510 5346 1628 5364 noon
1658 5352 1785 5364 ..ιη-.-

1916 4517 2121 4571 carceri
2157 4527 2249 4571 aut
2273 4518 2464 4573 exsilio
2495 4520 2760 4574 tradendi.
2786 4521 2921 4576 Eant
2947 4538 3078 4594 ergo
3104 4523 3417 4595 hypocritte,
3440 4533 3496 4577 et

1916 4606 2258 4677 impudenter
2298 4612 2625 4666 contendant
2655 4629 2713 4669 se
2750 4630 2855 4669 non
2894 4617 3361 4671 consecrationem
3398 4629 3489 4669 ec-

1917 4696 2295 4763 clesiasticam,
2339 4700 2433 4752 sed
2479 4714 2565 4753 res
2613 4702 2868 4757 Ecclesiae
2903 4718 3271 4774 comparasse.
3320 4702 3389 4757 Et
3429 4718 3495 4758 ne

1919 4783 2060 4839 forte
2087 4787 2263 4840 adlmc
2292 4801 2350 4839 se
2390 4787 2612 4855 palliare
2646 4789 2915 4858 laborent,
2956 4792 3254 4847 asserendo
3293 4803 3352 4844 se
3391 4805 3497 4845 non

1922 4874 2163 4941 irruisse,
2198 4892 2298 4931 nec
2333 4876 2619 4943 invasisse,
2649 4897 2823 4951 neque
2861 4896 3093 4937 vexasse
3137 4898 3228 4939 res
3256 4877 3506 4934 ecclesia-

1923 4966 2111 5032 sticas,
2137 4969 2351 5023 discant
2377 4969 2556 5022 omnia
2596 4971 2710 5028 hmo
2739 4988 2798 5028 se
2825 4973 3008 5031 facere
3041 4982 3137 5028 aut
3168 4971 3385 5035 fecisse,
3412 4969 3505 5026 ubi

1922 5059 2319 5118 immunitatem
2350 5077 2535 5116 earum
2563 5073 2620 5118 et
2654 5067 2933 5139 privilegia
2966 5082 2999 5121 a
3028 5056 3238 5123 sanctis
3259 5060 3519 5118 Patribus

1921 5154 2273 5209 corroborata
2307 5168 2406 5208 suo
2436 5153 2610 5222 pretio
2642 5156 2974 5227 irrumpunt,
3016 5161 3071 5208 et
3098 5168 3260 5211 usum
3300 5147 3518 5206 illarum

1919 5243 2304 5302 ecclesiasticis
2342 5245 2608 5315 personis,
2641 5257 2698 5302 et
2733 5249 3070 5321 pauperibus
3100 5247 3347 5303 debitum
3378 5248 3525 5309 prai-

1952 5346 2131 5364 Ιιιυι-ι-Ι
2178 5338 2277 5362 ..ξιξ
2323 5344 2412 5362 Α...
2454 5351 2709 5362 .““.νιη,.-γκκ
2731 5354 2847 5360 --αη
2899 5351 2911 5360 ι
2986 5334 3120 5360 Μαι-κ
3177 5346 3232 5360 --ι
3279 5333 3522 5358 ‘nlnnnann
