4064 5394
540 199 674 258 ΗΠ

1604 202 1959 262 HUMBERTI
1997 206 2058 262 S.
2099 207 2170 264 Β.
2210 208 2275 264 Ε.
2316 204 2729 265 CARDi-NAUS

3648 202 3795 261 “£8

539 328 629 374 aut
659 314 780 372 dolo
803 314 903 371 sibi
935 315 1184 386 diripiunt
1216 332 1231 382 ;
1273 315 1352 373 sic
1392 324 1447 372 et
1478 316 1550 371 illi
1583 334 1679 373 sua
1705 320 1957 388 pecunia,
1987 328 2110 374 tau-
2138 322 2185 382 Λ
2216 319 2958 392 malefaclorumlaudemque
2977 320 3238 378 bonorum
3260 318 3619 394 procerantU
3644 319 3795 380 Pczr.

540 424 700 478 quam
728 409 841 463 suis
872 408 990 463 telis
1011 419 1066 463 et
1088 409 1369 467 machinis.
1398 407 1658 463 ecclesias
1683 410 1772 464 Dei
1799 410 2115 481 impugnant

540 512 596 556 et
625 510 952 571 expugnant,
986 510 1041 554 et
1064 501 1205 571 quod
1229 499 1447 555 familiae
1475 500 1857 555 ecclesiastica:
1884 502 2113 557 debeba-

541 601 628 646 tur
661 593 764 648 sibi
804 592 1101 646 vindicant.
1140 590 1293 659 Quod
1327 593 1369 645 si
1404 592 1526 661 quis
1555 592 1816 646 scelestus
1861 608 2112 660 sponsam

539 681 761 740 alterius
804 682 1031 753 pecunia
1086 682 1427 750 iniquissimo
1477 691 1533 737 et
1574 683 1897 736 avarissimo
1950 683 2112 736 tutori

540 773 683 829 illius
704 771 828 826 data
858 784 952 825 aut
983 773 1248 843 promissa
1286 771 1567 826 invaderet
1598 788 1720 826 cum
1745 773 1891 826 omni
1929 773 2112 842 supel-

538 864 705 919 lectili
736 863 880 933 ejus;
924 880 1101 919 nonne
1148 864 1428 935 pecuniam
1477 865 1640 925 illam,
1690 875 1746 918 et
1794 880 1886 918 sua
1933 865 2114 918 omn'a

539 955 885 1026 impugnassc
931 965 986 1010 et
1029 972 1367 1026 expugnasse
1411 958 1677 1010 veraciter
1718 957 2015 1021 diceretur,
2061 964 2116 1011 et

535 1044 678 1115 iuste
707 1048 1155 1102 convinceretur?
1189 1046 1355 1118 Cujus
1387 1048 1825 1117 praesumptionis
1860 1063 1996 1101 noxa
2028 1063 2116 1102 sa-

540 1134 649 1189 cris
696 1136 993 1191 canonibus
1037 1137 1598 1192 excommunicatione
1641 1153 1810 1207 usque
1856 1139 1920 1191 al
1974 1154 2115 1192 mor-

540 1233 670 1289 tem,
705 1232 812 1279 tam
839 1226 891 1280 in
919 1237 1189 1297 raptorem
1220 1244 1381 1298 quam
1409 1231 1460 1282 in
1493 1237 1746 1293 tutorem,
1777 1239 1832 1283 et
1858 1231 1911 1284 in
1942 1229 2116 1283 moni-

538 1312 642 1368 bus
670 1312 968 1370 fautoribus
1004 1332 1191 1371 eorum
1223 1319 1548 1386 vindicatur,
1578 1330 1631 1374 ct
1663 1320 1953 1374 mundanis
1982 1320 2113 1391 legi-

538 1400 641 1458 bus
669 1405 930 1473 sanguine
958 1406 1042 1459 vel
1074 1418 1333 1477 perpetuo
1364 1410 1556 1465 exsilio
1591 1412 1860 1480 expiatur.

523 1501 527 1504 ’
606 1493 687 1549 Ex
724 1509 827 1563 qua
859 1497 1320 1553 animadversione
1351 1501 1666 1572 intelligitur
1704 1518 1864 1571 quam
1905 1502 2114 1571 abjecta

520 1590 594 1640 'et
622 1585 871 1656 ignobilis
906 1603 1101 1658 sponsa
1146 1589 1343 1645 Christi
1383 1600 1673 1661 reputetur,
1706 1591 1857 1660 cujus
1891 1590 2116 1659 injurias

2214 429 2274 477 ιι,
2306 414 2415 485 Μ).

2285 503 2350 558 Et
2380 520 2412 558 ο
2447 505 2684 571 utinam,
2716 507 2784 561 ab
2809 507 2910 562 hoc
2939 523 3034 562 suo
3065 507 3237 563 officio
3266 508 3345 563 sic
3374 507 3631 579 frigerent
3654 547 3669 574 ,
3700 512 3798 563 aut

2216 592 2536 663 intepercnt,
2580 603 2638 648 ut
2671 595 2737 649 ad
2784 597 3016 650 aliemnu
3060 598 3477 667 prteeipicndum
3508 613 3613 651 non
3642 598 3801 654 inca-

2215 682 2386 736 lerent
2413 694 2503 737 aut
2531 692 2822 740 azstnareut
2850 686 2861 739 !
2894 684 3025 739 Nam
3053 726 3067 751 ,
3104 687 3290 742 relicto
3319 686 3539 741 militari
3577 684 3799 756 negotio

2215 788 2321 842 quo
2349 774 2735 841 rempublicam
2771 785 2825 831 et
2852 777 3079 845 patriam
3111 776 3246 832 tueri
3274 777 3571 830 debuerant
3603 776 3672 828 ab
3701 788 3798 830 ex-

2218 861 2384 915 ternis
2404 861 2729 927 incursibus,
2758 863 2856 917 sibi
2877 865 3065 919 relicto
3085 882 3297 936 quoque
3314 864 3800 935 jadiciariolegazn

2216 968 2432 1006 suarum
2486 961 2671 1008 tenore
2718 964 2773 1009 ct
2826 963 3072 1018 terrore.
3105 956 3297 1025 quibus
3350 954 3805 1026 prmvaricatores

2216 1045 2409 1098 divinm
2448 1042 2672 1113 justifize
2727 1055 2781 1101 ct
2828 1047 3074 1102 bumanze
3122 1047 3403 1119 prohibere
3450 1046 3519 1101 ab
3563 1044 3801 1100 internis

2216 1144 2269 1190 et
2311 1137 2637 1206 qttsuidianis
2683 1139 2995 1194 cxcess'bus
3043 1147 3326 1203 tenentur,
3376 1153 3593 1192 omnem
3644 1151 3803 1192 suam

2216 1234 2560 1296 potestatem,
2587 1242 2799 1281 omnem
2834 1238 3116 1295 terrorem,
3145 1245 3303 1284 omne
3339 1232 3575 1285 studium
3603 1234 3673 1285 ad
3697 1246 3806 1284 cx-

2214 1317 2582 1385 puguandum,
2618 1326 2672 1371 et
2700 1316 2802 1371 sibi
2833 1318 3046 1387 penitus
3072 1318 3447 1374 vindicandum
3495 1334 3582 1374 res
3612 1318 3803 1374 eccle-

2216 1406 2481 1470 siasticas,
2528 1408 2724 1477 quibus
2766 1418 2972 1465 tutores
3017 1410 3128 1464 dati
3179 1409 3389 1465 fuerant
3442 1410 3806 1467 transferunt.

2217 1498 2316 1566 Qui
2343 1500 2507 1553 etiam
2537 1514 2640 1553 non
2672 1502 2907 1555 contenti
2941 1516 3040 1556 suo
3068 1501 3207 1564 foro.
3241 1502 3626 1558 ecclesiastica:
3680 1518 3813 1557 Suc-

2224 1589 2438 1655 ccduut,
2471 1589 2845 1656 praesident,et
2870 1591 3245 1661 principautur
3260 1592 3485 1661 synodo,
3510 1602 3569 1645 et
3591 1601 3809 1645 terrena

538 1688 698 1730 nemo
734 1675 821 1745 qui
860 1656 1036 1730 doleat
1072 1678 1361 1742 invenitur,
1399 1656 1551 1751 cujus
1582 1656 1914 1749 pudicitiam,
1943 1656 2121 1735 sacri-
2155 1656 2197 1716 Β
2225 1689 2494 1748 potestate
2525 1679 2810 1744 terribiles,
2840 1656 3079 1735 elliriun—t
3113 1687 3171 1735 ut
3200 1681 3377 1735 omnia
3408 1681 3730 1750 procedant,
3756 1687 3813 1733 et

537 1763 672 1835 legis
703 1767 1006 1836 raptoribus
1037 1772 1376 1838 prostitutam
1406 1812 1421 1835 ,
1452 1772 1723 1826 venditum
1765 1781 1818 1825 et
1848 1773 2116 1827 addictam

538 1871 700 1911 nemo
748 1863 837 1927 qui
872 1858 1156 1925 defendat,
1190 1876 1347 1915 nemo
1390 1862 1478 1930 qui
1518 1864 1709 1919 saltem
1754 1863 1822 1919 ab
1858 1865 1939 1918 eis
1975 1866 2117 1920 illam

538 1944 754 2013 eripiat,
802 1954 857 2000 et
902 1947 1111 2017 Sponso
1161 1950 1240 2004 rel
1287 1961 1685 2022 constupratam
1732 1955 2002 2010 restituat.
2055 1957 2123 2011 Et

539 2045 757 2105 putatur
786 2040 837 2093 in
869 2049 1130 2095 {eternum
1160 2044 1258 2096 hoc
1292 2060 1547 2111 passurus
1580 2044 1761 2111 Jesns,
1791 2063 1947 2116 quem
1978 2065 2120 2104 nunc

539 2129 682 2183 nulla
737 2130 1065 2187 eelesiastica
1107 2134 1188 2186 vel
1234 2135 1367 2188 iaica
1416 2152 1647 2205 persona
1693 2152 1856 2208 super
1906 2147 2118 2208 raptum

538 2235 751 2289 sponsa:
793 2236 904 2276 sua:
945 2232 1362 2293 conquerentem
1406 2226 1673 2292 respicere
1722 2226 1780 2282 et
1820 2228 2008 2281 audire
2045 2229 2122 2283 di-

540 2320 769 2380 gnatur,
814 2327 937 2366 cum
976 2328 1138 2382 saepe,
1178 2314 1222 2367 si
1265 2332 1293 2368 a
1329 2313 1604 2384 judicibus
1638 2324 1692 2371 et
1735 2320 1977 2388 patronis
2013 2320 2123 2375 suis

541 2404 877 2474 querimonia
939 2404 1054 2474 ejus
1106 2406 1422 2475 respuitur,
1483 2408 1893 2480 quibuseunque
1948 2418 2125 2481 potest

541 2493 748 2563 nimiis,
790 2493 950 2554 etiam
988 2492 1220 2556 minutis
1258 2496 1505 2571 pessimis
1543 2508 1725 2566 raptus
1770 2514 1881 2553 sua:
1916 2516 2126 2570 sponsm

541 2590 841 2659 quamlibet
897 2591 1135 2663 abjectus
1189 2586 1520 2648 uicisratttt'?
1570 2587 1740 2654 Quid.
1801 2605 1968 2661 r030.
2010 2592 2124 2661 jam

542 2690 712 2736 restat
740 2696 949 2751 sponsze
981 2683 1204 2746 (ibristi,
1244 2685 1367 2750 nisi,
1405 2685 1506 2741 sub
1541 2680 1890 2746 intolerabili,
1922 2692 1977 2736 ct
2012 2684 2122 2739 inc-

545 2773 834 2828 mendabili
867 2774 1175 2830 calamitate
1215 2776 1514 2837 tabescens.
1547 2779 1778 2848 seipsam
1819 2774 1911 2834 illo
1938 2775 2123 2850 despe-

544 2862 698 2917 rabili
731 2862 925 2932 elogio,
956 2864 1003 2918 si
1029 2873 1240 2933 potest,
1271 2866 1600 2933 consoletur,
1630 2884 1735 2937 quo
1764 2868 1963 2923 dicitur
1984 2886 1999 2923 :
2023 2868 2127 2938 Pa-

548 2964 634 3011 ter
665 2972 814 3010 meus
842 2971 927 3011 me
949 2958 1207 3023 vendidit,
1237 2974 1331 3013 rex
1364 2961 1736 3031 comparavit;
1769 2962 1851 3017 cui
1888 2976 2127 3031 conque-
2156 2999 2202 3061 ϐ

544 3060 638 3099 rar
686 3044 775 3113 qui
828 3045 958 3098 mibi
990 3060 1054 3100 ex
1100 3045 1204 3101 illis
1243 3048 1510 3117 justitiam
1558 3048 1733 3104 facit?
1763 3050 1818 3104 Si
1853 3052 2067 3121 quidem
2098 3067 2129 3105 a

548 3135 872 3206 quibusjam
900 3135 1223 3204 redimetur,
1255 3155 1378 3193 cum
1410 3140 1477 3194 ab
1514 3140 1643 3209 ipsis
1677 3156 1903 3210 quorum
1954 3141 2132 3196 tutelae

546 3236 671 3296 post
708 3227 874 3280 Deum
910 3225 1084 3282 fuerat
1110 3229 1397 3283 commissa
1434 3230 1811 3295 venundatur?
1843 3231 1888 3284 A
1918 3244 2130 3285 summo

547 3317 692 3370 enim
726 3318 985 3387 graduum
1009 3318 1258 3374 Ecclesiae
1292 3337 1460 3391 usque
1496 3322 1561 3375 ad
1597 3321 1899 3388 minimum,
1944 3337 2131 3378 omnes

550 3405 619 3461 de
642 3406 1022 3464 ecclesiasticis
1047 3410 1207 3465 rebus
1235 3410 1335 3465 sibi
1368 3412 1627 3483 negotiari
1663 3429 1767 3467 nou
1800 3414 2127 3483 prmtermit-

552 3505 692 3552 tunt.
722 3498 1074 3568 imperatores
1100 3516 1335 3572 quoque,
1365 3518 1515 3574 reges
1537 3544 1551 3568 ,
1581 3504 1888 3581 principes,
1918 3504 2133 3575 judices

552 3596 609 3643 et
646 3597 910 3659 quotquot
951 3590 1153 3662 aliquid
1190 3593 1242 3646 in
1292 3593 1487 3647 saeculo
1525 3604 1747 3663 possunt
1788 3604 1914 3649 ante
1951 3595 2130 3648 omnia

551 3677 696 3733 istud
725 3688 1003 3747 exercent,
1028 3690 1082 3737 et
1105 3692 1356 3752 qtuerunt
1391 3684 1490 3739 hoc
1518 3686 1607 3753 qui
1636 3686 1896 3739 deberent
1925 3702 2011 3739 res
2037 3701 2132 3739 cc-

551 3767 886 3826 elesiasticas
922 3772 1291 3828 ecclesiastico
1335 3772 1442 3843 juri
1488 3774 1777 3832 defendere
1808 3775 1983 3844 gladio
2023 3774 2135 3842 spi-

549 3862 731 3917 rituali
760 3878 778 3930 ;
809 3864 912 3918 boe
939 3864 1031 3934 qui
1055 3873 1109 3921 et
1144 3867 1431 3921 materiaii.
1463 3865 1573 3921 Nec
1603 3868 1933 3936 perpendnnt
1969 3881 2129 3934 quam

550 3951 818 4020 scelerati,
844 3962 895 4009 et
936 3954 1279 4012 detestabiles
1312 3957 1420 4011 Deo
1448 3965 1503 4011 et
1531 3957 1836 4012 hominibus
1866 3957 1996 4010 liant
2025 3957 2133 4010 dis-

550 4044 776 4114 sipando
798 4061 918 4114 quae
939 4045 1134 4101 Christi
1163 4048 1487 4119 pauperibus
1529 4049 1723 4102 tuenda
1755 4054 2130 4117 susceperunt.

549 4129 688 4192 Nam
724 4132 772 4188 si
801 4142 943 4188 tutor
970 4135 1153 4204 pupilli
1177 4136 1463 4204 cujuslibet
1500 4137 1959 4207 patrimoniolum,
1988 4137 2131 4207 quod

553 4223 809 4280 tuendum
844 4224 1052 4296 accepit
1077 4266 1091 4291 ,
1119 4242 1217 4296 pro
1246 4226 1394 4283 lucro
1422 4244 1520 4282 suo
1565 4229 1859 4294 venderet,
1902 4235 1995 4280 aut
2034 4241 2132 4295 pro

2222 1769 2648 1823 determinentur
2669 1784 2852 1823 eorum
2884 1777 3013 1823 nutu
3057 1778 3113 1824 et
3141 1767 3365 1837 judicio.
3418 1768 3521 1838 Ipsi
3561 1769 3814 1838 primati-

2222 1862 2320 1916 bus
2343 1872 2395 1915 et
2423 1862 2850 1933 metropolitanis
2880 1863 2934 1917 in
2971 1863 3236 1918 electione
3261 1863 3639 1933 episcoporum
3677 1860 3816 1916 fiunt

2222 1950 2452 2021 priores,
2484 1951 2577 2022 qui
2627 1949 2885 2007 deberent
2935 1952 3303 2006 tantummodo
3355 1966 3708 2016 consensum,
3758 1956 3817 2006 et

2223 2040 2549 2095 desiderium
2606 2039 2652 2094 cl
2689 2040 2779 2105 ri,
2823 2041 3019 2111 plebis,
3074 2050 3128 2096 et
3186 2042 3388 2096 ordinis
3439 2041 3814 2110 cujuscunque

2212 2130 2459 2186 'civitatis
2495 2146 2593 2187 suo
2631 2133 2924 2187 secundum
2962 2133 3127 2188 Deum
3160 2148 3422 2188 consensu
3451 2132 3807 2197 confirmare,

2226 2232 2283 2275 ut
2314 2223 2499 2275 beatus
2520 2221 2843 2277 leestinus
2866 2237 2999 2293 papa
3030 2225 3218 2278 edocet
3270 2224 3449 2295 (epist.
3486 2224 3565 2295 2).
3608 2242 3624 2274 ί
3646 2223 3811 2277 Eme-

2229 2311 2387 2376 ritis.
2428 2311 2635 2381 inquit,
2677 2312 2730 2365 in
2795 2313 2906 2369 suis
2961 2312 3205 2369 ecclesiis
3268 2314 3481 2368 clericis
3536 2313 3811 2385 peregrini

2226 2412 2281 2458 ct
2305 2402 2572 2468 extranei,
2620 2411 2668 2457 et
2720 2403 2811 2473 qui
2858 2413 3016 2459 antea
3043 2405 3271 2476 ignorati
3321 2413 3450 2459 sunt
3502 2406 3571 2459 ad
3622 2404 3810 2458 exelu-

2225 2493 2432 2548 sionem
2459 2509 2669 2559 eorum,
2699 2495 2789 2563 qui
2821 2494 2956 2549 bene
2977 2496 3043 2548 de
3067 2511 3285 2549 suormn
3312 2496 3509 2550 civium
3532 2505 3814 2549 merentur

2227 2583 2557 2648 testimonio,
2611 2600 2717 2638 non
2767 2593 3164 2655 praeponuntur.
3214 2585 3402 2641 Nullus
3442 2586 3630 2641 invitis
3659 2586 3814 2641 detur

2227 2676 2534 2747 cpiscopus.
2565 2676 2705 2732 Cleri
2734 2718 2747 2743 ,
2779 2677 2945 2747 plebis
2971 2688 3023 2733 et
3046 2679 3250 2734 ordinis
3277 2696 3598 2749 consensus,
3631 2691 3687 2735 et
3722 2682 3813 2737 de.

2228 2766 2484 2823 siderinm
2517 2768 2839 2840 requiratur.
2874 2768 3028 2827 ,Τυηο
3059 2779 3238 2826 autem
3282 2771 3350 2829 de.
3376 2771 3545 2830 altera
3577 2773 3812 2845 eligatur

2228 2859 2478 2925 ecclesia,
2511 2861 2554 2915 si
2588 2861 2654 2916 dc
2682 2862 2920 2916 civitatis
2951 2862 3116 2932 ipsius
3142 2862 3374 2928 clericis,
3407 2864 3492 2918 cui
3519 2879 3814 2934 episcopus

2231 2951 2562 3006 ordinandus
2580 2960 2679 3012 est,
2713 2951 2889 3006 nullus
2913 2953 3128 3020 dignus,
3155 2933 3298 3022 quod
3320 2953 3538 3008 evenire
3565 2969 3676 3006 non
3697 2970 3815 3007 crn-

2233 3042 2430 3104 dimus,
2462 3041 2659 3111 poterit
2700 3041 2942 3111 reperiri.
2978 3041 3159 3097 Primo
3203 3044 3345 3098 enim
3376 3042 3451 3097 illi
3486 3044 3813 3113 reprobandi

2231 3139 2376 3197 sunt,
2411 3140 2469 3184 ut
2495 3130 2657 3201 aliqui
2690 3131 2757 3185 de
2791 3132 2983 3187 alienis
3009 3132 3267 3188 Ecclesiis
3290 3134 3482 3188 merito
3515 3133 3815 3204 praeferan-

2234 3231 2337 3277 tur.
2388 3223 2597 3279 Habeat
2645 3225 3015 3294 unusquisque
3061 3242 3171 3280 suze
3227 3226 3460 3282 fructum
3509 3226 3724 3282 militia:
3761 3226 3815 3281 in

2232 3313 2472 3369 Ecclesia
2513 3315 2566 3371 in
2608 3331 2712 3385 qua
2765 3331 2916 3369 suam
2968 3331 3063 3387 per
3108 3318 3288 3372 omnia
3338 3316 3507 3373 ofﬁcia
3558 3316 3814 3389 transegit

2232 3413 2464 3457 aetatem.
2500 3402 2555 3458 In
2588 3404 2758 3459 aliena
2810 3404 3073 3473 stipendia
3116 3407 3339 3461 minime
3370 3407 3510 3461 alter
3556 3406 3809 3477 obripiat,

2232 3505 2333 3545 nec
2362 3490 2519 3545 aliter
2563 3491 2795 3544 debitam
2826 3491 2924 3545 sibi
2963 3491 3099 3547 alter
3125 3494 3321 3546 audeat
3347 3493 3626 3548 vindicare
3668 3510 3809 3547 mer-

2232 3580 2442 3636 cedem.
2476 3580 2559 3632 Sit
2590 3579 2815 3635 facultas
2852 3581 3065 3636 clericis
3092 3583 3395 3648 resistendi,
3418 3583 3463 3636 si
3489 3598 3550 3638 se
3576 3583 3812 3637 viderint

2232 3670 2582 3741 pt'zegravari.
2618 3670 2681 3723 Et
2709 3672 2851 3742 quod
2885 3672 2989 3726 sili
3037 3674 3526 3728 extraordinarium
3575 3690 3811 3744 agnove-

2233 3761 2359 3824 rint,
2396 3777 2498 3816 non
2532 3763 2755 3816 timeant
2787 3762 3042 3819 refutare.
3066 3764 3166 3834 Qui
3195 3765 3240 3821 si
3271 3781 3377 3820 non
3407 3766 3653 3821 debitum
3677 3782 3811 3836 prte-

2232 3852 2422 3920 mium,
2453 3853 2536 3907 vel
2564 3853 2787 3909 libemm
2819 3855 2884 3910 de
2911 3869 2976 3910 eo
3004 3856 3094 3926 qui
3123 3869 3217 3911 eos
3242 3864 3489 3911 recturus
3508 3866 3597 3911 est
3618 3858 3813 3912 debent

2232 3943 2724 4014 baberejudicium.
2756 3966 2775 3999 ι
2797 3946 2893 4001 Cui
2915 3948 3246 4003 concordans
3269 3948 3458 4004 beatus
3478 3946 3592 4004 Leo
3606 3964 3745 4021 papa
3764 3956 3815 4005 et

2232 4034 2438 4102 doctor,
2475 4035 2550 4091 ait
2576 4053 2588 4088 :
2610 4053 2628 4088 ‹
2664 4035 2818 4092 Nulla
2849 4038 2984 4093 ratio
3010 4037 3137 4091 sinit
3160 4047 3219 4091 ut
3249 4039 3387 4093 inter
3413 4037 3702 4109 episcopos
3723 4038 3813 4094 ha-

2230 4126 2482 4190 beantur,
2513 4127 2602 4195 qui
2630 4141 2727 4182 nec
2749 4142 2779 4181 a
2806 4126 3019 4182 clericis
3038 4135 3163 4182 sunt
3184 4127 3362 4192 electi,
3390 4141 3492 4182 nec
3510 4142 3540 4181 a
3568 4128 3816 4196 plebibus

2233 4222 2359 4269 sunt
2411 4216 2667 4284 expetiti,
2711 4232 2810 4271 nec
2872 4235 2901 4273 a
2954 4217 3493 4288 cotnprorineialibus
3542 4219 3815 4290 episcopis

548 4313 707 4370 libita
781 4314 1006 4371 donaret
1043 4357 1059 4382 .
1116 4332 1211 4374 seu
1286 4319 1508 4373 tutelam
1574 4333 1788 4387 semper
1851 4326 2126 4386 acceptam
2158 4332 2206 4392 ο
2233 4321 2355 4361 cum
2385 4307 2782 4377 metropolitani
2804 4308 3009 4378 iudicio
3039 4311 3360 4377 consecrati.
3400 4329 3420 4362 ι
3448 4319 3557 4366 elc-

549 4403 607 4460 in
649 4402 883 4478 aliquem
920 4409 1199 4479 prodigum
1226 4410 1640 4479 exstirpatorcm
1681 4409 1995 4465 substantiae
2028 4424 2129 4478 pu-

549 4494 681 4566 piilo
735 4496 939 4554 relicta:
990 4499 1212 4564 sciens,
1270 4508 1324 4552 et
1379 4498 1781 4568 praemeditatus
1835 4498 2130 4570 translega-

550 4593 677 4656 ret,
732 4588 1167 4645 abominabiliter
1209 4597 1264 4645 et
1322 4588 1587 4644 homicida
1639 4590 1705 4644 ab
1751 4590 2001 4645 omnibus
2037 4591 2129 4645 ba-

550 4677 773 4733 beretnr
817 4688 870 4734 et
906 4678 1260 4748 judicaretur.
1304 4680 1403 4746 Qui
1447 4691 1697 4749 putamus
1734 4696 1892 4750 quam
1925 4682 2131 4737 abomi-

549 4770 762 4825 nabiles
787 4781 840 4827 et
860 4780 993 4840 quot
1026 4771 1438 4827 bomicidiorum
1467 4772 1545 4826 rei
1574 4772 1707 4826 fiunt
1735 4773 1824 4842 qui
1852 4787 1949 4841 pro
1974 4772 2129 4826 libitu

552 4874 654 4916 suo
697 4860 995 4930 dilapidant
1038 4861 1420 4930 patrimonium
1469 4860 1850 4925 Ecclesiarum,
1900 4878 2128 4931 quarum

557 4958 764 5006 tutores
794 4949 902 5004 sint
940 4950 1096 5018 positi
1138 4950 1205 5005 ab
1247 4965 1312 5004 eo
1340 4951 1426 5005 cui
1478 4951 1765 5006 derelictus
1807 4961 1889 5006 est
1933 4967 2133 5021 pauper

557 5036 725 5078 (pnnl,
773 5054 801 5078 τ
867 5039 953 5078 In
1015 5041 1104 5078 nni

1149 5052 1226 5078 ne!
1268 5043 1430 5078 nti-nn
1474 5053 1627 5078 non"!
1657 5045 2019 5078 nrnI-nnnrn-n
2078 5054 2128 5078 nl

2838 4424 3064 4482 CAPUT
3114 4425 3197 4480 Π.

2302 4519 2380 4575 De
2435 4518 2634 4575 baculis
2685 4529 2732 4575 et
2775 4519 2985 4573 annalis
3033 4536 3125 4589 per
3173 4535 3360 4573 manus
3401 4517 3748 4574 surculari”!

2755 4600 3062 4658 pulrstamm
3113 4590 3271 4641 dotis.

2302 4676 2427 4733 Hsec
2453 4692 2573 4731 cum
2622 4678 2692 4731 ita
2742 4677 3074 4731 venerabiles
3107 4676 3255 4730 omni
3288 4675 3488 4730 mundo
3516 4684 3574 4731 et
3616 4674 3811 4731 summi

2230 4769 2515 4841 pontiﬁces
2557 4768 2758 4837 Spiritu
2789 4779 2976 4820 saneto
3007 4768 3242 4822 dictante
3286 4766 3656 4830 decreverint,
3694 4780 3810 4821 eum

2234 4859 2628 4930 metropolitani
2655 4858 2858 4930 judicio
2884 4858 3076 4913 electio
3105 4857 3309 4923 clerici,
3350 4857 3613 4927 principis
3633 4866 3810 4911 autem

2232 4968 2493 5008 consensu
2525 4953 2791 5024 expetito,
2822 4952 2994 5023 plebis
3019 4960 3073 5005 et
3104 4950 3313 5006 ordinis
3335 4952 3716 5013 confirmetur,
3747 4947 3811 5002 ad

2233 5042 2661 5078 rannnhntinnom
2698 5049 3005 5078 cnnnfnrnm
3040 5052 3307 5078 nannnnm
3380 5048 3433 5078 Μ
3466 5038 3632 5078 lnﬁnc
3658 5036 3813 5078 Chri—
