4064 5394
316 250 457 317 1149

945 245 1317 314 ADVERSUS
1348 248 1757 311 SlllONlACOS
1793 249 1974 309 LIBRI
2013 250 2211 307 TRES.
2249 248 2552 308 —-LlBER
2587 248 2908 310 TERTIUS.

3429 252 3576 310 H50

305 336 429 432 ’τίεις
454 369 799 443 pras'imtur.
836 385 941 426 non
976 378 1101 425 sunt
1130 369 1273 424 inter
1302 369 1581 441 episcopos
1613 367 1840 424 habendi
1871 385 1884 421 :
1919 373 1962 431 Λ
1993 383 2113 438 qua:
2132 364 2332 423 annulo
2348 378 2402 423 et
2425 367 2615 423 baculo
2647 368 2935 424 visibiliter
2955 375 3286 424 monstratur
3307 378 3365 425 et
3392 370 3555 426 datur

314 462 442 533 quia
474 460 787 516 sulzstitutio
811 475 998 514 eorum
1034 460 1208 528 capite
1235 460 1429 530 pendet
1458 460 1735 525 deorsum,
1768 458 1894 530 quia

313 552 460 623 quod
481 550 665 605 debuit
688 549 770 606 eis
793 548 906 603 ﬁeri
928 558 1282 619 postremum,
1308 548 1507 604 factum
1531 558 1613 603 est
1639 549 1891 620 primum,

314 652 371 697 et
401 639 469 695 ab
510 640 616 695 illis
649 655 877 710 quorum
928 639 1154 694 interest
1198 640 1443 693 nihilum.
1490 640 1627 707 Quid
1657 639 1800 694 enim
1828 640 1895 694 ad

316 730 484 783 laicas
513 728 745 799 pertinet
773 744 1033 799 personas
1058 738 1396 783 sacramenta
1424 729 1811 793 ecclesiastica,
1840 740 1897 784 et

313 818 708 890 po.:t'.ﬁcalem,
760 835 854 873 seu
907 822 1230 889 pastoralem
1274 821 1500 890 gratiam
1549 821 1892 885 distribuere,

316 927 566 968 camuros
603 911 807 967 scilicet
831 910 1049 966 buculos
1077 920 1132 966 et
1160 911 1602 981 annulosquibns
1629 911 1897 982 prmcipue

313 1004 622 1076 perﬁcitur,
656 1004 795 1058 milit
833 1012 872 1067 t,
908 1014 963 1057 et
998 1004 1245 1057 im.i.itur
1277 1014 1384 1057 tota
1423 1003 1740 1074 ep'scopalis
1769 1019 1899 1058 cou-

314 1096 595 1152 sccratio?
626 1096 882 1166 Equidem
930 1095 983 1149 in
1030 1096 1263 1149 camuris
1292 1095 1494 1149 baculis
1539 1098 1789 1164 superius
1828 1093 1896 1149 ad

314 1186 694 1243 attrahendum
741 1196 795 1240 et
840 1186 1174 1240 inritandam
1223 1187 1490 1241 nncinatis
1538 1195 1593 1241 ct
1642 1185 1890 1251 inﬂexis;

313 1276 539 1334 inferius
562 1291 693 1334 vero
717 1277 784 1332 ad
820 1276 1185 1347 repellendum
1213 1286 1267 1330 et
1293 1276 1592 1330 feriendum
1620 1276 1896 1330 acumina-

314 1368 385 1425 tis
407 1376 463 1425 et
488 1368 734 1431 armatis,
780 1352 1256 1440 designatur‘quze
1306 1368 1358 1422 in
1411 1370 1490 1422 eis
1539 1368 1896 1422 committitur

311 1473 444 1515 cura
472 1459 778 1530 pastoralis.
828 1474 948 1528 qua:
995 1460 1181 1528 utique
1228 1475 1323 1513 sua
1376 1459 1766 1528 compositione
1814 1458 1894 1513 vel

313 1549 491 1607 futura
518 1550 767 1605 adn-onet
797 1559 1065 1619 pastores,
1097 1559 1154 1603 ιιι
1184 1550 1315 1604 recti
1344 1560 1398 1602 et
1423 1549 1566 1618 plani
1596 1549 1723 1610 sint,
1757 1564 1895 1604 suas-

310 1654 419 1713 que
444 1639 675 1696 actionis
711 1640 793 1693 vel
820 1639 1286 1709 contemplationis
1325 1642 1551 1694 arduum
1578 1650 1631 1695 et
1664 1640 1892 1709 rigidum

312 1712 571 1789 certicem
598 1747 761 1787 causa
797 1733 1039 1787 imitandi
1068 1741 1122 1786 et
1162 1734 1464 1788 attrahendi
1493 1734 1559 1787 ad
1590 1750 1649 1789 se
1676 1750 1890 1804 gregem
1925 1712 1967 1771 Β

311 1825 408 1882 Dei
444 1828 937 1880 cornfcscendentes
971 1823 1163 1879 leniter
1198 1825 1470 1879 dimittant
1496 1834 1551 1878 et
1596 1824 1891 1889 intlectant,

312 1916 391 1973 sic
420 1927 594 1971 tamen
623 1925 683 1970 ut
707 1916 1059 1986 sibimetipsis
1093 1932 1308 1986 quoque
1343 1932 1558 1988 semper
1589 1918 1891 1983 intendant,

311 2023 412 2065 nec
440 2024 674 2078 unquam
708 2026 738 2062 a
782 2010 978 2063 suimet
1006 2010 1438 2064 consideratione
1473 2011 1669 2065 mentis
1707 2011 1894 2065 obtuta

311 2097 609 2155 reﬂectant.
642 2100 881 2167 Quorum
931 2098 1055 2154 ﬁnis
1099 2099 1301 2154 indicat
1331 2108 1389 2154 ut
1417 2116 1601 2155 severa
1649 2102 1891 2170 increpa-

312 2190 460 2245 tione
489 2189 917 2260 indiseiplinazos
944 2198 1202 2253 terreant,
1250 2199 1324 2254 et,
1353 2190 1397 2245 si
1442 2191 1748 2261 pertinaces
1785 2192 1897 2246 fue-

311 2280 440 2344 rint,
475 2290 715 2334 extrema
746 2295 773 2335 s
807 2282 1013 2335 utentia
1057 2282 1124 2336 ab
1169 2282 1398 2337 ecclesia
1437 2282 1717 2353 repellant.
1766 2286 1895 2351 Qua:

311 2370 490 2426 omnia
540 2371 826 2439 Apostolus
869 2371 1101 2425 bl‘0\iiCl‘
1133 2372 1373 2426 insinuat
1415 2375 1529 2429 ita:
1561 2393 1579 2426 ι
1620 2373 1895 2444 Rogamus

311 2475 429 2525 vos,
455 2460 711 2529 corripite
742 2460 1042 2529 inquietos,
1092 2463 1447 2517 COIlStlialllllli
1487 2463 1892 2533 pusillanimes,

311 2552 567 2619 suscipite
590 2551 857 2617 inﬁrmos,
879 2552 1144 2623 patientes
1166 2562 1341 2609 estote
1363 2555 1431 2609 ad
1454 2569 1641 2609 onmes
1664 2554 1712 2617 (1
1741 2554 1892 2610 Tlm.

315 2659 368 2708 ν,
400 2643 512 2708 Η).
557 2660 577 2695 ι

385 2733 553 2787 Porro
583 2733 814 2788 annulus
843 2733 1179 2804 signaculum
1222 2743 1551 2790 secretorum
1596 2734 1893 2790 cmlestium

313 2825 542 2888 indicat,
588 2841 926 2895 prtemonens
972 2827 1373 2895 prmdicatores,
1412 2836 1472 2880 ut
1509 2836 1773 2881 secretam
1806 2844 1894 2881 sa-

310 2918 566 2988 pientiam
609 2916 700 2970 Dei
735 2933 856 2971 cum
907 2916 1167 2988 Apostolo
1209 2918 1498 2988 disignent,
1527 2927 1581 2973 et
1609 2918 1897 2987 loquantur

310 3007 456 3062 inter
490 3006 756 3076 perlectus
784 3005 833 3077 (I
866 3004 991 3061 Cor.
1021 3022 1083 3072 ιι,
1112 3006 1146 3061 6
1167 3047 1182 3071 ,
1214 3006 1267 3073 7)
1294 3047 1309 3071 ,
1341 3023 1503 3078 quam
1535 3006 1681 3061 velut
1711 3008 1893 3075 signa-

312 3104 424 3155 tam
452 3096 680 3151 reticent
705 3095 1053 3165 imperfectis,
1078 3096 1273 3166 quibus
1295 3096 1529 3150 nomium
1554 3096 1725 3151 solido
1750 3095 1890 3159 ciba,

311 3188 406 3246 sed
427 3186 544 3244 solo
566 3187 703 3244 lacte
724 3204 860 3259 opus
880 3197 965 3243 est
991 3187 1174 3261 (Hebr.
1202 3207 1258 3255 γ,
1285 3189 1393 3261 12),
1416 3191 1530 3244 sive
1558 3199 1615 3245 ut
1641 3201 1892 3259 tanquam

312 3278 473 3335 amici
519 3280 714 3351 Sponsi
753 3281 913 3335 tidem
944 3297 1106 3336 unam
1152 3298 1364 3352 sponsa:
1415 3283 1600 3353 ipsius,
1654 3299 1771 3351 qua:
1814 3292 1898 3337 est

312 3369 578 3436 Ecclesia,
616 3371 733 3426 sine
780 3370 1181 3426 intermissione
1221 3373 1512 3427 exhibeant
1538 3382 1592 3427 et
1622 3387 1895 3426 COItltthll-

314 3464 460 3519 dent.
490 3461 810 3534 Quicunque
839 3479 970 3534 ergo
1007 3463 1091 3518 his
1129 3464 1337 3517 duobus
1363 3464 1596 3532 aliquem
1640 3462 1852 3515 initiaut
1876 3503 1891 3527 ,

311 3552 501 3623 procul
547 3552 709 3608 dubio
744 3568 961 3607 omnem
1010 3553 1335 3622 pastoralem
1367 3553 1744 3607 auctoritatem
1792 3553 1896 3607 hoc

311 3645 689 3717 praesumendo
710 3644 811 3699 sibi
844 3645 1135 3700 vindicant.
1168 3644 1303 3699 Nam
1335 3655 1455 3715 post
1484 3646 1596 3699 lucc
1631 3646 1890 3710 cncwnia,

311 3735 456 3807 quod
505 3734 733 3793 liberum
757 3733 1020 3803 judicium
1068 3734 1135 3790 de
1177 3734 1373 3789 talibus
1421 3734 1740 3800 rectoribus,
1779 3733 1892 3802 jam

306 3827 457 3889 datis
495 3826 692 3893 clerus,
741 3826 892 3897 plebs
920 3835 975 3882 ct
1004 3825 1167 3891 ordo,
1197 3840 1290 3880 seu
1322 3826 1770 3895 metropolitanus
1801 3840 1893 3881 eos

313 3930 752 3984 consecraturos,
788 3920 988 3975 habere
1027 3927 1274 3988 poterunt
1296 3958 1310 3981 ,
1337 3918 1464 3986 quid
1492 3926 1697 3971 tantum
1737 3930 1894 3985 supe-

313 4016 428 4066 rest
456 4011 532 4065 rei
556 4052 572 4076 ,
602 4010 704 4066 nisi
733 4008 1067 4065 connivent?
1096 4007 1188 4062 Sic
1216 4007 1547 4062 enczeniatus
1585 4008 1735 4077 prius
1783 4008 1893 4060 ιιι)-

312 4101 491 4158 lentus
522 4102 727 4157 invadit
756 4101 993 4166 clerum,
1024 4099 1254 4169 plebem,
1287 4108 1342 4153 et
1372 4098 1617 4153 ordinent
1649 4099 1893 4153 domina.

316 4200 471 4248 turus
520 4207 682 4262 quam
741 4194 809 4246 ab
866 4192 944 4247 eis
998 4198 1396 4261 cognoscatur,
1464 4198 1741 4258 quaeratur
1798 4200 1893 4244 aut

311 4289 550 4355 petatur.
582 4282 672 4338 Sic
698 4281 1166 4350 metropclitanum
1210 4281 1520 4351 aggreditur
1546 4320 1561 4346 ,
1596 4296 1700 4335 non
1728 4280 1797 4335 ab
1826 4295 1891 4336 eo

1997 459 2148 531 Rogo
2182 475 2312 529 ergo
2361 475 2459 515 cur
2493 461 2736 515 redditur
2765 459 2907 530 quod
2943 459 3175 515 habetur
3197 502 3213 524 ,
3250 461 3350 517 nisi
3394 471 3448 516 ut
3483 471 3577 517 aut

1995 551 2173 607 denuo
2202 567 2289 607 res
2316 550 2684 606 ecclesiastica
2715 552 2814 606 sub
2856 552 2963 605 hac
2995 552 3173 621 specie
3201 552 3461 621 jussionis
3490 553 3576 609 vel

1998 641 2302 698 donationis
2335 643 2621 704 rendatnr,
2653 651 2745 695 aut
2771 641 2824 695 iu
2852 642 3019 710 priori
3054 642 3357 699 venditione
3384 658 3578 700 corro-

1995 735 2235 791 borauda
2268 750 2298 789 a
2327 734 2739 804 metropolitano
2787 734 3007 802 suisque
3051 732 3407 806 sull'raganeis
3451 734 3579 792 svb—
3652 774 3669 791 .

1997 828 2286 888 scribatur,
2312 835 2366 880 at
2395 836 2545 880 certe
2578 834 2637 878 ut
2664 824 3013 895 praesumptio
3038 823 3188 879 laieze
3222 824 3577 881 ordinationis

1995 918 2247 988 pallietnr
2290 918 2471 972 colore
2528 927 2583 972 et
2648 916 2956 971 velamento
3001 915 3233 984 quodam
3282 914 3577 986 disciplima

1995 1010 2303 1066 clericalis?
2330 1011 2483 1078 Quod
2513 1011 2557 1065 si
2590 1026 2687 1064 nec
2722 1010 2922 1063 laetum
2954 1015 3056 1072 est,
3085 1022 3186 1062 nec
3208 1006 3285 1072 ﬁt,
3319 1023 3405 1062 me
3453 1007 3579 1062 hinc

1997 1101 2193 1173 aliquis
2237 1104 2520 1157 mentitum
2551 1112 2761 1173 arguat.
2791 1101 2898 1156 Sed
2925 1101 3067 1171 quod
3096 1100 3312 1168 gravius
3336 1108 3438 1164 est,
3470 1115 3577 1153 non

1997 1201 2207 1247 tantum
2238 1192 2515 1263 prioribus
2544 1192 2876 1261 temporibus
2907 1189 3163 1245 recolitur
3182 1197 3235 1244 et
3257 1188 3581 1259 prmdicatul‘

1997 1284 2104 1339 tale
2126 1284 2255 1354 quid
2284 1284 2510 1348 factum,
2542 1283 2635 1337 sed
2664 1282 2865 1336 nostris
2893 1296 3108 1350 quoque
3136 1278 3375 1334 cernitur
3392 1286 3451 1334 et
3474 1278 3580 1334 sci-

1997 1384 2083 1430 tur
2113 1378 2389 1430 usitatum.
2420 1374 2607 1430 Nonne
2634 1374 2814 1427 smculi
2854 1372 3126 1442 principes
3155 1370 3303 1442 prius
3321 1369 3579 1427 vendide-

1996 1475 2123 1521 runt
2163 1475 2216 1522 et
2246 1468 2485 1521 vendunt
2514 1465 2905 1527 ecclesiastica,
2939 1464 3040 1519 sub
3070 1463 3205 1518 falso
3233 1477 3451 1519 nomtne
3496 1460 3579 1518 in-

1994 1556 2337 1620 restitionis;
2379 1556 2573 1611 deinde
2619 1554 3058 1625 metropolitano,
3090 1553 3191 1608 sub
3224 1562 3411 1607 tenore
3443 1565 3578 1608 eau-

1995 1647 2313 1702 sceratiouis
2331 1646 2356 1700 ἲ

2595 1736 2678 1793 CA
2690 1736 2722 1790 Γ
2734 1735 2823 1791 UT
2876 1734 2983 1791 \‘ll.

2000 1851 2074 1908 De
2099 1862 2327 1924 tempore
2351 1852 2602 1924 Ottommt
2625 1863 2671 1924 et
2699 1851 2763 1905 de
2788 1851 2969 1924 studio
2992 1848 3211 1903 Hererici
3230 1849 3579 1920 imperatoris,

2314 1935 2361 1978 et
2391 1924 2457 1977 de
2490 1921 2694 1976 malitia
2735 1923 2867 1991 regis
2909 1919 3258 1974 Francorum.

2068 2015 2139 2070 Ut
2168 2013 2312 2069 enim
2339 2016 2406 2069 de
2453 2014 2725 2084 prioribus
2773 2012 2984 2067 saeculis
3038 2012 3332 2066 reticeatur
3404 2011 3581 2065 adhuc

1998 2105 2192 2157 retinet
2223 2103 2483 2158 memoria
2514 2102 2803 2157 trultorum
2830 2103 2970 2157 hanc
3005 2102 3350 2169 reciprocans
3391 2101 3579 2154 vendi-

1999 2196 2163 2250 tionis
2191 2195 2392 2249 rabiem
2419 2236 2434 2259 ,
2467 2204 2768 2265 grassatam
2810 2210 2907 2264 per
2927 2192 3272 2248 Germaniam
3300 2200 3355 2246 et
3381 2191 3582 2246 Gallias

1997 2296 2273 2354 totamque
2314 2285 2545 2350 Italiam,
2585 2300 2614 2338 a
2653 2284 2983 2355 temporibus
3010 2282 3290 2347 Ottonum,
3319 2296 3487 2351 usque
3515 2282 3581 2336 ad

1995 2380 2238 2443 augusta:
2267 2386 2324 2430 et
2354 2376 2489 2430 divae
2520 2375 2796 2430 memoriae
2826 2375 3228 2444 imperatorem,
3270 2372 3581 2429 lleinrieum

1997 2464 2305 2520 Clutonradi
2354 2465 2541 2519 ﬁl.um.
2594 2465 2730 2530 llic,
2783 2466 2836 2518 in
2887 2464 3079 2519 diebus
3128 2466 3268 2527 suis,
3320 2473 3427 2519 tam
3456 2477 3490 2519 a
3522 2478 3583 2520 se

1996 2571 2158 2624 quam
2184 2557 2251 2609 ab
2279 2556 2689 2620 ecclesiasticis,
2723 2555 2931 2624 imperii
2961 2554 3063 2610 sibi
3105 2555 3295 2610 crediti
3337 2553 3584 2624 personis

1997 2654 2208 2699 tantum
2238 2623 2580 2717 sacrilegittin
2614 2623 2843 2701 removit
2888 2644 3300 2715 aliquantulum,
3337 2644 3584 2713 quamvis

1999 2735 2225 2789 instaret
2252 2734 2501 2798 multum,
2532 2744 2585 2789 et
2611 2744 2834 2804 cuperet
2865 2748 3144 2789 removere
3172 2742 3361 2787 totum.
3390 2731 3447 2786 In
3475 2747 3583 2801 quo

1998 2825 2178 2880 cordis
2202 2826 2285 2879 sui
2314 2825 2520 2895 Optimo
2543 2823 2814 2879 desiderio
2836 2824 3122 2878 immatura
3148 2831 3320 2877 morte
3341 2836 3584 2891 praeven~

1999 2928 2104 2978 tus,
2139 2916 2202 2969 ad
2231 2908 2595 2970 vitae'rcternte
2623 2929 2872 2985 regnum,
2902 2922 2959 2968 ut
2978 2912 3234 2978 creditur,
3259 2913 3340 2967 vel
3362 2929 3460 2983 pro
3482 2912 3585 2968 hac

1999 3008 2112 3062 sola
2161 3008 2482 3072 intentione,
2511 3007 2655 3062 velut
2684 3021 2784 3076 pro
2811 3005 2953 3061 oculi
2979 3006 3061 3060 sui
3090 3004 3455 3075 simplicitate,
3501 3011 3584 3059 est

2000 3100 2310 3168 translatus,
2344 3114 2465 3153 eum
2494 3114 2560 3154 ex
2590 3097 2772 3152 multis
2800 3111 3016 3168 quoque
3036 3095 3155 3150 aliis
3181 3094 3337 3150 bonis
3356 3094 3581 3149 exstite-

1998 3191 2067 3245 rit
2101 3191 2365 3245 laudatus.
2392 3190 2557 3260 Cujus
2586 3188 2923 3262 synchronus
2964 3200 3018 3242 et
3061 3187 3390 3257 arquit'ocus,
3441 3186 3585 3241 occi-

1995 3280 2226 3337 dentalis
2274 3280 2518 3335 Francia:
2551 3279 2814 3349 perditor,
2843 3288 2898 3334 et
2945 3278 3040 3333 Dei
3079 3288 3360 3349 tyrannus,
3399 3294 3429 3333 c
3454 3294 3583 3332 con-

1999 3372 2186 3434 trario,
2213 3373 2351 3426 sicut
2374 3371 2513 3426 (ilius
2534 3371 2855 3442 perditionis
2874 3378 2931 3426 et
2950 3370 3339 3435 Antichristus,
3365 3369 3583 3425 Christo

1997 3462 2353 3524 adversatur,
2398 3460 2552 3529 cujus
2594 3462 2822 3531 gratiam
2865 3460 3139 3532 impugnat
3180 3469 3234 3515 et
3273 3474 3583 3531 expugnare

1996 3568 2101 3607 non
2125 3561 2305 3608 cessat
2328 3552 2380 3606 in
2416 3552 2625 3608 cunctis
2654 3567 2767 3607 sua:
2795 3552 3013 3607 ditionis
3041 3552 3310 3624 partibus.
3336 3551 3453 3619 Quo
3480 3566 3579 3606 suo

1996 3646 2212 3710 merito,
2256 3646 2509 3701 draconis
2550 3644 2705 3715 cujus
2746 3660 2950 3715 sequax
2984 3655 3088 3711 est,
3130 3646 3302 3699 cauda
3336 3653 3577 3712 putatur.

1994 3755 2114 3809 qua:
2138 3739 2556 3794 innumerabiles
2575 3747 2630 3793 et
2651 3738 2937 3808 prmelaras
2956 3737 3140 3792 stellas
3154 3736 3300 3801 cmli,
3326 3734 3581 3790 Ecclesia:

1995 3831 2201 3886 scilicet
2230 3830 2560 3885 Francorum
2594 3829 2821 3883 traxerit
2845 3838 2899 3884 et
2940 3828 3152 3893 trahat,
3185 3827 3500 3895 miseritqne
3526 3834 3582 3880 ct

1995 3926 2178 3979 mittat
2209 3924 2258 3977 iu
2292 3934 2489 3978 terram
2540 3922 2882 3976 tenebrosam
2912 3929 2966 3975 et
2993 3928 3235 3989 opertam
3265 3920 3456 3973 mortis
3481 3935 3578 3973 ca-

1995 4016 2176 4084 ligine.
2205 4015 2373 4079 Quem
2408 4012 2642 4083 Spiritus
2669 4019 2911 4075 sanctus,
2963 4011 3018 4065 in
3061 4025 3222 4080 quem
3268 4010 3385 4065 sine
3417 4009 3582 4064 inter-

1994 4105 2251 4160 missione
2279 4111 2397 4174 plus
2446 4118 2608 4173 quam
2647 4100 2834 4155 Simon
2872 4099 3058 4172 Magus
3086 4108 3295 4171 peccat,
3344 4107 3436 4153 aut
3471 4099 3582 4152 cito

1993 4205 2378 4268 compunctum
2424 4195 2685 4263 corrigat,
2727 4200 2822 4247 aut
2866 4192 2975 4247 cito
2997 4206 3027 4245 a
3057 4206 3115 4247 se
3142 4188 3483 4245 interfectum
3513 4189 3583 4243 de

1993 4289 2174 4346 medio
2207 4287 2371 4352 tollat,
2404 4301 2472 4341 ne
2515 4294 2595 4341 tot
2626 4284 2983 4356 blasphemias
3011 4293 3067 4339 et
3094 4282 3320 4354 injurias
3366 4280 3433 4336 ad
3466 4298 3578 4335 sua:

308 4372 652 4446 judicandus,
674 4373 765 4429 sed
798 4374 967 4442 ipsum
986 4370 1323 4441 judicaturus
1349 4389 1363 4438 ;
1400 4387 1572 4441 neque
1596 4371 1739 4425 enim
1774 4372 1887 4442 jam
1920 4394 1966 4453 ι)
1994 4377 2357 4434 damnationis
2402 4373 2679 4431 cumulum
2722 4383 2778 4430 οι
2805 4384 3007 4430 saucia;
3032 4372 3457 4429 Christianitatis
3485 4386 3582 4427 εχ..

314 4462 545 4533 requirit
577 4472 672 4517 aut
703 4463 893 4532 recipit
921 4463 1036 4534 ejus
1059 4460 1364 4531 judicium,
1393 4462 1486 4518 sed
1520 4462 1693 4517 solum
1721 4463 1890 4533 exigit

313 4562 370 4611 et
396 4562 683 4625 extorquet
724 4554 1036 4619 servitium,
1082 4554 1222 4624 quod
1253 4554 1300 4609 ei
1334 4554 1507 4608 solum
1547 4554 1600 4608 in
1647 4554 1891 4608 oratione

313 4655 371 4701 et
394 4647 649 4702 unctione
675 4654 759 4701 est
787 4645 1051 4701 relictum.
1097 4644 1234 4713 Quid
1264 4645 1406 4699 enim
1446 4644 1549 4701 sibi
1570 4642 1683 4712 jam
1718 4644 1888 4714 perti-

313 4747 404 4794 net
435 4749 527 4793 aut
556 4739 776 4809 prodest
800 4737 1049 4793 baculum
1079 4744 1136 4790 et
1175 4737 1432 4789 annulum
1483 4750 1620 4804 quos
1670 4742 1887 4803 portat,

315 4828 576 4885 reddere?
597 4826 845 4896 Nunquid
866 4830 989 4896 quia
1012 4842 1042 4879 a
1066 4826 1201 4883 laica
1226 4840 1452 4894 persona
1474 4825 1582 4878 dati
1604 4824 1765 4879 sunt?
1783 4824 1888 4880 Sed

318 4920 480 4978 etiam
514 4936 544 4976 a
577 4922 716 4976 laico
743 4920 1008 4990 baptisma
1057 4919 1240 4974 datum
1289 4934 1394 4972 non
1439 4926 1521 4972 est
1560 4917 1887 4979 iterandum,

318 5016 412 5073 sed
437 5016 684 5072 oratione
708 5024 763 5070 et
786 5012 1039 5071 unetione
1069 5028 1098 5066 a
1130 5014 1409 5069 sacerdote
1443 5010 1487 5064 si
1531 5012 1891 5078 supervivitur

318 5108 696 5179 supplendum,
749 5105 863 5161 sine
897 5107 1119 5175 quibus,
1170 5105 1271 5159 nisi
1316 5104 1457 5160 forte
1492 5103 1887 5172 supervivatur,

317 5213 536 5270 rtgnum
568 5194 833 5255 caelorum
880 5197 1245 5252 indubitanter
1292 5198 1564 5257 intratur,
1607 5209 1731 5250 cum
1774 5198 1890 5253 sine

316 5307 464 5365 aqua
488 5295 708 5349 lavacro
737 5291 931 5347 nullus.
970 5291 1122 5347 Unde
1147 5291 1319 5358 palam
1363 5298 1451 5345 est
1473 5302 1631 5341 omne
1675 5295 1887 5359 episeo-

1995 4468 2306 4524 terminium
2335 4467 2537 4522 diutius
2563 4465 2666 4536 ipsi
2696 4463 2923 4536 Spiritui
2954 4473 3142 4520 sancto
3167 4463 3383 4518 inferat.
3408 4461 3579 4531 Quem

1992 4560 2136 4614 Deus
2169 4566 2391 4629 propter
2421 4565 2641 4627 peccata
2684 4556 2866 4627 populi
2919 4569 3149 4627 regnare
3196 4552 3479 4624 permisit,
3520 4560 3583 4607 ut

1990 4663 2089 4719 per
2110 4664 2234 4703 eum
2278 4646 2518 4701 funditus
2553 4647 2838 4701 trahantur
2882 4647 2950 4701 ad
2995 4652 3196 4699 sortem
3225 4640 3449 4704 diaboli,
3479 4639 3578 4709 qui

1992 4740 2212 4794 nomine
2241 4748 2398 4792 tenus
2425 4736 2750 4791 censebatur
2773 4751 2895 4791 esse
2919 4735 3141 4790 Christi.
3170 4733 3267 4789 Cui
3297 4734 3378 4789 sie
3398 4732 3584 4804 perdi.

1993 4842 2080 4888 tus
2106 4831 2190 4885 ille
2209 4829 2452 4898 perditor
2479 4827 2656 4897 palam
2690 4837 2744 4881 et
2769 4827 3040 4882 obstinate
3071 4839 3242 4895 usque
3272 4838 3443 4888 nunc,
3473 4822 3588 4878 vel-

1992 4930 2053 4974 ut
2095 4921 2233 4975 alter
2259 4919 2542 4981 Julianus,
2576 4923 2866 4987 repugnat,
2914 4925 2977 4970 ut
3017 4915 3269 4986 quamvis
3313 4911 3603 4971 multoties.

1992 5012 2061 5065 ab
2087 5009 2397 5067 reverendae
2426 5006 2699 5062 memoria:
2721 5005 3068 5078 pontiﬁcibus
3091 5007 3407 5074 apostolicm
3428 5001 3605 5068 sed“.

1991 5103 2192 5162 domno
2235 5105 2419 5169 Leone
2455 5110 2508 5154 et
2547 5097 2784 5164 Victore,
2809 5114 2976 5171 super
3002 5107 3152 5156 tanta
3184 5096 3469 5172 apostasia
3497 5094 3605 5148 ade

1994 5200 2231 5253 monitus
2264 5204 2319 5252 et
2363 5199 2668 5259 correptus,
2720 5188 2872 5261 pejor
2918 5192 2972 5247 in
3002 5192 3121 5248 dies
3153 5189 3272 5256 ﬁat,
3323 5192 3614 5253 ﬁnemque

1995 5289 2109 5342 suis
2138 5281 2502 5360 pravitatibus
2560 5279 2780 5336 rebellis
2834 5277 2949 5335 Deo
2975 5291 3030 5338 et
3070 5282 3457 5338 sacerdotibus
3483 5272 3617 5342 ejus.

3439 5386 3452 5394 ι
3508 5382 3606 5394 nn.-
