4064 5394
510 286 641 343 “fil

1565 290 1922 351 HUMDERTI
1961 294 2020 351 S.
2062 294 2128 349 Β.
2176 294 2238 350 Ε.
2279 290 2688 350 CARDlNALIS

2994 253 3014 262 ’
3036 252 3124 306 Ὑί
3184 268 3273 306 ’π’
3618 285 3758 342 me

509 397 658 453 l‘ezri
683 398 968 455 credentes
995 399 1071 455 illi
1108 414 1267 471 posse
1297 400 1514 473 placere
1533 400 1644 471 jam
1686 405 1942 474 pecunias
1962 420 2088 459 con-
2192 405 2401 460 dixerat
2431 422 2444 457 :
2476 421 2494 454 ι
2530 404 2730 458 Ειιιιωε
2785 402 2838 456 in
2882 396 3147 456 mundum
3175 402 3507 467 universum,
3562 404 3761 472 praedi-

510 496 589 542 tra
618 504 769 544 suam
813 490 1135 545 sententiam
1181 494 1496 561 acquisitas,
1549 495 1797 563 exemplo
1850 496 2089 550 Simonis

512 581 689 651 Magi;
723 596 822 636 nec
848 582 1035 637 timent
1064 599 1185 637 cum
1216 586 1304 639 illo
1333 588 1401 639 ab
1426 588 1543 656 ipso
1586 587 1837 657 Priueipe
1881 596 2092 658 aposto-

512 668 684 722 lorum
714 670 815 723 sibi
852 686 1064 740 quoque
1088 672 1193 727 dici
1222 691 1233 725 :
1268 692 1286 724 ι
1320 672 1552 729 Pecunia
1582 684 1669 730 tua
1704 685 1878 731 tecum
1926 676 1999 731 sit
2037 676 2091 731 in

513 758 869 831 perditionem
900 760 1036 831 (Act.
1068 777 1186 826 vm,
1217 763 1327 832 ‘20).
1364 783 1381 816 ι
1421 763 1659 831 Quorum
1686 764 1796 832 jam
1843 766 2090 835 pecunia,

516 857 928 920 quantacunque
955 854 1063 918 sit,
1109 855 1379 909 immunda
1418 856 1505 921 tit,
1543 858 1972 926 quandocunque
2009 855 2094 911 δί-

519 939 764 997 moniaca
810 944 1035 1011 pecunia
1080 946 1342 1000 accedens
1393 947 1534 1000 illam
1566 947 1852 1018 contingit.
1887 946 1992 1002 Sed
2025 947 2094 1001 ad

517 1033 853 1103 propositum
892 1035 1166 1089 redeatur.

1095 1126 1325 1182 CAPUT
1365 1127 1496 1184 VIII.

521 1232 601 1289 De
655 1237 1035 1306 quadriperﬁla
1085 1239 1377 1291 venditione
1431 1238 1572 1306 apud
1626 1238 1880 1301 Latinos,
1939 1246 1986 1291 et
2031 1235 2097 1289 de

669 1304 851 1374 Magni
888 1304 1220 1361 Constantini
1251 1304 1522 1362 devotione
1550 1325 1673 1378 erga
1715 1308 1953 1361 clericos.

598 1390 929 1446 Distrahitur
953 1408 1081 1464 ergo
1111 1397 1310 1463 passim
1360 1405 1415 1450 et
1459 1397 1688 1466 sparsim
1739 1411 1822 1449 res
1848 1391 2097 1450 ecclesia-

524 1481 660 1535 s:ica
719 1484 867 1551 prius
908 1499 937 1536 a
982 1484 1317 1554 principibus
1364 1495 1633 1542 eteorum
1692 1484 2093 1553 familiaribus,

527 1571 721 1629 deinde
784 1591 812 1628 a
872 1577 1307 1646 metropolitanis
1358 1587 1415 1633 et
1474 1593 1661 1633 eorum
1718 1577 2094 1634 familiaribus.

527 1660 731 1719 Neutra
799 1666 996 1737 quippe
1064 1668 1304 1723 venditio
1376 1670 1435 1723 tit
1498 1670 1616 1725 sine
1688 1671 2093 1727 mediatoribus.

525 1754 738 1822 Quanto
764 1754 1103 1812 tolerabilius
1129 1759 1488 1818 venderetur.
1534 1759 1578 1813 si
1612 1758 1806 1814 saltem
1848 1759 2096 1829 exemplo
2130 1739 2172 1798 Β

498 1843 805 1909 orientalis
827 1854 882 1899 et
907 1849 1282 1902 transmarina:
1306 1848 1579 1913 Ecclesim,
1606 1865 1635 1903 a
1665 1850 2101 1919 metropolitanis

526 1942 734 1997 tantum
756 1947 1053 2006 eorumque
1082 1937 1439 1994 familiaribus
1468 1941 1811 2004 venderetur,
1848 1942 1972 2011 quia
2018 1942 2101 1997 bis

530 2035 764 2090 tantutn,
798 2035 856 2081 et
904 2042 1009 2082 non
1061 2037 1255 2098 quater
1299 2030 1643 2085 venderetur.
1672 2030 1929 2097 Quamvis
1954 2032 2098 2084 enim

529 2119 862 2175 multimodis
909 2121 1189 2176 erroribus
1236 2121 1492 2176 Ecclesia:
1523 2120 2100 2191 Constantinopolitaui

528 2209 736 2280 imperii
764 2221 1048 2275 vexentur,
1081 2213 1148 2266 ab
1181 2212 1283 2267 hoc
1313 2221 1488 2267 tamen
1515 2212 1782 2266 immunes
1802 2227 1899 2282 per
1919 2212 2098 2266 omnia

529 2315 843 2360 noscuntur.
888 2305 1157 2374 Denique,
1201 2306 1341 2360 sicut
1367 2306 1555 2360 auditu
1599 2314 1655 2359 et
1703 2306 1818 2360 visu
1853 2320 2103 2374 compro-

527 2394 681 2459 havi,
713 2406 767 2452 et
797 2398 1015 2467 insuper
1045 2397 1113 2452 ab
1147 2411 1242 2451 ore
1276 2397 1589 2452 orthodoxae
1630 2397 1903 2451 memoria:
1929 2398 2100 2467 impe-

530 2490 751 2555 ratoris,
784 2490 1122 2545 Constantini
1149 2490 1506 2554 Mouomachi,
1540 2491 1591 2544 in
1641 2489 1752 2560 ipsa
1796 2490 1939 2560 regia
1972 2492 2104 2545 urbe

527 2594 627 2647 pro
657 2579 965 2649 apostolica:
987 2579 1132 2634 sedis
1171 2578 1445 2648 responsis
1490 2577 1698 2647 positus
1751 2580 1976 2644 agnovi;
2003 2594 2103 2634 nec

529 2670 643 2738 ipse
673 2670 990 2739 imperator,
1027 2685 1126 2724 nec
1168 2668 1429 2723 laicorum
1470 2667 1694 2736 quilibet
1730 2667 1892 2722 ullam
1924 2668 2105 2737 dispo-

527 2763 779 2818 sitionem
810 2762 1163 2818 ecclesiarmn
1199 2771 1291 2817 aut
1331 2759 1826 2817 ecclesiasticarum;
1882 2762 2104 2817 ordina-

530 2855 737 2910 tionum
794 2871 889 2910 seu
938 2854 1258 2910 facultatum
1318 2853 1607 2924 aliquando
1646 2853 1745 2908 sibi
1794 2853 2097 2922 prtesumit;

527 2948 626 3001 sed
668 2954 862 3000 cuncta
907 2944 1067 3000 simul
1112 2955 1396 3016 postquam
1435 2943 1599 2999 semel
1631 2944 1817 2999 relicta
1838 2955 1984 3008 sunt,
2019 2961 2104 3000 re-

529 3038 848 3105 linquuntur
888 3035 1219 3106 disponenda
1277 3035 1708 3105 metropolitauis
1758 3046 1812 3090 et
1848 3036 2104 3092 ecclesia-

500 3127 681 3182 ‘sticis
734 3127 999 3197 personis,
1037 3143 1065 3180 a
1096 3135 1338 3198 tempore
1393 3129 1616 3184 maximi
1656 3137 1712 3184 et
1748 3129 1909 3199 primi
1965 3127 2103 3183 Con-

528 3216 749 3271 atantini
774 3216 863 3286 qui
895 3231 1056 3286 super
1083 3216 1602 3274 hismemorabilem
1652 3228 1707 3273 et
1735 3219 1986 3273 omnibus
2009 3233 2102 3273 ca-

529 3305 750 3359 tholicis
784 3308 1137 3361 reverendam
1186 3310 1512 3364 sententiam
1543 3310 1785 3379 protulit.
1807 3309 2105 3366 Prmsidens

532 3411 768 3468 namque
794 3407 992 3455 saneta:
1020 3401 1244 3472 synodo,
1283 3419 1404 3474 qua:
1433 3404 1572 3473 apud
1616 3402 1850 3457 Nicmam
1885 3417 2107 3473 congre-

538 3497 665 3560 gata
694 3497 801 3556 est,
852 3506 974 3546 cum
1023 3493 1297 3562 querelam
1350 3496 1707 3566 quorumdam
1768 3496 2107 3561 conspiceret

533 3597 718 3637 coram
763 3596 823 3638 se
861 3583 1116 3653 delatam,
1146 3587 1248 3641 ait:
1283 3607 1301 3639 ι
1340 3588 1445 3643 Vos
1474 3604 1504 3642 a
1528 3586 1988 3657 nemiuejiulicari
2015 3600 2107 3655 po-

534 3674 710 3742 testis,
774 3677 899 3747 quia
967 3678 1133 3734 solius
1192 3678 1286 3734 Dei
1329 3679 1536 3748 judicio
1598 3678 1976 3735 reservamini.
2024 3677 2106 3732 Dii

532 3766 734 3819 etenim
759 3767 934 3822 vocati
966 3769 1119 3833 estis,
1173 3770 1377 3826 idcirco
1439 3786 1543 3825 non
1591 3769 1816 3840 potestis
1843 3769 1907 3824 ab
1936 3768 2109 3823 homi-

531 3854 690 3909 nibus
714 3855 1125 3926 dijudicarthe,
1154 3870 1209 3916 et
1251 3862 1391 3915 inter
1419 3878 1515 3917 vos
1542 3876 1737 3917 causas
1765 3871 1976 3916 vestras
1997 3863 2105 3916 dis-

534 3948 747 4018 ponite,
796 3950 923 4019 quia
965 3950 1190 4021 dignum
1251 3969 1356 4007 non
1405 3963 1492 4009 est
1541 3962 1599 4007 ut
1664 3969 1760 4008 nos
1801 3953 2110 4024 judicemus

534 4038 683 4093 deos.
717 4057 736 4091 ι
772 4037 925 4094 Unde
951 4040 1067 4109 ipsa
1095 4053 1283 4097 sancta
1343 4043 1582 4113 synodus
1617 4043 1696 4097 sic
1724 4041 2107 4113 promulgavit.

538 4147 558 4179 ι
593 4130 813 4200 Antiqui
840 4134 1007 4187 moris
1028 4142 1132 4199 est,
1147 4142 1206 4187 ut
1229 4135 1377 4188 urbis
1397 4134 1579 4189 Romae
1600 4136 1886 4204 episcopus
1914 4134 2111 4189 habeat

538 4218 922 4290 principatum,
970 4232 1026 4277 et
1058 4224 1350 4277 suburbica
1392 4223 1510 4278 loca
1553 4231 1607 4278 et
1646 4240 1862 4279 omnem
1895 4225 2111 4293 provin-

536 4307 678 4362 ciam
724 4321 821 4361 sua
865 4308 1228 4364 sollicitudine
1284 4310 1566 4379 gubernet.
1627 4310 1730 4378 Qui
1784 4327 1910 4366 vero
1971 4312 2110 4382 apud

2192 504 2312 550 cate
2336 493 2684 565 Evangelium
2717 492 2910 563 (Marc.
2945 508 3054 556 xvr,
3087 492 3173 565 15)
3204 512 3221 544 ι
3257 511 3273 548 :
3307 493 3391 548 vel
3421 494 3547 563 quia
3579 476 3765 562 expc!—

2192 585 2331 640 leudi
2380 594 2537 639 erant
2582 599 2611 639 a
2658 583 2860 641 Judxca.
2923 593 3185 637 noverant
3225 600 3284 638 se
3324 592 3379 638 et
3431 584 3484 637 iu
3511 583 3767 654 gentibus

2194 675 2598 746 dispergendos,
2632 674 3036 743 Ecclesiamque
3084 677 3516 744 cougregandam
3549 691 3617 729 ex
3640 671 3771 731 rudi

2192 766 2388 836 populo
2416 765 2614 820 idcirco
2641 764 2841 834 praedia
2874 765 2926 817 in
2953 762 3133 818 .ludma
3156 765 3377 822 minime
3401 776 3525 819 sunt
3555 765 3770 837 adepti,

2194 856 2287 911 sed
2312 856 2481 927 pretia
2508 855 2880 910 tantummodo
2905 853 2970 908 ad
3004 853 3260 909 fovendos
3286 864 3527 927 egentes.

2263 945 2333 1000 At
2380 961 2526 1010 vero,
2571 961 2693 1001 cum
2751 945 2891 1000 inter
2928 945 3166 999 turbines
3208 954 3263 1000 et
3310 946 3535 1003 adversa
3575 945 3774 1003 mundi

2194 1042 2567 1091 Succresccret
2595 1033 2856 1099 Ecclesia,
2907 1034 3042 1087 adeo
3090 1048 3260 1102 usque
3292 1035 3538 1104 pervenit
3571 1044 3634 1089 ut
3661 1051 3774 1090 non

2195 1125 2367 1180 solum
2392 1135 2600 1195 gentes,
2628 1126 2719 1179 sed
2742 1124 2903 1177 etiam
2936 1122 3162 1176 Romani
3188 1124 3477 1193 principes,
3511 1125 3605 1194 qui
3630 1140 3775 1192 pene

2198 1217 2362 1272 totius
2382 1216 2528 1270 orbis
2559 1214 2929 1270 mouarchiam
2965 1215 3240 1279 tenebant,
3270 1216 3337 1269 ad
3380 1215 3537 1269 fidem
3563 1216 3776 1271 Christi

2197 1320 2250 1367 et
2307 1309 2555 1380 baptismi
2620 1315 2971 1367 sacramenta.
3011 1317 3419 1364 concurrerent.
3478 1307 3520 1362 E
3570 1309 3779 1378 quibus

2195 1400 2282 1453 vir
2326 1398 2773 1470 religiosissimus,
2811 1395 3194 1451 Constantinus
3221 1397 3455 1468 primus,
3486 1395 3648 1453 fidem
3684 1414 3782 1454 ve-

2199 1490 2374 1546 ritatis
2424 1497 2672 1560 patenter
2713 1488 2963 1557 adeptus,
3026 1488 3297 1542 licentiam
3326 1486 3475 1542 dedit
3504 1504 3605 1558 per
3653 1488 3784 1545 uni.

2196 1595 2411 1636 versum
2446 1580 2633 1636 orbem
2665 1578 2766 1634 sub
2788 1594 2886 1634 suo
2908 1577 3162 1648 degentes
3192 1577 3421 1647 imperio
3456 1592 3561 1631 non
3596 1577 3782 1632 solum

2200 1672 2313 1727 fieri
2342 1672 2698 1735 Christianos,
2722 1670 2815 1724 sed
2846 1669 3009 1724 etiam
3062 1668 3355 1723 fabricandi
3405 1668 3690 1733 ecclesias,
3724 1678 3783 1723 et

2200 1763 2400 1835 prtedia
2432 1762 2713 1817 tribuenda
2745 1759 3045 1816 constituit.
3074 1757 3489 1827 Denique,idem
3513 1758 3784 1828 praefatus

2200 1855 2449 1925 princeps
2476 1853 2700 1908 donaria
2728 1852 2989 1907 immensa
3009 1859 3063 1905 et
3083 1849 3341 1904 fabricam
3362 1849 3545 1919 templi
3585 1850 3784 1919 primze

2201 1944 2346 1999 sedis
2397 1943 2545 1999 beati
2591 1942 2758 2008 Petri,
2807 1942 3067 2013 principis
3115 1939 3479 2011 apostolorum
3512 1940 3782 2004 instituit;

2203 2036 2338 2098 adeo
2375 2042 2433 2089 ut
2454 2036 2635 2090 sedem
2671 2032 3004 2105 imperialem
3036 2048 3199 2104 quam
3236 2031 3463 2086 Romani
3501 2032 3784 2101 principes

2202 2126 2556 2197 przesiderant
2606 2125 2955 2195 relinqueret,
3010 2134 3066 2180 et
3116 2125 3275 2179 beato
3322 2122 3484 2178 Petro
3553 2123 3786 2193 suisque

2201 2214 2519 2288 praesulibus
2562 2214 2899 2279 profuturam
2951 2215 3296 2269 concederet.
3338 2212 3421 2268 Ab
3446 2211 3540 2267 illo
3577 2212 3782 2267 etenim

2202 2316 2446 2377 tempore
2476 2314 2531 2361 et
2557 2306 2812 2375 deinceps
2846 2305 2949 2361 viri
2994 2304 3229 2373 religiosi
3274 2320 3378 2359 non
3437 2303 3616 2360 solum
3664 2318 3788 2374 pos-

2203 2397 2475 2453 sessiones
2529 2405 2587 2452 et
2632 2396 2834 2467 praedia
2889 2410 3008 2466 qua:
3057 2395 3430 2466 possederant,
3469 2397 3565 2450 sed
3613 2394 3782 2450 etiam

2203 2488 2411 2558 seipsos
2444 2487 2667 2543 Domino
2714 2495 3122 2547 consecrarunt.
3160 2485 3490 2540 aediﬁcantes
3522 2485 3783 2540 basilicas

2204 2579 2257 2634 in
2289 2578 2401 2633 suis
2432 2578 2608 2633 fundis
2633 2579 2684 2633 in
2740 2577 2941 2632 honore
2987 2585 3296 2632 sanctorum
3339 2586 3640 2648 martyrum
3674 2592 3774 2647 per

2204 2670 2450 2724 civitates
2485 2684 2550 2723 ac
2597 2668 2945 2731 monasteria,
3002 2668 3054 2721 iu
3097 2668 3293 2739 quibus
3322 2662 3509 2723 cintus
3544 2668 3781 2722 Domino

2205 2758 2553 2816 servientium
2582 2757 2919 2812 conveniret.
2957 2756 3219 2826 Denique,
3252 2771 3404 2827 rcges
3435 2764 3490 2811 et
3515 2758 3780 2826 prmsides

2204 2865 2267 2905 ac
2333 2850 2678 2920 magistratus
2727 2862 2834 2901 nou
2887 2846 3059 2901 solum
3111 2847 3255 2901 hanc
3304 2844 3577 2900 licentiam
3621 2846 3780 2900 attri-

2204 2944 2457 3006 buerunt,
2505 2940 2599 2995 sed
2646 2940 2811 2995 etiam
2861 2938 2960 3008 ipsi
2999 2936 3216 3007 propria
3265 2936 3443 3005 largiti
3499 2947 3629 2991 sunt
3686 2952 3777 3007 pet

2206 3035 2456 3089 universa
2503 3046 2665 3101 regna
2714 3039 3003 3092 terrarum,
3061 3028 3201 3082 unde
3227 3027 3500 3082 alerentur
3559 3036 3785 3098 egentes

2207 3124 2298 3193 qui
2339 3122 2412 3177 nil
2446 3123 2500 3176 in
2528 3121 2726 3176 mundo
2751 3118 3120 3189 possidebant,
3140 3117 3490 3189 ecclesiazque
3540 3117 3783 3172 fabrica-

2206 3224 2397 3271 reutur
2438 3225 2599 3284 atque
2649 3222 3111 3279 restaurarentur,
3166 3213 3384 3281 Deoque
3422 3219 3479 3266 et
3522 3210 3785 3266 Ecclesia:

2206 3306 2323 3376 ejus
2376 3304 2479 3360 rite
2504 3301 2878 3357 tamulautium
2928 3317 3320 3373 servorumque
3368 3301 3514 3356 illius
3565 3301 3784 3372 supplek

2207 3404 2386 3451 menta
2413 3394 2615 3464 absque
2639 3393 2963 3448 necessitate
2988 3393 3355 3448 tribuerentur
3382 3401 3459 3457 ut,
3492 3392 3613 3447 lucc
3640 3393 3787 3447 accio

2207 3487 2433 3557 pientes,
2486 3484 2782 3540 secundum
2845 3484 3049 3539 monita
3088 3483 3354 3554 Apostoli,
3397 3491 3623 3553 possent
3656 3499 3784 3538 ora-

2208 3576 2385 3631 tiones
2411 3614 2426 3641 ,
2480 3574 2869 3645 postulationes
2893 3614 2909 3642 ,
2975 3575 3375 3631 obsecrationes
3400 3616 3416 3643 ,
3478 3576 3781 3646 gratiarum

2210 3669 2451 3723 actiones
2476 3667 2591 3721 ﬁeri
2629 3682 2726 3737 pro
2769 3666 3024 3723 omnibus
3054 3667 3385 3734 hominibus,
3419 3680 3517 3736 pro
3563 3666 3787 3736 regibus

2208 3768 2263 3815 et
2291 3760 2380 3830 qui
2422 3759 2472 3813 in
2503 3758 2834 3814 sublimitate
2860 3768 3007 3825 sunt,
3058 3769 3117 3815 ut
3171 3760 3406 3830 quietam
3434 3767 3490 3813 et
3518 3758 3786 3827 tranquil-

2210 3849 2315 3904 lam
2341 3851 2503 3904 vitam
2532 3852 2797 3916 habeant;
2838 3860 2893 3906 et
2917 3851 3020 3905 hoc
3046 3852 3245 3906 bontun
3269 3844 3331 3905 et
3350 3857 3631 3921 acceptum
3662 3859 3776 3906 ese

2209 3955 2393 3996 coram
2433 3942 2540 3996 Deo
2570 3941 2620 4010 (I
2652 3941 2786 3997 Tim.
2819 3958 2880 4006 ιι,
2906 3942 3041 4011 1-5),
3076 3940 3213 3996 idem
3267 3941 3520 4011 Magister
3539 3940 3785 4011 gentium

2210 4043 2575 4104 protestatur,
2607 4042 2661 4088 et
2689 4034 2775 4089 cui
2803 4031 3105 4089 sollicitudo
3143 4035 3383 4089 omnium
3414 4032 3783 4088 Eeclesiaruzn

2212 4125 2557 4180 incumbebat
2605 4124 2689 4196 (11
2719 4124 2841 4179 Cor.
2869 4142 2943 4189 XI,
2978 4125 3092 4196 28),
3118 4125 3319 4195 quique
3371 4124 3659 4195 episeOpos
3701 4136 3792 4178 re-

2212 4229 2338 4285 gere
2399 4231 2496 4286 per
2519 4216 2777 4286 Spiritum
2826 4226 3071 4271 sanctum
3143 4215 3424 4271 constituit
3481 4212 3787 4269 Ecclesiatn

2214 4307 2307 4363 Dei
2341 4309 2479 4378 (Act.
2512 4325 2604 4374 xx,
2626 4309 2716 4379 28)
2740 4350 2753 4372 ,
2784 4309 2979 4379 quibus
3032 4308 3108 4363 ait
3139 4324 3151 4361 :
3186 4326 3205 4360 ι
3244 4306 3454 4361 Pascite
3480 4305 3571 4375 qui
3610 4312 3693 4358 est
3729 4303 3785 4358 in

536 4394 802 4466 Egyptqu
865 4405 990 4451 sunt
1040 4397 1383 4453 Alexandria:
1418 4400 1705 4469 cpiscopus
1747 4402 1987 4455 omnium
2016 4402 2111 4455 ha-
2142 4399 2366 4471 [)vobis
2415 4416 2630 4471 gregem
2687 4401 2801 4465 Dei,
2869 4402 3215 4471 providentes
3254 4414 3361 4453 non
3417 4406 3630 4461 coacte,
3686 4395 3785 4451 sed

537 4486 667 4541 heat
691 4485 1132 4543 sollicitudinem.
1185 4487 1450 4544 Similiter
1471 4500 1652 4544 autem
1697 4499 1751 4546 et
1802 4492 1946 4546 circa
1996 4492 2109 4547 Au-

539 4574 797 4632 tiochiam
824 4588 879 4633 et
907 4578 962 4633 in
994 4580 1206 4636 caateris
1253 4582 1547 4650 Provinciis
1574 4581 1855 4652 privilegia
1894 4585 2110 4654 propria

539 4677 889 4724 reserventur
927 4670 1355 4740 metropolitauis
1388 4671 1666 4727 Ecclesiis.
1713 4692 1733 4726 ι
1766 4673 1934 4728 Porro
1968 4675 2111 4742 quad

539 4756 773 4813 decretis
800 4758 1161 4815 Romanorum
1190 4760 1506 4830 pontificum
1554 4761 1817 4817 insertum
1850 4764 1916 4817 de
1952 4764 2113 4819 rebus

538 4848 848 4918 etuegotiis
870 4849 1257 4907 ecclesiasticis
1291 4853 1579 4922 reperitur,
1619 4854 1707 4909 hic
1742 4870 1954 4925 quoque
1977 4855 2114 4910 iuse-

534 4939 767 4999 rendum
796 4940 1142 4995 arbitramur.
1171 4941 1321 5009 Quod
1351 4944 1455 4999 tale.
1495 4954 1599 5000 est.
1627 4944 1794 5000 Nemo
1843 4945 1932 5015 qui
1966 4944 2113 4999 Serio

541 5037 731 5098 plura:
759 5028 970 5084 divinas
998 5030 1125 5102 legit
1151 5033 1362 5105 ignorat
1389 5037 1552 5106 quod,
1603 5037 1656 5092 in
1711 5037 1973 5107 principio
2014 5053 2111 5091 na-

545 5117 750 5166 scentis
799 5118 1083 5168 Ecelesim-
1134 5123 1414 5168 diseinnlie
1464 5127 1517 5170 in
1565 5143 1728 5170 Imnm
1772 5124 2115 5172 enumerantis

2214 4494 2404 4562 Sponte
2436 4490 2729 4545 secundum
2760 4489 2946 4555 Deum,
2981 4504 3154 4558 neque
3198 4486 3370 4556 turpis
3416 4484 3553 4539 lucri
3581 4484 3784 4555 gratia,

2194 4576 2308 4638 'sed
2358 4579 2656 4634 voluntarie
2704 4577 2755 4649 (Ι
2782 4577 2929 4631 Patr.
2961 4594 3022 4642 ν,
3050 4578 3130 4648 2).
3183 4575 3350 4630 Nemo
3395 4573 3636 4628 militans
3671 4572 3787 4629 Deo

2214 4671 2455 4741 implicat
2479 4684 2537 4723 se
2563 4669 2787 4739 negotiis
2815 4668 3163 4723 szecularibus
3188 4665 3273 4736 (II
3299 4664 3432 4719 Tim.
3459 4679 3522 4729 tt,
3544 4663 3628 4735 4).
3664 4680 3688 4717 s

2283 4762 2412 4828 Quae
2439 4760 2580 4813 enim
2608 4768 2732 4814 sunt
2756 4759 2966 4827 negotia
2990 4756 3266 4811 s:eeularia
3292 4796 3308 4820 ,
3335 4755 3512 4809 sancti
3545 4768 3786 4808 canones

2215 4850 2562 4904 manifestant
2603 4858 2658 4902 et
2689 4848 2929 4903 inhibent
2952 4847 3030 4900 sic
3060 4863 3073 4899 :
3121 4866 3139 4898 ι
3162 4846 3297 4900 Dum
3344 4845 3689 4916 perspicuqu
3716 4844 3787 4897 sit

2215 4940 2356 5008 quod
2386 4938 2636 5008 quidam,
2678 4938 2769 5007 qui
2822 4937 2876 4991 in
2916 4937 3061 4992 clero
3089 4936 3344 4990 videntur
3366 4933 3526 4990 electi
3565 4936 3790 5003 propter

2215 5027 2361 5081 lucra
2398 5028 2605 5096 turpia,
2648 5026 3004 5080 conductores
3054 5025 3351 5079 alienarum
3382 5023 3788 5092 possessionum

2217 5117 2352 5171 fiant
2397 5125 2450 5169 et,
2504 5114 2779 5169 saecularia
2806 5114 3019 5172 negotia
3052 5112 3151 5168 sub
3177 5127 3303 5166 cura
3336 5128 3432 5167 sua
3464 5112 3786 5172 suscipiant,
