4064 5394
257 374 398 438 ιιεε

900 375 1272 436 ADVERSUS
1310 370 1718 436 SIMONIACOS
1746 371 1926 429 LIBRI
1966 369 2171 427 TRES.
2208 394 2283 415 ι·-
2313 364 2520 453 LIBER
2555 362 2879 422 TERTIUS.

3358 362 3508 419 4154

257 495 508 558 duarum,
540 499 632 546 aut
657 490 701 545 si
744 490 883 545 forte
905 491 1193 560 episcopus
1233 489 1473 545 civitatis
1493 468 1825 543 eccflesiasti-
1853 539 1855 545 ,

1958 479 2175 535 ιιιιιίιιιιιι
2240 476 2491 533 deferens
2552 477 2621 531 ad
2665 472 3037 531 cccleSiastica
3083 470 3259 528 cilicia
3312 474 3503 530 venire

259 599 445 638 carum
480 597 658 636 rerum
712 580 1129 635 sollicitudinem
1165 580 1364 633 nabere
1390 577 1685 648 praecipiat.
1725 574 1828 631 Ubi

259 671 462 743 liquido
516 678 664 740 patet
690 669 815 738 quia
841 668 940 722 alia
981 676 1107 722 sunt
1131 669 1343 738 negotia
1393 667 1696 733 smcularia,
1724 666 1829 720 alia

260 759 647 817 ecclesiastica.
687 777 706 810 ι
740 756 929 811 Nonne
959 757 1168 828 Moyses
1206 758 1258 811 in
1308 756 1504 812 saeculo
1526 765 1666 820 eral,
1708 770 1830 809 cum

259 849 451 905 crebro
474 848 526 903 itt
558 847 901 902 tabernaculo
925 847 1148 901 intraret
1178 856 1231 902 et
1258 847 1453 910 exiret,
1485 848 1575 916 qni
1608 846 1752 901 intus
1779 846 1831 899 in

261 938 764 1008 contemplationem
793 946 997 1006 raptus,
1030 936 1166 993 foris
1189 937 1579 991 intirmantium
1605 935 1834 1002 negotiis

262 1031 584 1101 urgebatur;
612 1029 756 1085 intus
782 1030 873 1083 Dei
903 1042 1098 1083 arcana
1132 1029 1504 1092 considerans,
1543 1027 1676 1081 foris
1716 1039 1837 1081 car—

261 1118 467 1174 nalium
492 1131 658 1172 onera
680 1117 930 1187 portabat
971 1116 1172 1184 (Exod.
1205 1132 1393 1178 sutv,
1416 1115 1506 1181 3L,
1529 1114 1640 1184 55).
1672 1112 1838 1180 Cujus

266 1219 446 1279 typum
502 1208 555 1262 iu
605 1207 847 1262 Ecclesia
886 1208 1199 1261 sacerdotes
1254 1221 1417 1277 agere
1483 1206 1703 1267 debent,
1757 1213 1837 1267 ut,

264 1301 388 1354 dum
411 1297 558 1353 foras
586 1306 784 1353 exeunt
811 1297 878 1352 ad
903 1298 1207 1352 exercenda
1232 1297 1447 1367 negotia
1480 1311 1581 1365 pro
1599 1294 1839 1353 necessio

267 1391 465 1446 tatibus
514 1391 870 1455 subditorum,
905 1390 1051 1445 intus
1095 1390 1163 1444 ad
1197 1403 1258 1443 se
1286 1389 1512 1444 redeant
1564 1402 1661 1457 per
1708 1402 1841 1441 con-

266 1479 670 1556 templationem
722 1480 1127 1535 mandatorum.
1173 1479 1325 1535 Sicut
1369 1478 1568 1534 Paulus
1604 1478 1694 1548 qui
1726 1492 1841 1533 cm-

266 1569 492 1625 iestibus
519 1570 745 1625 secretis
776 1570 1064 1637 inseritur,
1094 1578 1149 1625 et
1184 1580 1363 1625 tamen
1396 1584 1490 1639 per
1515 1569 1845 1625 condescen-

266 1660 438 1715 sionis
487 1661 697 1715 viscera
755 1658 1053 1714 carnalium
1099 1659 1277 1714 cubile
1339 1666 1634 1714 scrutatur.
1692 1656 1846 1712 Sicut

266 1749 433 1807 Jacob
479 1753 835 1807 ascendentes
885 1761 940 1806 et
998 1752 1387 1806 descendentes
1442 1750 1664 1818 angelos
1713 1750 1845 1803 vidit

1932 569 2173 632 festinat,
2200 584 2304 621 non
2333 567 2642 636 relinquere
2657 566 2802 635 cupit
2822 561 3206 627 satculum,sed
3229 571 3460 621 mutare.
3482 578 3503 615 ι

1933 659 2030 715 llic
2055 672 2270 728 quoque
2310 658 2498 711 beatus
2531 657 2772 726 pontifex
2813 653 3161 709 nihilominus
3196 669 3293 723 per
3322 653 3507 710 diver-

1933 767 2024 807 sas
2069 752 2397 821 provincias,
2441 766 2541 820 pro
2586 752 2832 805 custodia
2883 767 3054 805 sacra.-
3110 749 3387 819 religionis
3414 763 3506 804 te-

1934 842 2141 912 busque
2192 857 2484 912 pauperum
2538 853 2760 895 strenue
2811 840 3204 911 gubernandis,
3266 839 3509 894 ecclesiae

1935 948 2049 987 sure
2071 934 2217 987 viros
2245 934 2541 988 industrios
2553 942 2793 989 rectores
2817 934 3268 1004 patrimoniorum
3293 933 3510 1000 ast-ivit;

1938 1025 1989 1079 in
2018 1025 2213 1093 quibus
2242 1023 2574 1095 Cyprianum
2616 1025 2909 1079 Diaconum
2957 1023 3268 1093 patrimonii
3308 1023 3509 1088 Slz'nli;

1938 1114 2322 1169 Pantaleonem
2382 1115 2653 1168 notarium
2712 1114 3062 1185 Syracusani,
3094 1125 3146 1171 et
3176 1125 3400 1171 cmteros
3422 1116 3515 1183 qui

1941 1207 2138 1260 ibidem
2156 1207 2503 1261 nominantur
2524 1208 2772 1276 usquead
2793 1206 3091 1261 Candidum
3115 1206 3515 1277 presbyterum,

1940 1296 2221 1352 Gallicani.

1952 1410 1957 1415 ί
2013 1389 2166 1444 Unde
2212 1388 2376 1444 etiam
2425 1388 2685 1444 Januario
2750 1389 3063 1446 Calaritano
3134 1391 3277 1446 inter
3319 1398 3517 1448 αριστι

1943 1480 2156 1543 scribit,
2201 1480 2431 1533 dicens:
2465 1498 2484 1530 ι
2514 1480 2811 1535 ludicatum
2862 1482 3016 1537 nobis
3049 1492 3133 1537 est
3174 1483 3317 1553 quod
3365 1482 3520 1539 laicis

1944 1570 2264 1639 quibusdam
2314 1585 2502 1624 curam
2558 1570 2725 1625 vestri
2783 1572 3093 1640 patrimonii
3148 1575 3517 1629 commisistis.

1946 1659 2098 1725 Quod
2147 1659 2215 1713 de
2268 1667 2468 1713 caetero
2514 1661 2814 1713 cavendum
2873 1675 2903 1713 a
2945 1660 3287 1716 fraternitate
3339 1671 3520 1718 vestra

1946 1757 2123 1803 estne
2168 1748 2522 1803 smcularibus
2563 1748 2742 1812 viris,
2796 1757 2960 1817 atque
3028 1765 3133 1805 non
3187 1750 3288 1804 sub
3342 1750 3523 1821 regula

267 1842 394 1915 quia
436 1842 687 1897 videlicet
732 1851 970 1897 rectores
1014 1841 1271 1897 Ecclesia:
1305 1856 1409 1895 non
1463 1842 1635 1895 solum
1675 1838 1843 1893 Deum
1875 1821 1920 1881 Β
1952 1846 2130 1891 vestra
2177 1837 2515 1907 degentibus,
2545 1835 2833 1904 cujuslibet
2867 1854 2953 1893 res
2983 1840 3240 1894 Ecclesia
3271 1842 3522 1896 commit-

268 1931 681 2001 contemplaudo
740 1941 1026 2001 appetunt,
1053 1932 1150 1987 sed
1204 1930 1455 1986 deorsum
1504 1944 1717 2000 quoque
1779 1931 1847 1984 ad

269 2022 508 2075 membra
564 2021 711 2076 illius
756 2021 1066 2076 miserando
1118 2020 1466 2076 descendunt.
1496 2020 1562 2075 Et
1608 2021 1731 2073 dum
1763 2036 1848 2073 sa-

270 2112 514 2167 cerdotes
542 2112 731 2165 horum
761 2109 901 2165 facta
930 2111 1214 2166 imitantur
1235 2153 1251 2178 ,
1285 2121 1342 2165 et
1369 2127 1427 2167 se
1455 2111 1768 2166 custodiunt
1796 2118 1851 2165 et

268 2202 606 2258 subditorum
661 2218 828 2258 onera
879 2213 1117 2273 portant.
1148 2205 1211 2258 Et
1248 2204 1500 2259 videntur
1555 2204 1686 2259 tales
1732 2218 1851 2259 esse

271 2293 459 2364 quales
494 2292 635 2347 idem
679 2294 928 2364 egregius
958 2293 1158 2349 Paulus
1193 2294 1456 2364 prmcipit,
1488 2294 1658 2363 utqui
1692 2303 1848 2347 utun—

271 2392 359 2451 ειη
384 2383 479 2437 hoc
504 2383 722 2459 mnde
749 2395 996 2449 μιιυννιρι
1027 2401 1125 2438 non
1153 2394 1388 2449 utantur,
1414 2392 1461 2437 et
1486 2384 1576 2454 qui
1597 2383 1847 2452 gaudent,

272 2499 522 2556 tanquam
556 2504 656 2539 non
686 2487 988 2554 gaudentes,
1016 2486 1066 2536 e1
1092 2476 1181 2546 qui
1230 2484 1406 2529 ευιωιι
1452 2483 1703 2545 tanquam
1750 2491 1851 2530 non

274 2578 594 2648 possidentes
623 2575 671 2646 (I
701 2575 827 2629 Cor.
857 2591 951 2638 vtl,
979 2576 1069 2637 5ll,
1099 2566 1214 2637 31.)-

880 2686 1106 2741 CAPUT
1157 2677 1252 2740 IX.

276 2777 356 2833 De
401 2777 704 2846 iii/ferentia
760 2773 1065 2846 clericorum
1094 2784 1144 2846 et
1174 2775 1454 2846 luit-orum,
1506 2782 1554 2827 et
1599 2773 1663 2826 de
1684 2771 1856 2826 studio

298 2878 301 2881 -
463 2843 486 2846 ’⁷
704 2847 839 2899 beati
861 2843 1097 2914 Gregorii
1129 2845 1183 2899 in
1214 2844 1428 2897 talibus.

299 2976 305 2981 -
353 2941 430 2994 Ex
466 2939 665 3009 quibus
712 2938 918 3008 pariter
965 2937 1278 3001 edocemur,
1329 2935 1471 3006 quod
1506 2935 1649 2989 sicut
1675 2932 1858 2989 clerici

281 3028 559 3085 secularia
601 3027 835 3097 negotia,
872 3028 952 3081 sic
1000 3037 1056 3081 et
1111 3027 1233 3079 laici
1261 3025 1631 3080 ecclesiastica
1659 3039 1860 3094 praesu-

282 3134 432 3173 mere
455 3116 828 3189 prohibentur.
871 3115 935 3170 Et
965 3117 1104 3171 sicut
1153 3117 1337 3171 clerici
1367 3134 1396 3170 a
1425 3117 1597 3181 laicis,
1634 3117 1713 3171 sic
1740 3116 1857 3170 laici

285 3217 633 3263 removentur
662 3223 691 3260 a
719 3206 956 3269 clericis,
982 3216 1091 3260 tam
1130 3223 1198 3261 ex
1233 3207 1448 3262 licentia
1474 3217 1672 3261 mutuae
1696 3222 1859 3262 accu-

284 3297 515 3353 sationis
559 3310 720 3365 quam
763 3303 820 3348 et
846 3294 1264 3349 testificationis.
1313 3295 1378 3348 Et
1405 3297 1861 3365 quemadmodum

287 3387 473 3444 clerici
511 3404 541 3441 a
572 3385 724 3440 laicis
771 3384 955 3439 habitu
1006 3393 1061 3438 et
1110 3384 1467 3453 professione,
1514 3386 1593 3441 sic
1641 3386 1862 3441 discreti

288 3475 487 3532 debent
515 3489 638 3530 8858
677 3482 802 3528 actu
828 3482 880 3528 et
911 3473 1322 3528 conversatione
1361 3484 1421 3527 ιιι
1457 3483 1647 3529 neuter
1677 3489 1864 3529 eorum

290 3566 521 3623 oﬂicium
573 3565 797 3619 alterius
822 3572 914 3618 aut
945 3563 1337 3618 haereditariam
1370 3574 1571 3620 sortem
1597 3567 1702 3621 sibi
1731 3581 1868 3637 prae-

292 3659 484 3729 ripiat;
539 3656 632 3713 sed
681 3665 908 3725 uterque
933 3657 1192 3712 terminos
1216 3673 1249 3710 ιι
1280 3657 1484 3712 sanctis
1516 3657 1772 3714 Patribus
1811 3667 1869 3714 et

292 3746 605 3804 orthodoxis
632 3744 964 3815 principibus
1009 3745 1215 3813 positos
1261 3745 1522 3799 attendat.
1556 3745 1688 3800 Nam
1725 3748 1865 3804 sicut

294 3838 475 3894 clerici
501 3854 531 3892 a
554 3837 704 3892 laieis
727 3837 890 3891 etiam
922 3837 1061 3891 intra
1093 3835 1700 3905 parietesbasilicarum
1732 3837 1867 3892 locis

295 3938 350 3985 et
376 3926 563 3982 oliiciis
585 3927 663 3979 sic
689 3934 744 3980 et
771 3934 922 3979 extra
977 3924 1221 3994 separari
1276 3933 1333 3979 et
1381 3925 1630 3994 cognosci
1671 3925 1870 3981 debent

298 4019 546 4090 negotiis.
604 4016 731 4070 ideo
788 4014 907 4069 laici
956 4030 1051 4069 sna
1082 4023 1313 4079 tantum,
1340 4015 1394 4069 id
1430 4024 1513 4070 est
1554 4016 1866 4081 s.'ccularia;

298 4109 479 4179 clerici
505 4121 682 4166 autem
712 4126 807 4165 sua
850 4117 1079 4169 tantum,
1133 4104 1183 4158 id
1223 4113 1306 4158 est
1380 4104 1745 4160 ecclesiastica
1777 4121 1871 4160 ne-

298 4202 460 4273 gotia,
490 4202 774 4271 disponant
800 4210 854 4255 et
884 4198 1219 4270 provideant.
1258 4194 1464 4248 Habent
1498 4194 1623 4250 inde
1658 4196 1869 4265 utrique

300 4292 402 4346 sibi
437 4292 648 4360 regulas
676 4290 921 4361 praefixas
975 4297 1080 4343 tam
1108 4303 1137 4340 a
1170 4295 1358 4341 sancto
1393 4299 1527 4353 papa
1549 4293 1607 4338 et
1633 4295 1871 4356 martyre

303 4380 624 4451 Stephano,
675 4381 994 4448 ueterisque
1047 4374 1390 4447 pontificibus
1454 4383 1871 4442 sanctorumque

1952 1934 2166 1986 tantur,
2194 1925 2291 1979 sed
2331 1926 2573 1995 probatis
2617 1926 2685 1981 de
2728 1937 2908 1982 vestro
2961 1928 3137 1983 oﬂicio
3184 1929 3424 1997 clericis,
3469 1930 3524 1985 in

1950 2015 2145 2084 quibus
2175 2015 2219 2069 si
2248 2015 2375 2084 quid
2409 2016 2632 2084 reperiri
2663 2017 2861 2085 poterit
2888 2019 3188 2088 pravitatis,
3222 2029 3278 2074 ut
3305 2018 3358 2073 in
3391 2021 3521 2075 sub-

1950 2105 2079 2161 ditis
2105 2107 2396 2161 emendare
2419 2107 2560 2176 quod
2588 2107 2831 2162 illicitum
2856 2117 3062 2178 gestum
3096 2109 3259 2164 fuerit
3281 2111 3526 2167 valeatis.

1951 2205 2099 2270 Quos
2128 2201 2373 2255 videlicet
2401 2201 2540 2270 apud
2570 2215 2667 2255 vos
2710 2201 2927 2256 habitus
2952 2203 3035 2256 sui
3059 2201 3301 2257 officium
3352 2207 3526 2274 magis

1953 2294 2230 2349 conveniet
2253 2307 2414 2362 qualn
2429 2299 2672 2346 excuset.
2697 2311 2714 2342 ι
2732 2292 2833 2358 Qui
2858 2293 3129 2356 etiam,de
3152 2295 3526 2351 sacerdotibus

1953 2384 2207 2439 Mauricis
2240 2382 2551 2454 imperatori
2600 2383 2865 2449 scribens,
2910 2384 3054 2439 inter
3080 2395 3275 2440 extera
3306 2388 3387 2441 sic
3409 2386 3483 2440 ait
3509 2401 3524 2440 :

1959 2493 1978 2527 ι
2016 2473 2403 2529 Sacerdotibus
2456 2481 2666 2540 autem,
2719 2491 2824 2529 non
2884 2491 2948 2531 ex
2998 2485 3214 2532 terrena
3259 2486 3527 2548 potestate

1957 2566 2208 2621 dominus
2273 2572 2458 2618 noster
2510 2564 2672 2619 citius
2726 2560 3068 2637 indignetur;
3118 2570 3212 2623 sed
3241 2568 3526 2625 excellenti

1957 2653 2417 2723 consideratione,
2447 2663 2668 2728 propter
2692 2668 2814 2714 eum
2841 2655 2995 2729 Cujus
3018 2657 3157 2711 servi
3185 2665 3330 2723 sunt,
3353 2656 3434 2713 eis
3455 2659 3530 2713 ita

1958 2752 2265 2808 dominetur
2286 2759 2348 2805 ut
2375 2752 2540 2804 etiam
2574 2751 2809 2805 debitam
2841 2753 3201 2806 reverentiam
3232 2750 3529 2821 impendat.
3590 2782 3593 2789 ι

1959 2840 2179 2896 Nam'in
2207 2840 2400 2894 divinis
2450 2841 2683 2910 eloquiis
2729 2843 3042 2897 sacerdotes
3090 2844 3378 2912 aliquando
3432 2842 3529 2909 dii,

1962 2931 2249 3001 aliquando
2293 2930 2467 3001 angeli
2517 2939 2796 2996 vocantur,
2842 2941 2975 2998 etc.,
3013 2949 3171 3002 usque
3208 2928 3277 2985 ad
3309 2932 3532 3001 lapideis

1963 3023 2292 3078 serviebant.
2319 3041 2339 3074 ι
2373 3021 2733 3075 Nihilominus
2775 3036 2843 3077 ex
2894 3023 3014 3078 aliis
3057 3024 3225 3093 ipsius
3263 3024 3534 3093 pontificis

1964 3114 2124 3169 dictis
2169 3113 2494 3178 ostenditur,
2544 3113 2688 3183 quod
2751 3111 2869 3181 ejus
2907 3112 3114 3181 judicio
3158 3124 3213 3169 et
3272 3130 3534 3171 consensu

1963 3203 2331 3259 ordinationes
2378 3203 2753 3272 episcoporum
2805 3203 3248 3271 celebrabantur;
3296 3207 3536 3277 quodex

1966 3292 2173 3348 duobus
2204 3292 2584 3346 incunctanter
2606 3302 2851 3362 apparet,
2880 3307 2981 3362 pro
3013 3294 3209 3364 quibus
3228 3296 3306 3349 sic
3336 3296 3537 3365 populo

1965 3394 2020 3441 et
2045 3385 2192 3440 clero
2226 3385 2488 3449 scribens,
2521 3384 2675 3452 jubet
2702 3402 2714 3438 ;
2746 3402 2764 3435 t
2795 3383 3006 3452 Quanto
3044 3387 3334 3455 apostolica
3361 3389 3537 3455 sedes,

1969 3474 2388 3542 Deo‘auetore,
2433 3478 2643 3533 cunctis
2694 3478 2913 3548 przelata
2971 3487 3185 3533 constat
3239 3480 3537 3549 Ecclesiis,

1969 3579 2119 3625 tanto
2145 3570 2285 3624 inter
2308 3568 2834 3637 multiplices-curas
2873 3577 2929 3624 et
2966 3570 3053 3624 illa
3083 3586 3180 3625 nos
3210 3571 3365 3625 valde
3391 3571 3539 3625 solli-

1968 3661 2132 3722 citat,
2179 3660 2270 3714 ubi
2315 3658 2382 3713 ad
2436 3662 2866 3714 consecrandum
2938 3661 3239 3717 antistitem
3296 3672 3536 3716 nostrum

1968 3760 2314 3823 exspectatur
2338 3751 2642 3806 arbitrium.
2694 3751 2955 3808 Defuncto
3008 3754 3174 3822 igi:nr
3220 3752 3536 3817 Laurentio,

1970 3843 2227 3897 Ecclesite
2281 3839 2697 3896 Mediolanensis
2751 3841 3026 3911 episc0po,
3066 3851 3193 3904 etc.,
3246 3857 3406 3911 usque
3437 3857 3544 3897 nutt

1971 3935 2197 3987 minuat.
2230 3950 2248 3982 ι
2278 3930 2383 3984 Sed
2411 3946 2534 3984 cum
2577 3938 2697 3999 post
2724 3945 2894 3984 annos
2933 3931 3138 3999 aliquot
3169 3928 3543 3995 Constantius,

1973 4025 2157 4079 functo
2202 4023 2486 4093 insigniter
2532 4023 2829 4092 pontilicio,
2878 4023 2929 4074 in
2968 4021 3194 4075 Domino
3230 4023 3544 4086 dormisset,

1973 4117 2150 4171 clerus
2178 4122 2232 4169 et
2255 4114 2405 4182 plebs
2439 4112 2884 4176 Mediolanensis,
2932 4112 3227 4166 Deusdedit
3264 4114 3545 4167 diaconent

1972 4206 2250 4275 eligentes,
2307 4204 2374 4258 ab
2416 4202 2653 4274 Agilulfo
2710 4217 2834 4272 rege
2898 4211 3232 4256 terrerentur
3268 4210 3537 4271 quatenus

1974 4294 2122 4349 illum
2191 4292 2457 4364 eligerent
2511 4306 2671 4361 quem
2736 4290 3212 4360 Langobardorum
3283 4291 3548 4345 barbarus

1973 4385 2266 4446 voluiss:t;
2292 4391 2348 4437 at
2377 4382 2476 4446 illi,
2505 4384 2781 4436 decretum
2825 4397 2981 4436 suum
3014 4380 3278 4450 Gregorio
3306 4379 3547 4450 dirigen-

300 4467 791 4545 Patrumlconciliis
814 4509 830 4534 ,
870 4484 1032 4539 quam
1063 4476 1120 4523 et
1143 4483 1172 4521 a
1204 4465 1536 4536 principibus
1565 4464 1855 4519 catholicis.

1977 4483 2076 4538 tes.
2117 4475 2406 4531 concilium
2448 4484 2637 4544 petunt
2664 4474 2859 4544 quilms
2908 4474 3023 4545 ipse
3067 4475 3209 4529 inter
3237 4483 3429 4530 castera
3466 4473 3550 4529 sic

303 4560 626 4633 Quodsatis
657 4564 709 4617 in
734 4562 875 4617 beati
927 4559 1174 4629 Gregorii
1205 4559 1381 4613 Gestis
1414 4556 1738 4621 ostenditur,
1778 4555 1867 4609 ubi

304 4652 386 4708 sic
418 4651 611 4723 legitur
640 4669 655 4706 :
686 4650 855 4706 Nemo
902 4649 1164 4703 laicorum
1193 4645 1466 4716 quodlibet
1494 4645 1635 4699 sacri
1685 4645 1870 4715 palatii

305 4742 688 4819 Laterauensis
727 4743 1108 4803 ministerium,
1161 4738 1245 4793 vel
1297 4737 1725 4792 ecclesiasticum
1780 4752 1872 4805 pa-

310 4835 619 4891 trimonium
645 4832 955 4903 procurabit
986 4848 1001 4896 ;
1034 4830 1127 4884 sed
1158 4828 1339 4883 omnia
1360 4827 1711 4882 ecclesiastici
1735 4828 1874 4896 juris

304 4906 492 4979 munia
516 4922 863 4979 ecclesiastici
916 4919 1263 4974 nihilominus
1308 4917 1407 4971 viri
1465 4915 1748 4982 subibant;
1794 4917 1876 4970 ni-

304 5013 507 5071 mirum
538 5010 785 5085 laieisad
813 5025 1084 5065 armorum
1115 5006 1283 5060 solam
1316 5006 1565 5061 militiam
1615 5006 1699 5060 vel
1722 5020 1877 5075 agra-

304 5117 428 5161 rum
482 5118 671 5159 curam
723 5103 1028 5157 continuam
1070 5100 1363 5168 deputatis.
1419 5099 1500 5154 0b
1543 5100 1724 5155 hocse
1752 5116 1879 5153 non-

304 5178 442 5259 pulli
469 5206 755 5263 procerum
789 5192 888 5246 sub
929 5198 1146 5248 ostentu
1194 5189 1470 5260 religionis
1496 5204 1670 5257 prnno
1697 5200 1880 5245 tonsu-

1592 5276 1876 5312 “nn-rinion:-

304 5293 434 5312 ἰιι-Δ
483 5287 761 5312 Ληιηοιοηηθ
834 5279 1070 5312 nectens-In
1106 5276 1543 5312 lnrnivnu-cnlinn:

1972 4568 2253 4638 rescripsit
2287 4585 2301 4622 :
2361 4587 2380 4618 ι
2418 4566 2548 4621 illud
2577 4567 2720 4637 quod
2751 4568 2903 4621 vobis
2945 4568 3012 4622 ab
3040 4566 3271 4631 Agilulfo
3297 4564 3550 4622 indicatis

1973 4659 2231 4728 scriptum
2252 4657 2591 4713 dilectionem
2613 4667 2844 4713 vestram
2862 4673 2967 4712 non
2985 4667 3214 4720 moveat,
3238 4664 3366 4722 etc.,
3392 4671 3551 4725 usque

1975 4750 2279 4803 ordinatus.
2314 4767 2332 4799 ι
2364 4747 2431 4800 Ει
2488 4756 2613 4816 post
2658 4763 2859 4818 pauca:
2906 4767 2925 4799 ι
2956 4746 3026 4802 Ut
3078 4746 3241 4816 igitur
3293 4746 3351 4800 in
3399 4744 3549 4799 ordi-

1974 4840 2173 4906 nando,
2196 4848 2325 4902 etc.,
2349 4853 2509 4906 usque
2528 4838 2856 4894 consecrari.
2893 4857 2911 4890 ι

2603 4944 2830 5002 CAPUT
2868 4944 2936 4999 Χ.

1981 5035 2194 5100 Quanto
2218 5032 2438 5089 liberior
2457 5035 2521 5086 sit
2547 5030 2851 5087 Graecorum
2879 5031 3115 5104 Ecclesia
3149 5050 3306 5104 quam
3339 5027 3563 5088 Latino.

2403 5119 2518 5155 rum
2544 5120 2576 5156 a
2597 5114 2845 5172 potestate
2867 5103 3141 5157 (uicorum.

1989 5228 1993 5233 -
2052 5194 2242 5267 Igitur,
2267 5200 2325 5247 ut
2359 5192 2678 5259 praedictum
2708 5202 2812 5258 est,
2840 5192 2956 5246 hazc
2993 5200 3302 5248 sanctorum
3332 5189 3564 5250 Patrum

1983 5295 2031 5312 ιιι
2072 5289 2449 5312 -..Ιε-ε.ςηη-ιιηι
2498 5280 2803 5312 νισιῖηηῖη-ιω
2848 5289 3045 5312 alni-ein
3108 5282 3172 5312 ΑΛ
3221 5280 3470 5312 νιΑ-υηκῖο
3512 5292 3567 5312 ιιι.
