4064 5394
551 210 686 267 1153

1606 212 1962 273 ΠίἮΒΕῐὶΤΙ
2001 214 2060 268 S.
2104 212 2167 265 ll.
2205 211 2266 268 Ε.
2306 210 2709 270 (3.9]ὶοιῖἰᾶῌὲ

3651 221 3789 274 ίῗῖἱξὶ

546 329 885 380 comunttere
915 320 1138 379 cuilibet
1175 322 1400 387 clerico;
1437 340 1557 383 nec.
1595 324 1680 377 ni;
1733 341 1762 380 a
1802 324 2121 396 meerpoli-'
2143 330 2187 386 Α
2218 326 2485 392 quondam
2510 326 2829 397 tyrannidis.
2854 325 3038 397 Neque
3056 327 3197 382 enim
3214 327 3573 399 Langobardi,
3596 347 3793 402 quant-

548 413 830 470 tanis.aut
868 412 1140 482 episcopis
1184 427 1483 482 eorumque
1529 411 1915 479 familiaribus,
1954 415 2115 469 vendi

545 503 682 560 solet
705 503 1011 572 aliquando.
1045 502 1221 568 Quod,
1267 504 1514 572 quamvis
1550 520 1615 559 ea
1657 505 1773 559 sola
1809 507 2115 560 venditione

545 592 618 647 sit
669 593 983 648 haereticum
1041 601 1098 646 et
1141 593 1365 647 nimium
1419 594 1753 659 detestabile,
1798 604 1883 651 est
1936 606 2112 650 tamen

544 681 799 738 Ecclesiis
850 681 952 743 Dei
1002 682 1104 737 illis
1151 682 1324 754 magis
1370 683 1650 739 tolerabile
1694 700 1856 753 quam
1913 685 2115 739 nostris

544 786 684 840 quas,
748 778 810 825 ut
876 771 1125 841 superius
1188 772 1515 835 ostenditur,
1560 770 1759 842 iugiter
1807 775 2115 827 vendantur

543 870 754 932 quater.
776 862 961 931 Neque
984 862 1127 917 enim
1158 864 1464 933 arrogantia
1491 864 1784 919 etavaritia
1810 864 2111 934 principum

545 955 714 1010 nosui
759 954 938 1011 surculi
987 963 1042 1007 et
1092 954 1300 1025 imperii
1349 956 1552 1024 patitur
1588 954 1832 1009 terminis
1876 954 2113 1024 prmllxis

544 1044 805 1105 coerceri,
851 1045 967 1105 sed,
1006 1045 1357 1113 transgressis
1400 1045 1594 1099 divinis
1616 1055 1673 1099 et
1697 1045 1945 1098 humanis
1974 1044 2108 1114 legi-

543 1132 667 1198 bus,
699 1149 818 1204 qua:
863 1134 1002 1187 inter
1052 1149 1202 1186 arma
1250 1133 1429 1196 silent,
1470 1134 1682 1188 etiamsi
1720 1132 2109 1200 ecclesiastica,

543 1227 728 1282 omnia
758 1226 858 1281 sibi
890 1234 1276 1295 praesumentes
1306 1224 1604 1293 possident,
1636 1234 1692 1279 ut
1728 1214 1782 1280 in
1811 1226 1893 1281 eis
1916 1226 2111 1296 degere

544 1326 639 1372 aut
666 1333 730 1372 ex
761 1318 840 1372 eis
880 1318 1059 1371 vivere
1099 1317 1216 1371 sine
1256 1316 1488 1370 nllorum
1530 1317 1749 1373 «latione
1785 1326 1879 1371 aut
1919 1317 2111 1371 vendi-

545 1409 689 1464 ticnc
736 1410 1014 1479 contingat
1056 1409 1375 1463 clericorum
1421 1410 1713 1463 tteminem.
1761 1410 1880 1477 Quo
1925 1410 1982 1463 fit
2028 1420 2110 1477 ut,

542 1500 632 1570 qui
665 1501 947 1554 liberiores
984 1500 1234 1555 omnibus
1263 1514 1382 1555 esse
1406 1501 1667 1555 deberent
1700 1501 2030 1564 hominibus,
2054 1507 2113 1555 ut

541 1598 668 1658 puta
707 1604 935 1658 quorum
968 1604 1094 1658 pars
1130 1589 1422 1643 bmreditas
1450 1599 1533 1643 est
1567 1589 1682 1658 ipse
1710 1589 1874 1652 Dens,
1911 1591 2111 1658 quique

540 1686 775 1739 vicissim
819 1694 943 1738 sunt
998 1699 1117 1738 sors
1156 1684 1271 1749 Dei,
1310 1684 1551 1737 existant
1592 1682 2109 1751 eontemptibiliores

541 1778 809 1834 omnibus.
852 1778 985 1831 Nam
1021 1776 1313 1846 quamlibet
1339 1775 1462 1830 vilis
1506 1775 1763 1829 laicorum
1796 1790 1984 1829 servus
2016 1782 2110 1829 aut

540 1867 926 1930 ntercenarius,
958 1867 1105 1928 nulli,
1138 1875 1337 1936 prreter
1360 1880 1482 1919 cum
1527 1864 1679 1934 cuius
1709 1872 1810 1927 est,
1854 1862 2106 1917 famulari

539 1959 770 2029 cogitur,
799 1958 955 2028 eique
980 1957 1078 2011 soli
1111 1955 1371 2027 subiacet,
1407 1967 1518 2010 tum
1549 1958 1662 2011 suis
1688 1959 1869 2022 rebus,
1896 1957 1962 2009 ab
1987 1956 2108 2010 aliis

539 2050 868 2104 liberrimus.
928 2049 1019 2103 Sic
1067 2047 1438 2117 cujuscunque
1493 2047 1616 2101 laici
1676 2045 1963 2100 mediocris
2016 2053 2110 2100 aut

544 2139 726 2191 divitis
756 2137 1025 2206 possessio
1063 2136 1179 2205 ejus
1212 2144 1416 2190 tantum
1442 2134 1597 2202 cujus
1621 2144 1704 2189 est
1737 2134 1977 2204 suhjacet
2007 2134 2108 2186 do-

543 2226 708 2288 mino,
742 2241 840 2280 nec
871 2225 1161 2289 invaditur,
1200 2240 1299 2280 nec
1334 2225 1584 2279 venditur
1608 2239 1636 2276 a
1669 2224 1971 2294 principum
2005 2223 2108 2276 ali-

538 2331 666 2385 quo.
725 2314 834 2370 Soli
890 2323 1013 2368 sunt
1059 2313 1265 2379 clerici,
1317 2314 1428 2369 sola
1482 2324 1565 2367 est
1605 2312 1868 2374 Ecclesia,
1909 2311 2107 2381 quibus

538 2407 782 2462 omnium
822 2405 1053 2460 incurrit
1094 2404 1385 2468 calumnia,
1420 2404 1694 2464 violentia,
1751 2402 2011 2471 potentia,
2053 2393 2110 2455 et

542 2497 751 2566 rapina,
800 2498 851 2551 itt
888 2505 1115 2561 tantum,
1168 2503 1229 2550 nt
1269 2494 1315 2550 si
1366 2495 1494 2565 quid
1543 2493 1684 2548 forte
1724 2491 1970 2547 ecclesiis
2016 2489 2108 2544 Dei

540 2589 659 2643 laici
682 2589 1007 2644 contulerint
1030 2586 1449 2658 pro'animarum
1477 2600 1695 2639 suarum
1722 2582 2107 2651 redemptione,

541 2697 660 2735 mox
694 2680 785 2734 fiat
804 2679 1191 2733 calumniosum
1215 2686 1273 2731 et
1296 2676 1500 2738 venale,
1527 2676 1669 2745 quod
1699 2674 1849 2743 prius
1878 2673 1946 2726 ab
1980 2672 2109 2741 ipsis

542 2771 895 2826 donatoribus
950 2769 1327 2839 possidebatur
1392 2766 1633 2836 pacilice.
1695 2766 1761 2819 Et
1824 2780 1856 2819 a
1910 2765 2110 2833 quibus

543 2862 778 2916 maxime
809 2861 1153 2914 vindicantur
1195 2868 1251 2914 et
1287 2857 1616 2920 venduntur,
1666 2857 1768 2911 nisi
1811 2855 1881 2909 ab
1908 2856 1987 2909 eis
2016 2854 2110 2923 qui

541 2968 600 3008 se
645 2952 998 3008 ecclesiarum
1034 2952 1122 3005 Dei
1155 2951 1446 3004 advocatos
1496 2950 1577 3003 vel
1633 2949 1948 3003 defensores
1987 2961 2111 3015 pro-

545 3046 798 3100 fitentur?
842 3046 923 3099 Ab
963 3044 1097 3113 ipsis
1145 3043 1353 3097 scilicet
1393 3041 1832 3109 imperatoribus,
1871 3040 1940 3093 ab
1981 3038 2113 3106 ipsis

543 3135 872 3205 principibus
899 3149 1196 3202 eorumque
1235 3131 1577 3187 satellitibus.
1622 3132 1724 3199 lpsi
1754 3131 1854 3185 sub
1891 3131 2110 3183 nomine

542 3232 601 3279 et.
626 3223 848 3278 obtentu
876 3221 1203 3277 defensionis
1224 3228 1556 3291 prmsuntuut
1583 3221 1707 3283 sibi,
1736 3219 1996 3283 alienant,
2027 3218 2113 3273 vel

543 3313 781 3370 vendunt
819 3329 924 3366 non
965 3314 1139 3366 solum
1175 3311 1454 3377 ecclesias,
1496 3313 1589 3366 sed
1634 3321 1690 3366 et
1726 3310 1988 3380 quidquid
2029 3319 2115 3366 est

543 3419 731 3460 earum
764 3404 924 3471 juris.
965 3414 1071 3458 tam
1111 3405 1163 3457 in
1195 3404 1354 3458 rebus
1398 3411 1454 3457 et
1499 3404 1745 3472 personis
1786 3417 1947 3471 quam
1974 3402 2113 3456 etin

543 3491 757 3549 ciliciis.
785 3490 934 3547 Unde
971 3492 1052 3547 vel
1079 3491 1309 3561 correpti
1340 3490 1771 3546 animadvertant
1805 3490 2115 3560 quantomi—

546 3597 648 3638 nus
692 3582 862 3638 Detnn
915 3591 1266 3637 revereantur
1307 3596 1470 3652 quam
1499 3581 1600 3637 Sub
1626 3597 1812 3636 corum
1845 3590 2114 3650 potestate

545 3671 868 3726 constitutos
917 3671 1277 3741 cujuscunque
1308 3672 1633 3726 conditionis
1667 3671 1932 3736 homines,
1979 3685 2115 3740 quo-

542 3778 663 3815 rum
695 3773 948 3817 verentur
977 3774 1026 3816 et
1060 3770 1254 3817 cavent
1290 3761 1543 3818 invadere
1577 3762 1968 3831 possessiones.
2004 3762 2113 3816 Ar-

545 3852 815 3907 bitrantur
876 3853 1172 3908 cedendum
1217 3853 1524 3908 hominibus
1568 3854 1668 3907 sub
1709 3869 1787 3917 se,
1836 3868 1957 3907 cum
2007 3869 2113 3908 non

548 3950 798 4011 reputent
851 3943 1145 3997 cedendum
1171 3943 1279 3997 Deo
1304 3958 1468 4012 supra
1498 3959 1577 3997 se.
1612 3944 1880 3999 Verentur
1900 3952 1958 3997 et
1985 3958 2114 3997 cru-

545 4031 771 4086 bescunt
822 4032 1090 4096 homines,
1138 4031 1333 4101 quibus
1381 4040 1655 4087 terrenum
1704 4032 1787 4088 vel
1823 4032 1981 4086 civile
2025 4033 2115 4101 jus

544 4131 888 4181 conservant,
927 4137 1049 4175 cum
1096 4135 1194 4176 nec
1241 4129 1606 4183 revereantur,
1657 4136 1755 4175 nec
1790 4122 2116 4175 erubescant

544 4207 736 4273 Deum,
765 4209 849 4262 cui
884 4224 979 4263 nec
1015 4221 1285 4264 terrenum
1310 4210 1423 4280 jus,
1454 4225 1555 4264 nec
1584 4210 1802 4264 cteleste
1832 4207 2111 4264 fas'rescr-

2216 416 2297 471 vis
2327 425 2454 471 tunc
2476 417 2692 471 barbari
2714 417 2994 484 etAriani,
3017 420 3111 473 scd
3135 432 3234 473 nec
3253 434 3439 473 eorum
3472 422 3789 492 rexAgil:.l-

2217 504 2320 569 fus.
2344 509 2591 577 quamvis
2618 494 2878 563 Romana:
2912 508 3146 564 libertati
3179 517 3234 564 et
3269 510 3520 578 dignitati
3555 514 3790 569 nimium

2217 594 2477 657 infensus.
2529 597 2783 651 resistere
2839 598 3082 651 Romano
3130 598 3368 667 pOntilici
3416 609 3790 667 tentavertzrft,

2214 684 2343 750 quin
2371 682 2785 738 Mediolanensis
2814 684 3068 739 Ecclesiae
3108 684 3603 756 metropolitanum,
3623 687 3788 758 juxta

2216 785 2326 825 sua:
2357 773 2662 840 apostolica:
2700 773 2845 829 sedis
2879 773 3099 843 antiqua
3120 776 3458 832 etcanonica
3481 777 3784 851 privilegii,

2217 862 2606 917 substitnisset.
2647 861 2760 919 Nec
2806 863 3176 935 pra-judicavit
3217 878 3517 920 consensus
3561 867 3708 939 regis
3734 877 3796 923 et

2215 947 2333 1018 ejus
2360 952 2537 1020 gentis
2568 954 2917 1021 desiderium,
2954 967 3055 1009 nec
3076 954 3301 1012 extorsit
3325 956 3621 1025 apostolico
3644 973 3790 1027 pm.

2214 1041 2313 1096 suli
2358 1057 2513 1095 suum
2555 1058 2718 1114 super
2755 1045 3291 1115 metropolitanorum
3332 1047 3600 1104 electione
3633 1050 3790 1120 judi-

2213 1132 2400 1195 cium,
2486 1133 2613 1189 licet
2690 1136 2930 1205 potentia
3014 1151 3288 1192 armorum
3350 1146 3408 1193 et
3463 1140 3793 1196 crudelitate

2213 1222 2483 1276 barbarici
2529 1239 2640 1278 suae
2685 1224 3160 1295 depOpularentur,
3203 1235 3257 1281 et
3297 1231 3791 1297 perterrefacermt

2212 1325 2374 1366 omne
2419 1312 2663 1367 Italicum
2714 1314 2909 1379 solum,
2946 1326 3021 1380 et,
3055 1316 3198 1385 quod
3240 1319 3419 1373 adhuc
3473 1320 3649 1391 majus
3676 1330 3789 1388 est,

2214 1402 2415 1456 Ariana
2445 1404 2661 1459 vesania
2693 1420 2906 1459 omnem
2936 1418 3393 1476 persequerentur
3428 1411 3783 1468 catholicum.

2214 1493 2369 1562 Quod
2412 1509 2544 1549 sane
2585 1497 2924 1567 privilegium
2955 1512 3061 1553 non
3089 1499 3266 1552 solum
3308 1501 3360 1553 in
3391 1499 3565 1565 Italia,
3588 1511 3715 1559 tunc
3751 1521 3785 1559 a

2214 1587 2461 1641 barbaris
2501 1597 2557 1643 et
2595 1588 2814 1643 Arionis
2859 1603 3085 1658 pervasa
3129 1590 3367 1655 retinuit,
3389 1605 3580 1645 verum
3623 1602 3684 1647 et
3730 1591 3785 1648 ἠ

2143 1657 2186 1717 Β
2215 1676 2505 1732 Germania
2533 1681 2766 1748 totisque
2787 1657 2997 1744 Galliis,
3025 1679 3166 1734 sicut
3197 1679 3343 1735 clare
3373 1681 3706 1751 pra-dicatur
3726 1682 3785 1742 2η

2209 1769 2326 1838 ejus
2355 1770 2519 1839 gestis
2537 1781 2592 1825 et
2609 1769 2792 1825 dictis.

2818 1905 3043 1963 CAPUT
3082 1906 3175 1965 XI.

2283 2018 2524 2086 Qualiter
2560 2035 2608 2074 et
2657 2036 2751 2091 per
2794 2037 2924 2101 quos
2973 2022 3203 2075 ecclesia!
3248 2021 3360 2077 suis
3412 2021 3711 2094 priuilegii:

2791 2100 3009 2161 primum
3037 2102 3179 2146 81ml.

2281 2223 2343 2278 Et
2365 2224 2477 2279 haec
2492 2202 2751 2278 canonica
2770 2224 3066 2279 auctoritas
3079 2223 3245 2280 solida
3266 2232 3318 2279 et
3334 2225 3587 2295 specialis
3606 2238 3785 2284 reser-

2210 2322 2331 2366 vata
2346 2322 2430 2367 est
2444 2312 2704 2369 Romanis
2720 2312 3062 2381 [tOllllﬁClllllS
3076 2314 3127 2366 in
3147 2315 3399 2369 omnibus
3415 2314 3787 2386 metropolita—

2211 2403 2315 2467 nis;
2333 2402 2977 2472 metropolitanisqnoque
2990 2404 3238 2458 ontnibns
3252 2405 3506 2459 ineorum
3520 2404 3780 2478 suifraga-

2212 2496 2351 2560 neis,
2383 2496 2521 2549 sicut
2546 2497 2596 2549 in
2630 2494 2812 2550 Gcstis
2835 2494 2891 2548 Β.
2915 2494 3175 2549 Bonifacii
3200 2496 3493 2566 .‘llagtmlini
3516 2497 3783 2568 archiepi-

2211 2586 2356 2655 scopi
2381 2585 2612 2654 reperiet
2634 2585 2878 2653 quisquis
2892 2584 3186 2653 qnmsierit.
3202 2583 3309 2639 Nec
3328 2586 3440 2654 ipse
3463 2596 3589 2639 tunc
3600 2584 3783 2654 Pippi-

2211 2689 2311 2728 nus
2341 2688 2459 2739 rex,
2493 2688 2589 2727 nec
2614 2672 2753 2726 filius
2771 2671 2888 2740 ejus
2907 2673 3109 2741 primus
3130 2672 3462 2729 Francorum
3487 2674 3783 2744 imperator

2211 2778 2438 2834 magnus
2458 2763 2684 2818 Carolus
2712 2763 2857 2817 hunc
2893 2778 3155 2817 canrmem
3198 2763 3490 2831 infringere
3541 2764 3645 2819 fuit
3683 2779 3781 2835 ag-

2211 2868 2452 2923 gressus,
2480 2853 2575 2907 sed
2605 2867 2705 2906 nec
2725 2864 3081 2922 pronepotum
3103 2868 3197 2907 seu
3226 2855 3498 2908 barredum
3541 2854 3694 2926 regni
3723 2863 3783 2911 et

2213 2943 2423 3013 imperii
2478 2958 2663 2997 eorum
2720 2943 2859 2997 ttllus
2914 2958 3084 3012 usque
3130 2944 3196 2997 ad
3246 2943 3501 2999 Ottooum
3549 2954 3785 3015 tempus.

2158 3035 2180 3053 ‘
2216 3034 2348 3104 ipsis
2374 3034 2516 3087 enim
2548 3034 2615 3086 ad
2649 3033 2931 3101 imperium
2963 3033 3395 3089 adolescentibus
3422 3043 3476 3089 et
3497 3034 3786 3104 proﬁcien-

2220 3126 2379 3187 tibus,
2399 3122 2764 3177 Romanorum
2796 3123 3110 3193 pontificum
3138 3124 3449 3178 decrescere
3475 3133 3530 3179 et
3550 3123 3787 3181 deum

2215 3216 2381 3284 coepit
2431 3216 2604 3269 virtus
2652 3214 2788 3269 adeo
2837 3224 2917 3276 ιιι,
2965 3214 3310 3285 praeiguavia
3358 3225 3414 3271 et
3471 3216 3784 3287 insipientia

2216 3321 2422 3372 eorum,
2473 3313 2635 3374 atque
2670 3319 2767 3375 pro
2814 3306 3122 3372 arrogantia
3154 3307 3544 3377 ncopbytorum
3579 3306 3789 3377 princi-

2215 3412 2361 3467 pum,
2393 3412 2555 3451 omne
2579 3396 3008 3452 ecclesiasticum
3048 3396 3282 3451 otiicium
3323 3409 3379 3453 et
3406 3398 3491 3466 jus
3524 3397 3784 3466 paulatim

2217 3487 2589 3555 subriperetur
2624 3494 2679 3540 et
2726 3494 3141 3555 extorqueretur
3166 3502 3353 3542 eorum
3383 3487 3655 3549 manibus,
3692 3486 3784 3543 vix

2217 3579 2375 3634 inane
2402 3577 2640 3646 pristina:
2665 3577 2945 3646 dignitatis
2978 3592 3193 3642 nomen,
3243 3593 3346 3631 non
3395 3586 3575 3632 autem
3607 3577 3782 3647 ipsam

2217 3684 2368 3725 suam
2401 3669 2739 3737 dignitatem,
2776 3670 3005 3723 retinere
3055 3668 3444 3724 laborantibus.
3479 3669 3571 3724 Sic
3594 3670 3674 3726 de'
3700 3669 3788 3725 ili-

2219 3771 2331 3816 tato
2354 3770 2408 3817 et
2437 3760 2645 3828 abjccto
2677 3762 2853 3829 capite
2882 3761 3147 3815 clericalis
3195 3762 3420 3824 ordinis.
3450 3768 3613 3817 omne
3656 3776 3784 3816 mox

2217 3868 2414 3921 corpus
2444 3852 2577 3915 sibi,
2610 3866 2708 3921 pro
2737 3851 2893 3905 libito
2926 3868 3024 3906 suo
3053 3853 3535 3916 substernendum,
3566 3853 3786 3922 impune

2218 3945 2500 4014 usurpavit
2525 3952 2765 4013 potestas
2794 3943 3101 4011 saecularis;
3145 3960 3284 4014 quae,
3322 3945 3500 4015 primo
3542 3943 3781 4011 quidem,

2218 4055 2323 4095 non
2367 4038 2642 4108 praeripuit
2671 4049 2865 4094 cuncta
2910 4039 3275 4095 ecclesiastica
3312 4038 3471 4096 simul
3498 4048 3554 4095 et
3576 4036 3784 4106 statim,

2216 4129 2333 4192 sed,
2390 4137 2709 4182 cmterarum
2751 4131 3113 4199 nequitiarmn
3164 4146 3333 4197 more,
3391 4132 3683 4202 seperatim
3730 4142 3788 4188 et

2218 4220 2567 4289 pedetentim.
2602 4218 2735 4273 Nam
2767 4221 2942 4289 primo
2968 4221 3275 4277 ambitiosis
3297 4221 3785 4277 eccltsiasticantm

542 4310 696 4358 rant.
747 4301 814 4356 Et
859 4317 979 4356 cum
1021 4319 1127 4357 non
1170 4302 1417 4357 dubitent
1440 4316 1500 4357 se
1536 4303 1828 4374 sacrilegos
1869 4304 2113 4372 przcbere
2146 4327 2188 4385 υ
2219 4309 2542 4379 dignitatum
2567 4307 2652 4363 vel
2675 4311 3076 4379 possessionum
3106 4312 3315 4381 cupidis
3355 4311 3569 4367 favebat
3601 4324 3784 4382 prere,

542 4390 677 4458 Deo,
715 4392 867 4463 cujus
904 4393 1269 4447 haereditatem
1309 4391 1412 4445 sibi
1447 4391 1742 4454 vindicant,
1787 4392 2022 4460 religiosi
2056 4403 2114 4447 et

543 4482 796 4540 catholici
857 4483 1126 4553 principes
1172 4482 1240 4535 ab
1284 4481 1593 4535 hominibus
1645 4481 1750 4535 dici
1803 4490 1859 4535 et
1910 4481 2113 4537 habere

546 4572 820 4638 affectant,
849 4588 969 4628 cum
1002 4587 1125 4627 vere
1153 4572 1259 4626 sint
1281 4571 1482 4625 inimici
1514 4571 1629 4637 Dei,
1657 4573 1920 4626 adversus
1948 4588 2110 4641 quem

548 4664 874 4717 unanimiter
918 4661 1247 4729 eoatSpiraut,
1294 4670 1351 4713 ιιι
1401 4662 1713 4716 bccrcditate
1740 4664 2110 4717 sanctuarium

547 4752 665 4821 ejus
694 4753 1020 4822 possideant.
1075 4750 1245 4815 Unde,
1293 4750 1445 4818 juxta
1494 4752 1635 4819 quod
1677 4750 1959 4805 Psalntista
2015 4752 2117 4806 im-

548 4844 816 4914 precando
845 4842 1149 4911 prophetat,
1192 4842 1420 4909 ponendi
1470 4852 1593 4895 sunt
1638 4842 1777 4896 sicut
1820 4842 2024 4905 ilorcb,
2057 4850 2113 4898 et

545 4930 677 4994 Zcb,
703 4940 756 4987 et
784 4931 955 4985 Zcbee
983 4938 1035 4984 et
1059 4929 1310 4984 Salinana
1335 4932 1424 5001 qui
1456 4933 1642 5001 utique
1688 4932 2115 5002 alienigenarum

546 5021 821 5093 principes
897 5028 954 5073 et
1028 5019 1390 5075 lsraelitarum
1457 5023 1638 5076 hostes
1704 5032 1860 5078 erant
1937 5022 2114 5091 (Psal.

547 5125 761 5171 Lxxxn,
795 5108 902 5177 12).
932 5107 1169 5174 Quorum
1196 5112 1453 5167 malitiam
1472 5114 1641 5168 nostri
1679 5114 1940 5183 temporis
1967 5115 2121 5183 prin-

549 5200 701 5271 cipes
723 5199 895 5255 secuti
932 5200 1146 5256 videant
1176 5219 1283 5273 quo
1323 5207 1430 5260 sint
1466 5207 1729 5278 perducti.
1763 5207 2023 5275 Denique,
2062 5215 2121 5261 ut

551 5307 624 5350 ex
671 5290 1094 5360 praecedentibus
1139 5292 1281 5348 beati
1328 5295 1572 5368 Gregorii
1639 5298 1798 5354 dictis
1842 5296 2121 5352 evidenter

2220 4401 2341 4455 dein
2392 4400 2574 4465 minis,
2619 4401 2874 4470 deinceps
2920 4401 3101 4457 verbis
3122 4402 3477 4466 concessivis;
3508 4401 3564 4455 in
3591 4399 3707 4471 quil
3723 4414 3786 4455 us

2218 4492 2469 4546 omnibus
2493 4506 2721 4547 cernens
2747 4492 3197 4547 contradictorcm
3240 4493 3338 4548 sibi
3367 4493 3662 4558 neminem,
3685 4505 3786 4548 rec

2220 4583 2311 4642 uni
2341 4594 2581 4638 moveret
2604 4599 2856 4652 pennam,
2896 4584 2976 4639 vel
3023 4586 3257 4655 aperiret
3302 4599 3362 4640 os
3406 4595 3463 4640 et
3515 4585 3784 4656 ganniret,

2220 4674 2286 4727 ad
2340 4673 2541 4742 majora
2585 4676 2965 4743 progreditur:
2994 4687 3048 4731 et
3075 4676 3209 4744 jam,
3247 4678 3349 4731 sub
3389 4679 3606 4733 nomine
3635 4679 3786 4733 inve-

2220 4765 2446 4829 stitnraz,
2475 4762 2603 4817 dare
2630 4765 2805 4833 primo
2832 4766 3074 4830 tabellas,
3106 4760 3197 4821 vel
3219 4768 3622 4840 qualescunque
3658 4784 3787 4841 por-

2222 4853 2394 4922 rigere
2463 4853 2700 4922 virgulas
2757 4856 2876 4909 dein
2943 4856 3161 4911 baculus
3218 4856 3401 4922 laicis,
3466 4860 3787 4932 tandemque

2221 4941 2620 4995 ecclesiasticis.
2637 4942 2787 5007 Quod
2816 4944 3104 4999 maximum
3124 4945 3273 5001 nefas
3298 4949 3377 5003 sic
3397 4948 3512 5017 jam
3539 4948 3780 5017 inolevit,

2221 5040 2281 5083 ut
2318 5032 2368 5084 id
2406 5031 2578 5101 solum
2624 5033 2941 5087 canonicum
2985 5036 3256 5100 credatur,
3304 5052 3405 5091 nec
3438 5052 3559 5105 quae
3598 5040 3672 5094 sit
3699 5053 3786 5093 ec-

2220 5120 2522 5175 clesiastica
2561 5124 2745 5190 regula
2774 5125 2977 5179 sciatur
3001 5136 3094 5179 aut
3121 5128 3454 5182 attendatnr.
3482 5129 3549 5183 Et
3571 5129 3785 5199 quidem

2223 5210 2442 5265 memini
2483 5226 2568 5263 me
2609 5214 2805 5268 vidisse
2859 5229 2887 5267 a
2933 5215 3280 5270 szecularibus
3316 5218 3650 5289 principibus
3686 5220 3784 5273 ali-

2223 5315 2358 5369 quos
2392 5301 2752 5369 pastoralibus
2796 5304 3001 5359 baculis
3047 5312 3102 5359 et
3152 5306 3370 5361 annalis
3423 5306 3667 5362 investiri
3724 5308 3786 5362 de
