4064 5394
320 283 457 338 “51

963 278 1330 341 ADVERSUS
1367 279 1777 353 SIMONIACOS
1814 278 1991 337 LIBRI
2029 281 2317 337 TRES.-
2340 281 2545 340 [ABER
2579 282 2901 341 TERTIUS.

3438 290 3576 348 1Ιῖιὸ

316 401 418 451 sub
458 404 609 449 tanto
655 393 923 449 acutterio
960 410 1189 449 uxorum
1235 403 1289 450 et
1338 410 1472 451 nece
1508 394 1739 449 filiorum
1793 393 1888 447 de-
1921 407 1965 464 Α
1998 403 2227 448 matrem
2263 392 2384 465 plus
2434 411 2597 465 quam
2629 411 2736 463 me,
2769 414 2875 452 non
2900 408 2984 451 est
3014 414 3097 452 me
3126 398 3317 470 dignus
3356 399 3572 471 (.llattlt.

316 486 617 556 prehensis,
637 499 746 539 suae
770 484 1107 555 negligentia:
1129 492 1182 539 et
1209 484 1670 555 prmraricationis
1698 482 1891 536 merito

315 575 514 630 accidit
541 575 671 630 illud
701 574 1043 628 maledictum
1078 574 1397 640 Mosaicum,
1428 574 1612 628 dicens
1643 590 1654 624 :
1695 590 1711 623 α
1752 572 1890 627 Βλο-

317 684 431 723 rem
461 666 715 737 accipies,
771 674 827 720 et
866 665 1003 718 alius
1039 680 1220 718 coram
1280 673 1331 719 te
1382 665 1613 718 dormiet
1652 678 1775 716 cum
1826 676 1888 715 ea

316 756 496 828 (Deut.
525 770 716 822 uult,
749 754 860 826 30).
882 774 899 806 ι
930 756 1068 821 Qui,
1097 764 1154 806 ut
1182 765 1371 807 beatus
1411 753 1799 823 Hieronymus,
1832 749 1886 802 in

314 844 716 900 Commentario
746 842 1027 898 Zacltarite
1068 844 1363 913 prophetae,
1406 850 1722 905 attestatur,
1756 839 1887 893 nihil

314 935 609 1001 crudelius,
653 934 789 990 nihil
828 935 1080 989 miserius
1119 934 1346 988 inveniri
1374 942 1551 1003 potest
1585 942 1664 993 ut,
1696 933 1890 986 timore

315 1027 507 1081 mortis
547 1026 799 1096 propriae,
838 1039 937 1079 nec
974 1025 1202 1078 Salutem
1238 1024 1490 1086 tiliorum,
1528 1038 1627 1076 nec
1657 1037 1885 1075 tuorum

313 1114 625 1183 pudicitiam
658 1112 945 1166 defendere
971 1112 1069 1165 riri
1104 1113 1358 1165 audeant.

388 1203 499 1258 Hoc
527 1204 699 1273 ipsum
734 1212 788 1260 et
823 1205 987 1257 Amos
1028 1203 1310 1273 propheta,
1356 1202 1420 1255 ad
1466 1200 1739 1255 Amasiatn
1783 1199 1884 1252 im-

314 1294 460 1365 pium
511 1294 849 1350 sacerdotem
905 1293 1266 1357 comminans,
1322 1291 1559 1361 loquitur
1603 1308 1617 1344 :
1668 1308 1687 1341 ι
1744 1290 1890 1345 Uxor

313 1396 403 1438 tua
450 1385 503 1438 in
548 1384 765 1438 civitate
816 1382 1192 1444 foruicabitur,
1222 1392 1277 1435 et
1304 1380 1337 1434 ii
1364 1382 1397 1433 ii
1451 1380 1523 1433 tui
1568 1389 1623 1433 et
1675 1378 1796 1432 filia:
1833 1379 1886 1433 in

311 1473 488 1542 gladio
516 1474 709 1528 cadent
736 1481 788 1526 et
812 1473 1009 1527 humus
1036 1480 1122 1525 tua
1152 1469 1390 1524 funiculo
1418 1471 1669 1523 metietur
1705 1469 1884 1540 (Amor

310 1584 411 1632 vu,
450 1568 557 1637 17).
578 1586 598 1619 ι
627 1565 1004 1621 incunctanter
1030 1566 1174 1619 enim
1204 1564 1502 1620 sacerdotis
1526 1578 1661 1618 uxor
1682 1564 1749 1617 ab
1770 1564 1889 1618 aliis

310 1660 418 1714 viol
457 1669 560 1721 tur,
619 1659 1048 1728 quantiocunque
1104 1656 1345 1710 Ecclesia
1389 1670 1421 1708 a
1463 1654 1636 1720 laicis,
1689 1654 1886 1723 quibus

1996 500 2046 546 ι,
2078 483 2194 552 57),
2230 502 2249 535 ι
2278 485 2558 554 quoniam,
2611 486 2823 541 etiamsi
2867 488 2919 539 iu
2967 488 3050 541 via
3095 490 3362 556 spirituali
3389 503 3576 561 patrts

1991 577 2297 628 contrarios
2325 574 2606 638 habemus,
2636 577 2814 630 odisse
2842 586 2897 629 et
2922 576 3105 648 fugere
3141 578 3425 634 debemus.

2578 686 2807 741 CAPUT
2849 688 2959 743 ΧΗ.

1993 771 2069 826 De
2092 774 2495 843 pra'suntptione
2533 773 2844 842 feminarum
2876 786 2923 828 ct
2955 776 3206 845 dignitate
3241 787 3573 836 merularum

2286 858 2299 872 ⁸
2689 861 2742 897 rc
2748 861 2772 894 1⁸
2778 863 2805 896 lt
2814 862 2860 896 ιη
2870 883 2884 898 ο

2062 933 2261 987 Verum
2298 949 2396 986 cur
2436 933 2552 987 haec
2589 940 2795 987 tantum
2827 935 2894 987 de
2933 934 3062 990 riris
3099 936 3251 992 laicis
3282 939 3570 1010 conqueri-

1991 1040 2129 1087 mur,
2173 1040 2292 1078 cum
2338 1026 2465 1094 ipsae
2502 1041 2715 1096 quoque
2757 1025 2905 1080 luica:
2944 1025 3193 1091 feu'iinze,
3222 1029 3419 1099 quibus
3462 1045 3567 1086 nec

1992 1113 2135 1182 loqui
2180 1112 2231 1166 in
2276 1112 2511 1167 Ecclesia
2567 1115 2897 1183 permittitur
2927 1114 2975 1181 (1
3021 1113 3143 1169 Cor.
3174 1132 3285 1182 xw,
3317 1115 3433 1189 54),
3464 1131 3563 1173 nec

1989 1203 2254 1257 dominari
2290 1205 2340 1257 in
2373 1205 2550 1257 virum
2585 1203 2636 1276 (Ι
2672 1203 2806 1258 Tim.
2840 1222 2898 1270 tt,
2939 1206 3048 1277 t2),
3076 1224 3182 1261 non
3208 1207 3378 1264 solum
3413 1209 3566 1264 laicis

1992 1309 2081 1347 res
2133 1293 2532 1348 ecclesiasticas
2593 1295 2982 1365 dispensamlas
3034 1299 3415 1366 committunt,
3473 1299 3568 1356 sed
3626 1324 3640 1335 ο

1992 1384 2212 1453 insuper
2250 1386 2612 1453 pastoralibus
2648 1385 2855 1440 baculis
2883 1397 2937 1441 et
2966 1390 3181 1443 annulis
3203 1390 3269 1445 de
3289 1391 3569 1463 episcopa-

1994 1474 2137 1528 tihus
2185 1484 2240 1529 et
2289 1475 2520 1530 abbatiis
2559 1475 2787 1532 clericos
2825 1477 3133 1545 inrestiaut,
3176 1496 3312 1550 quos
3354 1482 3435 1537 eis
3472 1492 3569 1538 a'tt

1991 1563 2145 1619 favor
2178 1577 2268 1619 aut
2305 1565 2620 1635 obsequium
2652 1567 2929 1632 sarculare,
2969 1584 3062 1622 seu
3088 1571 3317 1638 pretium
3357 1581 3566 1643 tempo-

1989 1655 2125 1721 rale,
2163 1656 2428 1724 conciliat
2450 1657 2887 1712 etcommendat.
2933 1657 3313 1729 Principautur
3349 1670 3404 1714 et
3439 1661 3568 1730 ipsa:

309 1766 418 1806 non
457 1749 708 1820 pertinet,
767 1749 1180 1802 administratur
1232 1746 1315 1801 vel
1361 1745 1667 1799 ordinatur.
1714 1743 1881 1812 Cujus
1919 1731 1962 1791 Β
1990 1747 2338 1801 nihilominus
2360 1746 3008 1802 omniecclesiasticorum
3027 1749 3254 1805 concilio
3272 1759 3326 1804 et
3341 1750 3565 1819 judicio,

307 1841 473 1894 etiam
516 1839 709 1893 lmmus
762 1837 997 1891 funiculo
1051 1838 1334 1902 metietur,
1371 1837 1459 1890 ubi
1503 1836 1879 1891 ecclesiastica

308 1929 578 2002 possessio
617 1944 647 1983 a
687 1938 832 1981 sorte
877 1927 1137 1981 Dominici
1183 1925 1471 1981 sacerdotii
1501 1925 1786 1988 alienatur,
1826 1933 1882 1978 et

306 2022 378 2076 ad
419 2021 677 2075 laicorum
713 2029 912 2073 sortem
950 2026 1003 2071 et
1039 2016 1335 2070 dominium
1368 2022 1671 2070 revocatur.
1700 2013 1798 2081 Qui
1832 2012 1878 2076 si

306 2115 621 2171 defensores
648 2116 925 2177 Ecclesiae,
958 2124 1012 2168 et
1044 2129 1147 2167 non
1175 2112 1459 2183 pl‘tCtiOIICS
1482 2111 1566 2166 vel
1596 2112 1876 2165 invasorcs

307 2220 512 2272 essent,
563 2206 750 2276 procul
802 2206 963 2261 dubio
1018 2220 1116 2275 pro
1170 2204 1528 2273 qualicunque
1572 2202 1727 2272 culpa
1781 2218 1874 2257 seu

306 2295 630 2365 negligentia
682 2296 1022 2349 sacerdotum
1068 2308 1130 2348 ca
1169 2294 1459 2347 defendere
1490 2308 1594 2345 non
1636 2292 1871 2362 neglige-

307 2400 451 2451 rent,
502 2400 603 2439 nec
634 2383 724 2453 jus
755 2386 896 2439 illius
925 2385 1026 2439 sibi
1059 2386 1418 2440 vindicarent.
1465 2384 1689 2438 Factqu
1729 2384 1875 2437 enim

304 2490 569 2546 persona;
606 2484 666 2528 ut
698 2476 885 2530 beatus
921 2475 1217 2543 Gregorius
1246 2474 1424 2539 docet,
1476 2490 1582 2528 non
1621 2482 1703 2528 cst
1740 2489 1873 2525 con-

304 2567 626 2622 vcrtcudum
662 2566 714 2619 in
755 2567 1006 2620 damnum
1050 2566 1337 2632 Ecclesite;
1370 2566 1465 2620 scd
1494 2565 1573 2619 sic
1603 2572 1686 2618 est
1715 2565 1876 2617 casti-

300 2656 480 2728 ganda
516 2672 744 2727 persona
784 2666 840 2709 ut
875 2673 971 2727 per
1002 2657 1182 2713 omnia
1224 2657 1489 2711 indemnis
1521 2670 1877 2711 cooset'vcatr

306 2745 538 2802 facultas
567 2746 957 2801 ecclesiastica.
999 2746 1173 2801 liabet
1201 2747 1343 2801 enim
1379 2746 1619 2800 Ecclesia
1649 2760 1776 2799 suas
1803 2745 1877 2799 le-

302 2852 417 2907 ges,
448 2850 573 2890 suos
594 2834 828 2904 judices,
858 2835 1054 2906 quibus
1086 2851 1207 2890 cum
1239 2836 1466 2890 consilio
1502 2834 1872 2905 religiosorum

303 2937 361 2983 et
384 2928 689 2997 sapientum
715 2936 808 2980 aut
846 2927 1241 2997 corripiantur,
1274 2937 1367 2981 aut
1394 2928 1735 2994 corrigantur
1763 2912 1878 2980 col-4

301 3034 384 3089 pne
406 3019 814 3089 praepositorum
836 3027 891 3074 et
913 3019 1279 3074 ministrorum
1299 3016 1435 3086 ejus.
1466 3015 1611 3084 Quas
1633 3016 1678 3070 si
1704 3016 1875 3072 eccle-

302 3111 507 3171 siastici
570 3108 910 3164 dissimulant
957 3115 1051 3163 aut
1115 3108 1336 3162 tuinimc
1391 3115 1607 3174 curant,
1660 3108 1873 3163 demum

302 3203 590 3259 steculares
631 3202 902 3274 principes
925 3210 980 3257 et
1013 3200 1196 3256 fideles
1226 3199 1373 3262 laici,
1419 3214 1519 3270 pro
1561 3198 1877 3277 defensione

302 3308 356 3351 et
385 3296 813 3366 recuperatione,
844 3278 1006 3363 quam
1044 3294 1207 3348 matri
1238 3308 1348 3348 sua:
1372 3292 1629 3349 Ecclesiae
1658 3293 1872 3356 debent,

303 3403 526 3443 necesse
564 3395 649 3442 est
690 3386 960 3451 insistant,
998 3399 1200 3455 eosque
1233 3395 1535 3455 opportune
1572 3385 1876 3454 importune

301 3478 631 3533 conveniant
668 3485 724 3532 et
763 3485 1040 3541 moneant,
1071 3493 1137 3531 ne
1160 3477 1592 3532 destructor-ibus
1622 3478 1874 3532 ecclesia-

303 3582 424 3621 rum
467 3566 563 3621 Dei
594 3574 651 3622 ct
686 3566 1103 3636 indisciplinatis
1130 3566 1362 3620 tacendo
1397 3576 1452 3621 et
1486 3567 1876 3622 dissimulando

304 3655 549 3725 faveant,
572 3658 666 3715 sed
693 3673 879 3715 secum
900 3659 966 3714 ad
989 3658 1362 3714 reformandos
1384 3658 1464 3712 eis
1493 3673 1620 3714 suos
1640 3673 1876 3712 canones

302 3760 617 3823 exsurgant.
679 3750 832 3818 Quod
879 3751 923 3806 si
980 3767 1079 3806 nec
1135 3751 1351 3805 monitis
1402 3752 1654 3805 resistere
1696 3751 1876 3821 pravis

305 3842 635 3909 curateriat,
662 3842 826 3898 faciat
866 3843 1001 3898 laica
1031 3853 1270 3912 potestas
1311 3843 1523 3897 tandem
1558 3845 1698 3911 quod
1739 3842 1873 3895 libe-

306 3950 380 3989 ne
411 3942 469 3990 et
508 3934 713 3989 dilecta:
749 3934 941 3988 matris
984 3935 1279 4004 degeneres
1314 3932 1430 3997 lilii,
1468 3931 1618 3999 cujus
1646 3932 1689 3985 si
1717 3931 1873 4000 pud.-

301 4033 486 4086 citiam
507 4032 860 4102 cognoverint
882 4031 949 4084 ab
972 4032 1230 4084 adulteris
1249 4030 1550 4099 captivari;
1580 4044 1679 4082 nec
1700 4043 1873 4091 mora,

302 4122 656 4193 accinguntur
680 4121 1022 4182 vindicaturi,
1052 4121 1264 4175 etiamsi
1292 4130 1444 4190 pater
1478 4135 1663 4175 eorum
1692 4118 1875 4172 admo-

303 4212 455 4267 nitus
500 4210 735 4283 negligat
792 4222 901 4266 tam
951 4211 1289 4266 intolerabile
1325 4211 1428 4265 sibi
1471 4210 1668 4265 malum
1703 4209 1873 4262 ultum

302 4302 391 4356 iri.
437 4303 704 4358 Caventes
742 4303 886 4359 enim
924 4303 1189 4357 maculam
1221 4318 1318 4357 suo
1355 4302 1537 4372 generi
1569 4300 1875 4355 infamiam-

1982 1834 2131 1898 dum,
2146 1833 2211 1887 ad
2229 1844 2413 1888 nutmn
2430 1834 2636 1888 illarum
2652 1836 2814 1890 etiam
2830 1836 3132 1903 absentum,
3148 1838 3233 1891 alii
3249 1853 3568 1907 praeponun-

1984 1933 2090 1992 tur,
2143 1927 2235 1980 alii
2285 1927 2643 1995 deponuntur,
2684 1928 2797 1991 alii,
2839 1930 3085 1997 quamvis
3123 1929 3435 2000 culpabiles,
3474 1938 3569 1984 aut

1980 2014 2504 2084 praetermittuntur,
2558 2026 2649 2070 aut
2699 2016 3079 2073 defenduntur.
3123 2020 3214 2074 Sic
3267 2022 3369 2075 hac
3441 2037 3566 2091 per-

1978 2107 2286 2162 versissima
2336 2108 2633 2174 abusione,
2673 2108 2828 2179 juxta
2885 2112 3025 2179 quoi
3078 2111 3272 2179 impius
3310 2110 3556 2183 Porphy-

1978 2200 2094 2254 rius
2150 2198 2548 2262 calumniatur,
2615 2208 2838 2254 scnatus
2907 2209 3089 2254 uoster
3153 2214 3281 2256 sunt
3349 2201 3564 2257 femine

1977 2304 2007 2343 a
2051 2289 2248 2359 quibus
2319 2290 2545 2358 insuper
2615 2290 2812 2345 dantur
2868 2290 3224 2343 sacerdotalia
3299 2289 3563 2363 insignia,

1976 2395 2075 2434 nec
2098 2381 2221 2434 licet
2249 2380 2666 2446 ecclesiasticos,
2696 2380 2797 2434 nisi
2832 2380 2896 2432 de
2928 2396 3113 2433 carmn
3139 2380 3297 2447 dono,
3329 2396 3425 2435 sua
3458 2382 3564 2444 sibi

1976 2486 2271 2535 assumere,
2298 2485 2416 2540 qua:
2442 2485 2540 2525 nec
2586 2471 2762 2524 dicam
2814 2469 3050 2538 fumium,
3099 2472 3191 2525 sed
3223 2488 3321 2527 nec
3349 2488 3566 2529 tttasc.:-

1959 2561 2149 2615 lorum
2207 2562 2498 2632 quispiam,
2550 2562 2651 2616 nisi
2702 2563 2951 2625 clericus,
3014 2565 3174 2619 debet
3228 2566 3563 2636 contingere,

1975 2653 2133 2707 beato
2194 2654 2476 2723 Stephano
2548 2671 2683 2725 papa
2744 2664 2979 2725 martyre
3036 2657 3115 2710 sic
3165 2658 3564 2711 dctutntiautc:

1983 2764 2002 2798 ‹
2042 2747 2368 2811 Vestimenta
2395 2747 2787 2812 ecclesiastica,
2813 2749 3008 2817 qtnbus
3045 2749 3150 2803 Deo
3181 2748 3523 2803 ministratur
3550 2789 3566 2814 ,

1976 2847 2024 2892 et
2056 2849 2270 2894 sacrata
2321 2840 2521 2894 debent
2563 2855 2684 2893 esse
2734 2849 2790 2894 et
2842 2840 3088 2904 honesta,
3119 2841 3315 2910 quibus
3361 2841 3412 2895 in
3446 2842 3568 2899 aliis

1977 2932 2163 2987 usibus
2209 2948 2364 2986 nemo
2417 2932 2573 2986 debet
2620 2931 2726 2986 frui
2776 2947 2938 3002 quam
2988 2933 3039 2987 in
3094 2932 3471 2987 ecclesiasticis
3511 2941 3568 2987 et

1980 3022 2090 3076 Deo
2117 3022 2293 3094 digitis
2339 3021 2549 3088 ciliciis,
2588 3039 2706 3092 qua:
2730 3038 2830 3077 nec
2854 3023 2921 3078 ab
2948 3023 3067 3077 aliis
3106 3024 3302 3078 debent
3327 3023 3567 3093 contingi

1979 3114 2241 3178 autfcrri,
2300 3114 2399 3169 nisi
2446 3132 2473 3169 a
2502 3115 2730 3169 sacratis
2769 3116 2877 3169 Deo
2932 3113 3266 3182 hominibus,
3302 3131 3368 3170 ne
3411 3116 3567 3184 ultio,

1976 3205 2406 3274 qua:B.dtlmzar
2438 3206 2722 3279 percussit,
2761 3220 2924 3275 super
2972 3205 3086 3260 haec
3117 3205 3566 3277 transgredienti-

1977 3293 2075 3349 bus
2097 3307 2151 3348 ct
2182 3295 2304 3348 talia
2329 3293 2778 3365 prtesumentibns
2797 3292 2981 3348 veniat
3003 3293 3204 3360 divina,
3232 3303 3288 3348 et
3311 3307 3569 3349 corruere

1977 3403 2070 3443 eos
2123 3386 2285 3442 faciat
2324 3387 2386 3442 ad
2442 3388 2567 3442 ima.
2619 3406 2637 3438 ι
2694 3386 2770 3440 Ex
2807 3403 2913 3456 quo
2960 3388 3093 3442 tanti
3148 3386 3422 3456 pontificis
3468 3386 3567 3442 dc-

1977 3490 2144 3544 crcto,
2177 3495 2394 3535 necesse
2422 3488 2505 3534 est
2531 3488 2756 3533 caveant
2789 3479 2913 3534 laici
2939 3488 2993 3535 et
3020 3478 3172 3533 laicte
3197 3478 3567 3534 ecclesiastica

1977 3571 2297 3624 vestimenta
2355 3586 2452 3624 suo
2497 3576 2747 3623 contactu
2783 3576 3071 3633 temerare,
3115 3579 3170 3622 et
3207 3584 3237 3621 a
3270 3567 3569 3623 minoribus

1976 3663 2242 3732 prohibita
2278 3661 2482 3731 majora
2528 3662 2630 3717 sibi
2667 3676 3012 3732 praesumere.
3052 3660 3258 3727 Quibus
3284 3659 3429 3713 cuitu
3457 3675 3566 3713 non

1977 3757 2289 3809 conceditur
2332 3754 2645 3807 clariculam
2692 3753 2900 3806 ostiarii
2951 3768 3057 3821 qua
3106 3759 3333 3804 scratct
3360 3757 3568 3803 reserat

1980 3843 2160 3897 valvas
2183 3841 2364 3911 templi
2388 3842 2560 3896 sancti
2585 3882 2599 3905 ,
2633 3842 2716 3894 vel
2752 3840 3047 3896 funiculum
3081 3838 3425 3893 tintinnabuli
3456 3854 3565 3906 quo

1977 3934 2245 4004 signiﬁcat
2273 3942 2450 3987 certas
2479 3932 2639 3986 horas
2663 3931 2844 4000 operis
2879 3930 2996 3996 Dei,
3031 3929 3198 3984 nmlto
3233 3928 3412 3981 minus
3437 3944 3567 3981 cou-

1977 4027 2187 4081 ceditur
2224 4026 2535 4095 contingere
2579 4023 2826 4078 baculum
2883 4031 2939 4077 et
2999 4021 3256 4076 annulum
3304 4022 3562 4091 episcopi,

1978 4116 2174 4185 quibus
2210 4115 2576 4186 principaliter
2622 4113 2933 4184 insignitus,
2964 4128 3068 4166 non
3115 4111 3259 4167 solos
3287 4112 3560 4176 ostiarius,

1979 4210 2071 4263 sed
2125 4209 2362 4278 reliquos
2404 4208 2621 4263 ordines
2650 4205 3074 4269 ecclesiasticos,
3119 4205 3400 4276 ipsumque
3426 4215 3562 4260 tem-

1976 4299 2122 4371 plum
2156 4314 2277 4352 cum
2302 4297 2447 4350 omni
2480 4311 2573 4352 sua
2623 4297 2964 4369 supellectili,
3006 4297 3176 4353 altare
3197 4314 3413 4368 quoque
3439 4313 3564 4352 cum

300 4408 405 4463 que
430 4409 535 4448 non
564 4393 827 4449 modicam
855 4407 954 4449 suo
979 4395 1201 4459 nomini,
1229 4396 1391 4449 etiam
1425 4402 1577 4465 patre
1604 4403 1872 4458 cessante,
1905 4405 1952 4465 D
1980 4394 2231 4449 omnibus
2273 4394 2384 4448 suis
2409 4394 2726 4449 utensilibus
2750 4393 2857 4449 Deo
2883 4396 3233 4466 omnipotenti
3261 4406 3562 4450 consecrat.

302 4501 410 4538 non
450 4495 668 4540 cessant
708 4484 832 4540 boni
883 4484 977 4539 filii
1030 4486 1219 4540 matris
1256 4500 1367 4539 suae
1394 4484 1618 4554 injurias
1661 4483 1870 4538 ulcisci.

302 4576 404 4643 Qui
439 4575 485 4632 si
513 4591 658 4641 eam,
689 4574 947 4629 adulteris
971 4585 1233 4645 ereptam,
1281 4591 1379 4632 suo
1416 4575 1655 4645 legitimo
1682 4574 1873 4631 matri-

302 4670 488 4725 monio
514 4683 622 4725 non
661 4668 1035 4731 restituerent,
1069 4667 1162 4721 sed
1194 4682 1303 4720 sua:
1333 4665 1538 4719 libidini
1569 4674 1872 4718 maternam

300 4758 614 4830 pudicitiam
645 4758 1027 4828 prostitucreut
1053 4773 1068 4822 ;
1104 4772 1282 4811 nonne
1308 4755 1520 4825 pejores
1546 4767 1601 4809 ct
1633 4755 1871 4809 detesta-

217 4855 223 4862 '
302 4850 522 4905 biliorcs
548 4848 877 4920 quibuslibet
917 4848 1174 4904 adulteris
1208 4849 1423 4903 essent?
1454 4845 1643 4902 Nonne
1670 4848 1871 4901 tolera-

301 4945 466 5000 bilius
487 4940 664 4997 fuerat
690 4942 759 4995 ab
780 4941 898 4996 aliis
920 4957 1025 4997 nou
1056 4939 1380 5007 defendisse,
1404 4954 1567 5009 quam
1594 4938 1871 4993 defensam

300 5037 383 5093 sic
423 5035 531 5093 sibi
567 5049 831 5103 usurpare
886 5044 943 5089 et
991 5032 1278 5089 addicere?
1331 5034 1486 5099 Rogo
1532 5029 1876 5086 considerent

1980 4485 2101 4540 Pari
2159 4488 2316 4540 modo
2372 4486 2566 4555 quibus
2609 4502 2712 4541 non
2752 4487 2871 4541 licet
2929 4488 3244 4556 contingere
3287 4486 3564 4554 cingulum

1978 4590 2071 4632 aut
2115 4577 2416 4647 mappulam
2463 4577 2805 4642 subdiaconi,
2838 4578 3047 4631 hostias
3093 4577 3159 4630 ad
3187 4577 3355 4629 altare
3377 4575 3561 4642 laturi,

1978 4667 2146 4721 multo
2175 4667 2352 4720 minus
2381 4665 2507 4721 licet
2559 4668 2818 4721 annulum
2844 4664 3085 4735 episcopi
3117 4680 3223 4733 quo
3255 4663 3564 4732 iusiguitur,

1976 4758 2101 4810 dmn
2133 4757 2338 4812 assistit
2364 4757 2545 4820 altari,
2573 4766 2627 4810 et
2650 4756 2955 4811 Sanctificat
2983 4753 3328 4824 immolatque
3354 4753 3568 4819 Aguum

1978 4848 2098 4913 Dei,
2135 4849 2219 4903 vel
2243 4850 2371 4905 dum
2403 4861 2689 4905 consecrat
2715 4848 2951 4903 chrisma
2983 4845 3219 4916 Spiritus
3252 4843 3446 4906 sancti,
3474 4859 3575 4903 seu

1977 4938 2102 4993 dum
2129 4938 2400 4995 benedicit
2437 4936 2694 5011 populum
2724 4938 2841 4994 Dci.
2870 4936 2976 4991 Nec
3007 4936 3203 4989 mirum
3228 4935 3273 4990 si
3294 4940 3584 5004 tantopere

1977 5032 2259 5087 veritatem
2289 5028 2491 5087 Christi
2536 5029 2589 5082 in
2624 5027 2774 5083 Novo
2826 5024 3177 5080 Testamento
3207 5035 3592 5096 revercamur,

1978 5135 2097 5176 cum
2128 5122 2240 5192 ejus
2281 5120 2532 5178 umbram
2581 5118 2634 5174 in
2666 5116 2853 5177 Veteri
2889 5115 3190 5172 decreverit
3218 5112 3473 5170 Dominus
3505 5118 3597 5177 sic

1981 5213 2330 5266 reverendam
2351 5218 2408 5262 et
2446 5211 2851 5269 honorandam,
2881 5205 3017 5259 utin
3051 5203 3186 5258 libro
3209 5199 3428 5260 Numeri
3452 5199 3598 5264 inde

1977 5316 2075 5369 per
2123 5303 2344 5375 Moysen
2369 5303 2515 5358 dicat
2544 5319 2557 5354 :
2597 5317 2614 5350 ι
2647 5301 2823 5357 Erunt
2845 5300 2943 5354 sub
2979 5297 3226 5353 custodia
3273 5292 3601 5358 [.evitarum

303 5126 407 5186 hoc
440 5127 747 5185 Christiana
774 5126 969 5195 pietate
1004 5123 1273 5195 principes
1302 5121 1604 5184 Christiani
1638 5131 1692 5177 et
1724 5121 1870 5189 laici,

298 5230 354 5276 et
407 5220 620 5274 tandem
676 5227 996 5285 cognoscant
1054 5223 1252 5281 quanto
1303 5211 1603 5283 ﬂagitiores
1647 5212 1776 5277 sint,
1824 5212 1869 5266 si

292 5310 626 5383 spiritualcm
661 5313 882 5360 matrem
933 5318 1088 5362 suam
1136 5304 1214 5359 sic
1274 5302 1591 5364 defeudant,
1634 5316 1702 5356 ne
1729 5303 1869 5372 patri
