4064 5394
526 357 662 414 ίὶὸθ

1602 350 1959 413 ΙΙωιΒΕΙίΤΙ
1997 349 2057 412 S.
2101 350 2166 409 R.
2209 352 2269 409 E.
2310 347 2726 412 CARDINALIS

3564 326 3567 329 ’
3646 346 3805 404 non

523 477 651 525 ante
707 466 1111 523 tabernaculum
1161 466 1404 537 foederis,
1460 469 1510 525 id
1558 481 1642 525 est
1696 472 1761 525 ad
1798 472 2116 527 orientalem
2145 472 2193 532 Α
2224 471 2534 540 temporalis
2586 474 2776 527 mortis
2829 468 3187 527 adhibebatur
3237 481 3358 539 quae
3389 467 3578 540 procul
3631 467 3805 522 dubio

524 560 728 629 plagam
768 559 977 630 Moyses
1022 567 1076 614 et
1118 560 1299 615 Aaron
1356 577 1478 615 cum
1530 562 1652 616 filiis
1687 563 1820 628 suis,
1852 562 2111 618 habentes

523 650 821 703 custodiam
845 651 1137 703 sanctuarii
1173 651 1223 704 in
1261 651 1437 705 medio
1486 649 1718 705 filiorum
1744 651 1928 707 Israel.
1953 651 2111 719 Quis-

523 742 639 810 quis
658 743 866 795 alienus
898 744 1192 796 accesserit
1218 744 1479 797 morietur
1505 743 1691 814 (Num.
1724 759 1805 808 Ill,
1845 743 2102 813 56-58).)

523 831 722 885 Deinde
748 847 873 885 vasa
903 832 1089 885 altaris
1116 832 1165 885 in
1189 842 1390 901 quanta
1419 833 1646 887 voluerit
1673 833 1930 911 Dominus
1953 850 2107 888 reve-

523 923 691 975 rentia
723 922 930 986 haberi,
979 932 1100 991 post
1144 922 1323 991 aliqua
1375 923 1572 978 ibidem
1610 926 1844 978 ostendit
1877 926 2105 981 dicens:

524 1031 543 1066 r
573 1012 784 1081 ignium
832 1013 1194 1082 receptacula,
1224 1012 1516 1067 fuscinulas
1540 1029 1605 1068 ac
1637 1015 1917 1080 tridentes,
1955 1015 2108 1069 unci-

524 1118 618 1156 aos
648 1109 704 1155 et
745 1101 955 1164 batilla,
979 1112 1278 1171 cunctaque
1303 1118 1428 1156 vasa
1464 1102 1649 1157 altaris
1679 1103 1925 1172 operient
1947 1103 2108 1159 simul

527 1192 785 1247 velamine
809 1194 1182 1262 jantbinarum
1228 1192 1467 1263 pellium,
1516 1203 1571 1247 et
1621 1194 1874 1249 inducent
1904 1204 2103 1250 vectes.

527 1279 765 1353 Cumque
816 1282 1137 1338 involveriut
1182 1285 1364 1339 Aaron
1397 1293 1450 1338 et
1481 1283 1573 1338 filii
1599 1283 1715 1352 ejus
1738 1287 2106 1342 sanctuariqu

466 1354 477 1363 0
527 1382 576 1429 et
600 1374 780 1428 omnia
824 1389 955 1428 vasa
992 1372 1108 1441 ejus
1155 1390 1205 1427 m
1236 1373 1599 1429 commotione
1621 1384 1945 1441 castrorum,
1982 1385 2108 1433 tunc

527 1465 801 1519 .ntrabunt
825 1465 917 1518 lilii
941 1463 1110 1519 Caath
1139 1473 1197 1519 ut
1224 1472 1443 1535 portent
1484 1465 1742 1532 involuta,
1774 1476 1829 1522 et
1855 1484 1961 1524 non
1989 1478 2109 1523 tan-

527 1564 650 1624 ganl
690 1570 817 1609 vasa
858 1554 1175 1622 sanctuarii,
1232 1569 1300 1609 ne
1343 1556 1647 1610 moriantur
1674 1556 1868 1629 (Num.
1892 1573 1976 1626 tv,
2008 1558 2104 1627 14,

527 1636 633 1713 t5).
664 1666 682 1697 ι

590 1738 829 1802 Quorum
876 1736 1176 1806 perieulum
1214 1735 1390 1792 denuo
1420 1737 1718 1794 cavendum
1757 1739 2103 1808 demmtians,

527 1828 600 1882 ait
652 1828 818 1900 Moysi
895 1838 951 1884 et
1003 1829 1240 1885 Aaron:

530 1920 697 1976 Caatb
747 1921 813 1975 de
858 1921 1036 1975 medio
1077 1921 1427 1987 Levitarum;
1466 1924 1559 1978 sed
1592 1924 1694 1978 hoc
1720 1923 1883 1979 facile
1919 1926 2019 1990 eis,
2048 1933 2109 1980 ut

526 2010 702 2063 vivant
731 2017 785 2063 et
810 2025 916 2064 non
940 2010 1266 2075 moriantur,
1297 2010 1342 2065 si
1370 2012 1647 2084 tetigerint
1675 2024 1864 2068 sancta
1892 2024 2107 2069 sancto-

524 2085 662 2154 cum.
689 2099 867 2154 Aaron
897 2110 951 2153 et
978 2099 1073 2154 lilii
1102 2098 1220 2169 ejus
1250 2099 1547 2165 intrabunt,
1583 2100 1792 2170 ipsique
1822 2102 2111 2173 disponent

525 2204 681 2261 opera
740 2190 1101 2261 singulorum,
1154 2201 1210 2245 et
1253 2190 1495 2248 dividcut
1538 2193 1667 2262 quid
1698 2224 1701 2227 -
1727 2204 1945 2263 portare
1988 2194 2109 2263 quis

533 2278 733 2336 lebeat.
783 2281 887 2335 Alii
940 2283 1083 2336 nulla
1129 2283 1444 2336 curiositate
1499 2283 1717 2336 videant
1762 2298 1882 2352 qua!
1910 2282 2019 2338 sint
2054 2283 2108 2337 in

528 2372 851 2433 muctuario,
916 2372 1228 2442 priusquam
1290 2371 1653 2439 involvantur,
1712 2372 1948 2442 alioquin
1997 2388 2112 2427 mo-

526 2461 732 2515 rientur
758 2457 949 2532 (Num.
990 2477 1078 2529 tv,
1114 2460 1196 2525 l8,
1230 2461 1338 2530 l9).
1374 2483 1391 2515 ι
1426 2463 1579 2528 Quod
1630 2462 1789 2531 longo
1828 2471 1948 2532 post
1977 2471 2113 2517 tem-

526 2564 652 2619 pore
680 2548 788 2605 Oza
812 2548 1024 2604 Levites
1047 2550 1295 2615 incurrit,
1323 2550 1411 2605 ubi
1437 2567 1618 2605 arcam
1649 2551 1858 2606 Domini
1883 2551 2111 2606 inclina-

528 2644 637 2695 tam
668 2649 979 2695 sustentare
1048 2640 1295 2707 tentavit,
1345 2657 1508 2711 quam
1561 2641 1692 2696 solis
1744 2641 2113 2697 sacerdotibus

527 2733 838 2803 contingere
863 2731 1032 2788 licuit.
1084 2734 1160 2788 Ex
1214 2735 1411 2806 quibus
1458 2736 1792 2806 perpcndant
1822 2736 1949 2806 quid
2007 2752 2115 2792 me-

527 2836 747 2881 reantur
771 2829 861 2896 qui
897 2826 1008 2882 sola
1041 2830 1343 2883 temeritate
1366 2837 1605 2883 tractant
1631 2838 1686 2884 et
1729 2827 1910 2884 ferunt
1937 2840 2115 2886 vestes

528 2924 578 2968 et
607 2930 736 2970 vasa
764 2916 1118 2971 ecclesiastici
1144 2917 1450 2983 ministerii,
1477 2918 1522 2972 si
1545 2919 1868 2973 occiduntur
1902 2919 2117 2975 coalitus

529 3006 641 3075 qui,
673 3006 784 3061 sola
813 3007 1128 3063 curiositate
1153 3007 1318 3073 ducti,
1368 3009 1484 3063 haec
1508 3018 1717 3063 tantum
1744 3009 1997 3076 viderint,
2024 3020 2118 3067 aut

2212 560 2403 615 umbra
2444 569 2718 631 perpetua:
2761 561 3083 616 habebatur.
3133 559 3339 629 itaque,
3375 569 3435 612 ut
3458 559 3533 613 ait
3556 554 3802 628 Δῃοὲιοο

2211 645 2315 711 lus,
2349 649 2400 703 in
2430 649 2735 705 libertatem
2785 649 2958 705 vocati
2989 648 3132 719 (Gal.
3165 664 3231 713 v,
3265 648 3386 714 13),
3414 664 3482 703 ne
3505 647 3802 703 abutamur

2210 735 2481 804 libertate,
2512 754 2610 795 nec
2640 740 2913 795 tardemns
2937 739 3129 793 reverti
3154 739 3221 792 ad
3251 738 3465 791 Patrem
3500 743 3757 793 nostrum
3782 773 3803 802 ,

2210 843 2309 882 nec
2339 830 2697 899 desperando,
2754 838 2850 884 aut
2903 830 3127 883 nimium
3177 829 3447 897 sperando
3481 826 3805 883 (ἥσθε-εἴπας

2209 917 2276 972 de
2303 918 2389 973 die
2436 920 2488 974 in
2521 921 2686 985 diem,
2711 921 2858 991 quia,
2890 920 3027 975 sicut
3048 919 3140 989 qui
3174 919 3442 990 desperat,
3487 919 3566 975 sic
3593 927 3653 974 et
3677 933 3802 974 ma-

2208 1005 2439 1066 ledictus
2466 1021 2550 1066 εει
2584 1012 2675 1081 qui
2704 1011 2757 1065 in
2784 1026 2879 1080 spe
2908 1020 3117 1080 peccat.
3440 1018 3445 1029 '

2786 1116 3024 1176 CAPUT
3077 1116 3213 1174 XIII.

2207 1206 2287 1263 De
2324 1209 2578 1280 dignitate
2605 1211 2888 1265 sacerdotii
2915 1213 3098 1281 veteris
3132 1211 3354 1281 legis,“
3385 1212 3802 1281 prwsumptione

2544 1290 2591 1334 et
2628 1297 2778 1351 paena
2805 1297 2981 1351 regum
3008 1279 3241 1336 luderet
3267 1279 3459 1335 Israel.

2280 1365 2643 1422 Nihilominus
2658 1377 2711 1421 et
2734 1369 3063 1439 perpendant
3092 1368 3239 1438 quia,
3252 1368 3495 1439 quamvis
3509 1368 3799 1424 duodecim

2209 1456 2380 1513 tribus
2427 1458 2591 1513 lsrael
2646 1460 2866 1515 totidem
2921 1469 3049 1515 tunc
3104 1462 3365 1516 haberent
3399 1461 3696 1532 principes,
3742 1459 3798 1515 in

2209 1547 2405 1617 quibus
2426 1557 2481 1602 et
2521 1547 2823 1613 Nabasson,
2873 1549 2940 1604 de
2979 1548 3121 1604 tribu
3164 1548 3322 1615 Juda,
3381 1550 3468 1604 cui
3521 1564 3628 1603 non
3676 1556 3801 1604 erat

2209 1635 2561 1691 auferendum
2604 1652 2877 1709 sceptrum
2914 1647 2969 1694 et
2995 1638 3103 1693 dux
3147 1639 3215 1695 de
3243 1637 3446 1694 femore
3477 1636 3597 1707 ejus
3624 1654 3798 1709 usque

2209 1727 2276 1781 ad
2313 1727 2514 1798 Regem
2542 1745 2752 1799 regum,
2784 1731 3057 1786 Christum
3102 1730 3254 1804 (Gen.
3279 1747 3434 1795 χιιι,
3464 1731 3585 1801 10),
3612 1731 3798 1789 nullus

1295 1850 1313 1882 ι
1345 1829 1520 1885 Non“,
1567 1833 1794 1902 perdere
1850 1802 2105 1907 populna,
2137 1802 2182 1862 Β
2212 1826 2393 1872 tamen
2450 1818 2688 1885 illorum,
2739 1821 2840 1877 nisi
2874 1822 3022 1878 solus
3068 1802 3293 1895 Moyses.
3347 1825 3700 1895 prmsumpsit
3727 1841 3798 1880 ex

2207 1913 2604 1969 contribulibus
2653 1915 2766 1970 suis
2796 1915 3049 1971 ordinare
3103 1916 3433 1986 pontificem,
3480 1919 3798 1973 sacerdotes

2206 2012 2261 2056 et
2288 2001 2531 2069 Levitas,
2562 2012 2898 2076 cunctasque
2948 2004 3090 2060 illius
3125 2007 3383 2076 temporis
3423 2008 3712 2063 instituere
3738 2016 3797 2063 et

2208 2089 2496 2161 disponere
2544 2094 2915 2150 caeremonias.
2971 2092 3250 2165 Siquidem
3282 2096 3413 2166 ipse,
3440 2097 3561 2151 vice
3596 2097 3798 2154 summi

2209 2183 2481 2255 pontificis
2501 2194 2555 2241 et
2594 2187 2814 2242 maximi
2847 2188 3120 2258 primatis,
3151 2188 3332 2243 Aaron
3356 2187 3580 2244 fratrem
3612 2204 3794 2255 suum,

2210 2281 2266 2329 et
2304 2275 2444 2331 filios
2496 2275 2635 2344 ejus,
2696 2276 2970 2334 inferioris
3023 2278 3222 2349 gradus
3250 2279 3575 2336 sacerdotes.
3612 2278 3797 2335 infulis

2210 2367 2638 2423 sacerdotalibus
2692 2367 2887 2435 induit,
2924 2370 3266 2425 consecravit
3304 2378 3361 2426 et
3408 2370 3646 2427 inunxit.
3674 2368 3795 2442 Ipse

2212 2473 2426 2530 quoque
2477 2459 2882 2515 tabernaculum
2945 2468 3235 2530 utrumque
3302 2462 3499 2527 erexit,
3555 2471 3614 2517 et
3666 2476 3792 2518 eum

2211 2550 2463 2605 omnibus
2492 2550 2811 2606 utensilibus
2836 2551 2968 2618 suis,
3000 2550 3369 2621 altaribusque
3398 2561 3454 2606 et
3473 2551 3623 2607 vasis
3646 2552 3799 2607 inun-

2214 2639 2411 2711 gendo,
2446 2646 2503 2693 et
2544 2652 2684 2710 aqua
2713 2656 2836 2696 cum
2866 2641 3103 2713 hyssopo
3138 2642 3470 2712 aspergendo
3501 2642 3795 2709 dedicavit,

2214 2738 2319 2799 qua
2346 2728 2512 2784 etiam
2541 2730 2794 2800 populum
2830 2745 3112 2801 aspersum
3144 2732 3504 2787 sanetificavit
3531 2747 3546 2786 :
3576 2751 3596 2783 ι
3630 2729 3798 2789 Lecto

2214 2820 2383 2882 enim,
2437 2831 2497 2877 ut
2539 2821 2615 2875 ait
2650 2821 2939 2892 Apostolus
2987 2824 3056 2878 ad
3111 2824 3399 2891 Hebraeos,
3446 2826 3594 2880 omni
3649 2840 3800 2880 man-

2215 2909 2343 2966 dato
2370 2911 2504 2984 legis
2562 2927 2591 2967 a
2632 2911 2812 2984 Moyse
2853 2913 3106 2970 universo
3129 2914 3345 2986 populo,
3376 2915 3652 2984 accipiens
3676 2931 3800 2970 sana

2217 3003 2432 3072 guinem
2490 3003 2779 3058 vitulorum
2826 3013 2882 3061 et
2926 3004 3201 3061 hircorum
3252 3021 3372 3062 curn
3403 3022 3543 3077 aqua
3584 3016 3642 3062 et
3677 3007 3798 3062 lana

529 3103 710 3156 subita
766 3104 1092 3159 necessitate
1132 3104 1359 3174 permoti
1410 3114 1719 3160 sustentare
1766 3106 2112 3161 tentaveriut.

2218 3094 2471 3149 coccinea
2501 3103 2556 3149 et
2581 3094 2846 3166 byssopoj,
2887 3095 3063 3166 ipsum
3110 3112 3325 3167 quoque
3360 3096 3558 3173 librum
3599 3105 3659 3152 et
3684 3112 3801 3151 om-

528 3190 596 3245 Et
624 3200 769 3246 certe
807 3191 1006 3247 Levita:
1035 3203 1088 3247 et
1115 3196 1414 3249 consecrati
1447 3205 1606 3249 erant
1651 3211 1786 3265 quos
1816 3206 1963 3252 tanta
1994 3198 2117 3253 ani-

528 3282 838 3355 madversio
906 3283 1225 3348 cohibebat;
1273 3293 1473 3353 quanta
1528 3296 1779 3356 putamus
1829 3289 2118 3345 severitate

530 3366 699 3423 laicos
756 3369 823 3422 ab
870 3370 952 3424 his
988 3370 1336 3426 deterrebat?
1391 3372 1498 3428 Sed
1549 3390 1614 3430 ne
1660 3376 1840 3432 forsan
1877 3386 2119 3435 autumet

529 3449 655 3529 quis
699 3461 817 3515 hazc
866 3470 1070 3515 tantum
1120 3462 1315 3532 populo
1371 3463 1471 3520 sub
1519 3464 1635 3535 lege
1669 3468 2040 3530 custodienda,
2064 3477 2120 3524 et

534 3568 641 3607 non
670 3552 826 3608 nobis
853 3553 956 3608 sub
996 3555 1204 3626 gratia,
1250 3554 1562 3625 Apostolum
1592 3556 1860 3613 dicentem
1891 3559 2116 3614 audiat:

526 3638 559 3697 ἐ
603 3643 948 3715 Quaecunque
994 3646 1196 3717 scripta
1243 3656 1370 3703 sunt
1414 3647 1480 3702 ad
1532 3658 1772 3703 nostram
1813 3650 2117 3706 doctrinam

532 3724 737 3808 scripta
767 3745 891 3792 sunt
921 3735 1093 3809 (Rom.
1127 3754 1226 3804 xv,
1257 3737 1347 3809 2);
1386 3758 1406 3791 ι
1435 3753 1666 3794 necnon
1689 3739 1901 3794 beatum
1926 3756 2118 3813 papam

536 3826 890 3899 Stephanum,
942 3830 1246 3885 consimilia
1290 3830 1379 3886 his
1417 3831 1667 3901 superius
1705 3832 2115 3900 decernente-au;

537 3918 822 3973 Dominum
873 3928 1119 3974 nostrum
1170 3936 1384 3992 quoque
1435 3921 1487 3977 in
1540 3922 1851 3993 Evangelia,
1902 3922 2119 3993 majoris

531 4007 755 4080 iustitia:
782 4010 1164 4081 perfectionem
1197 4014 1310 4069 suis
1353 4013 1735 4080 iuculcantem,
1791 4013 1984 4084 quibus
2039 4016 2120 4072 sic

535 4099 837 4170 praemisit:
876 4119 893 4151 ι
928 4098 1040 4155 Nisi
1092 4102 1448 4157 abundaverit
1488 4101 1700 4172 justitia
1750 4113 1928 4159 vestra
1977 4105 2121 4176 plus-

535 4204 698 4262 quam
747 4189 1058 4245 Scribarum
1098 4201 1153 4246 et
1216 4191 1633 4259 Pharisazorum,
1686 4210 1791 4249 non
1844 4194 2115 4250 iutrabitis

538 4279 596 4334 in
649 4295 873 4351 regnum
919 4280 1181 4337 ctelorum
1231 4281 1447 4354 (Matth.
1474 4284 1704 4355 ut,20).
1744 4304 1763 4337 ι
1822 4284 1888 4338 Et
1932 4300 2120 4339 revera

538 4368 624 4425 lex
654 4384 754 4426 nec
782 4370 918 4425 iram
946 4386 1046 4427 nec
1077 4373 1580 4439 subsannationem,
1614 4389 1714 4429 nec
1756 4374 1904 4428 verbi
1935 4375 2121 4429 convi-

2218 3197 2342 3237 nem
2395 3183 2649 3254 populum
2703 3185 2957 3256 aspersit,
3002 3186 3227 3241 dicens:
3258 3184 3359 3241 llic
3385 3187 3603 3258 sanguis
3631 3195 3800 3242 testa-

2220 3274 2387 3329 menti
2417 3274 2560 3344 quod
2615 3274 2893 3330 mau’davit
2921 3275 2987 3329 ad
3016 3290 3112 3331 vos
3141 3274 3298 3330 Deus.
3339 3274 3514 3329 Etiam
3547 3276 3804 3329 taberna-

2218 3363 2396 3419 culum
2452 3372 2506 3419 et
2554 3365 2736 3421 omnia
2786 3380 2914 3420 vasa
2945 3364 3233 3421 ministerii
3262 3366 3525 3436 sanguine
3550 3364 3803 3420 similiter

2217 3461 2491 3531 aspersit:
2523 3460 2589 3516 Et
2630 3461 2811 3515 omnia
2849 3476 2986 3533 pene
3037 3461 3089 3515 in
3143 3460 3400 3531 sanguine
3446 3459 3801 3524 mandantur,

2219 3552 2514 3608 secundum
2560 3550 2756 3621 legem,
2786 3561 2841 3605 ct
2869 3551 2987 3605 sine
3025 3550 3304 3621 sanguinis
3344 3548 3556 3604 fusione
3601 3564 3712 3602 non
3741 3547 3804 3601 ﬁt

2220 3642 2469 3699 remissio
2527 3640 2715 3713 (Hebr.
2780 3657 2867 3708 tx,
2938 3640 3145 3711 19-22).
3207 3639 3305 3695 llic
3350 3630 3541 3695 deinde
3586 3644 3813 3692 mortuo.

2217 3734 2398 3789 Aaron
2451 3733 2620 3789 fratre
2667 3749 2786 3797 suo,
2841 3732 3007 3788 filium
3058 3731 3175 3802 cjus
3205 3732 3519 3786 Eleazarum
3558 3729 3802 3784 vestibus

2218 3826 2389 3899 patris
2435 3826 2607 3881 induit
2647 3825 2700 3879 in
2758 3836 2961 3890 monte,
3012 3833 3071 3878 ut
3117 3823 3428 3895 pontificatu
3487 3821 3770 3891 fungerctu

2220 3919 2366 3974 illius
2397 3918 2512 3973 vice
2542 3916 2729 3989 (Num.
2761 3933 2851 3982 xx,
2880 3915 3096 3984 27-29).
3139 3935 3157 3967 ι
3215 3913 3461 3985 Nunquid
3486 3910 3685 3967 alicubi
3712 3925 3798 3965 re-

2219 4012 2427 4083 peritur
2481 4009 2751 4081 principes
2821 4017 2915 4063 attt
2964 4008 3187 4079 populos
3264 4006 3491 4061 aliarum
3556 4003 3799 4058 tribuum

2225 4105 2557 4174 designasse,
2604 4110 2697 4155 aut
2730 4100 3041 4155 instituisse
3088 4096 3392 4167 pontifices,
3447 4109 3512 4150 ac
3558 4093 3801 4163 reliquos

2221 4198 2499 4254 ministros
2524 4192 2854 4249 tabernaculi
2893 4191 2976 4247 vel
3007 4189 3260 4262 templum
3284 4186 3517 4249 Domini.
3540 4202 3636 4241 seu
3663 4200 3802 4256 pra-

2222 4288 2518 4358 sumpsissc
2574 4285 2869 4356 quidquam
2914 4284 3077 4339 sortis
3105 4298 3170 4339 ac
3216 4280 3358 4352 juris
3409 4276 3638 4336 eorum?
3692 4277 3800 4349 Ipsi

2223 4382 2391 4448 enim,
2432 4396 2530 4451 per
2578 4394 2638 4455 se
2664 4386 2720 4435 et
2767 4379 2907 4432 inter
2945 4390 3021 4440 se,
3054 4390 3177 4431 suas
3205 4373 3569 4431 ordinationes
3597 4379 3653 4427 et
3672 4385 3800 4426 cau-

540 4464 684 4519 cium
744 4463 797 4518 in
847 4462 1071 4520 lratrem
1104 4475 1277 4521 morte
1327 4466 1503 4536 punit,
1560 4466 1663 4520 nisi
1714 4464 1883 4518 solum
1911 4466 2122 4524 actuale
2151 4478 2334 4539 Dsas,
2396 4480 2554 4542 prout
2598 4471 2678 4525 eis
2729 4469 3027 4530 videbatur,
3074 4467 3334 4539 agebant;
3372 4473 3426 4519 et
3476 4471 3586 4517 tota
3624 4461 3800 4516 tribas

540 4553 921 4615 homicidium:
984 4556 1078 4609 sed
1132 4552 1527 4627 [Evangelium]
1570 4554 1685 4623 ejus
1710 4569 1924 4624 quoque
1964 4555 2123 4611 fomi-

538 4651 650 4703 tem
705 4654 760 4701 et
802 4647 1175 4712 seminarium,
1234 4647 1368 4700 iram
1399 4646 1608 4701 scilicet
1673 4645 2123 4718 manilcstumque

526 4738 867 4805 ‘convicium,
923 4748 977 4793 et
1028 4747 1176 4792 tanto
1219 4739 1450 4808 graviori
1499 4746 1674 4793 morte
1701 4747 1904 4808 quanto
1936 4739 2122 4793 melior

540 4839 719 4885 exstat
772 4832 953 4885 anima
992 4845 1248 4899 corpore;
1302 4830 1456 4899 cujus
1497 4840 1688 4897 morte,
1742 4847 1901 4900 quam
1950 4831 2120 4887 solam

544 4919 850 4975 sentiebant
898 4921 992 4987 illi,
1025 4920 1171 4974 velut
1203 4920 1369 4986 servi,
1408 4923 1679 4990 perterriti
1709 4922 1777 4976 ab
1810 4923 2121 4977 excessibus

545 5013 998 5081 reprimebantur,
1050 5027 1173 5065 cum
1213 5028 1311 5067 nos
1339 5011 1480 5066 velut
1514 5013 1689 5080 liberi,
1717 5014 1826 5067 sola
1858 5015 2122 5068 charitate

526 5102 730 5155 'eterui
780 5101 957 5154 Patris
986 5100 1255 5165 justitiam
1303 5103 1517 5172 Operari
1569 5104 1879 5158 debeamus.
1913 5101 2050 5169 Qua,
2075 5103 2120 5158 si

544 5198 605 5246 ut
623 5200 748 5260 puta
799 5191 1139 5261 disciplinam
1166 5193 1280 5260 ejus
1310 5194 1593 5263 abjicimus
1619 5195 2122 5267 imliscipliuatoque

544 5278 688 5334 illius
741 5279 999 5333 voluntati
1038 5281 1367 5349 resistimus,
1410 5301 1513 5340 non
1556 5286 1724 5339 solum
1755 5285 2124 5339 cxhzcredabi-

548 5384 669 5394 ..ιιι-
720 5369 810 5394 νηί.
837 5369 1054 5394 :nun-nnn—
1080 5380 1247 5394 ...οιΑ-Ω-
1282 5376 1362 5394 --⁹

2225 4562 2457 4617 Levitica
2488 4559 2600 4615 suis
2632 4567 2836 4613 tantum
2873 4556 3215 4628 pontiﬁcibus
3246 4554 3574 4625 disponenda
3622 4549 3801 4619 subj:-

2223 4654 2399 4717 cebat,
2450 4650 2664 4706 nomine
2709 4648 3011 4718 principum
3039 4656 3132 4701 aut
3160 4646 3330 4717 plebis
3370 4642 3795 4706 contradicente,

2224 4746 2316 4801 sed
2363 4746 2541 4814 potius
2592 4741 2803 4796 cunctis
2851 4740 2918 4794 ad
2961 4750 3285 4811 prmceptum
3312 4747 3367 4793 et
3392 4746 3583 4792 nutum
3607 4747 3798 4791 eorum

2223 4835 2605 4906 pendentibus,
2630 4841 2737 4885 tam
2772 4847 2841 4885 ex
2865 4830 3228 4886 oblationibus
3253 4844 3416 4900 quam
3437 4844 3500 4883 ex
3540 4827 3800 4883 observa-

2224 4922 2463 4982 tionibus
2500 4923 2741 4994 reliquis.
2772 4922 2920 4990 Quos
2950 4922 3257 4991 quicunque
3302 4936 3408 4974 non
3456 4918 3689 4987 audiret,
3733 4917 3799 4972 dc

2223 5016 2400 5072 medio
2428 5014 2608 5086 populi
2662 5013 2744 5069 sui
2794 5012 3057 5067 interiret.
3090 5011 3153 5066 Et
3180 5012 3282 5066 hoc
3312 5011 3607 5081 legitimum
3646 5007 3799 5063 Levi-

2226 5104 2525 5173 ticaaqtribui
2563 5120 2590 5157 a
2616 5104 2827 5158 caeteris
2854 5103 3239 5159 inviolabiliter
3268 5110 3485 5156 constat
3531 5101 3797 5154 redditum

2222 5208 2393 5263 usque
2447 5192 2515 5246 ad
2544 5192 2833 5261 pessimum
2862 5206 3042 5261 regem
3065 5190 3373 5254 .lcroboam,
3395 5190 3486 5259 qui
3513 5205 3615 5244 suo
3652 5188 3798 5243 schi-

2223 5291 2394 5341 Smate
2449 5297 2673 5349 regnum
2704 5291 2758 5336 et
2802 5282 3158 5336 sacerdotium
3188 5281 3478 5350 bipertitus
3514 5287 3621 5343 est,
3652 5277 3800 5332 insti-

2226 5383 2374 5394 .---.--
2411 5372 2506 5394 -12-
2547 5371 2730 5394 -1ι-..ἓ-
2767 5370 3004 5394 -12,.-..--Α
3038 5370 3340 5394 --ΔΑ-...ΑΙΑΑ
3366 5369 3488 5394 :.I..I:

2873 5385 3004 5394 -..ηΑ
3038 5386 3088 5394 ,Α
3104 5370 3340 5394 --_..l..n.u.
3366 5368 3520 5394 :.I..I:-
3569 5381 3794 5394 ...ιιι-..ιη
