  <div class='ocr_page' id='page_1' title='image "/cluster/home/n/w/nwhite01/storage/ocr_20150623/143/hvd.32044015471816/584.png"; bbox 0 0 4064 5394; ppageno 0'>
   <div class='ocr_carea' id='block_1_1' title="bbox 188 283 326 350">
    <p class='ocr_par' dir='ltr' id='par_1_1' title="bbox 188 283 326 350">
     <span class='ocr_line' id='line_1_1' title="bbox 188 283 326 350; baseline 0.036 -9"><span class='ocrx_word' id='word_1_1' title='bbox 188 283 326 350; x_wconf 71' lang='lat' dir='ltr'><strong>.ilGl</strong></span> 
     </span>
    </p>
   </div>
   <div class='ocr_carea' id='block_1_2' title="bbox 821 270 2788 343">
    <p class='ocr_par' dir='ltr' id='par_1_2' title="bbox 821 270 2788 343">
     <span class='ocr_line' id='line_1_2' title="bbox 821 270 2788 343; baseline -0.007 -1"><span class='ocrx_word' id='word_1_2' title='bbox 821 277 1186 343; x_wconf 70' lang='lat' dir='ltr'><strong>AbVEttSUs</strong></span> <span class='ocrx_word' id='word_1_3' title='bbox 1226 271 1635 339; x_wconf 74' lang='lat' dir='ltr'><strong>sutoNtACos</strong></span> <span class='ocrx_word' id='word_1_4' title='bbox 1671 271 1845 334; x_wconf 78' lang='lat' dir='ltr'><strong>unm</strong></span> <span class='ocrx_word' id='word_1_5' title='bbox 1888 271 2087 332; x_wconf 69' lang='lat' dir='ltr'><strong>Turis.</strong></span> <span class='ocrx_word' id='word_1_6' title='bbox 2123 299 2197 320; x_wconf 52' lang='grc' dir='ltr'><strong>-ά</strong></span> <span class='ocrx_word' id='word_1_7' title='bbox 2229 270 2427 331; x_wconf 73' lang='lat' dir='ltr'><strong>LIBER</strong></span> <span class='ocrx_word' id='word_1_8' title='bbox 2469 276 2788 331; x_wconf 77' lang='lat' dir='ltr'><strong>TERTIUS.</strong></span> 
     </span>
    </p>
   </div>
   <div class='ocr_carea' id='block_1_3' title="bbox 3293 273 3429 329">
    <p class='ocr_par' dir='ltr' id='par_1_3' title="bbox 3293 273 3429 329">
     <span class='ocr_line' id='line_1_3' title="bbox 3293 273 3429 329; baseline 0.007 -1"><span class='ocrx_word' id='word_1_9' title='bbox 3293 273 3429 329; x_wconf 68' lang='lat' dir='ltr'><strong>IIS!</strong></span> 
     </span>
    </p>
   </div>
   <div class='ocr_carea' id='block_1_4' title="bbox 192 386 3448 477">
    <p class='ocr_par' dir='ltr' id='par_1_4' title="bbox 192 386 3448 477">
     <span class='ocr_line' id='line_1_4' title="bbox 192 386 3448 477; baseline -0.006 -16"><span class='ocrx_word' id='word_1_10' title='bbox 192 415 342 477; x_wconf 85' lang='lat' dir='ltr'><strong>parte</strong></span> <span class='ocrx_word' id='word_1_11' title='bbox 360 401 612 459; x_wconf 67' lang='lat' dir='ltr'><strong>Leviticaa</strong></span> <span class='ocrx_word' id='word_1_12' title='bbox 639 399 833 464; x_wconf 90' lang='lat' dir='ltr'><strong>tribus,</strong></span> <span class='ocrx_word' id='word_1_13' title='bbox 868 399 1210 453; x_wconf 92' lang='lat' dir='ltr'><strong>retinuerunt</strong></span> <span class='ocrx_word' id='word_1_14' title='bbox 1237 407 1346 450; x_wconf 64' lang='lat' dir='ltr'><strong>suae</strong></span> <span class='ocrx_word' id='word_1_15' title='bbox 1368 391 1498 449; x_wconf 90' lang='lat' dir='ltr'><strong>sorti</strong></span> <span class='ocrx_word' id='word_1_16' title='bbox 1524 391 1765 461; x_wconf 84' lang='lat' dir='ltr'><strong>aliquan-</strong></span> <span class='ocrx_word' id='word_1_17' title='bbox 1794 398 1840 458; x_wconf 71' lang='grc' dir='ltr'>Α</span> <span class='ocrx_word' id='word_1_18' title='bbox 1870 388 2182 457; x_wconf 81' lang='lat' dir='ltr'><strong>protegebat</strong></span> <span class='ocrx_word' id='word_1_19' title='bbox 2251 387 2330 440; x_wconf 88' lang='lat' dir='ltr'><strong>0b</strong></span> <span class='ocrx_word' id='word_1_20' title='bbox 2376 402 2493 442; x_wconf 91' lang='lat' dir='ltr'><strong>eam</strong></span> <span class='ocrx_word' id='word_1_21' title='bbox 2554 401 2664 439; x_wconf 82' lang='lat' dir='ltr'><strong>rem</strong></span> <span class='ocrx_word' id='word_1_22' title='bbox 2713 395 2868 438; x_wconf 74' lang='lat' dir='ltr'><strong>terrm</strong></span> <span class='ocrx_word' id='word_1_23' title='bbox 2929 391 3133 441; x_wconf 89' lang='lat' dir='ltr'><strong>motum</strong></span> <span class='ocrx_word' id='word_1_24' title='bbox 3170 386 3220 440; x_wconf 89' lang='lat' dir='ltr'><strong>in</strong></span> <span class='ocrx_word' id='word_1_25' title='bbox 3252 389 3448 456; x_wconf 77' lang='lat' dir='ltr'><strong>templo</strong></span> 
     </span>
    </p>
   </div>
   <div class='ocr_carea' id='block_1_5' title="bbox 192 486 1767 564">
    <p class='ocr_par' dir='ltr' id='par_1_5' title="bbox 192 486 1767 564">
     <span class='ocr_line' id='line_1_5' title="bbox 192 486 1767 564; baseline -0.013 -7"><span class='ocrx_word' id='word_1_26' title='bbox 192 505 278 558; x_wconf 89' lang='lat' dir='ltr'><strong>diu</strong></span> <span class='ocrx_word' id='word_1_27' title='bbox 323 497 702 560; x_wconf 75' lang='lat' dir='ltr'><strong>sacerdodum,</strong></span> <span class='ocrx_word' id='word_1_28' title='bbox 759 495 1006 564; x_wconf 78' lang='lat' dir='ltr'><strong>quamvis</strong></span> <span class='ocrx_word' id='word_1_29' title='bbox 1043 489 1398 546; x_wconf 78' lang='lat' dir='ltr'><strong>exorbitaudo</strong></span> <span class='ocrx_word' id='word_1_30' title='bbox 1456 486 1767 550; x_wconf 85' lang='lat' dir='ltr'><strong>interdum;</strong></span> 
     </span>
    </p>
   </div>
   <div class='ocr_carea' id='block_1_6' title="bbox 191 575 1771 655">
    <p class='ocr_par' dir='ltr' id='par_1_6' title="bbox 191 575 1771 655">
     <span class='ocr_line' id='line_1_6' title="bbox 191 575 1771 655; baseline -0.011 -10"><span class='ocrx_word' id='word_1_31' title='bbox 191 592 325 645; x_wconf 91' lang='lat' dir='ltr'><strong>unde</strong></span> <span class='ocrx_word' id='word_1_32' title='bbox 353 599 406 644; x_wconf 91' lang='lat' dir='ltr'><strong>et</strong></span> <span class='ocrx_word' id='word_1_33' title='bbox 453 586 706 655; x_wconf 80' lang='lat' dir='ltr'><strong>templum</strong></span> <span class='ocrx_word' id='word_1_34' title='bbox 736 593 790 639; x_wconf 90' lang='lat' dir='ltr'><strong>et</strong></span> <span class='ocrx_word' id='word_1_35' title='bbox 837 583 1008 636; x_wconf 86' lang='lat' dir='ltr'><strong>altare</strong></span> <span class='ocrx_word' id='word_1_36' title='bbox 1052 592 1436 648; x_wconf 87' lang='lat' dir='ltr'><strong>nonnunquam</strong></span> <span class='ocrx_word' id='word_1_37' title='bbox 1467 575 1771 645; x_wconf 90' lang='lat' dir='ltr'><strong>aliquorum</strong></span> 
     </span>
    </p>
   </div>
   <div class='ocr_carea' id='block_1_7' title="bbox 191 670 1769 745">
    <p class='ocr_par' dir='ltr' id='par_1_7' title="bbox 191 670 1769 745">
     <span class='ocr_line' id='line_1_7' title="bbox 191 670 1769 745; baseline -0.014 -6"><span class='ocrx_word' id='word_1_38' title='bbox 191 683 525 740; x_wconf 78' lang='lat' dir='ltr'><strong>sacerdotum</strong></span> <span class='ocrx_word' id='word_1_39' title='bbox 575 689 631 733; x_wconf 92' lang='lat' dir='ltr'><strong>et</strong></span> <span class='ocrx_word' id='word_1_40' title='bbox 679 692 866 745; x_wconf 86' lang='lat' dir='ltr'><strong>regqu</strong></span> <span class='ocrx_word' id='word_1_41' title='bbox 914 673 1118 729; x_wconf 88' lang='lat' dir='ltr'><strong>malitia</strong></span> <span class='ocrx_word' id='word_1_42' title='bbox 1145 670 1485 742; x_wconf 76' lang='lat' dir='ltr'><strong>profanabat,</strong></span> <span class='ocrx_word' id='word_1_43' title='bbox 1517 681 1769 721; x_wconf 90' lang='lat' dir='ltr'><strong>nonnun-</strong></span> 
     </span>
    </p>
   </div>
   <div class='ocr_carea' id='block_1_8' title="bbox 189 757 1771 847">
    <p class='ocr_par' dir='ltr' id='par_1_8' title="bbox 189 757 1771 847">
     <span class='ocr_line' id='line_1_8' title="bbox 189 757 1771 847; baseline -0.011 -18"><span class='ocrx_word' id='word_1_44' title='bbox 189 792 340 847; x_wconf 82' lang='lat' dir='ltr'><strong>quam</strong></span> <span class='ocrx_word' id='word_1_45' title='bbox 366 787 738 828; x_wconf 86' lang='lat' dir='ltr'><strong>successorum</strong></span> <span class='ocrx_word' id='word_1_46' title='bbox 764 781 950 823; x_wconf 89' lang='lat' dir='ltr'><strong>eorum</strong></span> <span class='ocrx_word' id='word_1_47' title='bbox 981 765 1195 819; x_wconf 82' lang='lat' dir='ltr'><strong>devotio</strong></span> <span class='ocrx_word' id='word_1_48' title='bbox 1223 762 1496 830; x_wconf 78' lang='lat' dir='ltr'><strong>expiabat.</strong></span> <span class='ocrx_word' id='word_1_49' title='bbox 1519 758 1576 814; x_wconf 90' lang='lat' dir='ltr'><strong>ln</strong></span> <span class='ocrx_word' id='word_1_50' title='bbox 1614 757 1771 824; x_wconf 86' lang='lat' dir='ltr'><strong>cujus</strong></span> 
     </span>
    </p>
   </div>
   <div class='ocr_carea' id='block_1_9' title="bbox 191 851 1769 940">
    <p class='ocr_par' dir='ltr' id='par_1_9' title="bbox 191 851 1769 940">
     <span class='ocr_line' id='line_1_9' title="bbox 191 851 1769 940; baseline -0.015 -17"><span class='ocrx_word' id='word_1_51' title='bbox 191 867 330 940; x_wconf 66' lang='lat' dir='ltr'><strong>regqi</strong></span> <span class='ocrx_word' id='word_1_52' title='bbox 369 864 638 935; x_wconf 74' lang='lat' dir='ltr'><strong>primitiva</strong></span> <span class='ocrx_word' id='word_1_53' title='bbox 674 861 869 914; x_wconf 82' lang='lat' dir='ltr'><strong>unione</strong></span> <span class='ocrx_word' id='word_1_54' title='bbox 908 865 964 912; x_wconf 79' lang='lat' dir='ltr'><strong>et</strong></span> <span class='ocrx_word' id='word_1_55' title='bbox 992 864 1268 928; x_wconf 76' lang='lat' dir='ltr'><strong>postrema</strong></span> <span class='ocrx_word' id='word_1_56' title='bbox 1319 851 1612 907; x_wconf 79' lang='lat' dir='ltr'><strong>schismate</strong></span> <span class='ocrx_word' id='word_1_57' title='bbox 1639 861 1769 902; x_wconf 83' lang='lat' dir='ltr'><strong>con-</strong></span> 
     </span>
    </p>
   </div>
   <div class='ocr_carea' id='block_1_10' title="bbox 191 944 1770 1022">
    <p class='ocr_par' dir='ltr' id='par_1_10' title="bbox 191 944 1770 1022">
     <span class='ocr_line' id='line_1_10' title="bbox 191 944 1770 1022; baseline -0.014 -9"><span class='ocrx_word' id='word_1_58' title='bbox 191 959 366 1015; x_wconf 82' lang='lat' dir='ltr'><strong>cordia</strong></span> <span class='ocrx_word' id='word_1_59' title='bbox 401 953 793 1022; x_wconf 65' lang='lat' dir='ltr'><strong>catlialjciirtuh</strong></span> <span class='ocrx_word' id='word_1_60' title='bbox 824 951 1202 1018; x_wconf 81' lang='lat' dir='ltr'><strong>discordiaque</strong></span> <span class='ocrx_word' id='word_1_61' title='bbox 1227 944 1603 1000; x_wconf 72' lang='lat' dir='ltr'><strong>hmreticorum</strong></span> <span class='ocrx_word' id='word_1_62' title='bbox 1635 951 1770 1007; x_wconf 72' lang='lat' dir='ltr'><strong>pra:-</strong></span> 
     </span>
    </p>
   </div>
   <div class='ocr_carea' id='block_1_11' title="bbox 187 1030 1768 1127">
    <p class='ocr_par' dir='ltr' id='par_1_11' title="bbox 187 1030 1768 1127">
     <span class='ocr_line' id='line_1_11' title="bbox 187 1030 1768 1127; baseline -0.018 -19"><span class='ocrx_word' id='word_1_63' title='bbox 187 1049 514 1127; x_wconf 68' lang='lat' dir='ltr'><strong>ngirabatur</strong></span> <span class='ocrx_word' id='word_1_64' title='bbox 543 1064 703 1119; x_wconf 86' lang='lat' dir='ltr'><strong>quam</strong></span> <span class='ocrx_word' id='word_1_65' title='bbox 740 1047 997 1107; x_wconf 74' lang='lat' dir='ltr'><strong>maxime,</strong></span> <span class='ocrx_word' id='word_1_66' title='bbox 1023 1050 1083 1094; x_wconf 70' lang='lat' dir='ltr'><strong>et</strong></span> <span class='ocrx_word' id='word_1_67' title='bbox 1108 1037 1353 1110; x_wconf 86' lang='lat' dir='ltr'><strong>paucitas</strong></span> <span class='ocrx_word' id='word_1_68' title='bbox 1377 1030 1768 1088; x_wconf 89' lang='lat' dir='ltr'><strong>catholicorum</strong></span> 
     </span>
    </p>
   </div>
   <div class='ocr_carea' id='block_1_12' title="bbox 189 1122 1770 1210">
    <p class='ocr_par' dir='ltr' id='par_1_12' title="bbox 189 1122 1770 1210">
     <span class='ocr_line' id='line_1_12' title="bbox 189 1122 1770 1210; baseline -0.018 -8"><span class='ocrx_word' id='word_1_69' title='bbox 189 1122 249 1202; x_wconf 70' lang='lat' dir='ltr'><strong>id</strong></span> <span class='ocrx_word' id='word_1_70' title='bbox 264 1146 460 1201; x_wconf 78' lang='lat' dir='ltr'><strong>Iudaeis</strong></span> <span class='ocrx_word' id='word_1_71' title='bbox 489 1138 979 1210; x_wconf 79' lang='lat' dir='ltr'><strong>Ierosolymitanis,</strong></span> <span class='ocrx_word' id='word_1_72' title='bbox 1019 1131 1303 1204; x_wconf 91' lang='lat' dir='ltr'><strong>pluralitas</strong></span> <span class='ocrx_word' id='word_1_73' title='bbox 1329 1142 1459 1182; x_wconf 87' lang='lat' dir='ltr'><strong>vero</strong></span> <span class='ocrx_word' id='word_1_74' title='bbox 1485 1122 1770 1180; x_wconf 81' lang='lat' dir='ltr'><strong>haeretico-</strong></span> 
     </span>
    </p>
   </div>
   <div class='ocr_carea' id='block_1_13' title="bbox 187 1225 1103 1293">
    <p class='ocr_par' dir='ltr' id='par_1_13' title="bbox 187 1225 1103 1293">
     <span class='ocr_line' id='line_1_13' title="bbox 187 1225 1103 1293; baseline -0.016 -1"><span class='ocrx_word' id='word_1_75' title='bbox 187 1255 298 1293; x_wconf 89' lang='lat' dir='ltr'><strong>rum</strong></span> <span class='ocrx_word' id='word_1_76' title='bbox 335 1238 387 1290; x_wconf 94' lang='lat' dir='ltr'><strong>in</strong></span> <span class='ocrx_word' id='word_1_77' title='bbox 427 1232 679 1289; x_wconf 84' lang='lat' dir='ltr'><strong>Israelitis</strong></span> <span class='ocrx_word' id='word_1_78' title='bbox 719 1225 1103 1284; x_wconf 80' lang='lat' dir='ltr'><strong>Bethavenitis.</strong></span> 
     </span>
    </p>
   </div>
   <div class='ocr_carea' id='block_1_14' title="bbox 251 1305 1768 1398">
    <p class='ocr_par' dir='ltr' id='par_1_14' title="bbox 251 1305 1768 1398">
     <span class='ocr_line' id='line_1_14' title="bbox 251 1305 1768 1398; baseline -0.016 -15"><span class='ocrx_word' id='word_1_79' title='bbox 251 1330 306 1384; x_wconf 91' lang='lat' dir='ltr'><strong>In</strong></span> <span class='ocrx_word' id='word_1_80' title='bbox 337 1329 536 1398; x_wconf 86' lang='lat' dir='ltr'><strong>quibus</strong></span> <span class='ocrx_word' id='word_1_81' title='bbox 582 1324 787 1395; x_wconf 86' lang='lat' dir='ltr'><strong>pariter</strong></span> <span class='ocrx_word' id='word_1_82' title='bbox 815 1321 978 1376; x_wconf 90' lang='lat' dir='ltr'><strong>etiam</strong></span> <span class='ocrx_word' id='word_1_83' title='bbox 1029 1312 1486 1373; x_wconf 85' lang='lat' dir='ltr'><strong>considerandum</strong></span> <span class='ocrx_word' id='word_1_84' title='bbox 1532 1315 1614 1362; x_wconf 90' lang='lat' dir='ltr'><strong>est</strong></span> <span class='ocrx_word' id='word_1_85' title='bbox 1644 1305 1768 1375; x_wconf 84' lang='lat' dir='ltr'><strong>quia</strong></span> 
     </span>
    </p>
   </div>
   <div class='ocr_carea' id='block_1_15' title="bbox 181 1402 1771 1490">
    <p class='ocr_par' dir='ltr' id='par_1_15' title="bbox 181 1402 1771 1490">
     <span class='ocr_line' id='line_1_15' title="bbox 181 1402 1771 1490; baseline -0.016 -16"><span class='ocrx_word' id='word_1_86' title='bbox 181 1419 269 1490; x_wconf 86' lang='lat' dir='ltr'><strong>qui</strong></span> <span class='ocrx_word' id='word_1_87' title='bbox 299 1435 406 1473; x_wconf 92' lang='lat' dir='ltr'><strong>non</strong></span> <span class='ocrx_word' id='word_1_88' title='bbox 457 1417 556 1472; x_wconf 80' lang='lat' dir='ltr'><strong>nisi</strong></span> <span class='ocrx_word' id='word_1_89' title='bbox 610 1415 806 1470; x_wconf 78' lang='lat' dir='ltr'><strong>falsum</strong></span> <span class='ocrx_word' id='word_1_90' title='bbox 857 1410 1216 1467; x_wconf 86' lang='lat' dir='ltr'><strong>sacerdotium</strong></span> <span class='ocrx_word' id='word_1_91' title='bbox 1266 1405 1368 1460; x_wconf 85' lang='lat' dir='ltr'><strong>sibi</strong></span> <span class='ocrx_word' id='word_1_92' title='bbox 1433 1402 1771 1457; x_wconf 87' lang='lat' dir='ltr'><strong>retinuerunt</strong></span> 
     </span>
    </p>
   </div>
   <div class='ocr_carea' id='block_1_16' title="bbox 180 1495 1771 1579">
    <p class='ocr_par' dir='ltr' id='par_1_16' title="bbox 180 1495 1771 1579">
     <span class='ocr_line' id='line_1_16' title="bbox 180 1495 1771 1579; baseline -0.012 -16"><span class='ocrx_word' id='word_1_93' title='bbox 180 1524 296 1563; x_wconf 88' lang='lat' dir='ltr'><strong>cum</strong></span> <span class='ocrx_word' id='word_1_94' title='bbox 329 1510 442 1579; x_wconf 87' lang='lat' dir='ltr'><strong>ipsa</strong></span> <span class='ocrx_word' id='word_1_95' title='bbox 475 1507 590 1577; x_wconf 83' lang='lat' dir='ltr'><strong>lege</strong></span> <span class='ocrx_word' id='word_1_96' title='bbox 620 1504 852 1559; x_wconf 83' lang='lat' dir='ltr'><strong>Mosaica</strong></span> <span class='ocrx_word' id='word_1_97' title='bbox 881 1516 1041 1572; x_wconf 87' lang='lat' dir='ltr'><strong>quam</strong></span> <span class='ocrx_word' id='word_1_98' title='bbox 1077 1498 1276 1553; x_wconf 75' lang='lat' dir='ltr'><strong>frustra</strong></span> <span class='ocrx_word' id='word_1_99' title='bbox 1310 1495 1576 1564; x_wconf 82' lang='lat' dir='ltr'><strong>legebant,</strong></span> <span class='ocrx_word' id='word_1_100' title='bbox 1610 1497 1771 1558; x_wconf 86' lang='lat' dir='ltr'><strong>atque</strong></span> 
     </span>
    </p>
   </div>
   <div class='ocr_carea' id='block_1_17' title="bbox 181 1580 1770 1667">
    <p class='ocr_par' dir='ltr' id='par_1_17' title="bbox 181 1580 1770 1667">
     <span class='ocr_line' id='line_1_17' title="bbox 181 1580 1770 1667; baseline -0.012 -15"><span class='ocrx_word' id='word_1_101' title='bbox 181 1614 300 1653; x_wconf 90' lang='lat' dir='ltr'><strong>cum</strong></span> <span class='ocrx_word' id='word_1_102' title='bbox 344 1596 572 1667; x_wconf 85' lang='lat' dir='ltr'><strong>psalmis</strong></span> <span class='ocrx_word' id='word_1_103' title='bbox 621 1593 892 1650; x_wconf 89' lang='lat' dir='ltr'><strong>Davidicis</strong></span> <span class='ocrx_word' id='word_1_104' title='bbox 941 1606 1078 1662; x_wconf 91' lang='lat' dir='ltr'><strong>quos</strong></span> <span class='ocrx_word' id='word_1_105' title='bbox 1121 1586 1402 1643; x_wconf 64' lang='lat' dir='ltr'><strong>daemoniis</strong></span> <span class='ocrx_word' id='word_1_106' title='bbox 1433 1592 1490 1640; x_wconf 92' lang='lat' dir='ltr'><strong>et</strong></span> <span class='ocrx_word' id='word_1_107' title='bbox 1531 1596 1635 1636; x_wconf 92' lang='lat' dir='ltr'><strong>non</strong></span> <span class='ocrx_word' id='word_1_108' title='bbox 1660 1580 1770 1634; x_wconf 91' lang='lat' dir='ltr'><strong>Deo</strong></span> 
     </span>
    </p>
   </div>
   <div class='ocr_carea' id='block_1_18' title="bbox 179 1681 1770 1756">
    <p class='ocr_par' dir='ltr' id='par_1_18' title="bbox 179 1681 1770 1756">
     <span class='ocr_line' id='line_1_18' title="bbox 179 1681 1770 1756; baseline -0.011 -13"><span class='ocrx_word' id='word_1_109' title='bbox 179 1689 560 1751; x_wconf 86' lang='lat' dir='ltr'><strong>decantabant,</strong></span> <span class='ocrx_word' id='word_1_110' title='bbox 603 1681 1179 1756; x_wconf 88' lang='lat' dir='ltr'><strong>priusirrevocabilem</strong></span> <span class='ocrx_word' id='word_1_111' title='bbox 1215 1689 1271 1734; x_wconf 91' lang='lat' dir='ltr'><strong>et</strong></span> <span class='ocrx_word' id='word_1_112' title='bbox 1313 1684 1627 1750; x_wconf 84' lang='lat' dir='ltr'><strong>perpetuam</strong></span> <span class='ocrx_word' id='word_1_113' title='bbox 1677 1689 1770 1730; x_wconf 89' lang='lat' dir='ltr'><strong>ca-</strong></span> 
     </span>
    </p>
   </div>
   <div class='ocr_carea' id='block_1_19' title="bbox 1876 479 3448 552">
    <p class='ocr_par' dir='ltr' id='par_1_19' title="bbox 1876 479 3448 552">
     <span class='ocr_line' id='line_1_19' title="bbox 1876 479 3448 552; baseline 0.002 -17"><span class='ocrx_word' id='word_1_114' title='bbox 1876 481 1966 535; x_wconf 89' lang='lat' dir='ltr'><strong>Dci</strong></span> <span class='ocrx_word' id='word_1_115' title='bbox 1984 489 2228 536; x_wconf 81' lang='lat' dir='ltr'><strong>exortum</strong></span> <span class='ocrx_word' id='word_1_116' title='bbox 2255 487 2488 543; x_wconf 83' lang='lat' dir='ltr'><strong>constat,</strong></span> <span class='ocrx_word' id='word_1_117' title='bbox 2515 480 2668 550; x_wconf 85' lang='lat' dir='ltr'><strong>cujus</strong></span> <span class='ocrx_word' id='word_1_118' title='bbox 2688 480 2850 534; x_wconf 88' lang='lat' dir='ltr'><strong>etiam</strong></span> <span class='ocrx_word' id='word_1_119' title='bbox 2877 479 3168 536; x_wconf 87' lang='lat' dir='ltr'><strong>Zacharias</strong></span> <span class='ocrx_word' id='word_1_120' title='bbox 3183 483 3448 552; x_wconf 87' lang='lat' dir='ltr'><strong>propheta</strong></span> 
     </span>
    </p>
   </div>
   <div class='ocr_carea' id='block_1_20' title="bbox 1872 570 3451 646">
    <p class='ocr_par' dir='ltr' id='par_1_20' title="bbox 1872 570 3451 646">
     <span class='ocr_line' id='line_1_20' title="bbox 1872 570 3451 646; baseline 0.003 -20"><span class='ocrx_word' id='word_1_121' title='bbox 1872 580 1927 626; x_wconf 89' lang='lat' dir='ltr'><strong>et</strong></span> <span class='ocrx_word' id='word_1_122' title='bbox 1961 572 2146 625; x_wconf 89' lang='lat' dir='ltr'><strong>titulus</strong></span> <span class='ocrx_word' id='word_1_123' title='bbox 2178 572 2342 624; x_wconf 81' lang='lat' dir='ltr'><strong>Amos</strong></span> <span class='ocrx_word' id='word_1_124' title='bbox 2390 571 2651 624; x_wconf 89' lang='lat' dir='ltr'><strong>meminit.</strong></span> <span class='ocrx_word' id='word_1_125' title='bbox 2698 570 2822 626; x_wconf 86' lang='lat' dir='ltr'><strong>Fuit</strong></span> <span class='ocrx_word' id='word_1_126' title='bbox 2853 587 2982 643; x_wconf 88' lang='lat' dir='ltr'><strong>ergo</strong></span> <span class='ocrx_word' id='word_1_127' title='bbox 3011 572 3256 643; x_wconf 88' lang='lat' dir='ltr'><strong>leprosus</strong></span> <span class='ocrx_word' id='word_1_128' title='bbox 3278 591 3451 646; x_wconf 86' lang='lat' dir='ltr'><strong>usque</strong></span> 
     </span>
    </p>
   </div>
   <div class='ocr_carea' id='block_1_21' title="bbox 1871 662 3452 736">
    <p class='ocr_par' dir='ltr' id='par_1_21' title="bbox 1871 662 3452 736">
     <span class='ocr_line' id='line_1_21' title="bbox 1871 662 3452 736; baseline 0.003 -20"><span class='ocrx_word' id='word_1_129' title='bbox 1871 663 1938 716; x_wconf 91' lang='lat' dir='ltr'><strong>ad</strong></span> <span class='ocrx_word' id='word_1_130' title='bbox 1961 662 2101 716; x_wconf 90' lang='lat' dir='ltr'><strong>diem</strong></span> <span class='ocrx_word' id='word_1_131' title='bbox 2135 663 2325 716; x_wconf 87' lang='lat' dir='ltr'><strong>mortis</strong></span> <span class='ocrx_word' id='word_1_132' title='bbox 2373 677 2511 726; x_wconf 77' lang='lat' dir='ltr'><strong>suae,</strong></span> <span class='ocrx_word' id='word_1_133' title='bbox 2551 672 2605 715; x_wconf 90' lang='lat' dir='ltr'><strong>et</strong></span> <span class='ocrx_word' id='word_1_134' title='bbox 2652 663 2912 717; x_wconf 81' lang='lat' dir='ltr'><strong>habitavit</strong></span> <span class='ocrx_word' id='word_1_135' title='bbox 2943 665 2996 718; x_wconf 91' lang='lat' dir='ltr'><strong>in</strong></span> <span class='ocrx_word' id='word_1_136' title='bbox 3023 666 3182 721; x_wconf 91' lang='lat' dir='ltr'><strong>domo</strong></span> <span class='ocrx_word' id='word_1_137' title='bbox 3203 676 3452 736; x_wconf 85' lang='lat' dir='ltr'><strong>separata</strong></span> 
     </span>
    </p>
   </div>
   <div class='ocr_carea' id='block_1_22' title="bbox 1872 752 3454 831">
    <p class='ocr_par' dir='ltr' id='par_1_22' title="bbox 1872 752 3454 831">
     <span class='ocr_line' id='line_1_22' title="bbox 1872 752 3454 831; baseline 0.006 -24"><span class='ocrx_word' id='word_1_138' title='bbox 1872 767 2138 817; x_wconf 85' lang='lat' dir='ltr'><strong>seorsum,</strong></span> <span class='ocrx_word' id='word_1_139' title='bbox 2211 752 2324 807; x_wconf 82' lang='lat' dir='ltr'><strong>tilio</strong></span> <span class='ocrx_word' id='word_1_140' title='bbox 2370 767 2469 806; x_wconf 85' lang='lat' dir='ltr'><strong>suo</strong></span> <span class='ocrx_word' id='word_1_141' title='bbox 2513 769 2731 823; x_wconf 90' lang='lat' dir='ltr'><strong>regnum</strong></span> <span class='ocrx_word' id='word_1_142' title='bbox 2794 753 3088 812; x_wconf 90' lang='lat' dir='ltr'><strong>obtinente.</strong></span> <span class='ocrx_word' id='word_1_143' title='bbox 3127 757 3244 825; x_wconf 91' lang='lat' dir='ltr'><strong>Quo</strong></span> <span class='ocrx_word' id='word_1_144' title='bbox 3267 760 3454 831; x_wconf 82' lang='lat' dir='ltr'><strong>utique</strong></span> 
     </span>
    </p>
   </div>
   <div class='ocr_carea' id='block_1_23' title="bbox 1873 842 3452 911">
    <p class='ocr_par' dir='ltr' id='par_1_23' title="bbox 1873 842 3452 911">
     <span class='ocr_line' id='line_1_23' title="bbox 1873 842 3452 911; baseline 0.006 -16"><span class='ocrx_word' id='word_1_145' title='bbox 1873 842 2084 911; x_wconf 89' lang='lat' dir='ltr'><strong>leproso</strong></span> <span class='ocrx_word' id='word_1_146' title='bbox 2112 842 2346 906; x_wconf 76' lang='lat' dir='ltr'><strong>vivente,</strong></span> <span class='ocrx_word' id='word_1_147' title='bbox 2375 851 2429 896; x_wconf 89' lang='lat' dir='ltr'><strong>et</strong></span> <span class='ocrx_word' id='word_1_148' title='bbox 2460 853 2719 911; x_wconf 90' lang='lat' dir='ltr'><strong>quantum</strong></span> <span class='ocrx_word' id='word_1_149' title='bbox 2778 843 2830 898; x_wconf 93' lang='lat' dir='ltr'><strong>in</strong></span> <span class='ocrx_word' id='word_1_150' title='bbox 2878 860 2937 900; x_wconf 91' lang='lat' dir='ltr'><strong>re</strong></span> <span class='ocrx_word' id='word_1_151' title='bbox 2975 855 3060 900; x_wconf 89' lang='lat' dir='ltr'><strong>est</strong></span> <span class='ocrx_word' id='word_1_152' title='bbox 3089 850 3452 905; x_wconf 87' lang='lat' dir='ltr'><strong>sacerdotium</strong></span> 
     </span>
    </p>
   </div>
   <div class='ocr_carea' id='block_1_24' title="bbox 1871 930 3450 1010">
    <p class='ocr_par' dir='ltr' id='par_1_24' title="bbox 1871 930 3450 1010">
     <span class='ocr_line' id='line_1_24' title="bbox 1871 930 3450 1010; baseline 0.004 -25"><span class='ocrx_word' id='word_1_153' title='bbox 1871 930 2188 1000; x_wconf 84' lang='lat' dir='ltr'><strong>dissipante,</strong></span> <span class='ocrx_word' id='word_1_154' title='bbox 2228 931 2390 985; x_wconf 90' lang='lat' dir='ltr'><strong>Isaias</strong></span> <span class='ocrx_word' id='word_1_155' title='bbox 2434 931 2694 986; x_wconf 86' lang='lat' dir='ltr'><strong>visionem</strong></span> <span class='ocrx_word' id='word_1_156' title='bbox 2738 930 2830 986; x_wconf 88' lang='lat' dir='ltr'><strong>Dei</strong></span> <span class='ocrx_word' id='word_1_157' title='bbox 2875 934 3058 990; x_wconf 88' lang='lat' dir='ltr'><strong>videre</strong></span> <span class='ocrx_word' id='word_1_158' title='bbox 3097 951 3200 994; x_wconf 82' lang='lat' dir='ltr'><strong>non</strong></span> <span class='ocrx_word' id='word_1_159' title='bbox 3261 941 3450 1010; x_wconf 65' lang='lat' dir='ltr'><strong>potuit.</strong></span> 
     </span>
    </p>
   </div>
   <div class='ocr_carea' id='block_1_25' title="bbox 1871 1019 3450 1100">
    <p class='ocr_par' dir='ltr' id='par_1_25' title="bbox 1871 1019 3450 1100">
     <span class='ocr_line' id='line_1_25' title="bbox 1871 1019 3450 1100; baseline 0.007 -27"><span class='ocrx_word' id='word_1_160' title='bbox 1871 1019 2120 1086; x_wconf 87' lang='lat' dir='ltr'><strong>Quandiu</strong></span> <span class='ocrx_word' id='word_1_161' title='bbox 2184 1021 2274 1076; x_wconf 92' lang='lat' dir='ltr'><strong>ille</strong></span> <span class='ocrx_word' id='word_1_162' title='bbox 2325 1037 2547 1092; x_wconf 82' lang='lat' dir='ltr'><strong>regnum</strong></span> <span class='ocrx_word' id='word_1_163' title='bbox 2608 1023 2778 1077; x_wconf 84' lang='lat' dir='ltr'><strong>tenuit</strong></span> <span class='ocrx_word' id='word_1_164' title='bbox 2836 1024 2889 1078; x_wconf 80' lang='lat' dir='ltr'><strong>in</strong></span> <span class='ocrx_word' id='word_1_165' title='bbox 2940 1025 3144 1094; x_wconf 69' lang='lat' dir='ltr'><strong>Iudaea,</strong></span> <span class='ocrx_word' id='word_1_166' title='bbox 3193 1033 3450 1100; x_wconf 82' lang='lat' dir='ltr'><strong>propheta</strong></span> 
     </span>
    </p>
   </div>
   <div class='ocr_carea' id='block_1_26' title="bbox 1870 1113 3454 1181">
    <p class='ocr_par' dir='ltr' id='par_1_26' title="bbox 1870 1113 3454 1181">
     <span class='ocr_line' id='line_1_26' title="bbox 1870 1113 3454 1181; baseline 0.008 -15"><span class='ocrx_word' id='word_1_167' title='bbox 1870 1113 2056 1166; x_wconf 92' lang='lat' dir='ltr'><strong>oculos</strong></span> <span class='ocrx_word' id='word_1_168' title='bbox 2085 1127 2191 1167; x_wconf 91' lang='lat' dir='ltr'><strong>non</strong></span> <span class='ocrx_word' id='word_1_169' title='bbox 2221 1113 2417 1168; x_wconf 86' lang='lat' dir='ltr'><strong>levavit</strong></span> <span class='ocrx_word' id='word_1_170' title='bbox 2449 1114 2515 1168; x_wconf 87' lang='lat' dir='ltr'><strong>ad</strong></span> <span class='ocrx_word' id='word_1_171' title='bbox 2554 1115 2772 1181; x_wconf 74' lang='lat' dir='ltr'><strong>coelum,</strong></span> <span class='ocrx_word' id='word_1_172' title='bbox 2805 1132 2912 1172; x_wconf 90' lang='lat' dir='ltr'><strong>non</strong></span> <span class='ocrx_word' id='word_1_173' title='bbox 2953 1119 3001 1173; x_wconf 91' lang='lat' dir='ltr'><strong>ei</strong></span> <span class='ocrx_word' id='word_1_174' title='bbox 3042 1130 3169 1174; x_wconf 90' lang='lat' dir='ltr'><strong>sunt</strong></span> <span class='ocrx_word' id='word_1_175' title='bbox 3213 1135 3454 1179; x_wconf 89' lang='lat' dir='ltr'><strong>reserata</strong></span> 
     </span>
    </p>
   </div>
   <div class='ocr_carea' id='block_1_27' title="bbox 1872 1203 3453 1278">
    <p class='ocr_par' dir='ltr' id='par_1_27' title="bbox 1872 1203 3453 1278">
     <span class='ocr_line' id='line_1_27' title="bbox 1872 1203 3453 1278; baseline 0.009 -22"><span class='ocrx_word' id='word_1_176' title='bbox 1872 1203 2141 1267; x_wconf 64' lang='lat' dir='ltr'><strong>coalestia,</strong></span> <span class='ocrx_word' id='word_1_177' title='bbox 2183 1220 2286 1259; x_wconf 93' lang='lat' dir='ltr'><strong>non</strong></span> <span class='ocrx_word' id='word_1_178' title='bbox 2318 1207 2637 1275; x_wconf 80' lang='lat' dir='ltr'><strong>apparuitei</strong></span> <span class='ocrx_word' id='word_1_179' title='bbox 2672 1208 2932 1265; x_wconf 88' lang='lat' dir='ltr'><strong>Dominus</strong></span> <span class='ocrx_word' id='word_1_180' title='bbox 2967 1210 3225 1278; x_wconf 87' lang='lat' dir='ltr'><strong>Sabaoth,</strong></span> <span class='ocrx_word' id='word_1_181' title='bbox 3253 1230 3351 1270; x_wconf 90' lang='lat' dir='ltr'><strong>nec</strong></span> <span class='ocrx_word' id='word_1_182' title='bbox 3397 1215 3453 1271; x_wconf 86' lang='lat' dir='ltr'><strong>in</strong></span> 
     </span>
    </p>
   </div>
   <div class='ocr_carea' id='block_1_28' title="bbox 1873 1294 3450 1360">
    <p class='ocr_par' dir='ltr' id='par_1_28' title="bbox 1873 1294 3450 1360">
     <span class='ocr_line' id='line_1_28' title="bbox 1873 1294 3450 1360; baseline 0.007 -13"><span class='ocrx_word' id='word_1_183' title='bbox 1873 1294 2176 1349; x_wconf 88' lang='lat' dir='ltr'><strong>ministerio</strong></span> <span class='ocrx_word' id='word_1_184' title='bbox 2237 1294 2360 1350; x_wconf 82' lang='lat' dir='ltr'><strong>ﬁdei</strong></span> <span class='ocrx_word' id='word_1_185' title='bbox 2406 1304 2488 1350; x_wconf 91' lang='lat' dir='ltr'><strong>ter</strong></span> <span class='ocrx_word' id='word_1_186' title='bbox 2534 1308 2781 1352; x_wconf 85' lang='lat' dir='ltr'><strong>sanctum</strong></span> <span class='ocrx_word' id='word_1_187' title='bbox 2838 1315 3034 1357; x_wconf 89' lang='lat' dir='ltr'><strong>nomen</strong></span> <span class='ocrx_word' id='word_1_188' title='bbox 3075 1305 3315 1359; x_wconf 88' lang='lat' dir='ltr'><strong>auditum</strong></span> <span class='ocrx_word' id='word_1_189' title='bbox 3346 1315 3450 1360; x_wconf 89' lang='lat' dir='ltr'><strong>est.</strong></span> 
     </span>
    </p>
   </div>
   <div class='ocr_carea' id='block_1_29' title="bbox 1872 1370 3452 1467">
    <p class='ocr_par' dir='ltr' id='par_1_29' title="bbox 1872 1370 3452 1467">
     <span class='ocr_line' id='line_1_29' title="bbox 1872 1370 3452 1467; baseline 0.009 -31"><span class='ocrx_word' id='word_1_190' title='bbox 1872 1383 2096 1451; x_wconf 83' lang='lat' dir='ltr'><strong>Quando</strong></span> <span class='ocrx_word' id='word_1_191' title='bbox 2121 1401 2247 1442; x_wconf 87' lang='lat' dir='ltr'><strong>vero</strong></span> <span class='ocrx_word' id='word_1_192' title='bbox 2273 1385 2364 1442; x_wconf 91' lang='lat' dir='ltr'><strong>ille</strong></span> <span class='ocrx_word' id='word_1_193' title='bbox 2412 1370 2657 1444; x_wconf 70' lang='lat' dir='ltr'><strong>mortuus</strong></span> <span class='ocrx_word' id='word_1_194' title='bbox 2693 1399 2796 1455; x_wconf 90' lang='lat' dir='ltr'><strong>est,</strong></span> <span class='ocrx_word' id='word_1_195' title='bbox 2835 1393 3083 1448; x_wconf 87' lang='lat' dir='ltr'><strong>universa</strong></span> <span class='ocrx_word' id='word_1_196' title='bbox 3120 1396 3232 1450; x_wconf 84' lang='lat' dir='ltr'><strong>haec</strong></span> <span class='ocrx_word' id='word_1_197' title='bbox 3262 1405 3452 1467; x_wconf 88' lang='lat' dir='ltr'><strong>aperto</strong></span> 
     </span>
    </p>
   </div>
   <div class='ocr_carea' id='block_1_30' title="bbox 1872 1476 3452 1553">
    <p class='ocr_par' dir='ltr' id='par_1_30' title="bbox 1872 1476 3452 1553">
     <span class='ocr_line' id='line_1_30' title="bbox 1872 1476 3452 1553; baseline 0.011 -27"><span class='ocrx_word' id='word_1_198' title='bbox 1872 1488 1995 1529; x_wconf 86' lang='lat' dir='ltr'><strong>sese</strong></span> <span class='ocrx_word' id='word_1_199' title='bbox 2023 1476 2223 1530; x_wconf 86' lang='lat' dir='ltr'><strong>lumine</strong></span> <span class='ocrx_word' id='word_1_200' title='bbox 2255 1476 2627 1546; x_wconf 87' lang='lat' dir='ltr'><strong>prodiderunt.</strong></span> <span class='ocrx_word' id='word_1_201' title='bbox 2675 1499 2693 1532; x_wconf 80' lang='grc' dir='ltr'><strong>ι</strong></span> <span class='ocrx_word' id='word_1_202' title='bbox 2730 1479 2798 1534; x_wconf 87' lang='grc' dir='ltr'>Ει</span> <span class='ocrx_word' id='word_1_203' title='bbox 2823 1491 2942 1551; x_wconf 90' lang='lat' dir='ltr'><strong>post</strong></span> <span class='ocrx_word' id='word_1_204' title='bbox 2964 1500 3132 1553; x_wconf 82' lang='lat' dir='ltr'><strong>pauca</strong></span> <span class='ocrx_word' id='word_1_205' title='bbox 3169 1503 3180 1538; x_wconf 93' lang='lat'>:</span> <span class='ocrx_word' id='word_1_206' title='bbox 3217 1506 3234 1537; x_wconf 75' lang='grc' dir='ltr'><strong>ι</strong></span> <span class='ocrx_word' id='word_1_207' title='bbox 3272 1486 3452 1543; x_wconf 89' lang='lat' dir='ltr'><strong>Donec</strong></span> 
     </span>
    </p>
   </div>
   <div class='ocr_carea' id='block_1_31' title="bbox 1872 1563 3448 1640">
    <p class='ocr_par' dir='ltr' id='par_1_31' title="bbox 1872 1563 3448 1640">
     <span class='ocr_line' id='line_1_31' title="bbox 1872 1563 3448 1640; baseline 0.009 -20"><span class='ocrx_word' id='word_1_208' title='bbox 1872 1563 2032 1620; x_wconf 86' lang='lat' dir='ltr'><strong>Ozias</strong></span> <span class='ocrx_word' id='word_1_209' title='bbox 2086 1567 2252 1630; x_wconf 87' lang='lat' dir='ltr'><strong>vivit,</strong></span> <span class='ocrx_word' id='word_1_210' title='bbox 2306 1581 2412 1622; x_wconf 90' lang='lat' dir='ltr'><strong>non</strong></span> <span class='ocrx_word' id='word_1_211' title='bbox 2475 1568 2771 1640; x_wconf 83' lang='lat' dir='ltr'><strong>intelligis,</strong></span> <span class='ocrx_word' id='word_1_212' title='bbox 2835 1570 3009 1638; x_wconf 84' lang='lat' dir='ltr'><strong>Isaia,</strong></span> <span class='ocrx_word' id='word_1_213' title='bbox 3070 1581 3120 1628; x_wconf 88' lang='lat' dir='ltr'><strong>to</strong></span> <span class='ocrx_word' id='word_1_214' title='bbox 3187 1575 3448 1634; x_wconf 83' lang='lat' dir='ltr'><strong>miserum</strong></span> 
     </span>
    </p>
   </div>
   <div class='ocr_carea' id='block_1_32' title="bbox 1872 1661 3450 1738">
    <p class='ocr_par' dir='ltr' id='par_1_32' title="bbox 1872 1661 3450 1738">
     <span class='ocr_line' id='line_1_32' title="bbox 1872 1661 3450 1738; baseline 0.009 -26"><span class='ocrx_word' id='word_1_215' title='bbox 1872 1673 1980 1712; x_wconf 91' lang='lat' dir='ltr'><strong>non</strong></span> <span class='ocrx_word' id='word_1_216' title='bbox 2031 1661 2425 1730; x_wconf 85' lang='lat' dir='ltr'><strong>compungeris,</strong></span> <span class='ocrx_word' id='word_1_217' title='bbox 2465 1676 2570 1716; x_wconf 89' lang='lat' dir='ltr'><strong>non</strong></span> <span class='ocrx_word' id='word_1_218' title='bbox 2624 1664 2890 1730; x_wconf 90' lang='lat' dir='ltr'><strong>moveris;</strong></span> <span class='ocrx_word' id='word_1_219' title='bbox 2945 1667 3038 1721; x_wconf 88' lang='lat' dir='ltr'><strong>sed</strong></span> <span class='ocrx_word' id='word_1_220' title='bbox 3091 1670 3308 1738; x_wconf 83' lang='lat' dir='ltr'><strong>quando</strong></span> <span class='ocrx_word' id='word_1_221' title='bbox 3364 1672 3450 1727; x_wconf 85' lang='lat' dir='ltr'><strong>ille</strong></span> 
     </span>
    </p>
   </div>
   <div class='ocr_carea' id='block_1_33' title="bbox 178 1747 3454 1850">
    <p class='ocr_par' dir='ltr' id='par_1_33' title="bbox 178 1747 3454 1850">
     <span class='ocr_line' id='line_1_33' title="bbox 178 1747 3454 1850; baseline 0.005 -47"><span class='ocrx_word' id='word_1_222' title='bbox 178 1781 482 1850; x_wconf 51' lang='lat' dir='ltr'><strong>Nivimem</strong></span> <span class='ocrx_word' id='word_1_223' title='bbox 513 1747 885 1839; x_wconf 36' lang='lat' dir='ltr'><strong>ihchrrcmm;</strong></span> <span class='ocrx_word' id='word_1_224' title='bbox 915 1773 988 1828; x_wconf 68' lang='lat' dir='ltr'><strong>im</strong></span> <span class='ocrx_word' id='word_1_225' title='bbox 1014 1771 1192 1827; x_wconf 46' lang='grc' dir='ltr'><strong>ωηιξη,</strong></span> <span class='ocrx_word' id='word_1_226' title='bbox 1211 1747 1584 1840; x_wconf 66' lang='grc' dir='ltr'><strong>ψιί’ἀίνίηίιυε</strong></span> <span class='ocrx_word' id='word_1_227' title='bbox 1607 1764 1761 1819; x_wconf 58' lang='lat' dir='ltr'><strong>ius“-</strong></span> <span class='ocrx_word' id='word_1_228' title='bbox 1804 1747 1846 1803; x_wconf 73' lang='lat' dir='ltr'><strong>ll</strong></span> <span class='ocrx_word' id='word_1_229' title='bbox 1868 1759 2118 1850; x_wconf 71' lang='lat' dir='ltr'><strong>mortuus</strong></span> <span class='ocrx_word' id='word_1_230' title='bbox 2140 1761 2250 1850; x_wconf 72' lang='lat' dir='ltr'><strong>est,</strong></span> <span class='ocrx_word' id='word_1_231' title='bbox 2275 1762 2401 1807; x_wconf 91' lang='lat' dir='ltr'><strong>tunc</strong></span> <span class='ocrx_word' id='word_1_232' title='bbox 2438 1754 2826 1812; x_wconf 84' lang='lat' dir='ltr'><strong>animadvertis</strong></span> <span class='ocrx_word' id='word_1_233' title='bbox 2848 1756 3121 1814; x_wconf 87' lang='lat' dir='ltr'><strong>immttnda</strong></span> <span class='ocrx_word' id='word_1_234' title='bbox 3155 1768 3207 1815; x_wconf 88' lang='lat' dir='ltr'><strong>te</strong></span> <span class='ocrx_word' id='word_1_235' title='bbox 3252 1763 3454 1819; x_wconf 86' lang='lat' dir='ltr'><strong>habere</strong></span> 
     </span>
    </p>
   </div>
   <div class='ocr_carea' id='block_1_34' title="bbox 178 1856 1764 1924">
    <p class='ocr_par' dir='ltr' id='par_1_34' title="bbox 178 1856 1764 1924">
     <span class='ocr_line' id='line_1_34' title="bbox 178 1856 1764 1924; baseline -0.008 -3"><span class='ocrx_word' id='word_1_236' title='bbox 178 1878 350 1923; x_wconf 88' lang='lat' dir='ltr'><strong>tutum</strong></span> <span class='ocrx_word' id='word_1_237' title='bbox 383 1868 746 1923; x_wconf 82' lang='lat' dir='ltr'><strong>sacerdOtium</strong></span> <span class='ocrx_word' id='word_1_238' title='bbox 774 1865 874 1920; x_wconf 85' lang='lat' dir='ltr'><strong>sibi</strong></span> <span class='ocrx_word' id='word_1_239' title='bbox 903 1865 1262 1924; x_wconf 83' lang='lat' dir='ltr'><strong>retinuerunt,</strong></span> <span class='ocrx_word' id='word_1_240' title='bbox 1294 1856 1679 1914; x_wconf 85' lang='lat' dir='ltr'><strong>licctcadcndo</strong></span> <span class='ocrx_word' id='word_1_241' title='bbox 1706 1863 1764 1909; x_wconf 91' lang='lat' dir='ltr'><strong>et</strong></span> 
     </span>
    </p>
   </div>
   <div class='ocr_carea' id='block_1_35' title="bbox 179 1949 1767 2030">
    <p class='ocr_par' dir='ltr' id='par_1_35' title="bbox 179 1949 1767 2030">
     <span class='ocr_line' id='line_1_35' title="bbox 179 1949 1767 2030; baseline -0.009 -16"><span class='ocrx_word' id='word_1_242' title='bbox 179 1959 533 2030; x_wconf 85' lang='lat' dir='ltr'><strong>resurgendo,</strong></span> <span class='ocrx_word' id='word_1_243' title='bbox 559 1975 664 2014; x_wconf 92' lang='lat' dir='ltr'><strong>non</strong></span> <span class='ocrx_word' id='word_1_244' title='bbox 704 1957 804 2013; x_wconf 88' lang='lat' dir='ltr'><strong>nisi</strong></span> <span class='ocrx_word' id='word_1_245' title='bbox 838 1958 1323 2028; x_wconf 84' lang='lat' dir='ltr'><strong>septuagenariam,</strong></span> <span class='ocrx_word' id='word_1_246' title='bbox 1354 1961 1409 2006; x_wconf 89' lang='lat' dir='ltr'><strong>et</strong></span> <span class='ocrx_word' id='word_1_247' title='bbox 1447 1952 1586 2005; x_wconf 91' lang='lat' dir='ltr'><strong>hanc</strong></span> <span class='ocrx_word' id='word_1_248' title='bbox 1609 1949 1767 2020; x_wconf 89' lang='lat' dir='ltr'><strong>longo</strong></span> 
     </span>
    </p>
   </div>
   <div class='ocr_carea' id='block_1_36' title="bbox 178 2039 1767 2118">
    <p class='ocr_par' dir='ltr' id='par_1_36' title="bbox 178 2039 1767 2118">
     <span class='ocr_line' id='line_1_36' title="bbox 178 2039 1767 2118; baseline -0.007 -15"><span class='ocrx_word' id='word_1_249' title='bbox 178 2060 296 2118; x_wconf 89' lang='lat' dir='ltr'><strong>post</strong></span> <span class='ocrx_word' id='word_1_250' title='bbox 320 2049 444 2103; x_wconf 90' lang='lat' dir='ltr'><strong>illos</strong></span> <span class='ocrx_word' id='word_1_251' title='bbox 490 2058 763 2117; x_wconf 88' lang='lat' dir='ltr'><strong>tempore;</strong></span> <span class='ocrx_word' id='word_1_252' title='bbox 807 2061 870 2102; x_wconf 72' lang='lat' dir='ltr'><strong>ex</strong></span> <span class='ocrx_word' id='word_1_253' title='bbox 925 2061 1028 2116; x_wconf 90' lang='lat' dir='ltr'><strong>qua</strong></span> <span class='ocrx_word' id='word_1_254' title='bbox 1085 2057 1342 2113; x_wconf 90' lang='lat' dir='ltr'><strong>tanquam</strong></span> <span class='ocrx_word' id='word_1_255' title='bbox 1387 2039 1660 2097; x_wconf 90' lang='lat' dir='ltr'><strong>meliorati</strong></span> <span class='ocrx_word' id='word_1_256' title='bbox 1712 2047 1767 2092; x_wconf 89' lang='lat' dir='ltr'><strong>ct</strong></span> 
     </span>
    </p>
   </div>
   <div class='ocr_carea' id='block_1_37' title="bbox 181 2132 1768 2208">
    <p class='ocr_par' dir='ltr' id='par_1_37' title="bbox 181 2132 1768 2208">
     <span class='ocr_line' id='line_1_37' title="bbox 181 2132 1768 2208; baseline -0.004 -16"><span class='ocrx_word' id='word_1_257' title='bbox 181 2139 449 2204; x_wconf 84' lang='lat' dir='ltr'><strong>renovati,</strong></span> <span class='ocrx_word' id='word_1_258' title='bbox 503 2155 628 2194; x_wconf 91' lang='lat' dir='ltr'><strong>cum</strong></span> <span class='ocrx_word' id='word_1_259' title='bbox 686 2139 800 2208; x_wconf 85' lang='lat' dir='ltr'><strong>lege</strong></span> <span class='ocrx_word' id='word_1_260' title='bbox 849 2146 904 2192; x_wconf 89' lang='lat' dir='ltr'><strong>et</strong></span> <span class='ocrx_word' id='word_1_261' title='bbox 942 2137 1187 2207; x_wconf 83' lang='lat' dir='ltr'><strong>psalmis,</strong></span> <span class='ocrx_word' id='word_1_262' title='bbox 1241 2151 1364 2190; x_wconf 89' lang='lat' dir='ltr'><strong>cum</strong></span> <span class='ocrx_word' id='word_1_263' title='bbox 1396 2132 1768 2190; x_wconf 88' lang='lat' dir='ltr'><strong>sacerdotibus</strong></span> 
     </span>
    </p>
   </div>
   <div class='ocr_carea' id='block_1_38' title="bbox 177 2226 1760 2304">
    <p class='ocr_par' dir='ltr' id='par_1_38' title="bbox 177 2226 1760 2304">
     <span class='ocr_line' id='line_1_38' title="bbox 177 2226 1760 2304; baseline -0.004 -18"><span class='ocrx_word' id='word_1_264' title='bbox 177 2232 288 2287; x_wconf 85' lang='lat' dir='ltr'><strong>suis</strong></span> <span class='ocrx_word' id='word_1_265' title='bbox 344 2242 401 2288; x_wconf 90' lang='lat' dir='ltr'><strong>et</strong></span> <span class='ocrx_word' id='word_1_266' title='bbox 454 2233 750 2304; x_wconf 87' lang='lat' dir='ltr'><strong>prophetis,</strong></span> <span class='ocrx_word' id='word_1_267' title='bbox 789 2247 912 2286; x_wconf 89' lang='lat' dir='ltr'><strong>cum</strong></span> <span class='ocrx_word' id='word_1_268' title='bbox 962 2231 1091 2302; x_wconf 85' lang='lat' dir='ltr'><strong>ipsis</strong></span> <span class='ocrx_word' id='word_1_269' title='bbox 1121 2245 1336 2301; x_wconf 89' lang='lat' dir='ltr'><strong>quoque</strong></span> <span class='ocrx_word' id='word_1_270' title='bbox 1383 2228 1556 2283; x_wconf 86' lang='lat' dir='ltr'><strong>sacris</strong></span> <span class='ocrx_word' id='word_1_271' title='bbox 1598 2226 1760 2290; x_wconf 81' lang='lat' dir='ltr'><strong>vasis,</strong></span> 
     </span>
    </p>
   </div>
   <div class='ocr_carea' id='block_1_39' title="bbox 175 2319 1769 2396">
    <p class='ocr_par' dir='ltr' id='par_1_39' title="bbox 175 2319 1769 2396">
     <span class='ocr_line' id='line_1_39' title="bbox 175 2319 1769 2396; baseline -0.003 -20"><span class='ocrx_word' id='word_1_272' title='bbox 175 2323 533 2396; x_wconf 81' lang='lat' dir='ltr'><strong>plurimisque</strong></span> <span class='ocrx_word' id='word_1_273' title='bbox 602 2324 941 2380; x_wconf 88' lang='lat' dir='ltr'><strong>ethnicorum</strong></span> <span class='ocrx_word' id='word_1_274' title='bbox 995 2323 1294 2393; x_wconf 90' lang='lat' dir='ltr'><strong>principum</strong></span> <span class='ocrx_word' id='word_1_275' title='bbox 1343 2319 1583 2376; x_wconf 89' lang='lat' dir='ltr'><strong>donariis</strong></span> <span class='ocrx_word' id='word_1_276' title='bbox 1643 2325 1769 2372; x_wconf 87' lang='lat' dir='ltr'><strong>sunt</strong></span> 
     </span>
    </p>
   </div>
   <div class='ocr_carea' id='block_1_40' title="bbox 176 2409 1764 2488">
    <p class='ocr_par' dir='ltr' id='par_1_40' title="bbox 176 2409 1764 2488">
     <span class='ocr_line' id='line_1_40' title="bbox 176 2409 1764 2488; baseline -0.005 -20"><span class='ocrx_word' id='word_1_277' title='bbox 176 2416 403 2482; x_wconf 81' lang='lat' dir='ltr'><strong>reversi,</strong></span> <span class='ocrx_word' id='word_1_278' title='bbox 439 2415 695 2488; x_wconf 84' lang='lat' dir='ltr'><strong>templum</strong></span> <span class='ocrx_word' id='word_1_279' title='bbox 725 2423 779 2468; x_wconf 90' lang='lat' dir='ltr'><strong>et</strong></span> <span class='ocrx_word' id='word_1_280' title='bbox 843 2422 1081 2468; x_wconf 89' lang='lat' dir='ltr'><strong>sanctam</strong></span> <span class='ocrx_word' id='word_1_281' title='bbox 1110 2413 1384 2467; x_wconf 85' lang='lat' dir='ltr'><strong>civitatem</strong></span> <span class='ocrx_word' id='word_1_282' title='bbox 1426 2409 1764 2464; x_wconf 86' lang='lat' dir='ltr'><strong>restructuri.</strong></span> 
     </span>
    </p>
   </div>
   <div class='ocr_carea' id='block_1_41' title="bbox 173 2500 1768 2578">
    <p class='ocr_par' dir='ltr' id='par_1_41' title="bbox 173 2500 1768 2578">
     <span class='ocr_line' id='line_1_41' title="bbox 173 2500 1768 2578; baseline -0.004 -19"><span class='ocrx_word' id='word_1_283' title='bbox 173 2505 240 2559; x_wconf 82' lang='lat' dir='ltr'><strong>Et</strong></span> <span class='ocrx_word' id='word_1_284' title='bbox 264 2508 491 2578; x_wconf 87' lang='lat' dir='ltr'><strong>quidem</strong></span> <span class='ocrx_word' id='word_1_285' title='bbox 547 2507 674 2570; x_wconf 81' lang='lat' dir='ltr'><strong>illis,</strong></span> <span class='ocrx_word' id='word_1_286' title='bbox 720 2514 972 2574; x_wconf 89' lang='lat' dir='ltr'><strong>tanquam</strong></span> <span class='ocrx_word' id='word_1_287' title='bbox 1006 2503 1160 2556; x_wconf 77' lang='lat' dir='ltr'><strong>uxori</strong></span> <span class='ocrx_word' id='word_1_288' title='bbox 1209 2500 1559 2571; x_wconf 84' lang='lat' dir='ltr'><strong>pertinaciter</strong></span> <span class='ocrx_word' id='word_1_289' title='bbox 1590 2513 1768 2552; x_wconf 90' lang='lat' dir='ltr'><strong>mere-</strong></span> 
     </span>
    </p>
   </div>
   <div class='ocr_carea' id='block_1_42' title="bbox 177 2591 1772 2663">
    <p class='ocr_par' dir='ltr' id='par_1_42' title="bbox 177 2591 1772 2663">
     <span class='ocr_line' id='line_1_42' title="bbox 177 2591 1772 2663; baseline -0.004 -13"><span class='ocrx_word' id='word_1_290' title='bbox 177 2601 429 2661; x_wconf 86' lang='lat' dir='ltr'><strong>tricanti,</strong></span> <span class='ocrx_word' id='word_1_291' title='bbox 456 2599 601 2652; x_wconf 91' lang='lat' dir='ltr'><strong>dedit</strong></span> <span class='ocrx_word' id='word_1_292' title='bbox 628 2597 887 2651; x_wconf 85' lang='lat' dir='ltr'><strong>Dominus</strong></span> <span class='ocrx_word' id='word_1_293' title='bbox 931 2595 1097 2650; x_wconf 90' lang='lat' dir='ltr'><strong>semel</strong></span> <span class='ocrx_word' id='word_1_294' title='bbox 1151 2593 1391 2650; x_wconf 88' lang='lat' dir='ltr'><strong>libellum</strong></span> <span class='ocrx_word' id='word_1_295' title='bbox 1437 2591 1668 2663; x_wconf 86' lang='lat' dir='ltr'><strong>repudii,</strong></span> <span class='ocrx_word' id='word_1_296' title='bbox 1712 2599 1772 2644; x_wconf 89' lang='lat' dir='ltr'><strong>ut</strong></span> 
     </span>
    </p>
   </div>
   <div class='ocr_carea' id='block_1_43' title="bbox 169 2684 1772 2758">
    <p class='ocr_par' dir='ltr' id='par_1_43' title="bbox 169 2684 1772 2758">
     <span class='ocr_line' id='line_1_43' title="bbox 169 2684 1772 2758; baseline -0.006 -16"><span class='ocrx_word' id='word_1_297' title='bbox 169 2689 283 2758; x_wconf 88' lang='lat' dir='ltr'><strong>jam</strong></span> <span class='ocrx_word' id='word_1_298' title='bbox 325 2688 583 2742; x_wconf 90' lang='lat' dir='ltr'><strong>libidines</strong></span> <span class='ocrx_word' id='word_1_299' title='bbox 612 2702 738 2741; x_wconf 90' lang='lat' dir='ltr'><strong>suas</strong></span> <span class='ocrx_word' id='word_1_300' title='bbox 767 2685 983 2753; x_wconf 78' lang='lat' dir='ltr'><strong>expleat</strong></span> <span class='ocrx_word' id='word_1_301' title='bbox 1014 2685 1130 2738; x_wconf 87' lang='lat' dir='ltr'><strong>sine</strong></span> <span class='ocrx_word' id='word_1_302' title='bbox 1164 2684 1345 2753; x_wconf 89' lang='lat' dir='ltr'><strong>aliquo</strong></span> <span class='ocrx_word' id='word_1_303' title='bbox 1375 2690 1623 2751; x_wconf 87' lang='lat' dir='ltr'><strong>respectu</strong></span> <span class='ocrx_word' id='word_1_304' title='bbox 1655 2696 1772 2735; x_wconf 85' lang='lat' dir='ltr'><strong>ma-</strong></span> 
     </span>
    </p>
   </div>
   <div class='ocr_carea' id='block_1_44' title="bbox 174 2770 1775 2844">
    <p class='ocr_par' dir='ltr' id='par_1_44' title="bbox 174 2770 1775 2844">
     <span class='ocr_line' id='line_1_44' title="bbox 174 2770 1775 2844; baseline -0.006 -11"><span class='ocrx_word' id='word_1_305' title='bbox 174 2780 358 2833; x_wconf 82' lang='lat' dir='ltr'><strong>ritalis</strong></span> <span class='ocrx_word' id='word_1_306' title='bbox 406 2778 545 2843; x_wconf 86' lang='lat' dir='ltr'><strong>zeli;</strong></span> <span class='ocrx_word' id='word_1_307' title='bbox 577 2778 694 2832; x_wconf 90' lang='lat' dir='ltr'><strong>istis</strong></span> <span class='ocrx_word' id='word_1_308' title='bbox 745 2785 942 2839; x_wconf 89' lang='lat' dir='ltr'><strong>autem,</strong></span> <span class='ocrx_word' id='word_1_309' title='bbox 991 2784 1242 2844; x_wconf 87' lang='lat' dir='ltr'><strong>tanquam</strong></span> <span class='ocrx_word' id='word_1_310' title='bbox 1301 2770 1424 2828; x_wconf 86' lang='lat' dir='ltr'><strong>Iiliis</strong></span> <span class='ocrx_word' id='word_1_311' title='bbox 1478 2771 1693 2826; x_wconf 90' lang='lat' dir='ltr'><strong>lascivis</strong></span> <span class='ocrx_word' id='word_1_312' title='bbox 1720 2780 1775 2824; x_wconf 89' lang='lat' dir='ltr'><strong>et</strong></span> 
     </span>
    </p>
   </div>
   <div class='ocr_carea' id='block_1_45' title="bbox 173 2863 1770 2936">
    <p class='ocr_par' dir='ltr' id='par_1_45' title="bbox 173 2863 1770 2936">
     <span class='ocr_line' id='line_1_45' title="bbox 173 2863 1770 2936; baseline -0.005 -13"><span class='ocrx_word' id='word_1_313' title='bbox 173 2868 483 2933; x_wconf 82' lang='lat' dir='ltr'><strong>dissolutis,</strong></span> <span class='ocrx_word' id='word_1_314' title='bbox 539 2877 597 2921; x_wconf 92' lang='lat' dir='ltr'><strong>ut</strong></span> <span class='ocrx_word' id='word_1_315' title='bbox 650 2866 1060 2936; x_wconf 83' lang='lat' dir='ltr'><strong>resipiscerent,</strong></span> <span class='ocrx_word' id='word_1_316' title='bbox 1117 2881 1342 2935; x_wconf 85' lang='lat' dir='ltr'><strong>paterna</strong></span> <span class='ocrx_word' id='word_1_317' title='bbox 1377 2863 1583 2935; x_wconf 79' lang='lat' dir='ltr'><strong>ﬂagella</strong></span> <span class='ocrx_word' id='word_1_318' title='bbox 1617 2863 1770 2916; x_wconf 86' lang='lat' dir='ltr'><strong>adhi-</strong></span> 
     </span>
    </p>
   </div>
   <div class='ocr_carea' id='block_1_46' title="bbox 176 2954 1772 3030">
    <p class='ocr_par' dir='ltr' id='par_1_46' title="bbox 176 2954 1772 3030">
     <span class='ocr_line' id='line_1_46' title="bbox 176 2954 1772 3030; baseline -0.003 -16"><span class='ocrx_word' id='word_1_319' title='bbox 176 2961 317 3021; x_wconf 84' lang='lat' dir='ltr'><strong>buit,</strong></span> <span class='ocrx_word' id='word_1_320' title='bbox 363 2960 523 3030; x_wconf 80' lang='lat' dir='ltr'><strong>juxta</strong></span> <span class='ocrx_word' id='word_1_321' title='bbox 570 2959 713 3028; x_wconf 88' lang='lat' dir='ltr'><strong>quod</strong></span> <span class='ocrx_word' id='word_1_322' title='bbox 759 2974 856 3028; x_wconf 90' lang='lat' dir='ltr'><strong>per</strong></span> <span class='ocrx_word' id='word_1_323' title='bbox 905 2957 1222 3012; x_wconf 83' lang='lat' dir='ltr'><strong>Zachariam</strong></span> <span class='ocrx_word' id='word_1_324' title='bbox 1271 2957 1452 3012; x_wconf 89' lang='lat' dir='ltr'><strong>dicit:</strong></span> <span class='ocrx_word' id='word_1_325' title='bbox 1492 2976 1509 3008; x_wconf 75' lang='grc' dir='ltr'><strong>ι</strong></span> <span class='ocrx_word' id='word_1_326' title='bbox 1554 2954 1772 3010; x_wconf 84' lang='lat' dir='ltr'><strong>Zelatus</strong></span> 
     </span>
    </p>
   </div>
   <div class='ocr_carea' id='block_1_47' title="bbox 176 3048 1774 3121">
    <p class='ocr_par' dir='ltr' id='par_1_47' title="bbox 176 3048 1774 3121">
     <span class='ocr_line' id='line_1_47' title="bbox 176 3048 1774 3121; baseline -0.002 -14"><span class='ocrx_word' id='word_1_327' title='bbox 176 3068 295 3107; x_wconf 85' lang='lat' dir='ltr'><strong>s::m</strong></span> <span class='ocrx_word' id='word_1_328' title='bbox 325 3051 459 3106; x_wconf 87' lang='lat' dir='ltr'><strong>Sion</strong></span> <span class='ocrx_word' id='word_1_329' title='bbox 491 3050 607 3106; x_wconf 90' lang='lat' dir='ltr'><strong>zelo</strong></span> <span class='ocrx_word' id='word_1_330' title='bbox 639 3065 849 3121; x_wconf 75' lang='lat' dir='ltr'><strong>magno.</strong></span> <span class='ocrx_word' id='word_1_331' title='bbox 876 3059 929 3105; x_wconf 92' lang='lat' dir='ltr'><strong>cl</strong></span> <span class='ocrx_word' id='word_1_332' title='bbox 952 3049 1315 3121; x_wconf 79' lang='lat' dir='ltr'><strong>indignatione</strong></span> <span class='ocrx_word' id='word_1_333' title='bbox 1347 3065 1536 3121; x_wconf 90' lang='lat' dir='ltr'><strong>magna</strong></span> <span class='ocrx_word' id='word_1_334' title='bbox 1568 3048 1774 3104; x_wconf 86' lang='lat' dir='ltr'><strong>zelatus</strong></span> 
     </span>
    </p>
   </div>
   <div class='ocr_carea' id='block_1_48' title="bbox 175 3142 1774 3198">
    <p class='ocr_par' dir='ltr' id='par_1_48' title="bbox 175 3142 1774 3198">
     <span class='ocr_line' id='line_1_48' title="bbox 175 3142 1774 3198; baseline -0.001 -1"><span class='ocrx_word' id='word_1_335' title='bbox 175 3157 295 3197; x_wconf 79' lang='lat' dir='ltr'><strong>Sltm</strong></span> <span class='ocrx_word' id='word_1_336' title='bbox 328 3159 475 3198; x_wconf 85' lang='lat' dir='ltr'><strong>eam.</strong></span> <span class='ocrx_word' id='word_1_337' title='bbox 526 3143 649 3197; x_wconf 75' lang='lat' dir='ltr'><strong>lltec</strong></span> <span class='ocrx_word' id='word_1_338' title='bbox 677 3143 806 3197; x_wconf 83' lang='lat' dir='ltr'><strong>dicit</strong></span> <span class='ocrx_word' id='word_1_339' title='bbox 832 3143 1088 3197; x_wconf 89' lang='lat' dir='ltr'><strong>Dominus</strong></span> <span class='ocrx_word' id='word_1_340' title='bbox 1113 3143 1472 3198; x_wconf 65' lang='lat' dir='ltr'><strong>exercituum.</strong></span> <span class='ocrx_word' id='word_1_341' title='bbox 1504 3142 1774 3197; x_wconf 80' lang='lat' dir='ltr'><strong>Reversus</strong></span> 
     </span>
    </p>
   </div>
   <div class='ocr_carea' id='block_1_49' title="bbox 177 3234 1775 3301">
    <p class='ocr_par' dir='ltr' id='par_1_49' title="bbox 177 3234 1775 3301">
     <span class='ocr_line' id='line_1_49' title="bbox 177 3234 1775 3301; baseline 0.001 -12"><span class='ocrx_word' id='word_1_342' title='bbox 177 3251 298 3289; x_wconf 84' lang='lat' dir='ltr'><strong>sum</strong></span> <span class='ocrx_word' id='word_1_343' title='bbox 350 3236 421 3289; x_wconf 89' lang='lat' dir='ltr'><strong>ad</strong></span> <span class='ocrx_word' id='word_1_344' title='bbox 481 3235 608 3290; x_wconf 88' lang='lat' dir='ltr'><strong>Sion</strong></span> <span class='ocrx_word' id='word_1_345' title='bbox 663 3245 719 3290; x_wconf 86' lang='lat' dir='ltr'><strong>et</strong></span> <span class='ocrx_word' id='word_1_346' title='bbox 767 3235 1018 3290; x_wconf 88' lang='lat' dir='ltr'><strong>habitabo</strong></span> <span class='ocrx_word' id='word_1_347' title='bbox 1051 3236 1103 3290; x_wconf 90' lang='lat' dir='ltr'><strong>in</strong></span> <span class='ocrx_word' id='word_1_348' title='bbox 1147 3235 1323 3291; x_wconf 91' lang='lat' dir='ltr'><strong>medio</strong></span> <span class='ocrx_word' id='word_1_349' title='bbox 1363 3234 1687 3301; x_wconf 79' lang='lat' dir='ltr'><strong>Jerusalem,</strong></span> <span class='ocrx_word' id='word_1_350' title='bbox 1717 3245 1775 3290; x_wconf 83' lang='lat' dir='ltr'><strong>et</strong></span> 
     </span>
    </p>
   </div>
   <div class='ocr_carea' id='block_1_50' title="bbox 179 3324 1772 3392">
    <p class='ocr_par' dir='ltr' id='par_1_50' title="bbox 179 3324 1772 3392">
     <span class='ocr_line' id='line_1_50' title="bbox 179 3324 1772 3392; baseline -0.001 -10"><span class='ocrx_word' id='word_1_351' title='bbox 179 3327 473 3382; x_wconf 69' lang='lat' dir='ltr'><strong>vzzcabitttr</strong></span> <span class='ocrx_word' id='word_1_352' title='bbox 501 3324 799 3381; x_wconf 84' lang='lat' dir='ltr'><strong>Jerusalem</strong></span> <span class='ocrx_word' id='word_1_353' title='bbox 837 3326 1041 3381; x_wconf 87' lang='lat' dir='ltr'><strong>Civitas</strong></span> <span class='ocrx_word' id='word_1_354' title='bbox 1088 3328 1354 3392; x_wconf 88' lang='lat' dir='ltr'><strong>veritatis,</strong></span> <span class='ocrx_word' id='word_1_355' title='bbox 1392 3326 1543 3382; x_wconf 78' lang='lat' dir='ltr'><strong>Mons</strong></span> <span class='ocrx_word' id='word_1_356' title='bbox 1564 3328 1772 3382; x_wconf 89' lang='lat' dir='ltr'><strong>Domini</strong></span> 
     </span>
    </p>
   </div>
   <div class='ocr_carea' id='block_1_51' title="bbox 173 3416 1768 3490">
    <p class='ocr_par' dir='ltr' id='par_1_51' title="bbox 173 3416 1768 3490">
     <span class='ocr_line' id='line_1_51' title="bbox 173 3416 1768 3490; baseline -0.001 -19"><span class='ocrx_word' id='word_1_357' title='bbox 173 3419 551 3482; x_wconf 78' lang='lat' dir='ltr'><strong>exercituum,</strong></span> <span class='ocrx_word' id='word_1_358' title='bbox 587 3417 736 3472; x_wconf 82' lang='lat' dir='ltr'><strong>Mons</strong></span> <span class='ocrx_word' id='word_1_359' title='bbox 784 3417 1151 3473; x_wconf 77' lang='lat' dir='ltr'><strong>sanctificatus</strong></span> <span class='ocrx_word' id='word_1_360' title='bbox 1179 3416 1363 3490; x_wconf 83' lang='lat' dir='ltr'><strong>(Zach.</strong></span> <span class='ocrx_word' id='word_1_361' title='bbox 1402 3434 1533 3485; x_wconf 84' lang='lat' dir='ltr'><strong>vm,</strong></span> <span class='ocrx_word' id='word_1_362' title='bbox 1561 3418 1618 3482; x_wconf 76' lang='lat'><strong>2,</strong></span> <span class='ocrx_word' id='word_1_363' title='bbox 1643 3418 1719 3488; x_wconf 75' lang='grc'><strong>5).</strong></span> <span class='ocrx_word' id='word_1_364' title='bbox 1752 3439 1768 3469; x_wconf 74' lang='grc' dir='ltr'><strong>ι</strong></span> 
     </span>
    </p>
   </div>
   <div class='ocr_carea' id='block_1_52' title="bbox 176 3507 1775 3580">
    <p class='ocr_par' dir='ltr' id='par_1_52' title="bbox 176 3507 1775 3580">
     <span class='ocr_line' id='line_1_52' title="bbox 176 3507 1775 3580; baseline 0.002 -21"><span class='ocrx_word' id='word_1_365' title='bbox 176 3509 336 3575; x_wconf 87' lang='lat' dir='ltr'><strong>Quod</strong></span> <span class='ocrx_word' id='word_1_366' title='bbox 369 3525 498 3562; x_wconf 90' lang='lat' dir='ltr'><strong>cum</strong></span> <span class='ocrx_word' id='word_1_367' title='bbox 528 3523 595 3563; x_wconf 80' lang='lat' dir='ltr'><strong>ex</strong></span> <span class='ocrx_word' id='word_1_368' title='bbox 623 3508 804 3564; x_wconf 89' lang='lat' dir='ltr'><strong>multis</strong></span> <span class='ocrx_word' id='word_1_369' title='bbox 831 3507 970 3574; x_wconf 87' lang='lat' dir='ltr'><strong>aliis,</strong></span> <span class='ocrx_word' id='word_1_370' title='bbox 1001 3518 1128 3563; x_wconf 91' lang='lat' dir='ltr'><strong>tunc</strong></span> <span class='ocrx_word' id='word_1_371' title='bbox 1153 3524 1218 3563; x_wconf 82' lang='lat' dir='ltr'><strong>ex</strong></span> <span class='ocrx_word' id='word_1_372' title='bbox 1265 3510 1367 3564; x_wconf 92' lang='lat' dir='ltr'><strong>hoc</strong></span> <span class='ocrx_word' id='word_1_373' title='bbox 1397 3525 1504 3564; x_wconf 90' lang='lat' dir='ltr'><strong>uno</strong></span> <span class='ocrx_word' id='word_1_374' title='bbox 1527 3518 1775 3580; x_wconf 89' lang='lat' dir='ltr'><strong>patenter</strong></span> 
     </span>
    </p>
   </div>
   <div class='ocr_carea' id='block_1_53' title="bbox 175 3596 1771 3669">
    <p class='ocr_par' dir='ltr' id='par_1_53' title="bbox 175 3596 1771 3669">
     <span class='ocr_line' id='line_1_53' title="bbox 175 3596 1771 3669; baseline -0.001 -17"><span class='ocrx_word' id='word_1_375' title='bbox 175 3598 362 3669; x_wconf 77' lang='lat' dir='ltr'><strong>colligi</strong></span> <span class='ocrx_word' id='word_1_376' title='bbox 400 3606 605 3667; x_wconf 88' lang='lat' dir='ltr'><strong>potest,</strong></span> <span class='ocrx_word' id='word_1_377' title='bbox 639 3598 763 3668; x_wconf 87' lang='lat' dir='ltr'><strong>quia</strong></span> <span class='ocrx_word' id='word_1_378' title='bbox 813 3598 1063 3668; x_wconf 88' lang='lat' dir='ltr'><strong>quamvis</strong></span> <span class='ocrx_word' id='word_1_379' title='bbox 1095 3596 1382 3653; x_wconf 79' lang='lat' dir='ltr'><strong>Jeroboam</strong></span> <span class='ocrx_word' id='word_1_380' title='bbox 1411 3599 1771 3653; x_wconf 85' lang='lat' dir='ltr'><strong>sacerdotium</strong></span> 
     </span>
    </p>
   </div>
   <div class='ocr_carea' id='block_1_54' title="bbox 175 3689 1770 3760">
    <p class='ocr_par' dir='ltr' id='par_1_54' title="bbox 175 3689 1770 3760">
     <span class='ocr_line' id='line_1_54' title="bbox 175 3689 1770 3760; baseline -0.001 -16"><span class='ocrx_word' id='word_1_381' title='bbox 175 3689 373 3746; x_wconf 85' lang='lat' dir='ltr'><strong>decem</strong></span> <span class='ocrx_word' id='word_1_382' title='bbox 401 3691 666 3754; x_wconf 91' lang='lat' dir='ltr'><strong>tribuum,</strong></span> <span class='ocrx_word' id='word_1_383' title='bbox 699 3691 892 3760; x_wconf 87' lang='lat' dir='ltr'><strong>quibus</strong></span> <span class='ocrx_word' id='word_1_384' title='bbox 918 3698 1196 3760; x_wconf 66' lang='lat' dir='ltr'><strong>praeesset,</strong></span> <span class='ocrx_word' id='word_1_385' title='bbox 1227 3690 1327 3745; x_wconf 85' lang='lat' dir='ltr'><strong>sibi</strong></span> <span class='ocrx_word' id='word_1_386' title='bbox 1351 3690 1770 3760; x_wconf 70' lang='lat' dir='ltr'><strong>prms’umpscrit,</strong></span> 
     </span>
    </p>
   </div>
   <div class='ocr_carea' id='block_1_55' title="bbox 177 3782 1771 3854">
    <p class='ocr_par' dir='ltr' id='par_1_55' title="bbox 177 3782 1771 3854">
     <span class='ocr_line' id='line_1_55' title="bbox 177 3782 1771 3854; baseline 0.001 -19"><span class='ocrx_word' id='word_1_387' title='bbox 177 3796 348 3852; x_wconf 86' lang='lat' dir='ltr'><strong>super</strong></span> <span class='ocrx_word' id='word_1_388' title='bbox 406 3784 582 3838; x_wconf 89' lang='lat' dir='ltr'><strong>altare</strong></span> <span class='ocrx_word' id='word_1_389' title='bbox 628 3782 812 3838; x_wconf 87' lang='lat' dir='ltr'><strong>Bethel</strong></span> <span class='ocrx_word' id='word_1_390' title='bbox 866 3784 1058 3838; x_wconf 87' lang='lat' dir='ltr'><strong>stando</strong></span> <span class='ocrx_word' id='word_1_391' title='bbox 1089 3793 1144 3838; x_wconf 86' lang='lat' dir='ltr'><strong>et</strong></span> <span class='ocrx_word' id='word_1_392' title='bbox 1178 3785 1336 3838; x_wconf 87' lang='lat' dir='ltr'><strong>thura</strong></span> <span class='ocrx_word' id='word_1_393' title='bbox 1373 3784 1626 3854; x_wconf 84' lang='lat' dir='ltr'><strong>jaeiendo</strong></span> <span class='ocrx_word' id='word_1_394' title='bbox 1653 3783 1771 3853; x_wconf 85' lang='lat' dir='ltr'><strong>(III</strong></span> 
     </span>
    </p>
   </div>
   <div class='ocr_carea' id='block_1_56' title="bbox 177 3871 1774 3945">
    <p class='ocr_par' dir='ltr' id='par_1_56' title="bbox 177 3871 1774 3945">
     <span class='ocr_line' id='line_1_56' title="bbox 177 3871 1774 3945; baseline 0.001 -20"><span class='ocrx_word' id='word_1_395' title='bbox 177 3871 304 3944; x_wconf 62' lang='lat' dir='ltr'><strong>Reg.</strong></span> <span class='ocrx_word' id='word_1_396' title='bbox 361 3890 497 3939; x_wconf 60' lang='grc' dir='ltr'>χιιι,</span> <span class='ocrx_word' id='word_1_397' title='bbox 533 3874 616 3945; x_wconf 88' lang='lat' dir='ltr'><strong>l),</strong></span> <span class='ocrx_word' id='word_1_398' title='bbox 650 3874 794 3928; x_wconf 86' lang='lat' dir='ltr'><strong>nulla</strong></span> <span class='ocrx_word' id='word_1_399' title='bbox 843 3883 1021 3930; x_wconf 84' lang='lat' dir='ltr'><strong>tamen</strong></span> <span class='ocrx_word' id='word_1_400' title='bbox 1059 3874 1252 3930; x_wconf 79' lang='lat' dir='ltr'><strong>visibili</strong></span> <span class='ocrx_word' id='word_1_401' title='bbox 1299 3873 1453 3945; x_wconf 89' lang='lat' dir='ltr'><strong>plaga</strong></span> <span class='ocrx_word' id='word_1_402' title='bbox 1489 3889 1774 3943; x_wconf 89' lang='lat' dir='ltr'><strong>percussus</strong></span> 
     </span>
    </p>
   </div>
   <div class='ocr_carea' id='block_1_57' title="bbox 176 3968 688 4020">
    <p class='ocr_par' dir='ltr' id='par_1_57' title="bbox 176 3968 688 4020">
     <span class='ocr_line' id='line_1_57' title="bbox 176 3968 688 4020; baseline 0.002 -1"><span class='ocrx_word' id='word_1_403' title='bbox 176 3968 381 4020; x_wconf 53' lang='lat' dir='ltr'><strong>cras}.</strong></span> <span class='ocrx_word' id='word_1_404' title='bbox 667 3972 688 3994; x_wconf 60' lang='grc' dir='ltr'><em>ί</em></span> 
     </span>
    </p>
   </div>
   <div class='ocr_carea' id='block_1_58' title="bbox 251 4055 1775 4126">
    <p class='ocr_par' dir='ltr' id='par_1_58' title="bbox 251 4055 1775 4126">
     <span class='ocr_line' id='line_1_58' title="bbox 251 4055 1775 4126; baseline -0.001 -16"><span class='ocrx_word' id='word_1_405' title='bbox 251 4056 446 4110; x_wconf 56' lang='lat' dir='ltr'><strong>Purro‘</strong></span> <span class='ocrx_word' id='word_1_406' title='bbox 490 4055 670 4121; x_wconf 88' lang='lat' dir='ltr'><strong>Ozias,</strong></span> <span class='ocrx_word' id='word_1_407' title='bbox 721 4072 814 4111; x_wconf 81' lang='lat' dir='ltr'><strong>rex</strong></span> <span class='ocrx_word' id='word_1_408' title='bbox 850 4056 1010 4122; x_wconf 63' lang='lat' dir='ltr'><strong>J‘uda,</strong></span> <span class='ocrx_word' id='word_1_409' title='bbox 1051 4072 1174 4112; x_wconf 90' lang='lat' dir='ltr'><strong>cum</strong></span> <span class='ocrx_word' id='word_1_410' title='bbox 1209 4057 1282 4122; x_wconf 91' lang='lat' dir='ltr'><strong>id,</strong></span> <span class='ocrx_word' id='word_1_411' title='bbox 1321 4071 1628 4126; x_wconf 86' lang='lat' dir='ltr'><strong>quanquam</strong></span> <span class='ocrx_word' id='word_1_412' title='bbox 1661 4056 1775 4111; x_wconf 83' lang='lat' dir='ltr'><strong>zelo</strong></span> 
     </span>
    </p>
   </div>
   <div class='ocr_carea' id='block_1_59' title="bbox 180 4148 1775 4220">
    <p class='ocr_par' dir='ltr' id='par_1_59' title="bbox 180 4148 1775 4220">
     <span class='ocr_line' id='line_1_59' title="bbox 180 4148 1775 4220; baseline -0.003 -14"><span class='ocrx_word' id='word_1_413' title='bbox 180 4151 274 4207; x_wconf 84' lang='lat' dir='ltr'><strong>Dei</strong></span> <span class='ocrx_word' id='word_1_414' title='bbox 301 4151 605 4206; x_wconf 87' lang='lat' dir='ltr'><strong>indiscrete</strong></span> <span class='ocrx_word' id='word_1_415' title='bbox 659 4149 892 4214; x_wconf 82' lang='lat' dir='ltr'><strong>fervens,</strong></span> <span class='ocrx_word' id='word_1_416' title='bbox 947 4157 1261 4213; x_wconf 86' lang='lat' dir='ltr'><strong>attentaret,</strong></span> <span class='ocrx_word' id='word_1_417' title='bbox 1311 4148 1456 4220; x_wconf 88' lang='lat' dir='ltr'><strong>lepra</strong></span> <span class='ocrx_word' id='word_1_418' title='bbox 1490 4163 1775 4219; x_wconf 87' lang='lat' dir='ltr'><strong>percussus</strong></span> 
     </span>
    </p>
   </div>
   <div class='ocr_carea' id='block_1_60' title="bbox 178 4239 1775 4312">
    <p class='ocr_par' dir='ltr' id='par_1_60' title="bbox 178 4239 1775 4312">
     <span class='ocr_line' id='line_1_60' title="bbox 178 4239 1775 4312; baseline -0.001 -17"><span class='ocrx_word' id='word_1_419' title='bbox 178 4250 286 4308; x_wconf 72' lang='lat' dir='ltr'><strong>est,</strong></span> <span class='ocrx_word' id='word_1_420' title='bbox 311 4243 486 4298; x_wconf 90' lang='lat' dir='ltr'><strong>etiam</strong></span> <span class='ocrx_word' id='word_1_421' title='bbox 519 4240 832 4312; x_wconf 88' lang='lat' dir='ltr'><strong>priusquam</strong></span> <span class='ocrx_word' id='word_1_422' title='bbox 877 4243 942 4295; x_wconf 89' lang='lat' dir='ltr'><strong>ad</strong></span> <span class='ocrx_word' id='word_1_423' title='bbox 991 4241 1160 4295; x_wconf 88' lang='lat' dir='ltr'><strong>altare</strong></span> <span class='ocrx_word' id='word_1_424' title='bbox 1191 4240 1394 4295; x_wconf 88' lang='lat' dir='ltr'><strong>incensi</strong></span> <span class='ocrx_word' id='word_1_425' title='bbox 1433 4255 1554 4294; x_wconf 89' lang='lat' dir='ltr'><strong>cum</strong></span> <span class='ocrx_word' id='word_1_426' title='bbox 1606 4239 1775 4294; x_wconf 83' lang='lat' dir='ltr'><strong>thuri-</strong></span> 
     </span>
    </p>
   </div>
   <div class='ocr_carea' id='block_1_61' title="bbox 180 4328 1771 4404">
    <p class='ocr_par' dir='ltr' id='par_1_61' title="bbox 180 4328 1771 4404">
     <span class='ocr_line' id='line_1_61' title="bbox 180 4328 1771 4404; baseline -0.003 -17"><span class='ocrx_word' id='word_1_427' title='bbox 180 4333 329 4400; x_wconf 79' lang='lat' dir='ltr'><strong>bulo,</strong></span> <span class='ocrx_word' id='word_1_428' title='bbox 363 4334 512 4404; x_wconf 86' lang='lat' dir='ltr'><strong>quod</strong></span> <span class='ocrx_word' id='word_1_429' title='bbox 538 4333 710 4387; x_wconf 87' lang='lat' dir='ltr'><strong>solum</strong></span> <span class='ocrx_word' id='word_1_430' title='bbox 730 4333 843 4404; x_wconf 90' lang='lat' dir='ltr'><strong>jam</strong></span> <span class='ocrx_word' id='word_1_431' title='bbox 867 4332 1192 4404; x_wconf 90' lang='lat' dir='ltr'><strong>arripuerat,</strong></span> <span class='ocrx_word' id='word_1_432' title='bbox 1217 4332 1499 4386; x_wconf 88' lang='lat' dir='ltr'><strong>accederet</strong></span> <span class='ocrx_word' id='word_1_433' title='bbox 1524 4329 1577 4403; x_wconf 91' lang='grc'><strong>(1</strong></span> <span class='ocrx_word' id='word_1_434' title='bbox 1586 4330 1612 4384; x_wconf 94' lang='lat' dir='ltr'><strong>l</strong></span> <span class='ocrx_word' id='word_1_435' title='bbox 1643 4328 1771 4383; x_wconf 81' lang='lat' dir='ltr'><strong>Par.</strong></span> 
     </span>
    </p>
   </div>
   <div class='ocr_carea' id='block_1_62' title="bbox 1868 1841 3450 1921">
    <p class='ocr_par' dir='ltr' id='par_1_62' title="bbox 1868 1841 3450 1921">
     <span class='ocr_line' id='line_1_62' title="bbox 1868 1841 3450 1921; baseline 0.012 -29"><span class='ocrx_word' id='word_1_436' title='bbox 1868 1841 2030 1905; x_wconf 88' lang='lat' dir='ltr'><strong>labia,</strong></span> <span class='ocrx_word' id='word_1_437' title='bbox 2068 1851 2196 1896; x_wconf 90' lang='lat' dir='ltr'><strong>tunc</strong></span> <span class='ocrx_word' id='word_1_438' title='bbox 2237 1842 2516 1915; x_wconf 84' lang='lat' dir='ltr'><strong>indignum</strong></span> <span class='ocrx_word' id='word_1_439' title='bbox 2565 1855 2618 1901; x_wconf 89' lang='lat' dir='ltr'><strong>te</strong></span> <span class='ocrx_word' id='word_1_440' title='bbox 2644 1862 2767 1903; x_wconf 88' lang='lat' dir='ltr'><strong>esse</strong></span> <span class='ocrx_word' id='word_1_441' title='bbox 2793 1852 3075 1921; x_wconf 79' lang='lat' dir='ltr'><strong>cognoscis</strong></span> <span class='ocrx_word' id='word_1_442' title='bbox 3095 1854 3300 1910; x_wconf 88' lang='lat' dir='ltr'><strong>visione</strong></span> <span class='ocrx_word' id='word_1_443' title='bbox 3334 1857 3450 1911; x_wconf 93' lang='lat' dir='ltr'><strong>Dei.</strong></span> 
     </span>
    </p>
   </div>
   <div class='ocr_carea' id='block_1_63' title="bbox 1869 1929 3452 2011">
    <p class='ocr_par' dir='ltr' id='par_1_63' title="bbox 1869 1929 3452 2011">
     <span class='ocr_line' id='line_1_63' title="bbox 1869 1929 3452 2011; baseline 0.012 -28"><span class='ocrx_word' id='word_1_444' title='bbox 1869 1929 2035 1985; x_wconf 88' lang='lat' dir='ltr'><strong>Isaias</strong></span> <span class='ocrx_word' id='word_1_445' title='bbox 2061 1930 2238 1999; x_wconf 91' lang='lat' dir='ltr'><strong>justus</strong></span> <span class='ocrx_word' id='word_1_446' title='bbox 2269 1942 2326 1986; x_wconf 92' lang='lat' dir='ltr'><strong>ut</strong></span> <span class='ocrx_word' id='word_1_447' title='bbox 2351 1943 2560 1989; x_wconf 89' lang='lat' dir='ltr'><strong>tantum</strong></span> <span class='ocrx_word' id='word_1_448' title='bbox 2593 1937 2643 1990; x_wconf 92' lang='lat' dir='ltr'><strong>iu</strong></span> <span class='ocrx_word' id='word_1_449' title='bbox 2674 1953 2921 1996; x_wconf 85' lang='lat' dir='ltr'><strong>sermone</strong></span> <span class='ocrx_word' id='word_1_450' title='bbox 2948 1955 3297 2011; x_wconf 86' lang='lat' dir='ltr'><strong>peccaverat;</strong></span> <span class='ocrx_word' id='word_1_451' title='bbox 3332 1948 3452 2001; x_wconf 85' lang='lat' dir='ltr'><strong>ideo</strong></span> 
     </span>
    </p>
   </div>
   <div class='ocr_carea' id='block_1_64' title="bbox 1869 2021 3452 2108">
    <p class='ocr_par' dir='ltr' id='par_1_64' title="bbox 1869 2021 3452 2108">
     <span class='ocr_line' id='line_1_64' title="bbox 1869 2021 3452 2108; baseline 0.011 -32"><span class='ocrx_word' id='word_1_452' title='bbox 1869 2021 1982 2076; x_wconf 92' lang='lat' dir='ltr'><strong>sola</strong></span> <span class='ocrx_word' id='word_1_453' title='bbox 2034 2021 2174 2078; x_wconf 87' lang='lat' dir='ltr'><strong>labia</strong></span> <span class='ocrx_word' id='word_1_454' title='bbox 2212 2024 2447 2080; x_wconf 88' lang='lat' dir='ltr'><strong>habebat</strong></span> <span class='ocrx_word' id='word_1_455' title='bbox 2497 2028 2792 2096; x_wconf 86' lang='lat' dir='ltr'><strong>inunuuda,</strong></span> <span class='ocrx_word' id='word_1_456' title='bbox 2826 2042 3107 2101; x_wconf 87' lang='lat' dir='ltr'><strong>quantum,</strong></span> <span class='ocrx_word' id='word_1_457' title='bbox 3156 2052 3256 2108; x_wconf 89' lang='lat' dir='ltr'><strong>ego</strong></span> <span class='ocrx_word' id='word_1_458' title='bbox 3303 2040 3452 2094; x_wconf 80' lang='lat' dir='ltr'><strong>arbi-</strong></span> 
     </span>
    </p>
   </div>
   <div class='ocr_carea' id='block_1_65' title="bbox 1871 2115 3450 2190">
    <p class='ocr_par' dir='ltr' id='par_1_65' title="bbox 1871 2115 3450 2190">
     <span class='ocr_line' id='line_1_65' title="bbox 1871 2115 3450 2190; baseline 0.013 -23"><span class='ocrx_word' id='word_1_459' title='bbox 1871 2123 2008 2181; x_wconf 47' lang='lat' dir='ltr'><strong>tror»,</strong></span> <span class='ocrx_word' id='word_1_460' title='bbox 2039 2117 2163 2186; x_wconf 87' lang='lat' dir='ltr'><strong>quia</strong></span> <span class='ocrx_word' id='word_1_461' title='bbox 2200 2115 2390 2173; x_wconf 84' lang='lat' dir='ltr'><strong>Oziam</strong></span> <span class='ocrx_word' id='word_1_462' title='bbox 2431 2119 2485 2174; x_wconf 88' lang='lat' dir='ltr'><strong>in</strong></span> <span class='ocrx_word' id='word_1_463' title='bbox 2530 2122 2785 2190; x_wconf 88' lang='lat' dir='ltr'><strong>templum</strong></span> <span class='ocrx_word' id='word_1_464' title='bbox 2816 2124 3114 2185; x_wconf 85' lang='lat' dir='ltr'><strong>irruentem</strong></span> <span class='ocrx_word' id='word_1_465' title='bbox 3142 2146 3247 2186; x_wconf 92' lang='lat' dir='ltr'><strong>non</strong></span> <span class='ocrx_word' id='word_1_466' title='bbox 3279 2132 3450 2187; x_wconf 80' lang='lat' dir='ltr'><strong>corri-</strong></span> 
     </span>
    </p>
   </div>
   <div class='ocr_carea' id='block_1_66' title="bbox 1868 2208 3456 2284">
    <p class='ocr_par' dir='ltr' id='par_1_66' title="bbox 1868 2208 3456 2284">
     <span class='ocr_line' id='line_1_66' title="bbox 1868 2208 3456 2284; baseline 0.011 -25"><span class='ocrx_word' id='word_1_467' title='bbox 1868 2216 2078 2276; x_wconf 87' lang='lat' dir='ltr'><strong>puerat,</strong></span> <span class='ocrx_word' id='word_1_468' title='bbox 2123 2223 2221 2262; x_wconf 87' lang='lat' dir='ltr'><strong>nec</strong></span> <span class='ocrx_word' id='word_1_469' title='bbox 2256 2208 2412 2278; x_wconf 79' lang='lat' dir='ltr'><strong>juxta</strong></span> <span class='ocrx_word' id='word_1_470' title='bbox 2471 2211 2598 2264; x_wconf 65' lang='lat' dir='ltr'><strong>Elia:</strong></span> <span class='ocrx_word' id='word_1_471' title='bbox 2627 2215 2933 2284; x_wconf 81' lang='lat' dir='ltr'><strong>exemplum</strong></span> <span class='ocrx_word' id='word_1_472' title='bbox 2985 2217 3152 2276; x_wconf 86' lang='lat' dir='ltr'><strong>libera</strong></span> <span class='ocrx_word' id='word_1_473' title='bbox 3191 2237 3320 2276; x_wconf 86' lang='lat' dir='ltr'><strong>voce</strong></span> <span class='ocrx_word' id='word_1_474' title='bbox 3353 2223 3456 2276; x_wconf 80' lang='lat' dir='ltr'><strong>im-</strong></span> 
     </span>
    </p>
   </div>
   <div class='ocr_carea' id='block_1_67' title="bbox 1869 2300 2500 2372">
    <p class='ocr_par' dir='ltr' id='par_1_67' title="bbox 1869 2300 2500 2372">
     <span class='ocr_line' id='line_1_67' title="bbox 1869 2300 2500 2372; baseline 0.006 -20"><span class='ocrx_word' id='word_1_475' title='bbox 1869 2300 2016 2368; x_wconf 89' lang='lat' dir='ltr'><strong>pium</strong></span> <span class='ocrx_word' id='word_1_476' title='bbox 2059 2301 2457 2372; x_wconf 85' lang='lat' dir='ltr'><strong>designaverat.</strong></span> <span class='ocrx_word' id='word_1_477' title='bbox 2481 2322 2500 2356; x_wconf 77' lang='grc' dir='ltr'><strong>ι</strong></span> 
     </span>
    </p>
   </div>
   <div class='ocr_carea' id='block_1_68' title="bbox 2449 2394 2838 2453">
    <p class='ocr_par' dir='ltr' id='par_1_68' title="bbox 2449 2394 2838 2453">
     <span class='ocr_line' id='line_1_68' title="bbox 2449 2394 2838 2453; baseline 0.008 -3"><span class='ocrx_word' id='word_1_478' title='bbox 2449 2394 2680 2453; x_wconf 83' lang='lat' dir='ltr'><strong>CAPUT</strong></span> <span class='ocrx_word' id='word_1_479' title='bbox 2720 2397 2838 2453; x_wconf 81' lang='lat' dir='ltr'><strong>XIV</strong></span> 
     </span>
    </p>
   </div>
   <div class='ocr_carea' id='block_1_69' title="bbox 2162 2480 3168 2562">
    <p class='ocr_par' dir='ltr' id='par_1_69' title="bbox 2162 2480 3168 2562">
     <span class='ocr_line' id='line_1_69' title="bbox 2162 2480 3168 2562; baseline 0.015 -27"><span class='ocrx_word' id='word_1_480' title='bbox 2162 2480 2236 2536; x_wconf 82' lang='lat' dir='ltr'><strong>De</strong></span> <span class='ocrx_word' id='word_1_481' title='bbox 2273 2487 2678 2554; x_wconf 71' lang='lat' dir='ltr'><strong>pra&#39;snmptione</strong></span> <span class='ocrx_word' id='word_1_482' title='bbox 2709 2485 2885 2542; x_wconf 80' lang='lat' dir='ltr'><strong>Saulis</strong></span> <span class='ocrx_word' id='word_1_483' title='bbox 2917 2501 2965 2545; x_wconf 80' lang='lat' dir='ltr'><strong>et</strong></span> <span class='ocrx_word' id='word_1_484' title='bbox 2994 2509 3168 2562; x_wconf 75' lang='lat' dir='ltr'><strong>paena.</strong></span> 
     </span>
    </p>
   </div>
   <div class='ocr_carea' id='block_1_70' title="bbox 1945 2570 3453 2655">
    <p class='ocr_par' dir='ltr' id='par_1_70' title="bbox 1945 2570 3453 2655">
     <span class='ocr_line' id='line_1_70' title="bbox 1945 2570 3453 2655; baseline 0.011 -28"><span class='ocrx_word' id='word_1_485' title='bbox 1945 2570 2074 2627; x_wconf 88' lang='lat' dir='ltr'><strong>Sanl</strong></span> <span class='ocrx_word' id='word_1_486' title='bbox 2101 2590 2337 2645; x_wconf 84' lang='lat' dir='ltr'><strong>quoque,</strong></span> <span class='ocrx_word' id='word_1_487' title='bbox 2359 2585 2414 2630; x_wconf 91' lang='lat' dir='ltr'><strong>ut</strong></span> <span class='ocrx_word' id='word_1_488' title='bbox 2445 2577 2660 2648; x_wconf 84' lang='lat' dir='ltr'><strong>legitur,</strong></span> <span class='ocrx_word' id='word_1_489' title='bbox 2685 2590 2804 2634; x_wconf 88' lang='lat' dir='ltr'><strong>erat</strong></span> <span class='ocrx_word' id='word_1_490' title='bbox 2833 2584 2916 2635; x_wconf 88' lang='lat' dir='ltr'><strong>vir</strong></span> <span class='ocrx_word' id='word_1_491' title='bbox 2936 2583 3144 2641; x_wconf 89' lang='lat' dir='ltr'><strong>electus</strong></span> <span class='ocrx_word' id='word_1_492' title='bbox 3173 2602 3238 2642; x_wconf 90' lang='lat' dir='ltr'><strong>ac</strong></span> <span class='ocrx_word' id='word_1_493' title='bbox 3257 2587 3453 2655; x_wconf 89' lang='lat' dir='ltr'><strong>bonus,</strong></span> 
     </span>
    </p>
   </div>
   <div class='ocr_carea' id='block_1_71' title="bbox 1873 2667 3458 2751">
    <p class='ocr_par' dir='ltr' id='par_1_71' title="bbox 1873 2667 3458 2751">
     <span class='ocr_line' id='line_1_71' title="bbox 1873 2667 3458 2751; baseline 0.009 -32"><span class='ocrx_word' id='word_1_494' title='bbox 1873 2672 1927 2719; x_wconf 90' lang='lat' dir='ltr'><strong>et</strong></span> <span class='ocrx_word' id='word_1_495' title='bbox 1957 2680 2063 2719; x_wconf 90' lang='lat' dir='ltr'><strong>non</strong></span> <span class='ocrx_word' id='word_1_496' title='bbox 2109 2677 2229 2721; x_wconf 89' lang='lat' dir='ltr'><strong>erat</strong></span> <span class='ocrx_word' id='word_1_497' title='bbox 2260 2668 2326 2722; x_wconf 89' lang='lat' dir='ltr'><strong>de</strong></span> <span class='ocrx_word' id='word_1_498' title='bbox 2367 2667 2492 2723; x_wconf 82' lang='lat' dir='ltr'><strong>ﬁliis</strong></span> <span class='ocrx_word' id='word_1_499' title='bbox 2527 2669 2691 2726; x_wconf 85' lang='lat' dir='ltr'><strong>Israel</strong></span> <span class='ocrx_word' id='word_1_500' title='bbox 2725 2673 2920 2728; x_wconf 89' lang='lat' dir='ltr'><strong>melior</strong></span> <span class='ocrx_word' id='word_1_501' title='bbox 2945 2675 2997 2744; x_wconf 91' lang='lat' dir='ltr'><strong>(I</strong></span> <span class='ocrx_word' id='word_1_502' title='bbox 3027 2676 3156 2748; x_wconf 87' lang='lat' dir='ltr'><strong>Reg.</strong></span> <span class='ocrx_word' id='word_1_503' title='bbox 3189 2694 3266 2745; x_wconf 73' lang='grc' dir='ltr'>ιχ,</span> <span class='ocrx_word' id='word_1_504' title='bbox 3295 2680 3374 2751; x_wconf 71' lang='lat'><strong>2),</strong></span> <span class='ocrx_word' id='word_1_505' title='bbox 3403 2691 3458 2736; x_wconf 87' lang='lat' dir='ltr'><strong>et</strong></span> 
     </span>
    </p>
   </div>
   <div class='ocr_carea' id='block_1_72' title="bbox 1872 2755 3454 2838">
    <p class='ocr_par' dir='ltr' id='par_1_72' title="bbox 1872 2755 3454 2838">
     <span class='ocr_line' id='line_1_72' title="bbox 1872 2755 3454 2838; baseline 0.011 -31"><span class='ocrx_word' id='word_1_506' title='bbox 1872 2755 2131 2825; x_wconf 86' lang='lat' dir='ltr'><strong>parvulus</strong></span> <span class='ocrx_word' id='word_1_507' title='bbox 2177 2757 2230 2812; x_wconf 93' lang='lat' dir='ltr'><strong>in</strong></span> <span class='ocrx_word' id='word_1_508' title='bbox 2273 2759 2444 2813; x_wconf 92' lang='lat' dir='ltr'><strong>oculis</strong></span> <span class='ocrx_word' id='word_1_509' title='bbox 2495 2761 2607 2815; x_wconf 90' lang='lat' dir='ltr'><strong>suis</strong></span> <span class='ocrx_word' id='word_1_510' title='bbox 2640 2778 2654 2814; x_wconf 89' lang='lat'><strong>:</strong></span> <span class='ocrx_word' id='word_1_511' title='bbox 2683 2777 2864 2817; x_wconf 88' lang='lat' dir='ltr'><strong>nonne</strong></span> <span class='ocrx_word' id='word_1_512' title='bbox 2903 2780 3000 2835; x_wconf 90' lang='lat' dir='ltr'><strong>pro</strong></span> <span class='ocrx_word' id='word_1_513' title='bbox 3047 2780 3306 2838; x_wconf 85' lang='lat' dir='ltr'><strong>usurpato</strong></span> <span class='ocrx_word' id='word_1_514' title='bbox 3354 2771 3454 2824; x_wconf 89' lang='lat' dir='ltr'><strong>sibi</strong></span> 
     </span>
    </p>
   </div>
   <div class='ocr_carea' id='block_1_73' title="bbox 1875 2847 3458 2925">
    <p class='ocr_par' dir='ltr' id='par_1_73' title="bbox 1875 2847 3458 2925">
     <span class='ocr_line' id='line_1_73' title="bbox 1875 2847 3458 2925; baseline 0.008 -23"><span class='ocrx_word' id='word_1_515' title='bbox 1875 2847 2182 2903; x_wconf 87' lang='lat' dir='ltr'><strong>sacerdotio</strong></span> <span class='ocrx_word' id='word_1_516' title='bbox 2233 2850 2571 2920; x_wconf 86' lang='lat' dir='ltr'><strong>reprobatus,</strong></span> <span class='ocrx_word' id='word_1_517' title='bbox 2624 2867 2851 2923; x_wconf 83' lang='lat' dir='ltr'><strong>regnum</strong></span> <span class='ocrx_word' id='word_1_518' title='bbox 2911 2857 3053 2925; x_wconf 87' lang='lat' dir='ltr'><strong>quod</strong></span> <span class='ocrx_word' id='word_1_519' title='bbox 3102 2859 3151 2912; x_wconf 92' lang='lat' dir='ltr'><strong>ei</strong></span> <span class='ocrx_word' id='word_1_520' title='bbox 3200 2860 3458 2916; x_wconf 79' lang='lat' dir='ltr'><strong>Dominus</strong></span> 
     </span>
    </p>
   </div>
   <div class='ocr_carea' id='block_1_74' title="bbox 1874 2940 3458 3018">
    <p class='ocr_par' dir='ltr' id='par_1_74' title="bbox 1874 2940 3458 3018">
     <span class='ocr_line' id='line_1_74' title="bbox 1874 2940 3458 3018; baseline 0.009 -27"><span class='ocrx_word' id='word_1_521' title='bbox 1874 2940 2240 3008; x_wconf 70' lang='lat' dir='ltr'><strong>prmparabat,</strong></span> <span class='ocrx_word' id='word_1_522' title='bbox 2273 2941 2324 2994; x_wconf 93' lang='lat' dir='ltr'><strong>in</strong></span> <span class='ocrx_word' id='word_1_523' title='bbox 2350 2943 2739 3010; x_wconf 87' lang='lat' dir='ltr'><strong>sempiternum</strong></span> <span class='ocrx_word' id='word_1_524' title='bbox 2768 2947 3024 3015; x_wconf 82' lang='lat' dir='ltr'><strong>perdidit,</strong></span> <span class='ocrx_word' id='word_1_525' title='bbox 3051 2955 3214 3018; x_wconf 89' lang='lat' dir='ltr'><strong>atque</strong></span> <span class='ocrx_word' id='word_1_526' title='bbox 3254 2961 3458 3006; x_wconf 47' lang='lat' dir='ltr'><strong>semet.</strong></span> 
     </span>
    </p>
   </div>
   <div class='ocr_carea' id='block_1_75' title="bbox 1877 3028 3459 3106">
    <p class='ocr_par' dir='ltr' id='par_1_75' title="bbox 1877 3028 3459 3106">
     <span class='ocr_line' id='line_1_75' title="bbox 1877 3028 3459 3106; baseline 0.01 -24"><span class='ocrx_word' id='word_1_527' title='bbox 1877 3028 2054 3099; x_wconf 86' lang='lat' dir='ltr'><strong>ipsum</strong></span> <span class='ocrx_word' id='word_1_528' title='bbox 2087 3029 2395 3085; x_wconf 79' lang='lat' dir='ltr'><strong>interfecit?</strong></span> <span class='ocrx_word' id='word_1_529' title='bbox 2448 3032 2599 3099; x_wconf 84' lang='lat' dir='ltr'><strong>Quod</strong></span> <span class='ocrx_word' id='word_1_530' title='bbox 2654 3042 2831 3090; x_wconf 80' lang='lat' dir='ltr'><strong>tamen</strong></span> <span class='ocrx_word' id='word_1_531' title='bbox 2883 3048 3086 3106; x_wconf 87' lang='lat' dir='ltr'><strong>quanta</strong></span> <span class='ocrx_word' id='word_1_532' title='bbox 3135 3043 3459 3098; x_wconf 88' lang='lat' dir='ltr'><strong>necessitate</strong></span> 
     </span>
    </p>
   </div>
   <div class='ocr_carea' id='block_1_76' title="bbox 1878 3121 3460 3194">
    <p class='ocr_par' dir='ltr' id='par_1_76' title="bbox 1878 3121 3460 3194">
     <span class='ocr_line' id='line_1_76' title="bbox 1878 3121 3460 3194; baseline 0.008 -19"><span class='ocrx_word' id='word_1_533' title='bbox 1878 3123 2243 3193; x_wconf 89' lang='lat' dir='ltr'><strong>usurpaverit,</strong></span> <span class='ocrx_word' id='word_1_534' title='bbox 2278 3121 2426 3188; x_wconf 89' lang='lat' dir='ltr'><strong>istic,</strong></span> <span class='ocrx_word' id='word_1_535' title='bbox 2470 3123 2625 3194; x_wconf 73' lang='lat' dir='ltr'><strong>juxta</strong></span> <span class='ocrx_word' id='word_1_536' title='bbox 2658 3125 2976 3192; x_wconf 85' lang='lat' dir='ltr'><strong>Historiam,</strong></span> <span class='ocrx_word' id='word_1_537' title='bbox 3008 3144 3110 3185; x_wconf 88' lang='lat' dir='ltr'><strong>nos</strong></span> <span class='ocrx_word' id='word_1_538' title='bbox 3149 3133 3460 3188; x_wconf 88' lang='lat' dir='ltr'><strong>meminisse</strong></span> 
     </span>
    </p>
   </div>
   <div class='ocr_carea' id='block_1_77' title="bbox 1877 3215 3460 3293">
    <p class='ocr_par' dir='ltr' id='par_1_77' title="bbox 1877 3215 3460 3293">
     <span class='ocr_line' id='line_1_77' title="bbox 1877 3215 3460 3293; baseline 0.008 -25"><span class='ocrx_word' id='word_1_539' title='bbox 1877 3229 1982 3269; x_wconf 90' lang='lat' dir='ltr'><strong>non</strong></span> <span class='ocrx_word' id='word_1_540' title='bbox 2015 3215 2186 3286; x_wconf 86' lang='lat' dir='ltr'><strong>piguit</strong></span> <span class='ocrx_word' id='word_1_541' title='bbox 2219 3233 2231 3268; x_wconf 92' lang='lat'>:</span> <span class='ocrx_word' id='word_1_542' title='bbox 2271 3233 2289 3269; x_wconf 76' lang='grc' dir='ltr'><strong>ι</strong></span> <span class='ocrx_word' id='word_1_543' title='bbox 2322 3215 2616 3282; x_wconf 85' lang='lat' dir='ltr'><strong>Philislini,</strong></span> <span class='ocrx_word' id='word_1_544' title='bbox 2653 3219 2850 3288; x_wconf 88' lang='lat' dir='ltr'><strong>inquit,</strong></span> <span class='ocrx_word' id='word_1_545' title='bbox 2877 3223 3191 3293; x_wconf 84' lang='lat' dir='ltr'><strong>congregati</strong></span> <span class='ocrx_word' id='word_1_546' title='bbox 3221 3234 3348 3279; x_wconf 87' lang='lat' dir='ltr'><strong>sunt</strong></span> <span class='ocrx_word' id='word_1_547' title='bbox 3391 3227 3460 3280; x_wconf 84' lang='lat' dir='ltr'><strong>ad</strong></span> 
     </span>
    </p>
   </div>
   <div class='ocr_carea' id='block_1_78' title="bbox 1877 3307 3464 3382">
    <p class='ocr_par' dir='ltr' id='par_1_78' title="bbox 1877 3307 3464 3382">
     <span class='ocr_line' id='line_1_78' title="bbox 1877 3307 3464 3382; baseline 0.008 -21"><span class='ocrx_word' id='word_1_548' title='bbox 1877 3307 2227 3377; x_wconf 77' lang='lat' dir='ltr'><strong>praeliandum</strong></span> <span class='ocrx_word' id='word_1_549' title='bbox 2255 3319 2446 3364; x_wconf 88' lang='lat' dir='ltr'><strong>contra</strong></span> <span class='ocrx_word' id='word_1_550' title='bbox 2477 3309 2642 3365; x_wconf 89' lang='lat' dir='ltr'><strong>Israel</strong></span> <span class='ocrx_word' id='word_1_551' title='bbox 2671 3311 2890 3382; x_wconf 89' lang='lat' dir='ltr'><strong>triginta</strong></span> <span class='ocrx_word' id='word_1_552' title='bbox 2919 3314 3087 3370; x_wconf 87' lang='lat' dir='ltr'><strong>millia</strong></span> <span class='ocrx_word' id='word_1_553' title='bbox 3115 3331 3374 3374; x_wconf 88' lang='lat' dir='ltr'><strong>curruum</strong></span> <span class='ocrx_word' id='word_1_554' title='bbox 3405 3326 3464 3373; x_wconf 83' lang='lat' dir='ltr'><strong>ct</strong></span> 
     </span>
    </p>
   </div>
   <div class='ocr_carea' id='block_1_79' title="bbox 1877 3403 3459 3480">
    <p class='ocr_par' dir='ltr' id='par_1_79' title="bbox 1877 3403 3459 3480">
     <span class='ocr_line' id='line_1_79' title="bbox 1877 3403 3459 3480; baseline 0.006 -22"><span class='ocrx_word' id='word_1_555' title='bbox 1877 3418 1970 3458; x_wconf 82' lang='lat' dir='ltr'><strong>sex</strong></span> <span class='ocrx_word' id='word_1_556' title='bbox 1999 3403 2167 3457; x_wconf 90' lang='lat' dir='ltr'><strong>millia</strong></span> <span class='ocrx_word' id='word_1_557' title='bbox 2197 3404 2463 3474; x_wconf 88' lang='lat' dir='ltr'><strong>equitum,</strong></span> <span class='ocrx_word' id='word_1_558' title='bbox 2488 3413 2540 3460; x_wconf 90' lang='lat' dir='ltr'><strong>et</strong></span> <span class='ocrx_word' id='word_1_559' title='bbox 2575 3405 2842 3475; x_wconf 88' lang='lat' dir='ltr'><strong>reliquum</strong></span> <span class='ocrx_word' id='word_1_560' title='bbox 2874 3408 3064 3480; x_wconf 84' lang='lat' dir='ltr'><strong>vulgus</strong></span> <span class='ocrx_word' id='word_1_561' title='bbox 3096 3409 3237 3466; x_wconf 88' lang='lat' dir='ltr'><strong>sicut</strong></span> <span class='ocrx_word' id='word_1_562' title='bbox 3289 3427 3459 3468; x_wconf 85' lang='lat' dir='ltr'><strong>arena</strong></span> 
     </span>
    </p>
   </div>
   <div class='ocr_carea' id='block_1_80' title="bbox 1876 3493 3460 3566">
    <p class='ocr_par' dir='ltr' id='par_1_80' title="bbox 1876 3493 3460 3566">
     <span class='ocr_line' id='line_1_80' title="bbox 1876 3493 3460 3566; baseline 0.009 -21"><span class='ocrx_word' id='word_1_563' title='bbox 1876 3508 1996 3564; x_wconf 65' lang='lat' dir='ltr'><strong>qua:</strong></span> <span class='ocrx_word' id='word_1_564' title='bbox 2054 3502 2138 3548; x_wconf 87' lang='lat' dir='ltr'><strong>est</strong></span> <span class='ocrx_word' id='word_1_565' title='bbox 2183 3493 2236 3548; x_wconf 92' lang='lat' dir='ltr'><strong>in</strong></span> <span class='ocrx_word' id='word_1_566' title='bbox 2279 3493 2460 3550; x_wconf 87' lang='lat' dir='ltr'><strong>littore</strong></span> <span class='ocrx_word' id='word_1_567' title='bbox 2503 3496 2672 3550; x_wconf 83' lang='lat' dir='ltr'><strong>maris</strong></span> <span class='ocrx_word' id='word_1_568' title='bbox 2713 3496 2966 3566; x_wconf 89' lang='lat' dir='ltr'><strong>plurima.</strong></span> <span class='ocrx_word' id='word_1_569' title='bbox 3002 3498 3067 3554; x_wconf 88' lang='lat' dir='ltr'><strong>Et</strong></span> <span class='ocrx_word' id='word_1_570' title='bbox 3105 3503 3460 3559; x_wconf 81' lang='lat' dir='ltr'><strong>ascendentes</strong></span> 
     </span>
    </p>
   </div>
   <div class='ocr_carea' id='block_1_81' title="bbox 1873 3585 3458 3652">
    <p class='ocr_par' dir='ltr' id='par_1_81' title="bbox 1873 3585 3458 3652">
     <span class='ocr_line' id='line_1_81' title="bbox 1873 3585 3458 3652; baseline 0.008 -13"><span class='ocrx_word' id='word_1_571' title='bbox 1873 3585 2242 3640; x_wconf 88' lang='lat' dir='ltr'><strong>castrametati</strong></span> <span class='ocrx_word' id='word_1_572' title='bbox 2274 3595 2402 3640; x_wconf 90' lang='lat' dir='ltr'><strong>sunt</strong></span> <span class='ocrx_word' id='word_1_573' title='bbox 2449 3587 2502 3640; x_wconf 91' lang='lat' dir='ltr'><strong>in</strong></span> <span class='ocrx_word' id='word_1_574' title='bbox 2546 3587 2820 3645; x_wconf 80' lang='lat' dir='ltr'><strong>Machmas</strong></span> <span class='ocrx_word' id='word_1_575' title='bbox 2851 3591 2916 3644; x_wconf 84' lang='lat' dir='ltr'><strong>ad</strong></span> <span class='ocrx_word' id='word_1_576' title='bbox 2948 3593 3213 3649; x_wconf 87' lang='lat' dir='ltr'><strong>orientem</strong></span> <span class='ocrx_word' id='word_1_577' title='bbox 3260 3595 3458 3652; x_wconf 81' lang='lat' dir='ltr'><strong>Betha-</strong></span> 
     </span>
    </p>
   </div>
   <div class='ocr_carea' id='block_1_82' title="bbox 1878 3675 3458 3754">
    <p class='ocr_par' dir='ltr' id='par_1_82' title="bbox 1878 3675 3458 3754">
     <span class='ocr_line' id='line_1_82' title="bbox 1878 3675 3458 3754; baseline 0.011 -28"><span class='ocrx_word' id='word_1_578' title='bbox 1878 3690 1997 3729; x_wconf 88' lang='lat' dir='ltr'><strong>ven.</strong></span> <span class='ocrx_word' id='word_1_579' title='bbox 2023 3675 2176 3741; x_wconf 87' lang='lat' dir='ltr'><strong>Quod</strong></span> <span class='ocrx_word' id='word_1_580' title='bbox 2206 3693 2326 3731; x_wconf 89' lang='lat' dir='ltr'><strong>cum</strong></span> <span class='ocrx_word' id='word_1_581' title='bbox 2358 3677 2621 3734; x_wconf 89' lang='lat' dir='ltr'><strong>vidissent</strong></span> <span class='ocrx_word' id='word_1_582' title='bbox 2651 3681 2752 3734; x_wconf 89' lang='lat' dir='ltr'><strong>viri</strong></span> <span class='ocrx_word' id='word_1_583' title='bbox 2777 3679 2936 3735; x_wconf 83' lang='lat' dir='ltr'><strong>Israel</strong></span> <span class='ocrx_word' id='word_1_584' title='bbox 2965 3697 3022 3737; x_wconf 81' lang='lat' dir='ltr'><strong>se</strong></span> <span class='ocrx_word' id='word_1_585' title='bbox 3046 3685 3097 3739; x_wconf 93' lang='lat' dir='ltr'><strong>in</strong></span> <span class='ocrx_word' id='word_1_586' title='bbox 3120 3696 3273 3742; x_wconf 87' lang='lat' dir='ltr'><strong>arcto</strong></span> <span class='ocrx_word' id='word_1_587' title='bbox 3301 3689 3458 3754; x_wconf 83' lang='lat' dir='ltr'><strong>sitos,</strong></span> 
     </span>
    </p>
   </div>
   <div class='ocr_carea' id='block_1_83' title="bbox 1876 3767 3455 3852">
    <p class='ocr_par' dir='ltr' id='par_1_83' title="bbox 1876 3767 3455 3852">
     <span class='ocr_line' id='line_1_83' title="bbox 1876 3767 3455 3852; baseline 0.011 -33"><span class='ocrx_word' id='word_1_588' title='bbox 1876 3767 2129 3836; x_wconf 80' lang='lat' dir='ltr'><strong>(amictus</strong></span> <span class='ocrx_word' id='word_1_589' title='bbox 2147 3779 2234 3823; x_wconf 87' lang='lat' dir='ltr'><strong>est</strong></span> <span class='ocrx_word' id='word_1_590' title='bbox 2261 3771 2404 3824; x_wconf 86' lang='lat' dir='ltr'><strong>enim</strong></span> <span class='ocrx_word' id='word_1_591' title='bbox 2427 3772 2703 3843; x_wconf 85' lang='lat' dir='ltr'><strong>popuius),</strong></span> <span class='ocrx_word' id='word_1_592' title='bbox 2732 3775 3134 3832; x_wconf 77' lang='lat' dir='ltr'><strong>absconderant</strong></span> <span class='ocrx_word' id='word_1_593' title='bbox 3162 3795 3220 3835; x_wconf 88' lang='lat' dir='ltr'><strong>se</strong></span> <span class='ocrx_word' id='word_1_594' title='bbox 3245 3781 3296 3835; x_wconf 89' lang='lat' dir='ltr'><strong>iu</strong></span> <span class='ocrx_word' id='word_1_595' title='bbox 3325 3797 3455 3852; x_wconf 83' lang='lat' dir='ltr'><strong>spe-</strong></span> 
     </span>
    </p>
   </div>
   <div class='ocr_carea' id='block_1_84' title="bbox 1877 3859 3456 3942">
    <p class='ocr_par' dir='ltr' id='par_1_84' title="bbox 1877 3859 3456 3942">
     <span class='ocr_line' id='line_1_84' title="bbox 1877 3859 3456 3942; baseline 0.011 -31"><span class='ocrx_word' id='word_1_596' title='bbox 1877 3859 2049 3914; x_wconf 91' lang='lat' dir='ltr'><strong>luncis</strong></span> <span class='ocrx_word' id='word_1_597' title='bbox 2079 3868 2136 3914; x_wconf 86' lang='lat' dir='ltr'><strong>et</strong></span> <span class='ocrx_word' id='word_1_598' title='bbox 2163 3860 2214 3913; x_wconf 93' lang='lat' dir='ltr'><strong>in</strong></span> <span class='ocrx_word' id='word_1_599' title='bbox 2242 3860 2462 3927; x_wconf 87' lang='lat' dir='ltr'><strong>abditis,</strong></span> <span class='ocrx_word' id='word_1_600' title='bbox 2495 3862 2547 3916; x_wconf 89' lang='lat' dir='ltr'><strong>in</strong></span> <span class='ocrx_word' id='word_1_601' title='bbox 2573 3865 2742 3931; x_wconf 89' lang='lat' dir='ltr'><strong>petris</strong></span> <span class='ocrx_word' id='word_1_602' title='bbox 2789 3881 3004 3936; x_wconf 87' lang='lat' dir='ltr'><strong>quoque</strong></span> <span class='ocrx_word' id='word_1_603' title='bbox 3029 3887 3048 3921; x_wconf 79' lang='grc' dir='ltr'><strong>ι</strong></span> <span class='ocrx_word' id='word_1_604' title='bbox 3105 3869 3158 3940; x_wconf 84' lang='grc'><strong>(1</strong></span> <span class='ocrx_word' id='word_1_605' title='bbox 3183 3870 3307 3942; x_wconf 75' lang='lat' dir='ltr'><strong>Reg.</strong></span> <span class='ocrx_word' id='word_1_606' title='bbox 3339 3889 3456 3938; x_wconf 84' lang='lat' dir='ltr'><strong>xm,</strong></span> 
     </span>
    </p>
   </div>
   <div class='ocr_carea' id='block_1_85' title="bbox 1876 3951 3461 4036">
    <p class='ocr_par' dir='ltr' id='par_1_85' title="bbox 1876 3951 3461 4036">
     <span class='ocr_line' id='line_1_85' title="bbox 1876 3951 3461 4036; baseline 0.01 -32"><span class='ocrx_word' id='word_1_607' title='bbox 1876 3951 1930 4018; x_wconf 83' lang='grc'><strong>5)</strong></span> <span class='ocrx_word' id='word_1_608' title='bbox 1953 3960 2084 4017; x_wconf 88' lang='lat' dir='ltr'><strong>etc.,</strong></span> <span class='ocrx_word' id='word_1_609' title='bbox 2113 3968 2272 4023; x_wconf 79' lang='lat' dir='ltr'><strong>usque</strong></span> <span class='ocrx_word' id='word_1_610' title='bbox 2307 3971 2324 4004; x_wconf 82' lang='grc' dir='ltr'><strong>ι</strong></span> <span class='ocrx_word' id='word_1_611' title='bbox 2345 3961 2399 4006; x_wconf 90' lang='lat' dir='ltr'><strong>et</strong></span> <span class='ocrx_word' id='word_1_612' title='bbox 2423 3970 2528 4009; x_wconf 94' lang='lat' dir='ltr'><strong>non</strong></span> <span class='ocrx_word' id='word_1_613' title='bbox 2561 3955 2690 4010; x_wconf 88' lang='lat' dir='ltr'><strong>vidit</strong></span> <span class='ocrx_word' id='word_1_614' title='bbox 2717 3955 2934 4012; x_wconf 79' lang='lat' dir='ltr'><strong>Samuel</strong></span> <span class='ocrx_word' id='word_1_615' title='bbox 2962 3958 3101 4014; x_wconf 86' lang='lat' dir='ltr'><strong>ultra</strong></span> <span class='ocrx_word' id='word_1_616' title='bbox 3133 3961 3260 4034; x_wconf 81' lang='lat' dir='ltr'><strong>saul</strong></span> <span class='ocrx_word' id='word_1_617' title='bbox 3288 3979 3461 4036; x_wconf 75' lang='lat' dir='ltr'><strong>usque</strong></span> 
     </span>
    </p>
   </div>
   <div class='ocr_carea' id='block_1_86' title="bbox 1875 4042 3454 4124">
    <p class='ocr_par' dir='ltr' id='par_1_86' title="bbox 1875 4042 3454 4124">
     <span class='ocr_line' id='line_1_86' title="bbox 1875 4042 3454 4124; baseline 0.009 -29"><span class='ocrx_word' id='word_1_618' title='bbox 1875 4043 1943 4095; x_wconf 87' lang='lat' dir='ltr'><strong>ad</strong></span> <span class='ocrx_word' id='word_1_619' title='bbox 1975 4042 2116 4097; x_wconf 91' lang='lat' dir='ltr'><strong>diem</strong></span> <span class='ocrx_word' id='word_1_620' title='bbox 2149 4045 2340 4097; x_wconf 78' lang='lat' dir='ltr'><strong>mortis</strong></span> <span class='ocrx_word' id='word_1_621' title='bbox 2377 4059 2487 4098; x_wconf 69' lang='lat' dir='ltr'><strong>sure</strong></span> <span class='ocrx_word' id='word_1_622' title='bbox 2525 4045 2571 4117; x_wconf 90' lang='lat' dir='ltr'><strong>(I</strong></span> <span class='ocrx_word' id='word_1_623' title='bbox 2606 4044 2734 4116; x_wconf 73' lang='lat' dir='ltr'><strong>Reg.</strong></span> <span class='ocrx_word' id='word_1_624' title='bbox 2768 4063 2857 4113; x_wconf 79' lang='lat' dir='ltr'><strong>xv,</strong></span> <span class='ocrx_word' id='word_1_625' title='bbox 2886 4049 2999 4117; x_wconf 79' lang='grc'><strong>55).</strong></span> <span class='ocrx_word' id='word_1_626' title='bbox 3058 4070 3076 4102; x_wconf 86' lang='grc' dir='ltr'><strong>ι</strong></span> <span class='ocrx_word' id='word_1_627' title='bbox 3114 4051 3169 4106; x_wconf 89' lang='lat' dir='ltr'><strong>lu</strong></span> <span class='ocrx_word' id='word_1_628' title='bbox 3199 4069 3302 4124; x_wconf 89' lang='lat' dir='ltr'><strong>qua</strong></span> <span class='ocrx_word' id='word_1_629' title='bbox 3345 4064 3454 4110; x_wconf 85' lang='lat' dir='ltr'><strong>tam</strong></span> 
     </span>
    </p>
   </div>
   <div class='ocr_carea' id='block_1_87' title="bbox 1878 4132 3457 4212">
    <p class='ocr_par' dir='ltr' id='par_1_87' title="bbox 1878 4132 3457 4212">
     <span class='ocr_line' id='line_1_87' title="bbox 1878 4132 3457 4212; baseline 0.009 -26"><span class='ocrx_word' id='word_1_630' title='bbox 1878 4132 2122 4187; x_wconf 87' lang='lat' dir='ltr'><strong>districta</strong></span> <span class='ocrx_word' id='word_1_631' title='bbox 2163 4133 2470 4190; x_wconf 89' lang='lat' dir='ltr'><strong>Divinitatis</strong></span> <span class='ocrx_word' id='word_1_632' title='bbox 2518 4136 2572 4190; x_wconf 90' lang='lat' dir='ltr'><strong>in</strong></span> <span class='ocrx_word' id='word_1_633' title='bbox 2618 4145 2910 4209; x_wconf 88' lang='lat' dir='ltr'><strong>utrumque</strong></span> <span class='ocrx_word' id='word_1_634' title='bbox 2958 4157 3142 4212; x_wconf 83' lang='lat' dir='ltr'><strong>regem</strong></span> <span class='ocrx_word' id='word_1_635' title='bbox 3187 4147 3457 4202; x_wconf 88' lang='lat' dir='ltr'><strong>sententia</strong></span> 
     </span>
    </p>
   </div>
   <div class='ocr_carea' id='block_1_88' title="bbox 1879 4220 3452 4305">
    <p class='ocr_par' dir='ltr' id='par_1_88' title="bbox 1879 4220 3452 4305">
     <span class='ocr_line' id='line_1_88' title="bbox 1879 4220 3452 4305; baseline 0.011 -30"><span class='ocrx_word' id='word_1_636' title='bbox 1879 4222 2314 4280; x_wconf 85' lang='lat' dir='ltr'><strong>animadvertant</strong></span> <span class='ocrx_word' id='word_1_637' title='bbox 2340 4227 2636 4282; x_wconf 84' lang='lat' dir='ltr'><strong>Christiani</strong></span> <span class='ocrx_word' id='word_1_638' title='bbox 2666 4220 2939 4300; x_wconf 80' lang='lat' dir='ltr'><strong>principes</strong></span> <span class='ocrx_word' id='word_1_639' title='bbox 2962 4248 3062 4288; x_wconf 89' lang='lat' dir='ltr'><strong>nec</strong></span> <span class='ocrx_word' id='word_1_640' title='bbox 3085 4234 3452 4305; x_wconf 84' lang='lat' dir='ltr'><strong>devotionem,</strong></span> 
     </span>
    </p>
   </div>
   <div class='ocr_carea' id='block_1_89' title="bbox 1879 4316 3457 4398">
    <p class='ocr_par' dir='ltr' id='par_1_89' title="bbox 1879 4316 3457 4398">
     <span class='ocr_line' id='line_1_89' title="bbox 1879 4316 3457 4398; baseline 0.008 -29"><span class='ocrx_word' id='word_1_641' title='bbox 1879 4331 1982 4370; x_wconf 88' lang='lat' dir='ltr'><strong>nec</strong></span> <span class='ocrx_word' id='word_1_642' title='bbox 2031 4316 2407 4372; x_wconf 87' lang='lat' dir='ltr'><strong>necessitatem</strong></span> <span class='ocrx_word' id='word_1_643' title='bbox 2461 4317 2626 4374; x_wconf 81' lang='lat' dir='ltr'><strong>fuisse</strong></span> <span class='ocrx_word' id='word_1_644' title='bbox 2666 4331 3005 4388; x_wconf 77' lang='lat' dir='ltr'><strong>excusatam,</strong></span> <span class='ocrx_word' id='word_1_645' title='bbox 3053 4324 3184 4393; x_wconf 83' lang='lat' dir='ltr'><strong>quin</strong></span> <span class='ocrx_word' id='word_1_646' title='bbox 3229 4336 3457 4398; x_wconf 88' lang='lat' dir='ltr'><strong>uterque</strong></span> 
     </span>
    </p>
   </div>
   <div class='ocr_carea' id='block_1_90' title="bbox 181 4408 3456 4497">
    <p class='ocr_par' dir='ltr' id='par_1_90' title="bbox 181 4408 3456 4497">
     <span class='ocr_line' id='line_1_90' title="bbox 181 4408 3456 4497; baseline -0.003 -17"><span class='ocrx_word' id='word_1_647' title='bbox 181 4442 311 4480; x_wconf 76' lang='lat' dir='ltr'><strong>xxvi</strong></span> <span class='ocrx_word' id='word_1_648' title='bbox 331 4467 348 4493; x_wconf 89' lang='lat'><strong>,</strong></span> <span class='ocrx_word' id='word_1_649' title='bbox 376 4426 490 4497; x_wconf 80' lang='grc'><strong>19).</strong></span> <span class='ocrx_word' id='word_1_650' title='bbox 528 4444 546 4475; x_wconf 79' lang='grc' dir='ltr'><strong>ι</strong></span> <span class='ocrx_word' id='word_1_651' title='bbox 575 4425 700 4493; x_wconf 83' lang='lat' dir='ltr'><strong>Qui.</strong></span> <span class='ocrx_word' id='word_1_652' title='bbox 743 4435 801 4480; x_wconf 91' lang='lat' dir='ltr'><strong>ut</strong></span> <span class='ocrx_word' id='word_1_653' title='bbox 838 4427 1027 4480; x_wconf 89' lang='lat' dir='ltr'><strong>beatus</strong></span> <span class='ocrx_word' id='word_1_654' title='bbox 1062 4424 1440 4495; x_wconf 82' lang='lat' dir='ltr'><strong>Hieronymus,</strong></span> <span class='ocrx_word' id='word_1_655' title='bbox 1467 4422 1621 4492; x_wconf 76' lang='lat' dir='ltr'><strong>juxta</strong></span> <span class='ocrx_word' id='word_1_656' title='bbox 1665 4423 1778 4477; x_wconf 69' lang='lat' dir='ltr'><strong>llis.</strong></span> <span class='ocrx_word' id='word_1_657' title='bbox 1811 4434 1855 4492; x_wconf 78' lang='grc' dir='ltr'>υ</span> <span class='ocrx_word' id='word_1_658' title='bbox 1881 4408 2220 4463; x_wconf 88' lang='lat' dir='ltr'><strong>divinitusob</strong></span> <span class='ocrx_word' id='word_1_659' title='bbox 2241 4410 2600 4464; x_wconf 85' lang='lat' dir='ltr'><strong>sacerdotium</strong></span> <span class='ocrx_word' id='word_1_660' title='bbox 2625 4410 2724 4465; x_wconf 85' lang='lat' dir='ltr'><strong>sibi</strong></span> <span class='ocrx_word' id='word_1_661' title='bbox 2745 4420 3128 4482; x_wconf 71' lang='lat' dir='ltr'><strong>przesumptum</strong></span> <span class='ocrx_word' id='word_1_662' title='bbox 3152 4417 3456 4485; x_wconf 88' lang='lat' dir='ltr'><strong>puniretur.</strong></span> 
     </span>
    </p>
   </div>
   <div class='ocr_carea' id='block_1_91' title="bbox 182 4513 1778 4583">
    <p class='ocr_par' dir='ltr' id='par_1_91' title="bbox 182 4513 1778 4583">
     <span class='ocr_line' id='line_1_91' title="bbox 182 4513 1778 4583; baseline -0.001 -13"><span class='ocrx_word' id='word_1_663' title='bbox 182 4517 410 4576; x_wconf 72' lang='lat' dir='ltr'><strong>loriam,</strong></span> <span class='ocrx_word' id='word_1_664' title='bbox 460 4517 674 4580; x_wconf 90' lang='lat' dir='ltr'><strong>asserit,</strong></span> <span class='ocrx_word' id='word_1_665' title='bbox 716 4514 814 4570; x_wconf 90' lang='lat' dir='ltr'><strong>l&#39;uit</strong></span> <span class='ocrx_word' id='word_1_666' title='bbox 859 4517 941 4570; x_wconf 91' lang='lat' dir='ltr'><strong>vir</strong></span> <span class='ocrx_word' id='word_1_667' title='bbox 984 4513 1186 4583; x_wconf 85' lang='lat' dir='ltr'><strong>justus,</strong></span> <span class='ocrx_word' id='word_1_668' title='bbox 1225 4525 1278 4569; x_wconf 90' lang='lat' dir='ltr'><strong>et</strong></span> <span class='ocrx_word' id='word_1_669' title='bbox 1309 4515 1436 4570; x_wconf 78' lang='lat' dir='ltr'><strong>fecit</strong></span> <span class='ocrx_word' id='word_1_670' title='bbox 1469 4523 1674 4570; x_wconf 90' lang='lat' dir='ltr'><strong>rectum</strong></span> <span class='ocrx_word' id='word_1_671' title='bbox 1727 4514 1778 4568; x_wconf 91' lang='lat' dir='ltr'><strong>in</strong></span> 
     </span>
    </p>
   </div>
   <div class='ocr_carea' id='block_1_92' title="bbox 181 4606 1777 4677">
    <p class='ocr_par' dir='ltr' id='par_1_92' title="bbox 181 4606 1777 4677">
     <span class='ocr_line' id='line_1_92' title="bbox 181 4606 1777 4677; baseline -0.003 -15"><span class='ocrx_word' id='word_1_672' title='bbox 181 4617 491 4677; x_wconf 86' lang='lat' dir='ltr'><strong>conspectu</strong></span> <span class='ocrx_word' id='word_1_673' title='bbox 528 4606 755 4670; x_wconf 88' lang='lat' dir='ltr'><strong>Domini,</strong></span> <span class='ocrx_word' id='word_1_674' title='bbox 787 4606 1059 4662; x_wconf 64' lang='lat' dir='ltr'><strong>aadilicans</strong></span> <span class='ocrx_word' id='word_1_675' title='bbox 1091 4606 1367 4675; x_wconf 86' lang='lat' dir='ltr'><strong>templum,</strong></span> <span class='ocrx_word' id='word_1_676' title='bbox 1403 4606 1777 4674; x_wconf 85' lang='lat' dir='ltr'><strong>aquaeductum</strong></span> 
     </span>
    </p>
   </div>
   <div class='ocr_carea' id='block_1_93' title="bbox 185 4699 1780 4769">
    <p class='ocr_par' dir='ltr' id='par_1_93' title="bbox 185 4699 1780 4769">
     <span class='ocr_line' id='line_1_93' title="bbox 185 4699 1780 4769; baseline 0 -17"><span class='ocrx_word' id='word_1_677' title='bbox 185 4699 496 4764; x_wconf 74' lang='lat' dir='ltr'><strong>fabricatis,</strong></span> <span class='ocrx_word' id='word_1_678' title='bbox 520 4699 754 4754; x_wconf 86' lang='lat' dir='ltr'><strong>oll&#39;erens</strong></span> <span class='ocrx_word' id='word_1_679' title='bbox 797 4715 945 4764; x_wconf 87' lang='lat' dir='ltr'><strong>vasa,</strong></span> <span class='ocrx_word' id='word_1_680' title='bbox 976 4709 1031 4754; x_wconf 92' lang='lat' dir='ltr'><strong>et</strong></span> <span class='ocrx_word' id='word_1_681' title='bbox 1068 4715 1165 4769; x_wconf 89' lang='lat' dir='ltr'><strong>pro</strong></span> <span class='ocrx_word' id='word_1_682' title='bbox 1182 4700 1283 4754; x_wconf 86' lang='lat' dir='ltr'><strong>hoc</strong></span> <span class='ocrx_word' id='word_1_683' title='bbox 1313 4700 1506 4754; x_wconf 90' lang='lat' dir='ltr'><strong>merito</strong></span> <span class='ocrx_word' id='word_1_684' title='bbox 1528 4699 1780 4753; x_wconf 83' lang='lat' dir='ltr'><strong>adversa-</strong></span> 
     </span>
    </p>
   </div>
   <div class='ocr_carea' id='block_1_94' title="bbox 189 4789 1776 4861">
    <p class='ocr_par' dir='ltr' id='par_1_94' title="bbox 189 4789 1776 4861">
     <span class='ocr_line' id='line_1_94' title="bbox 189 4789 1776 4861; baseline -0.003 -17"><span class='ocrx_word' id='word_1_685' title='bbox 189 4791 300 4856; x_wconf 83' lang='lat' dir='ltr'><strong>rios</strong></span> <span class='ocrx_word' id='word_1_686' title='bbox 331 4805 623 4861; x_wconf 85' lang='lat' dir='ltr'><strong>superans.</strong></span> <span class='ocrx_word' id='word_1_687' title='bbox 662 4789 802 4858; x_wconf 90' lang='lat' dir='ltr'><strong>quod</strong></span> <span class='ocrx_word' id='word_1_688' title='bbox 826 4789 1118 4843; x_wconf 83' lang='lat' dir='ltr'><strong>maximum</strong></span> <span class='ocrx_word' id='word_1_689' title='bbox 1151 4790 1364 4858; x_wconf 87' lang='lat' dir='ltr'><strong>pietatis</strong></span> <span class='ocrx_word' id='word_1_690' title='bbox 1393 4789 1647 4842; x_wconf 86' lang='lat' dir='ltr'><strong>indicium</strong></span> <span class='ocrx_word' id='word_1_691' title='bbox 1675 4800 1776 4852; x_wconf 84' lang='lat' dir='ltr'><strong>est;</strong></span> 
     </span>
    </p>
   </div>
   <div class='ocr_carea' id='block_1_95' title="bbox 185 4879 1781 4950">
    <p class='ocr_par' dir='ltr' id='par_1_95' title="bbox 185 4879 1781 4950">
     <span class='ocr_line' id='line_1_95' title="bbox 185 4879 1781 4950; baseline 0 -16"><span class='ocrx_word' id='word_1_692' title='bbox 185 4881 403 4937; x_wconf 84' lang='lat' dir='ltr'><strong>habens</strong></span> <span class='ocrx_word' id='word_1_693' title='bbox 435 4881 635 4935; x_wconf 78' lang='lat' dir='ltr'><strong>niultos</strong></span> <span class='ocrx_word' id='word_1_694' title='bbox 667 4881 718 4934; x_wconf 93' lang='lat' dir='ltr'><strong>in</strong></span> <span class='ocrx_word' id='word_1_695' title='bbox 750 4895 846 4935; x_wconf 92' lang='lat' dir='ltr'><strong>suo</strong></span> <span class='ocrx_word' id='word_1_696' title='bbox 877 4880 1426 4950; x_wconf 88' lang='lat' dir='ltr'><strong>imperioprophetas.</strong></span> <span class='ocrx_word' id='word_1_697' title='bbox 1469 4879 1587 4943; x_wconf 87' lang='lat' dir='ltr'><strong>Hic,</strong></span> <span class='ocrx_word' id='word_1_698' title='bbox 1611 4894 1781 4950; x_wconf 88' lang='lat' dir='ltr'><strong>quan-</strong></span> 
     </span>
    </p>
   </div>
   <div class='ocr_carea' id='block_1_96' title="bbox 187 4970 1780 5046">
    <p class='ocr_par' dir='ltr' id='par_1_96' title="bbox 187 4970 1780 5046">
     <span class='ocr_line' id='line_1_96' title="bbox 187 4970 1780 5046; baseline 0.001 -23"><span class='ocrx_word' id='word_1_699' title='bbox 187 4973 281 5026; x_wconf 89' lang='lat' dir='ltr'><strong>ditt</strong></span> <span class='ocrx_word' id='word_1_700' title='bbox 342 4972 486 5026; x_wconf 79' lang='lat' dir='ltr'><strong>vixit</strong></span> <span class='ocrx_word' id='word_1_701' title='bbox 531 4970 827 5027; x_wconf 86' lang='lat' dir='ltr'><strong>Zacharias</strong></span> <span class='ocrx_word' id='word_1_702' title='bbox 862 4973 1139 5035; x_wconf 85' lang='lat' dir='ltr'><strong>sacerdos,</strong></span> <span class='ocrx_word' id='word_1_703' title='bbox 1181 4978 1543 5046; x_wconf 86' lang='lat' dir='ltr'><strong>cognomento</strong></span> <span class='ocrx_word' id='word_1_704' title='bbox 1577 4971 1780 5026; x_wconf 87' lang='lat' dir='ltr'><strong>Intelli-</strong></span> 
     </span>
    </p>
   </div>
   <div class='ocr_carea' id='block_1_97' title="bbox 187 5061 1782 5135">
    <p class='ocr_par' dir='ltr' id='par_1_97' title="bbox 187 5061 1782 5135">
     <span class='ocr_line' id='line_1_97' title="bbox 187 5061 1782 5135; baseline -0.001 -17"><span class='ocrx_word' id='word_1_705' title='bbox 187 5080 344 5135; x_wconf 85' lang='lat' dir='ltr'><strong>gens,</strong></span> <span class='ocrx_word' id='word_1_706' title='bbox 401 5065 609 5134; x_wconf 86' lang='lat' dir='ltr'><strong>placuit</strong></span> <span class='ocrx_word' id='word_1_707' title='bbox 653 5064 785 5127; x_wconf 88' lang='lat' dir='ltr'><strong>Deo,</strong></span> <span class='ocrx_word' id='word_1_708' title='bbox 832 5074 885 5118; x_wconf 90' lang='lat' dir='ltr'><strong>et</strong></span> <span class='ocrx_word' id='word_1_709' title='bbox 929 5081 1051 5120; x_wconf 89' lang='lat' dir='ltr'><strong>cum</strong></span> <span class='ocrx_word' id='word_1_710' title='bbox 1081 5065 1219 5118; x_wconf 89' lang='lat' dir='ltr'><strong>omni</strong></span> <span class='ocrx_word' id='word_1_711' title='bbox 1254 5061 1608 5125; x_wconf 85' lang='lat' dir='ltr'><strong>veneratione</strong></span> <span class='ocrx_word' id='word_1_712' title='bbox 1635 5063 1782 5117; x_wconf 77' lang='lat' dir='ltr'><strong>delu-</strong></span> 
     </span>
    </p>
   </div>
   <div class='ocr_carea' id='block_1_98' title="bbox 154 5154 1782 5230">
    <p class='ocr_par' dir='ltr' id='par_1_98' title="bbox 154 5154 1782 5230">
     <span class='ocr_line' id='line_1_98' title="bbox 154 5154 1782 5230; baseline -0.001 -18"><span class='ocrx_word' id='word_1_713' title='bbox 154 5221 156 5224; x_wconf 17' lang='grc' dir='ltr'>ν</span> <span class='ocrx_word' id='word_1_714' title='bbox 191 5159 352 5212; x_wconf 84' lang='lat' dir='ltr'><strong>hrum</strong></span> <span class='ocrx_word' id='word_1_715' title='bbox 392 5155 514 5224; x_wconf 88' lang='lat' dir='ltr'><strong>ejus</strong></span> <span class='ocrx_word' id='word_1_716' title='bbox 544 5159 822 5230; x_wconf 87' lang='lat' dir='ltr'><strong>ingressus</strong></span> <span class='ocrx_word' id='word_1_717' title='bbox 861 5166 961 5214; x_wconf 87' lang='lat' dir='ltr'><strong>est.</strong></span> <span class='ocrx_word' id='word_1_718' title='bbox 999 5157 1284 5225; x_wconf 80' lang='lat' dir='ltr'><strong>Postquam</strong></span> <span class='ocrx_word' id='word_1_719' title='bbox 1330 5170 1466 5212; x_wconf 89' lang='lat' dir='ltr'><strong>vero</strong></span> <span class='ocrx_word' id='word_1_720' title='bbox 1491 5154 1782 5211; x_wconf 85' lang='lat' dir='ltr'><strong>Zacharias</strong></span> 
     </span>
    </p>
   </div>
   <div class='ocr_carea' id='block_1_99' title="bbox 189 5245 1784 5318">
    <p class='ocr_par' dir='ltr' id='par_1_99' title="bbox 189 5245 1784 5318">
     <span class='ocr_line' id='line_1_99' title="bbox 189 5245 1784 5318; baseline -0.001 -15"><span class='ocrx_word' id='word_1_721' title='bbox 189 5248 344 5313; x_wconf 87' lang='lat' dir='ltr'><strong>obiit,</strong></span> <span class='ocrx_word' id='word_1_722' title='bbox 373 5247 563 5304; x_wconf 83' lang='lat' dir='ltr'><strong>volens</strong></span> <span class='ocrx_word' id='word_1_723' title='bbox 590 5263 691 5318; x_wconf 92' lang='lat' dir='ltr'><strong>per</strong></span> <span class='ocrx_word' id='word_1_724' title='bbox 733 5248 1068 5316; x_wconf 83' lang='lat' dir='ltr'><strong>semetipsum</strong></span> <span class='ocrx_word' id='word_1_725' title='bbox 1095 5245 1286 5314; x_wconf 73' lang='lat' dir='ltr'><strong>oll‘erre</strong></span> <span class='ocrx_word' id='word_1_726' title='bbox 1319 5245 1574 5310; x_wconf 85' lang='lat' dir='ltr'><strong>donaria,</strong></span> <span class='ocrx_word' id='word_1_727' title='bbox 1603 5261 1784 5302; x_wconf 87' lang='lat' dir='ltr'><strong>sacer-</strong></span> 
     </span>
    </p>
   </div>
   <div class='ocr_carea' id='block_1_100' title="bbox 185 5337 1782 5394">
    <p class='ocr_par' dir='ltr' id='par_1_100' title="bbox 185 5337 1782 5394">
     <span class='ocr_line' id='line_1_100' title="bbox 185 5337 1782 5394; baseline 0 0"><span class='ocrx_word' id='word_1_728' title='bbox 185 5341 426 5394; x_wconf 85' lang='lat' dir='ltr'><strong>dotalem</strong></span> <span class='ocrx_word' id='word_1_729' title='bbox 500 5341 768 5394; x_wconf 87' lang='lat' dir='ltr'><strong>ordinem.</strong></span> <span class='ocrx_word' id='word_1_730' title='bbox 819 5351 921 5390; x_wconf 87' lang='lat' dir='ltr'><strong>nun</strong></span> <span class='ocrx_word' id='word_1_731' title='bbox 989 5345 1091 5388; x_wconf 89' lang='lat' dir='ltr'><strong>tam</strong></span> <span class='ocrx_word' id='word_1_732' title='bbox 1137 5337 1216 5394; x_wconf 84' lang='lat' dir='ltr'><strong>pie</strong></span> <span class='ocrx_word' id='word_1_733' title='bbox 1277 5351 1452 5394; x_wconf 83' lang='lat' dir='ltr'><strong>nuam</strong></span> <span class='ocrx_word' id='word_1_734' title='bbox 1496 5337 1782 5394; x_wconf 76' lang='lat' dir='ltr'><strong>audacter.</strong></span> 
     </span>
    </p>
   </div>
   <div class='ocr_carea' id='block_1_101' title="bbox 1884 4498 3457 4570">
    <p class='ocr_par' dir='ltr' id='par_1_101' title="bbox 1884 4498 3457 4570">
     <span class='ocr_line' id='line_1_101' title="bbox 1884 4498 3457 4570; baseline 0.005 -18"><span class='ocrx_word' id='word_1_735' title='bbox 1884 4499 1947 4552; x_wconf 88' lang='lat' dir='ltr'><strong>Et</strong></span> <span class='ocrx_word' id='word_1_736' title='bbox 1970 4499 2128 4554; x_wconf 86' lang='lat' dir='ltr'><strong>Ozias</strong></span> <span class='ocrx_word' id='word_1_737' title='bbox 2151 4500 2366 4569; x_wconf 84' lang='lat' dir='ltr'><strong>quidem</strong></span> <span class='ocrx_word' id='word_1_738' title='bbox 2397 4501 2640 4570; x_wconf 82' lang='lat' dir='ltr'><strong>corporis</strong></span> <span class='ocrx_word' id='word_1_739' title='bbox 2664 4500 2744 4554; x_wconf 91' lang='lat' dir='ltr'><strong>sui</strong></span> <span class='ocrx_word' id='word_1_740' title='bbox 2775 4498 3003 4556; x_wconf 78' lang='lat' dir='ltr'><strong>salutem</strong></span> <span class='ocrx_word' id='word_1_741' title='bbox 3042 4511 3097 4556; x_wconf 91' lang='lat' dir='ltr'><strong>et</strong></span> <span class='ocrx_word' id='word_1_742' title='bbox 3140 4505 3457 4560; x_wconf 85' lang='lat' dir='ltr'><strong>munditiam</strong></span> 
     </span>
    </p>
   </div>
   <div class='ocr_carea' id='block_1_102' title="bbox 1884 4591 3458 4664">
    <p class='ocr_par' dir='ltr' id='par_1_102' title="bbox 1884 4591 3458 4664">
     <span class='ocr_line' id='line_1_102' title="bbox 1884 4591 3458 4664; baseline 0.002 -19"><span class='ocrx_word' id='word_1_743' title='bbox 1884 4603 2042 4660; x_wconf 84' lang='lat' dir='ltr'><strong>atque</strong></span> <span class='ocrx_word' id='word_1_744' title='bbox 2078 4606 2303 4661; x_wconf 81' lang='lat' dir='ltr'><strong>regnum</strong></span> <span class='ocrx_word' id='word_1_745' title='bbox 2354 4592 2584 4656; x_wconf 88' lang='lat' dir='ltr'><strong>amittit;</strong></span> <span class='ocrx_word' id='word_1_746' title='bbox 2642 4591 2770 4646; x_wconf 90' lang='lat' dir='ltr'><strong>Sanl</strong></span> <span class='ocrx_word' id='word_1_747' title='bbox 2813 4607 2940 4646; x_wconf 90' lang='lat' dir='ltr'><strong>vero</strong></span> <span class='ocrx_word' id='word_1_748' title='bbox 2985 4593 3196 4660; x_wconf 89' lang='lat' dir='ltr'><strong>spiritui</strong></span> <span class='ocrx_word' id='word_1_749' title='bbox 3228 4610 3458 4664; x_wconf 88' lang='lat' dir='ltr'><strong>nequam</strong></span> 
     </span>
    </p>
   </div>
   <div class='ocr_carea' id='block_1_103' title="bbox 1885 4681 3460 4754">
    <p class='ocr_par' dir='ltr' id='par_1_103' title="bbox 1885 4681 3460 4754">
     <span class='ocr_line' id='line_1_103' title="bbox 1885 4681 3460 4754; baseline 0.001 -19"><span class='ocrx_word' id='word_1_750' title='bbox 1885 4683 2138 4747; x_wconf 86' lang='lat' dir='ltr'><strong>traditur,</strong></span> <span class='ocrx_word' id='word_1_751' title='bbox 2195 4681 2457 4751; x_wconf 89' lang='lat' dir='ltr'><strong>Spiritum</strong></span> <span class='ocrx_word' id='word_1_752' title='bbox 2507 4691 2751 4736; x_wconf 87' lang='lat' dir='ltr'><strong>sanctum</strong></span> <span class='ocrx_word' id='word_1_753' title='bbox 2803 4683 3081 4750; x_wconf 86' lang='lat' dir='ltr'><strong>perdidit,</strong></span> <span class='ocrx_word' id='word_1_754' title='bbox 3131 4692 3186 4737; x_wconf 86' lang='lat' dir='ltr'><strong>et</strong></span> <span class='ocrx_word' id='word_1_755' title='bbox 3234 4699 3460 4754; x_wconf 87' lang='lat' dir='ltr'><strong>regnum</strong></span> 
     </span>
    </p>
   </div>
   <div class='ocr_carea' id='block_1_104' title="bbox 1885 4774 3463 4844">
    <p class='ocr_par' dir='ltr' id='par_1_104' title="bbox 1885 4774 3463 4844">
     <span class='ocr_line' id='line_1_104' title="bbox 1885 4774 3463 4844; baseline 0 -16"><span class='ocrx_word' id='word_1_756' title='bbox 1885 4784 2222 4843; x_wconf 86' lang='lat' dir='ltr'><strong>mortemque</strong></span> <span class='ocrx_word' id='word_1_757' title='bbox 2252 4774 2448 4828; x_wconf 84' lang='lat' dir='ltr'><strong>animae</strong></span> <span class='ocrx_word' id='word_1_758' title='bbox 2471 4785 2524 4829; x_wconf 92' lang='lat' dir='ltr'><strong>et</strong></span> <span class='ocrx_word' id='word_1_759' title='bbox 2545 4777 2812 4844; x_wconf 86' lang='lat' dir='ltr'><strong>corporis,</strong></span> <span class='ocrx_word' id='word_1_760' title='bbox 2843 4784 2896 4828; x_wconf 92' lang='lat' dir='ltr'><strong>et</strong></span> <span class='ocrx_word' id='word_1_761' title='bbox 2922 4792 2951 4828; x_wconf 91' lang='lat' dir='ltr'><strong>a</strong></span> <span class='ocrx_word' id='word_1_762' title='bbox 2980 4776 3274 4844; x_wconf 83' lang='lat' dir='ltr'><strong>semetipso</strong></span> <span class='ocrx_word' id='word_1_763' title='bbox 3297 4776 3463 4830; x_wconf 83' lang='lat' dir='ltr'><strong>inter-</strong></span> 
     </span>
    </p>
   </div>
   <div class='ocr_carea' id='block_1_105' title="bbox 1886 4866 3467 4934">
    <p class='ocr_par' dir='ltr' id='par_1_105' title="bbox 1886 4866 3467 4934">
     <span class='ocr_line' id='line_1_105' title="bbox 1886 4866 3467 4934; baseline -0.001 -12"><span class='ocrx_word' id='word_1_764' title='bbox 1886 4867 2080 4933; x_wconf 77' lang='lat' dir='ltr'><strong>fectus,</strong></span> <span class='ocrx_word' id='word_1_765' title='bbox 2110 4867 2383 4934; x_wconf 88' lang='lat' dir='ltr'><strong>totiusque</strong></span> <span class='ocrx_word' id='word_1_766' title='bbox 2405 4868 2598 4921; x_wconf 86' lang='lat' dir='ltr'><strong>domus</strong></span> <span class='ocrx_word' id='word_1_767' title='bbox 2650 4882 2760 4924; x_wconf 68' lang='lat' dir='ltr'><strong>sua:</strong></span> <span class='ocrx_word' id='word_1_768' title='bbox 2816 4866 3021 4922; x_wconf 87' lang='lat' dir='ltr'><strong>invenit</strong></span> <span class='ocrx_word' id='word_1_769' title='bbox 3056 4867 3256 4925; x_wconf 79' lang='lat' dir='ltr'><strong>interit:</strong></span> <span class='ocrx_word' id='word_1_770' title='bbox 3283 4885 3356 4924; x_wconf 82' lang='grc' dir='ltr'>ιιι.</span> <span class='ocrx_word' id='word_1_771' title='bbox 3399 4867 3467 4922; x_wconf 72' lang='lat' dir='ltr'><strong>Et</strong></span> 
     </span>
    </p>
   </div>
   <div class='ocr_carea' id='block_1_106' title="bbox 1884 4954 3469 5026">
    <p class='ocr_par' dir='ltr' id='par_1_106' title="bbox 1884 4954 3469 5026">
     <span class='ocr_line' id='line_1_106' title="bbox 1884 4954 3469 5026; baseline -0.002 -13"><span class='ocrx_word' id='word_1_772' title='bbox 1884 4967 2031 5013; x_wconf 85' lang='lat' dir='ltr'><strong>certe</strong></span> <span class='ocrx_word' id='word_1_773' title='bbox 2051 4963 2240 5013; x_wconf 88' lang='lat' dir='ltr'><strong>neuter</strong></span> <span class='ocrx_word' id='word_1_774' title='bbox 2261 4955 2602 5026; x_wconf 66' lang='lat' dir='ltr'><strong>praesumpsit</strong></span> <span class='ocrx_word' id='word_1_775' title='bbox 2628 4956 2729 5013; x_wconf 83' lang='lat' dir='ltr'><strong>sibi</strong></span> <span class='ocrx_word' id='word_1_776' title='bbox 2751 4965 2844 5012; x_wconf 90' lang='lat' dir='ltr'><strong>aut</strong></span> <span class='ocrx_word' id='word_1_777' title='bbox 2870 4954 3132 5009; x_wconf 86' lang='lat' dir='ltr'><strong>rationale</strong></span> <span class='ocrx_word' id='word_1_778' title='bbox 3154 4971 3250 5014; x_wconf 87' lang='lat' dir='ltr'><strong>aut</strong></span> <span class='ocrx_word' id='word_1_779' title='bbox 3277 4955 3469 5013; x_wconf 67' lang='lat' dir='ltr'><strong>stilum</strong></span> 
     </span>
    </p>
   </div>
   <div class='ocr_carea' id='block_1_107' title="bbox 1884 5047 3473 5116">
    <p class='ocr_par' dir='ltr' id='par_1_107' title="bbox 1884 5047 3473 5116">
     <span class='ocr_line' id='line_1_107' title="bbox 1884 5047 3473 5116; baseline -0.001 -12"><span class='ocrx_word' id='word_1_780' title='bbox 1884 5057 2152 5116; x_wconf 87' lang='lat' dir='ltr'><strong>sanctam,</strong></span> <span class='ocrx_word' id='word_1_781' title='bbox 2173 5048 2257 5104; x_wconf 88' lang='lat' dir='ltr'><strong>vel</strong></span> <span class='ocrx_word' id='word_1_782' title='bbox 2280 5048 2538 5103; x_wconf 88' lang='lat' dir='ltr'><strong>laminam</strong></span> <span class='ocrx_word' id='word_1_783' title='bbox 2571 5064 2814 5110; x_wconf 84' lang='lat' dir='ltr'><strong>auream,</strong></span> <span class='ocrx_word' id='word_1_784' title='bbox 2846 5063 2939 5100; x_wconf 85' lang='lat' dir='ltr'><strong>seu</strong></span> <span class='ocrx_word' id='word_1_785' title='bbox 2968 5047 3473 5113; x_wconf 87' lang='lat' dir='ltr'><strong>quamlibetsaccr-</strong></span> 
     </span>
    </p>
   </div>
   <div class='ocr_carea' id='block_1_108' title="bbox 1883 5135 3476 5209">
    <p class='ocr_par' dir='ltr' id='par_1_108' title="bbox 1883 5135 3476 5209">
     <span class='ocr_line' id='line_1_108' title="bbox 1883 5135 3476 5209; baseline -0.001 -16"><span class='ocrx_word' id='word_1_786' title='bbox 1883 5138 2144 5197; x_wconf 83' lang='lat' dir='ltr'><strong>dotalium</strong></span> <span class='ocrx_word' id='word_1_787' title='bbox 2170 5140 2428 5205; x_wconf 89' lang='lat' dir='ltr'><strong>vestium,</strong></span> <span class='ocrx_word' id='word_1_788' title='bbox 2463 5138 2566 5196; x_wconf 91' lang='lat' dir='ltr'><strong>nisi</strong></span> <span class='ocrx_word' id='word_1_789' title='bbox 2593 5141 2738 5208; x_wconf 90' lang='lat' dir='ltr'><strong>quod</strong></span> <span class='ocrx_word' id='word_1_790' title='bbox 2786 5137 2937 5209; x_wconf 84' lang='lat' dir='ltr'><strong>prior</strong></span> <span class='ocrx_word' id='word_1_791' title='bbox 2965 5135 3161 5191; x_wconf 85' lang='lat' dir='ltr'><strong>obtulit</strong></span> <span class='ocrx_word' id='word_1_792' title='bbox 3191 5139 3476 5196; x_wconf 58' lang='lat' dir='ltr'><strong>holocaus-</strong></span> 
     </span>
    </p>
   </div>
   <div class='ocr_carea' id='block_1_109' title="bbox 1886 5229 3480 5305">
    <p class='ocr_par' dir='ltr' id='par_1_109' title="bbox 1886 5229 3480 5305">
     <span class='ocr_line' id='line_1_109' title="bbox 1886 5229 3480 5305; baseline -0.003 -15"><span class='ocrx_word' id='word_1_793' title='bbox 1886 5245 2022 5300; x_wconf 83' lang='lat' dir='ltr'><strong>tum,</strong></span> <span class='ocrx_word' id='word_1_794' title='bbox 2059 5238 2195 5294; x_wconf 83' lang='lat' dir='ltr'><strong>alter</strong></span> <span class='ocrx_word' id='word_1_795' title='bbox 2227 5249 2355 5292; x_wconf 83' lang='lat' dir='ltr'><strong>vero</strong></span> <span class='ocrx_word' id='word_1_796' title='bbox 2397 5233 2632 5305; x_wconf 86' lang='lat' dir='ltr'><strong>arripuit</strong></span> <span class='ocrx_word' id='word_1_797' title='bbox 2674 5231 3006 5290; x_wconf 85' lang='lat' dir='ltr'><strong>thuribulunt</strong></span> <span class='ocrx_word' id='word_1_798' title='bbox 3046 5229 3112 5282; x_wconf 86' lang='lat' dir='ltr'><strong>ad</strong></span> <span class='ocrx_word' id='word_1_799' title='bbox 3155 5233 3480 5290; x_wconf 75' lang='lat' dir='ltr'><strong>thuriﬁcan-</strong></span> 
     </span>
    </p>
   </div>
   <div class='ocr_carea' id='block_1_110' title="bbox 1885 5321 3484 5394">
    <p class='ocr_par' dir='ltr' id='par_1_110' title="bbox 1885 5321 3484 5394">
     <span class='ocr_line' id='line_1_110' title="bbox 1885 5321 3484 5394; baseline -0.003 -12"><span class='ocrx_word' id='word_1_800' title='bbox 1885 5328 2036 5384; x_wconf 82' lang='lat' dir='ltr'><strong>dum.</strong></span> <span class='ocrx_word' id='word_1_801' title='bbox 2061 5330 2366 5387; x_wconf 85' lang='lat' dir='ltr'><strong>Notandum</strong></span> <span class='ocrx_word' id='word_1_802' title='bbox 2397 5341 2614 5394; x_wconf 87' lang='lat' dir='ltr'><strong>quoque</strong></span> <span class='ocrx_word' id='word_1_803' title='bbox 2645 5340 2852 5394; x_wconf 76' lang='lat' dir='ltr'><strong>Qualth</strong></span> <span class='ocrx_word' id='word_1_804' title='bbox 2872 5321 3245 5385; x_wconf 77' lang='lat' dir='ltr'><strong>excusabilius</strong></span> <span class='ocrx_word' id='word_1_805' title='bbox 3272 5337 3323 5382; x_wconf 89' lang='lat' dir='ltr'><strong>et</strong></span> <span class='ocrx_word' id='word_1_806' title='bbox 3348 5324 3484 5381; x_wconf 82' lang='lat' dir='ltr'><strong>tole-</strong></span> 
     </span>
    </p>
   </div>
  </div>
