4064 5394
518 227 693 287 Ηῢό.

1588 227 1943 292 ιιωωειιτι
1986 236 2045 290 s.
2092 236 2157 289 n.
2201 237 2261 292 Ε.
2303 223 2713 298 canamus

3645 245 3791 303 1164

512 348 666 440 esset
682 341 752 399 ab
777 340 891 440 eis...
923 342 1051 440 quia
1102 350 1291 440 postea
1344 342 1397 400 in
1419 347 1630 440 ~__multis
1656 365 1782 433 eum
1816 351 2105 440 tri‘umpnts
2131 360 2180 415 Λ
2208 372 2311 412 non
2338 366 2400 414 ut
2443 360 2705 417 ecclesias
2746 360 3056 433 instituant,
3087 373 3143 420 et
3182 365 3405 433 valeas,
3435 364 3527 422 vel
3583 364 3796 440 aliquid

514 433 777 489 Dominus
825 422 1165 503 clariﬁcavit,
1197 444 1255 491 et
1297 424 1564 508 propheta
1622 424 1901 497 multotics
1947 439 2099 497 illum

510 521 776 590 visitavit,
801 522 1082 591 salutavit,
1116 534 1171 580 et
1197 525 1248 581 in
1276 541 1526 583 sermone
1556 530 1765 585 Domini
1793 533 1858 586 ad
1880 522 2101 589 Amalec

511 616 746 670 deletum
781 617 861 672 ire
890 617 1164 687 prmcepit.
1201 615 1302 673 Ubi
1332 628 1513 673 autem
1548 621 1825 676 voluntate
1858 623 1911 678 id
1953 637 2095 693 prte-

509 708 759 779 sumpsit,
791 707 974 764 statim
1004 708 1073 763 ab
1097 725 1163 764 eo
1188 710 1410 780 spiritus
1440 711 1649 766 Domini
1678 704 1862 769 bonus
1913 730 2096 771 reces-

509 800 599 865 sit,
630 801 972 872 spiritusque
1002 800 1218 855 Domini
1243 794 1415 858 malus
1445 817 1568 859 eum
1599 789 1877 876 exagitare
1907 808 2094 875 coepit,

510 908 611 949 nec
668 899 859 963 postea
904 890 1196 950 victoriam
1244 893 1476 961 habuit,
1536 899 1711 966 neque
1780 896 2093 953 Samuelem

506 987 667 1055 vidit.

1105 1064 1334 1137 CAPUT
1376 1064 1494 1136 'xv.

511 1197 721 1263 Quanta
766 1196 978 1267 ﬂagella
1007 1205 1247 1271 premant
1287 1198 1555 1271 principes
1596 1215 1712 1254 cum
1747 1199 1954 1271 populis
1998 1215 2093 1271 pro

790 1268 1197 1337 prwsumptione
1241 1270 1586 1323 sacerdotalis
1624 1270 1797 1340 Ofﬁcii.

578 1358 731 1427 Quod
770 1374 994 1414 necesse
1024 1368 1107 1415 est
1158 1361 1441 1414 attendant
1465 1359 1762 1416 Christiani
1795 1361 2091 1433 principes.

504 1461 562 1504 et
590 1449 945 1504 sacerdotalis
971 1446 1137 1525 oﬁicii
1158 1449 1435 1519 quidpiam
1467 1450 1569 1505 sibi
1596 1466 1924 1522 priesnmere
1948 1466 2117 1519 nunc,

505 1547 742 1604 cessent,
773 1552 840 1593 ne
893 1554 998 1593 non
1057 1547 1267 1593 tantum
1316 1538 1640 1609 simplicem.
1674 1540 1766 1594 sed
1821 1540 2088 1609 duplicem

503 1644 719 1699 quoque
751 1629 1124 1684 confusionem
1149 1630 1291 1685 sicut
1312 1630 1604 1701 diploidem
1634 1630 1879 1686 induant.
1904 1630 2091 1701 Neque

2194 444 2388 504 earum
2424 450 2766 512 sanctiﬁcent
2793 462 2887 508 aut
2914 464 3267 523 praesumant.

2272 542 2425 609 Quod
2450 543 2499 598 si
2531 542 2732 601 alicubi
2757 546 3069 603 aediﬁcanda
3098 558 3226 604 sunt
3251 549 3415 606 ovilia
3436 539 3795 609 intellectua-

2201 632 2342 688 libus
2360 616 2569 700 ovibus,
2601 635 2711 692 sint
2730 637 3048 707 pastoribus
3073 654 3261 705 earum
3291 628 3471 697 devoti
3487 648 3551 698 ‘et
3577 644 3792 699 strenui

2201 728 2495 797 adjutores,
2519 747 2625 787 non
2654 741 2712 788 ut
2739 718 2967 788 aliarum
3000 734 3140 789 lacte
3170 744 3225 790 et
3242 722 3414 803 lanis,
3441 739 3540 793 sed
3574 746 3797 793 tantum

2200 820 2414 876 illarum
2445 839 2674 892 quarum
2719 823 2970 890 interest,
3000 825 3338 882 aediﬁcentur
3366 842 3383 883 :
3417 844 3437 878 ι
3469 815 3575 894 Qui
3616 814 3793 892 enim,

2198 920 2258 967 ut
2284 912 2517 982 Sapiens
2543 914 2645 982 ait,
2673 915 2910 971 aediﬁcat
2934 916 3155 973 domum
3176 932 3331 973 suam
3355 917 3622 986 impensis
3650 918 3796 975 alia

2197 1004 2305 1067 nis,
2335 1005 2489 1075 quasi
2519 1005 2610 1075 qui
2640 1005 2861 1077 colligat
2901 1006 3106 1075 lapides
3136 1022 3265 1061 suos
3301 994 3358 1060 in
3378 992 3570 1065 [hieme
3610 1007 3796 1079 (Eccl.

2197 1111 2314 1154 xxi.
2336 1095 2417 1163 9).
2446 1096 2512 1150 Et
2535 1104 2684 1151 certe
2708 1097 2898 1166 quanti
2930 1096 3183 1167 penditur
3209 1098 3315 1153 hoc
3341 1113 3372 1151 a
3405 1097 3534 1161 Deo.
3559 1104 3618 1155 et
3644 1104 3801 1154 sane

2195 1185 2394 1240 mentis
2429 1186 2763 1260 horninibus,
2797 1188 2841 1240 si
2872 1186 3045 1242 solius
3065 1187 3407 1244 cleemosiuae
3439 1190 3623 1258 gratia
3667 1189 3802 1259 qui-

2196 1275 2328 1331 libet
2373 1275 2596 1331 divitem
2646 1276 2730 1330 vel
2781 1274 3113 1333 mediocrem
3167 1268 3381 1348 spoliet,
3430 1289 3525 1333 aut
3569 1276 3799 1335 occidat

2195 1365 2487 1438 quemlibet
2530 1367 2824 1435 hominem,
2857 1378 2916 1423 ut
2967 1369 3173 1423 nudum
3210 1370 3434 1434 vestiat,
3460 1379 3556 1425 aut
3615 1371 3800 1425 morio

2194 1459 2433 1514 hundum
2488 1446 2853 1516 viviﬁcet?.et
2904 1471 3110 1532 quanto
3164 1449 3489 1517 laudabilior
3538 1462 3710 1530 foret,
3748 1449 3799 1518 si

2192 1550 2423 1605 miseros
2449 1549 2766 1621 negligeret,
2797 1566 2960 1622 quam
2989 1563 3047 1606 ut
3085 1551 3167 1609 eis
3193 1536 3549 1607 misereretur
3581 1538 3794 1607 taliter.

2195 1638 2540 1712 Quapmpter
2569 1628 2907 1697 szecuiariter
2952 1649 3219 1712 potentes,
3250 1656 3318 1697 ne
3365 1649 3633 1711 potenter
3680 1651 3801 1695 toro

503 1721 648 1774 enim
686 1719 846 1786 Deus,
875 1720 1140 1775 ultionum
1171 1699 1456 1785 Dominus,
1490 1721 1632 1777 Deus
1668 1721 1935 1777 ultionum
1977 1699 2088 1777 for-

2196 1740 2378 1788 menta
2409 1699 2685 1803 patiantur
2702 1715 2859 1804 (Snp.
2888 1699 2971 1796 vr:
2994 1731 3070 1801 7),
3105 1731 3246 1787 inter
3271 1717 3378 1787 alia
3407 1731 3795 1789 ecclesiastica

491 1813 576 1867 ais
597 1820 652 1868 et
674 1811 895 1879 zelotes,
931 1820 1141 1867 tantum
1174 1812 1328 1867 nefas
1386 1811 1616 1869 intritum
1677 1812 2090 1884 prmtermittcre

501 1901 675 1972 solet;
709 1899 803 1961 sed
833 1902 1003 1961 autin
1028 1906 1286 1976 persenti
1320 1905 1540 1972 saeculo,
1560 1915 1653 1960 aut
1681 1906 1733 1961 in
1764 1905 1968 1972 futuro,
1997 1914 2090 1959 aut

499 2007 650 2053 certe
682 1998 735 2053 in
768 2007 1001 2069 utroque
1023 1990 1325 2053 vindicare.
1357 1997 1594 2053 Proinde
1634 2002 1917 2054 attendant
1949 1998 2086 2055 bella

498 2099 752 2156 externa,
783 2088 1079 2145 seditiones
1113 2088 1376 2153 internas,
1401 2098 1613 2160 gentem
1645 2105 1807 2160 super
1840 2100 2087 2159 gentem,

503 2194 730 2249 regnum
746 2188 935 2234 contra
955 2194 1204 2247 regnum,
1229 2187 1572 2234 terraemotns
1593 2195 1818 2249 magnos
1838 2181 2088 2249 perloca,

500 2276 743 2323 terrores
758 2268 823 2323 de
844 2267 985 2323 coelo
999 2276 1055 2322 ct
1080 2270 1453 2338 tempestates,
1476 2262 1812 2339 pestilentias
1829 2269 2088 2336 etfames,

500 2372 623 2428 quae
666 2357 788 2414 sine
836 2357 1238 2413 intermissione
1284 2357 1626 2414 Christianos
1659 2361 2005 2430 perturbant,
2036 2370 2092 2418 et

500 2457 630 2505 ante
678 2449 795 2504 hac
846 2448 1028 2503 omnia
1057 2435 1308 2515 iniecisse
1344 2464 1538 2504 manus
1589 2451 1844 2520 apostolis
1890 2450 1984 2508 Dei
2033 2459 2092 2507 et

501 2539 788 2604 ministris,
817 2547 871 2594 et
899 2538 985 2593 vel
1036 2546 1113 2593 tot
1169 2529 1399 2608 ﬂagellis
1449 2541 1683 2609 correpti
1739 2542 1953 2596 tandem
1992 2556 2089 2597 eo-

503 2637 789 2694 gnoscant,
819 2645 886 2683 ne
918 2628 1056 2684 forte
1104 2630 1268 2683 etiam
1301 2635 1423 2700 post
1468 2621 1674 2701 ﬂagella
1703 2640 1934 2688 mortem
1964 2647 2090 2702 per-

499 2733 717 2792 petuam
758 2722 1063 2777 incurrant.
1098 2719 1273 2792 Super
1299 2721 1413 2777 haec
1463 2725 1769 2790 attendant,
1801 2726 1929 2798 quia
1961 2741 2085 2783 cum

500 2817 556 2869 in
583 2813 915 2869 Francorum
944 2821 1084 2867 terra
1118 2828 1275 2883 reges
1301 2828 1365 2867 ex
1391 2824 1591 2884 genere
1618 2815 1888 2885 prodeant
1915 2854 1931 2883 ,
1963 2817 2089 2886 quis

498 2921 687 2977 regum
718 2922 747 2961 a
774 2913 989 2960 centum
1023 2911 1079 2959 et
1117 2904 1349 2973 amplius
1375 2897 1533 2959 annis
1580 2905 1839 2961 rceoiitur
1882 2922 1915 2962 a
1962 2892 2088 2985 ﬁliis

2191 1834 2554 1891 sacramenta,
2589 1834 2819 1883 caveant
2845 1825 3065 1881 annulis
3113 1834 3167 1880 et
3197 1825 3365 1898 virgis
3390 1825 3797 1882 ecclesiasticis

2190 1917 2485 1988 quemlibet
2516 1917 2801 1989 insignire,
2822 1918 3057 1974 scientes
3081 1918 3182 1974 hoc
3213 1930 3322 1974 non
3351 1918 3435 1974 sui
3464 1918 3667 1988 olﬁcii,
3691 1908 3792 1975 sed

2190 2008 2533 2064 siterdotum
2599 2022 2738 2063 esse.
2777 2007 2882 2080 Ipsi
2938 2008 3109 2074 enim,
3160 2016 3219 2063 ut
3274 2008 3416 2066 servi
3468 2009 3791 2074 domestici.

2186 2098 2342 2169 juxta
2402 2097 2773 2169 evangelicum
2820 2098 3156 2169 parabolam,
3182 2097 3340 2169 jussu
3366 2100 3794 2171 patrisfamilias

2189 2191 2416 2263 prodigo
2447 2192 2557 2247 ﬁlio
2585 2192 2874 2247 revertenti
2902 2191 3055 2263 prol‘e
3087 2202 3187 2249 unt
3211 2193 3413 2248 stolam
3433 2193 3700 2263 primam,
3734 2195 3791 2251 id

2189 2293 2273 2339 cst
2301 2284 2640 2340 catechizant
2664 2302 2678 2338 :
2703 2284 2803 2356 ipsi
2829 2300 2952 2341 eum
2985 2285 3237 2352 induunt,
3271 2285 3324 2340 id
3351 2294 3436 2342 est
3458 2284 3785 2358 baptizant;

2191 2378 2289 2447 ipsi
2323 2380 2687 2434 calceamenta
2723 2366 3045 2435 imitationis
3075 2378 3318 2450 priorum
3353 2389 3574 2449 patrum
3605 2381 3660 2434 in
3687 2396 3790 2451 pes

2190 2469 2346 2524 dibus
2371 2469 2507 2539 ejus,
2547 2470 2648 2540 ipsi
2679 2470 2848 2527 multo
2888 2472 3062 2544 magis
3084 2471 3339 2528 annulum
3371 2463 3789 2544 puedicationis

2190 2575 2284 2615 seu
2315 2560 2699 2617 ecclesiastica:
2729 2561 3151 2632 dispensationis
3191 2562 3322 2618 dant
3349 2562 3403 2618 in
3442 2578 3610 2618 manu
3639 2565 3787 2634 ejus.

2190 2653 2427 2722 Quoruzn
2455 2652 2598 2709 enim
2622 2668 2730 2709 non
2763 2664 2846 2709 est
2879 2644 3158 2725 baptizare
3184 2662 3239 2709 et
3260 2653 3581 2724 praedicare.
3610 2654 3787 2710 multo

2189 2746 2370 2800 m'nus
2390 2753 2473 2799 est
2493 2744 2751 2801 annulum
2792 2745 2942 2809 dare,
2977 2762 3085 2816 quo
3110 2745 3400 2815 specialius
3418 2745 3780 2802 commenda-

2194 2849 2280 2895 tur
2304 2838 2617 2911 prtedicatio
2655 2846 2711 2894 et
2751 2838 3122 2908 magisterium
3171 2846 3441 2894 reetorum
3492 2837 3778 2894 Ecdesim.

2191 2930 2430 2998 Quorum
2462 2937 2546 2985 est
2594 2931 2756 2985 etiam
2784 2929 3013 2985 vitulum
3053 2929 3360 3002 saginatum
3402 2928 3682 2987 adducere
3722 2939 3783 2985 et

500 3000 616 3054 ﬁnis
642 2999 726 3054 vel
757 3012 926 3110 "siue
954 2998 1007 3052 in
1060 3006 1310 3067 quanam
1340 2992 1745 3102 θθτξθωίίθηθω
1790 2997 2087 3103 Ῡθετπίξδθῖ
2112 3047 2161 3110 ρ
2192 3024 2462 3095 occidere.
2497 3034 2835 3080 sacramenta
2869 3024 3079 3080 scilicet
3117 2992 3367 3095 corporis
3402 3031 3459 3078 et
3490 3023 3779 3095 sanguinis

501 3093 783 3164 Siquidem
823 3090 1073 3156 Ottones,
1125 3105 1236 3161 prae
1290 3090 1544 3147 omnibus
1578 3098 1705 3146 ante
1761 3106 1822 3147 se
1867 3091 2087 3163 regibus

500 3184 853 3243 sacerdotalis
879 3183 1037 3239 ollicii
1068 3192 1509 3255 praesumptores,
1539 3182 1632 3238 vix
1686 3182 1918 3254 attigere
1980 3191 2084 3237 ter-

489 3282 660 3336 tiam.
689 3278 817 3334 Post
850 3293 984 3349 quos
1021 3277 1229 3347 primus
1277 3275 1543 3332 Henricus
1574 3276 1796 3331 nullam.
1823 3277 1976 3345 Quod
2032 3285 2086 3332 et

506 3376 561 3427 in
596 3372 719 3428 aliis
755 3371 934 3441 regnis
963 3380 1018 3425 et
1062 3370 1460 3441 principatibus
1506 3369 1801 3440 contigisse
1831 3368 1924 3439 qui
1974 3369 2087 3425 dis-

504 3457 775 3536 quisierit,
811 3463 1054 3519 invenire
1096 3463 1311 3534 poterit.
1345 3462 1620 3527 Et,ta:nen
1668 3462 1900 3518 mirabili
1930 3462 2087 3519 creci-

506 3556 618 3612 ta'te
662 3551 993 3611 arbitrantur
1035 3554 1341 3624 huiusmodi
1378 3554 1652 3625 principes
1680 3570 1739 3610 se
1767 3555 2084 3624 obsequium

505 3655 762 3718 priestare
800 3643 940 3712 Deo;
996 3646 1041 3699 si
1091 3660 1154 3700 ex
1206 3644 1469 3716 pecuniis,
1514 3644 1598 3700 vel
1650 3645 1868 3714 prrediis
1912 3643 2087 3700 taliter

504 3732 788 3809 acquisitis
827 3737 1165 3793 constituant
1195 3750 1363 3790 novas
1410 3734 1673 3790 ecclesias
1701 3735 1785 3790 vel
1836 3734 1940 3790 alia
1997 3736 2083 3806 pia

502 3827 650 3896 loca,
681 3843 800 3883 cum
835 3841 939 3882 non
970 3824 1141 3880 solum
1174 3824 1306 3879 nihil
1335 3825 1415 3879 eis
1450 3825 1643 3894 prosit,
1672 3825 1765 3879 sed
1792 3824 2083 3895 plurimum

503 3936 721 3992 quoque
741 3920 903 3981 obsit,
934 3920 1073 3973 sicut
1100 3932 1165 3972 es
1195 3915 1530 3972 verbisbcati
1563 3915 1808 3986 Gregorii
1838 3918 2087 3986 supcr'us

503 4022 844 4071 monstratur
866 4012 1021 4067 satis.
1050 4010 1118 4066 Et
1147 4026 1331 4066 revera
1354 4011 1480 4080 quid
1507 4010 1721 4081 prodest
1748 4010 2084 4081 principibus

502 4106 654 4164 mille
712 4105 971 4162 ecclesias
1033 4104 1314 4158 destruere
1348 4141 1363 4167 ,
1433 4108 1489 4157 et
1550 4116 1714 4157 unam
1768 4110 2086 4159 construere

501 4197 752 4269 exemplo
798 4195 1101 4267 principum
1132 4194 1345 4251 illorum
1387 4208 1526 4264 quos
1552 4193 2082 4264 praenominavimus,

502 4291 596 4363 qui
622 4291 688 4344 de
716 4287 901 4359 spoliis
946 4286 1235 4343 multarum
1277 4284 1652 4350 ecclesiarum,
1683 4292 1737 4338 et
1782 4285 2082 4354 przesertim

498 4379 903 4455 provinciarum
934 4378 1147 4433 miserm
1196 4375 1383 4439 italiae,
1428 4375 1562 4429 duos
1588 4368 1930 4444 episcopatus
1955 4388 2081 4428 con-
2117 4392 2163 4451 υ

503 4484 778 4539 struxere,
807 4478 867 4525 ut
898 4470 979 4524 vel
1022 4468 1102 4523 sic
1148 4468 1387 4522 humano
1408 4463 1615 4533 judicio
1650 4463 2085 4534 approbarentur

504 4563 596 4635 qui
637 4562 821 4619 divino
852 4560 1243 4630 reprobantur;
1288 4561 1343 4609 et
1386 4553 1538 4623 quasi
1585 4568 1835 4624 maguum
1881 4550 2086 4623 aliquid

501 4655 758 4721 fecerint,
784 4652 1002 4708 nomine
1051 4659 1206 4703 tenus
1243 4645 1353 4718 juri
1400 4643 1723 4701 tradiderint
1775 4645 2085 4715 apostolica

507 4746 677 4810 sedis,
711 4759 833 4801 cum
872 4741 972 4797 sibi
1010 4750 1189 4794 tamen
1224 4748 1279 4793 et
1324 4737 1734 4793 successoribus
1774 4738 1888 4792 suis
1925 4750 2085 4793 omne

504 4836 804 4893 dominium
836 4833 959 4889 inde
995 4830 1357 4886 retinuerint?
1385 4828 1648 4884 Nimirum
1688 4830 1799 4885 sive
1834 4830 1944 4896 isti,
1973 4831 2087 4887 sive

502 4929 812 4999 quicunque
838 4923 1141 4979 imitatores
1170 4938 1382 4988 eorum,
1407 4930 1499 4976 aut
1526 4918 1737 4988 fallunt,
1770 4931 1863 4977 aut
1891 4920 2088 4977 fallun-

2189 3117 2393 3175 Christi
2438 3116 2657 3171 familia:
2687 3115 2802 3184 ejus
2842 3116 3141 3187 epulaturus
3168 3130 3498 3187 prreparare.
3532 3115 3692 3184 Quod
3729 3115 3778 3172 si

2186 3210 2458 3280 principes
2493 3207 2671 3264 δειξοωί
2722 3208 2954 3263 mercedi
2997 3208 3301 3267 animarum
3334 3223 3555 3264 suarum
3593 3209 3650 3265 in
3678 3209 3780 3265 de-

2189 3300 2432 3358 fensione
2457 3308 2512 3355 et
2541 3299 2925 3370 procuratione
2965 3299 3461 3356 ecclesiasticarum
3501 3315 3777 3371 personaa

2187 3409 2305 3449 mztt
2323 3401 2373 3448 et
2406 3391 2719 3447 facultatum
2744 3390 2972 3460 cupiunt
2990 3404 3089 3461 pro
3116 3390 3316 3461 picere.
3341 3405 3437 3459 per
3455 3391 3781 3447 sacerdotes

2187 3481 2552 3539 sacerdotales
2566 3482 2739 3548 vires,
2769 3478 3076 3536 habitacula
3106 3488 3163 3535 et
3187 3489 3439 3551 sumptus
3454 3482 3777 3537 conservari

2187 3580 2567 3651 suil'ragentur.
2594 3580 2905 3651 ubicunque
2933 3577 3334 3635 ecclesiasticus
3357 3584 3533 3633 status
3566 3574 3779 3631 incolu-

2186 3669 2852 3741 misinvenitur,exemplo
2878 3667 3357 3739 sonetissimireg's
3385 3664 3581 3730 Davd,
3601 3665 3694 3735 qui
3716 3672 3777 3717 ut

2187 3762 2614 3819 saec-domibus
2627 3760 2833 3815 sortibu
2847 3759 3230 3815 ssacerdotium
3255 3755 3777 3825 tunciacolumeper

2186 3869 2425 3925 congrua
2443 3864 2497 3907 et
2513 3852 2692 3908 debita
2712 3849 2887 3907 olIicia
2903 3849 3130 3911 Domino
3152 3848 3527 3920 disponeretur
3546 3847 3773 3909 institit,

2187 3954 2240 3999 rt
2270 3946 2336 3999 de
2371 3942 2603 3999 hostium
2635 3942 2844 3998 Domini
2878 3940 3168 4011 manubiis,
3199 3938 3389 4009 suique
3410 3939 3552 4006 juris
3594 3937 3774 3993 {aetii-

2189 4039 2390 4092 tatibus
2433 4037 2499 4090 ad
2542 4034 2799 4107 templum
2854 4035 3083 4090 Domino
3139 4032 3511 4095 aediﬁcandum
3563 4047 3775 4102 expen—

2124 4172 2127 4173 ν
2189 4144 2278 4184 sas
2335 4125 2613 4182 Salomoni
2668 4126 2779 4181 ﬁlio
2819 4124 3056 4194 providit
3098 4134 3151 4181 ct
3207 4123 3567 4195 praeparavit,
3632 4124 3778 4177 sicut

2187 4222 2310 4277 linis
2365 4219 2486 4275 libri
2550 4217 2714 4290 primi
2773 4216 3235 4288 Paralipomenon
3297 4214 3635 4274 enucleatius
3686 4230 3779 4270 os-

2190 4315 2379 4370 tendit.
3404 4330 3409 4335 '

2783 4406 3011 4464 CAPUT
3050 4403 3171 4460 XVI

2186 4499 2266 4555 De
2292 4498 2465 4556 studio
2495 4508 2793 4554 sanctorum
2825 4515 3001 4568 regum
3048 4512 3173 4566 erga
3195 4496 3429 4568 divinum
3472 4489 3673 4548 cultant
3728 4502 3779 4549 α

2449 4566 2897 4635 remuneratione,
2929 4578 2975 4622 et
3004 4569 3233 4624 vindicta
3258 4566 3505 4636 plebium.

2257 4660 2623 4716 Nihilominus
2661 4659 2973 4728 ubicunque
3020 4656 3427 4713 ecclesiasticus
3478 4663 3657 4710 status
3721 4662 3774 4708 et

2189 4753 2403 4808 divinus
2432 4753 2609 4808 cultus
2648 4751 2966 4807 imminutus
3010 4759 3115 4813 est,
3148 4758 3244 4805 aut
3289 4748 3625 4814 annullatus,
3657 4747 3777 4804 zelo

2188 4854 2244 4902 et
2273 4846 2432 4901 modo
2465 4846 2608 4916 regis
2640 4842 2803 4901 Josia:
2829 4843 2895 4901 ad
2939 4842 3371 4912 recuperandum
3409 4850 3466 4896 et
3494 4839 3767 4896 vindican-

2191 4937 2316 4991 dum
2357 4937 2733 5007 accingamur,
2765 4934 2962 5008 piaque
2998 4932 3283 4989 derotione
3317 4931 3633 4988 sacerdotes
3656 4929 3774 4999 ejus
