  <div class='ocr_page' id='page_1' title='image "/cluster/home/n/w/nwhite01/storage/ocr_20150623/143/hvd.32044015471816/586.png"; bbox 0 0 4064 5394; ppageno 0'>
   <div class='ocr_carea' id='block_1_1' title="bbox 171 354 319 413">
    <p class='ocr_par' dir='ltr' id='par_1_1' title="bbox 171 354 319 413">
     <span class='ocr_line' id='line_1_1' title="bbox 171 354 319 413; baseline -0.02 0"><span class='ocrx_word' id='word_1_1' title='bbox 171 355 203 412; x_wconf 73' lang='grc' dir='ltr'><strong>·ἱ</strong></span> <span class='ocrx_word' id='word_1_2' title='bbox 218 354 319 413; x_wconf 74' lang='lat'><strong>£65</strong></span> 
     </span>
    </p>
   </div>
   <div class='ocr_carea' id='block_1_2' title="bbox 819 340 2820 407">
    <p class='ocr_par' dir='ltr' id='par_1_2' title="bbox 819 340 2820 407">
     <span class='ocr_line' id='line_1_2' title="bbox 819 340 2820 407; baseline -0.004 -1"><span class='ocrx_word' id='word_1_3' title='bbox 819 347 1188 407; x_wconf 69' lang='lat' dir='ltr'><strong>ADVERSUS</strong></span> <span class='ocrx_word' id='word_1_4' title='bbox 1228 345 1643 405; x_wconf 79' lang='lat' dir='ltr'><strong>SIMONIACOS</strong></span> <span class='ocrx_word' id='word_1_5' title='bbox 1692 343 1870 400; x_wconf 76' lang='lat' dir='ltr'><strong>LIBRI</strong></span> <span class='ocrx_word' id='word_1_6' title='bbox 1909 344 2108 400; x_wconf 81' lang='lat' dir='ltr'><strong>TIIES.</strong></span> <span class='ocrx_word' id='word_1_7' title='bbox 2147 373 2219 387; x_wconf 90' lang='lat'><strong>--</strong></span> <span class='ocrx_word' id='word_1_8' title='bbox 2253 341 2457 401; x_wconf 77' lang='lat' dir='ltr'><strong>LIBER</strong></span> <span class='ocrx_word' id='word_1_9' title='bbox 2499 340 2820 399; x_wconf 74' lang='lat' dir='ltr'><strong>TERTIUS.</strong></span> 
     </span>
    </p>
   </div>
   <div class='ocr_carea' id='block_1_3' title="bbox 3300 339 3440 400">
    <p class='ocr_par' dir='ltr' id='par_1_3' title="bbox 3300 339 3440 400">
     <span class='ocr_line' id='line_1_3' title="bbox 3300 339 3440 400; baseline 0.036 -5"><span class='ocrx_word' id='word_1_10' title='bbox 3300 339 3440 400; x_wconf 76' lang='grc' dir='ltr'><strong>Ηῦϐ</strong></span> 
     </span>
    </p>
   </div>
   <div class='ocr_carea' id='block_1_4' title="bbox 178 452 3443 532">
    <p class='ocr_par' dir='ltr' id='par_1_4' title="bbox 178 452 3443 532">
     <span class='ocr_line' id='line_1_4' title="bbox 178 452 3443 532; baseline -0.004 -11"><span class='ocrx_word' id='word_1_11' title='bbox 178 471 398 523; x_wconf 63' lang='lat' dir='ltr'><strong>«tomum</strong></span> <span class='ocrx_word' id='word_1_12' title='bbox 428 463 639 520; x_wconf 82' lang='lat' dir='ltr'><strong>Domini</strong></span> <span class='ocrx_word' id='word_1_13' title='bbox 672 462 763 517; x_wconf 85' lang='lat' dir='ltr'><strong>Dei</strong></span> <span class='ocrx_word' id='word_1_14' title='bbox 800 471 1011 532; x_wconf 79' lang='lat' dir='ltr'><strong>patrum</strong></span> <span class='ocrx_word' id='word_1_15' title='bbox 1043 471 1374 527; x_wconf 88' lang='lat' dir='ltr'><strong>vestrorum,</strong></span> <span class='ocrx_word' id='word_1_16' title='bbox 1400 459 1609 515; x_wconf 87' lang='lat' dir='ltr'><strong>auferte</strong></span> <span class='ocrx_word' id='word_1_17' title='bbox 1640 472 1764 512; x_wconf 90' lang='lat' dir='ltr'><strong>om-</strong></span> <span class='ocrx_word' id='word_1_18' title='bbox 1793 462 1841 520; x_wconf 80' lang='grc' dir='ltr'><strong>Α</strong></span> <span class='ocrx_word' id='word_1_19' title='bbox 1868 467 2087 526; x_wconf 86' lang='lat' dir='ltr'><strong>quente,</strong></span> <span class='ocrx_word' id='word_1_20' title='bbox 2132 457 2416 512; x_wconf 88' lang='lat' dir='ltr'><strong>innumera</strong></span> <span class='ocrx_word' id='word_1_21' title='bbox 2445 455 2624 526; x_wconf 86' lang='lat' dir='ltr'><strong>pepuli</strong></span> <span class='ocrx_word' id='word_1_22' title='bbox 2658 452 2946 510; x_wconf 88' lang='lat' dir='ltr'><strong>multitudo</strong></span> <span class='ocrx_word' id='word_1_23' title='bbox 2991 455 3354 524; x_wconf 87' lang='lat' dir='ltr'><strong>prosternitur</strong></span> <span class='ocrx_word' id='word_1_24' title='bbox 3393 465 3443 511; x_wconf 90' lang='lat' dir='ltr'><strong>et</strong></span> 
     </span>
    </p>
   </div>
   <div class='ocr_carea' id='block_1_5' title="bbox 177 550 1763 619">
    <p class='ocr_par' dir='ltr' id='par_1_5' title="bbox 177 550 1763 619">
     <span class='ocr_line' id='line_1_5' title="bbox 177 550 1763 619; baseline -0.007 -8"><span class='ocrx_word' id='word_1_25' title='bbox 177 573 301 613; x_wconf 89' lang='lat' dir='ltr'><strong>nem</strong></span> <span class='ocrx_word' id='word_1_26' title='bbox 324 553 723 610; x_wconf 75' lang='lat' dir='ltr'><strong>immunditiam</strong></span> <span class='ocrx_word' id='word_1_27' title='bbox 748 554 814 607; x_wconf 88' lang='lat' dir='ltr'><strong>de</strong></span> <span class='ocrx_word' id='word_1_28' title='bbox 838 551 1167 606; x_wconf 87' lang='lat' dir='ltr'><strong>sanctuario.</strong></span> <span class='ocrx_word' id='word_1_29' title='bbox 1195 550 1559 604; x_wconf 83' lang='lat' dir='ltr'><strong>Peccaverunt</strong></span> <span class='ocrx_word' id='word_1_30' title='bbox 1581 557 1763 619; x_wconf 89' lang='lat' dir='ltr'><strong>patres</strong></span> 
     </span>
    </p>
   </div>
   <div class='ocr_carea' id='block_1_6' title="bbox 177 637 1760 708">
    <p class='ocr_par' dir='ltr' id='par_1_6' title="bbox 177 637 1760 708">
     <span class='ocr_line' id='line_1_6' title="bbox 177 637 1760 708; baseline -0.008 -5"><span class='ocrx_word' id='word_1_31' title='bbox 177 647 352 702; x_wconf 88' lang='lat' dir='ltr'><strong>nostri</strong></span> <span class='ocrx_word' id='word_1_32' title='bbox 387 655 444 700; x_wconf 90' lang='lat' dir='ltr'><strong>et</strong></span> <span class='ocrx_word' id='word_1_33' title='bbox 493 644 738 698; x_wconf 89' lang='lat' dir='ltr'><strong>fecerunt</strong></span> <span class='ocrx_word' id='word_1_34' title='bbox 772 641 974 697; x_wconf 87' lang='lat' dir='ltr'><strong>malum</strong></span> <span class='ocrx_word' id='word_1_35' title='bbox 1035 643 1088 694; x_wconf 93' lang='lat' dir='ltr'><strong>in</strong></span> <span class='ocrx_word' id='word_1_36' title='bbox 1119 649 1412 708; x_wconf 87' lang='lat' dir='ltr'><strong>conspectu</strong></span> <span class='ocrx_word' id='word_1_37' title='bbox 1442 637 1535 694; x_wconf 97' lang='lat' dir='ltr'><strong>Dei</strong></span> <span class='ocrx_word' id='word_1_38' title='bbox 1565 638 1760 706; x_wconf 89' lang='lat' dir='ltr'><strong>nostri,</strong></span> 
     </span>
    </p>
   </div>
   <div class='ocr_carea' id='block_1_7' title="bbox 178 731 1767 808">
    <p class='ocr_par' dir='ltr' id='par_1_7' title="bbox 178 731 1767 808">
     <span class='ocr_line' id='line_1_7' title="bbox 178 731 1767 808; baseline -0.009 -11"><span class='ocrx_word' id='word_1_39' title='bbox 178 741 616 808; x_wconf 78' lang='lat' dir='ltr'><strong>derelinquentCS</strong></span> <span class='ocrx_word' id='word_1_40' title='bbox 642 751 788 791; x_wconf 83' lang='lat' dir='ltr'><strong>eum.</strong></span> <span class='ocrx_word' id='word_1_41' title='bbox 826 736 1155 789; x_wconf 87' lang='lat' dir='ltr'><strong>Averterunt</strong></span> <span class='ocrx_word' id='word_1_42' title='bbox 1182 732 1348 788; x_wconf 84' lang='lat' dir='ltr'><strong>facies</strong></span> <span class='ocrx_word' id='word_1_43' title='bbox 1379 747 1505 785; x_wconf 91' lang='lat' dir='ltr'><strong>suas</strong></span> <span class='ocrx_word' id='word_1_44' title='bbox 1532 746 1562 784; x_wconf 87' lang='lat' dir='ltr'><strong>a</strong></span> <span class='ocrx_word' id='word_1_45' title='bbox 1589 731 1767 785; x_wconf 85' lang='lat' dir='ltr'><strong>taber-</strong></span> 
     </span>
    </p>
   </div>
   <div class='ocr_carea' id='block_1_8' title="bbox 181 823 1768 899">
    <p class='ocr_par' dir='ltr' id='par_1_8' title="bbox 181 823 1768 899">
     <span class='ocr_line' id='line_1_8' title="bbox 181 823 1768 899; baseline -0.009 -11"><span class='ocrx_word' id='word_1_46' title='bbox 181 834 373 888; x_wconf 87' lang='lat' dir='ltr'><strong>naculo</strong></span> <span class='ocrx_word' id='word_1_47' title='bbox 417 832 653 896; x_wconf 74' lang='lat' dir='ltr'><strong>Domini,</strong></span> <span class='ocrx_word' id='word_1_48' title='bbox 684 836 739 883; x_wconf 90' lang='lat' dir='ltr'><strong>et</strong></span> <span class='ocrx_word' id='word_1_49' title='bbox 779 828 1129 899; x_wconf 77' lang='lat' dir='ltr'><strong>przebuerunt</strong></span> <span class='ocrx_word' id='word_1_50' title='bbox 1168 826 1410 879; x_wconf 88' lang='lat' dir='ltr'><strong>dorsum.</strong></span> <span class='ocrx_word' id='word_1_51' title='bbox 1446 823 1768 877; x_wconf 88' lang='lat' dir='ltr'><strong>Clauserunt</strong></span> 
     </span>
    </p>
   </div>
   <div class='ocr_carea' id='block_1_9' title="bbox 180 914 1762 994">
    <p class='ocr_par' dir='ltr' id='par_1_9' title="bbox 180 914 1762 994">
     <span class='ocr_line' id='line_1_9' title="bbox 180 914 1762 994; baseline -0.009 -14"><span class='ocrx_word' id='word_1_52' title='bbox 180 927 317 980; x_wconf 77' lang='lat' dir='ltr'><strong>ostia</strong></span> <span class='ocrx_word' id='word_1_53' title='bbox 347 940 467 994; x_wconf 72' lang='lat' dir='ltr'><strong>qua:</strong></span> <span class='ocrx_word' id='word_1_54' title='bbox 496 923 726 977; x_wconf 89' lang='lat' dir='ltr'><strong>erantin</strong></span> <span class='ocrx_word' id='word_1_55' title='bbox 757 920 1062 989; x_wconf 89' lang='lat' dir='ltr'><strong>porticu,et</strong></span> <span class='ocrx_word' id='word_1_56' title='bbox 1085 917 1463 973; x_wconf 78' lang='lat' dir='ltr'><strong>exstinxerunt</strong></span> <span class='ocrx_word' id='word_1_57' title='bbox 1493 914 1762 975; x_wconf 88' lang='lat' dir='ltr'><strong>lucernas,</strong></span> 
     </span>
    </p>
   </div>
   <div class='ocr_carea' id='block_1_10' title="bbox 182 1004 1766 1083">
    <p class='ocr_par' dir='ltr' id='par_1_10' title="bbox 182 1004 1766 1083">
     <span class='ocr_line' id='line_1_10' title="bbox 182 1004 1766 1083; baseline -0.006 -14"><span class='ocrx_word' id='word_1_58' title='bbox 182 1017 570 1083; x_wconf 87' lang='lat' dir='ltr'><strong>incensumque</strong></span> <span class='ocrx_word' id='word_1_59' title='bbox 601 1027 706 1066; x_wconf 89' lang='lat' dir='ltr'><strong>non</strong></span> <span class='ocrx_word' id='word_1_60' title='bbox 743 1010 1097 1064; x_wconf 88' lang='lat' dir='ltr'><strong>adoleverunt</strong></span> <span class='ocrx_word' id='word_1_61' title='bbox 1117 1017 1171 1063; x_wconf 91' lang='lat' dir='ltr'><strong>et</strong></span> <span class='ocrx_word' id='word_1_62' title='bbox 1198 1008 1504 1063; x_wconf 81' lang='lat' dir='ltr'><strong>holocausta</strong></span> <span class='ocrx_word' id='word_1_63' title='bbox 1531 1019 1636 1059; x_wconf 94' lang='lat' dir='ltr'><strong>non</strong></span> <span class='ocrx_word' id='word_1_64' title='bbox 1673 1004 1766 1061; x_wconf 54' lang='lat' dir='ltr'><strong>ob-</strong></span> 
     </span>
    </p>
   </div>
   <div class='ocr_carea' id='block_1_11' title="bbox 181 1093 1769 1160">
    <p class='ocr_par' dir='ltr' id='par_1_11' title="bbox 181 1093 1769 1160">
     <span class='ocr_line' id='line_1_11' title="bbox 181 1093 1769 1160; baseline -0.008 0"><span class='ocrx_word' id='word_1_65' title='bbox 181 1106 422 1160; x_wconf 89' lang='lat' dir='ltr'><strong>tulerunt</strong></span> <span class='ocrx_word' id='word_1_66' title='bbox 446 1107 496 1159; x_wconf 91' lang='lat' dir='ltr'><strong>in</strong></span> <span class='ocrx_word' id='word_1_67' title='bbox 513 1101 823 1159; x_wconf 88' lang='lat' dir='ltr'><strong>sanctuario</strong></span> <span class='ocrx_word' id='word_1_68' title='bbox 846 1098 1076 1154; x_wconf 88' lang='lat' dir='ltr'><strong>Domino</strong></span> <span class='ocrx_word' id='word_1_69' title='bbox 1103 1099 1212 1151; x_wconf 82' lang='lat' dir='ltr'><strong>Deo</strong></span> <span class='ocrx_word' id='word_1_70' title='bbox 1243 1095 1427 1151; x_wconf 89' lang='lat' dir='ltr'><strong>Israel.</strong></span> <span class='ocrx_word' id='word_1_71' title='bbox 1453 1093 1769 1148; x_wconf 75' lang='lat' dir='ltr'><strong>Concitatus</strong></span> 
     </span>
    </p>
   </div>
   <div class='ocr_carea' id='block_1_12' title="bbox 180 1183 1765 1263">
    <p class='ocr_par' dir='ltr' id='par_1_12' title="bbox 180 1183 1765 1263">
     <span class='ocr_line' id='line_1_12' title="bbox 180 1183 1765 1263; baseline -0.008 -15"><span class='ocrx_word' id='word_1_72' title='bbox 180 1205 267 1250; x_wconf 87' lang='lat' dir='ltr'><strong>est</strong></span> <span class='ocrx_word' id='word_1_73' title='bbox 302 1196 481 1263; x_wconf 78' lang='lat' dir='ltr'><strong>itaque</strong></span> <span class='ocrx_word' id='word_1_74' title='bbox 519 1193 672 1246; x_wconf 92' lang='lat' dir='ltr'><strong>furor</strong></span> <span class='ocrx_word' id='word_1_75' title='bbox 717 1189 928 1245; x_wconf 84' lang='lat' dir='ltr'><strong>Domini</strong></span> <span class='ocrx_word' id='word_1_76' title='bbox 959 1204 1124 1259; x_wconf 85' lang='lat' dir='ltr'><strong>super</strong></span> <span class='ocrx_word' id='word_1_77' title='bbox 1164 1185 1355 1240; x_wconf 89' lang='lat' dir='ltr'><strong>Iudam</strong></span> <span class='ocrx_word' id='word_1_78' title='bbox 1392 1193 1446 1240; x_wconf 91' lang='lat' dir='ltr'><strong>et</strong></span> <span class='ocrx_word' id='word_1_79' title='bbox 1491 1183 1765 1247; x_wconf 84' lang='lat' dir='ltr'><strong>lsraelcm,</strong></span> 
     </span>
    </p>
   </div>
   <div class='ocr_carea' id='block_1_13' title="bbox 183 1277 1769 1355">
    <p class='ocr_par' dir='ltr' id='par_1_13' title="bbox 183 1277 1769 1355">
     <span class='ocr_line' id='line_1_13' title="bbox 183 1277 1769 1355; baseline -0.009 -14"><span class='ocrx_word' id='word_1_80' title='bbox 183 1287 516 1355; x_wconf 79' lang='lat' dir='ltr'><strong>tradiditque</strong></span> <span class='ocrx_word' id='word_1_81' title='bbox 549 1300 642 1341; x_wconf 91' lang='lat' dir='ltr'><strong>eos</strong></span> <span class='ocrx_word' id='word_1_82' title='bbox 676 1284 728 1339; x_wconf 92' lang='lat' dir='ltr'><strong>in</strong></span> <span class='ocrx_word' id='word_1_83' title='bbox 755 1281 1174 1338; x_wconf 88' lang='lat' dir='ltr'><strong>commotionem</strong></span> <span class='ocrx_word' id='word_1_84' title='bbox 1205 1289 1259 1332; x_wconf 89' lang='lat' dir='ltr'><strong>et</strong></span> <span class='ocrx_word' id='word_1_85' title='bbox 1309 1278 1361 1332; x_wconf 90' lang='lat' dir='ltr'><strong>in</strong></span> <span class='ocrx_word' id='word_1_86' title='bbox 1396 1277 1672 1331; x_wconf 78' lang='lat' dir='ltr'><strong>interitura</strong></span> <span class='ocrx_word' id='word_1_87' title='bbox 1713 1282 1769 1328; x_wconf 92' lang='lat' dir='ltr'><strong>et</strong></span> 
     </span>
    </p>
   </div>
   <div class='ocr_carea' id='block_1_14' title="bbox 182 1368 1768 1445">
    <p class='ocr_par' dir='ltr' id='par_1_14' title="bbox 182 1368 1768 1445">
     <span class='ocr_line' id='line_1_14' title="bbox 182 1368 1768 1445; baseline -0.009 -11"><span class='ocrx_word' id='word_1_88' title='bbox 182 1379 422 1441; x_wconf 86' lang='lat' dir='ltr'><strong>sibilum,</strong></span> <span class='ocrx_word' id='word_1_89' title='bbox 447 1378 586 1432; x_wconf 90' lang='lat' dir='ltr'><strong>sicut</strong></span> <span class='ocrx_word' id='word_1_90' title='bbox 611 1375 709 1445; x_wconf 88' lang='lat' dir='ltr'><strong>ipsi</strong></span> <span class='ocrx_word' id='word_1_91' title='bbox 739 1374 966 1430; x_wconf 89' lang='lat' dir='ltr'><strong>cernitis</strong></span> <span class='ocrx_word' id='word_1_92' title='bbox 990 1371 1161 1427; x_wconf 89' lang='lat' dir='ltr'><strong>oculis</strong></span> <span class='ocrx_word' id='word_1_93' title='bbox 1190 1369 1405 1425; x_wconf 73' lang='lat' dir='ltr'><strong>vestris.</strong></span> <span class='ocrx_word' id='word_1_94' title='bbox 1445 1368 1520 1423; x_wconf 84' lang='lat' dir='ltr'><strong>En</strong></span> <span class='ocrx_word' id='word_1_95' title='bbox 1544 1381 1768 1422; x_wconf 50' lang='lat' dir='ltr'><strong>corruc-</strong></span> 
     </span>
    </p>
   </div>
   <div class='ocr_carea' id='block_1_15' title="bbox 183 1459 1764 1538">
    <p class='ocr_par' dir='ltr' id='par_1_15' title="bbox 183 1459 1764 1538">
     <span class='ocr_line' id='line_1_15' title="bbox 183 1459 1764 1538; baseline -0.008 -15"><span class='ocrx_word' id='word_1_96' title='bbox 183 1479 311 1525; x_wconf 86' lang='lat' dir='ltr'><strong>runt</strong></span> <span class='ocrx_word' id='word_1_97' title='bbox 332 1478 514 1538; x_wconf 85' lang='lat' dir='ltr'><strong>patres</strong></span> <span class='ocrx_word' id='word_1_98' title='bbox 543 1467 712 1522; x_wconf 88' lang='lat' dir='ltr'><strong>nostri</strong></span> <span class='ocrx_word' id='word_1_99' title='bbox 741 1465 942 1536; x_wconf 85' lang='lat' dir='ltr'><strong>gladio,</strong></span> <span class='ocrx_word' id='word_1_100' title='bbox 976 1463 1070 1517; x_wconf 81' lang='lat' dir='ltr'><strong>lilii</strong></span> <span class='ocrx_word' id='word_1_101' title='bbox 1101 1462 1296 1525; x_wconf 84' lang='lat' dir='ltr'><strong>nostri,</strong></span> <span class='ocrx_word' id='word_1_102' title='bbox 1323 1469 1376 1514; x_wconf 92' lang='lat' dir='ltr'><strong>et</strong></span> <span class='ocrx_word' id='word_1_103' title='bbox 1401 1459 1520 1513; x_wconf 79' lang='lat' dir='ltr'><strong>filiae</strong></span> <span class='ocrx_word' id='word_1_104' title='bbox 1546 1466 1764 1520; x_wconf 70' lang='lat' dir='ltr'><strong>nostrte,</strong></span> 
     </span>
    </p>
   </div>
   <div class='ocr_carea' id='block_1_16' title="bbox 184 1545 1760 1629">
    <p class='ocr_par' dir='ltr' id='par_1_16' title="bbox 184 1545 1760 1629">
     <span class='ocr_line' id='line_1_16' title="bbox 184 1545 1760 1629; baseline -0.01 -15"><span class='ocrx_word' id='word_1_105' title='bbox 184 1571 243 1614; x_wconf 87' lang='lat' dir='ltr'><strong>et</strong></span> <span class='ocrx_word' id='word_1_106' title='bbox 275 1556 533 1629; x_wconf 82' lang='lat' dir='ltr'><strong>conjuges</strong></span> <span class='ocrx_word' id='word_1_107' title='bbox 563 1556 789 1626; x_wconf 78' lang='lat' dir='ltr'><strong>captiva:</strong></span> <span class='ocrx_word' id='word_1_108' title='bbox 809 1555 984 1609; x_wconf 64' lang='lat' dir='ltr'><strong>ductae</strong></span> <span class='ocrx_word' id='word_1_109' title='bbox 1009 1562 1137 1607; x_wconf 90' lang='lat' dir='ltr'><strong>sunt</strong></span> <span class='ocrx_word' id='word_1_110' title='bbox 1174 1558 1394 1622; x_wconf 90' lang='lat' dir='ltr'><strong>propter</strong></span> <span class='ocrx_word' id='word_1_111' title='bbox 1417 1549 1520 1603; x_wconf 90' lang='lat' dir='ltr'><strong>hoc</strong></span> <span class='ocrx_word' id='word_1_112' title='bbox 1557 1545 1760 1601; x_wconf 87' lang='lat' dir='ltr'><strong>scelus.</strong></span> 
     </span>
    </p>
   </div>
   <div class='ocr_carea' id='block_1_17' title="bbox 183 1638 1768 1719">
    <p class='ocr_par' dir='ltr' id='par_1_17' title="bbox 183 1638 1768 1719">
     <span class='ocr_line' id='line_1_17' title="bbox 183 1638 1768 1719; baseline -0.007 -17"><span class='ocrx_word' id='word_1_113' title='bbox 183 1648 339 1702; x_wconf 83' lang='lat' dir='ltr'><strong>Nunc</strong></span> <span class='ocrx_word' id='word_1_114' title='bbox 388 1647 551 1719; x_wconf 86' lang='lat' dir='ltr'><strong>igitur</strong></span> <span class='ocrx_word' id='word_1_115' title='bbox 596 1646 772 1717; x_wconf 83' lang='lat' dir='ltr'><strong>placet</strong></span> <span class='ocrx_word' id='word_1_116' title='bbox 821 1644 953 1700; x_wconf 91' lang='lat' dir='ltr'><strong>mihi</strong></span> <span class='ocrx_word' id='word_1_117' title='bbox 997 1651 1058 1698; x_wconf 89' lang='lat' dir='ltr'><strong>ut</strong></span> <span class='ocrx_word' id='word_1_118' title='bbox 1121 1642 1364 1696; x_wconf 87' lang='lat' dir='ltr'><strong>ineamus</strong></span> <span class='ocrx_word' id='word_1_119' title='bbox 1419 1638 1597 1693; x_wconf 65' lang='lat' dir='ltr'><strong>fmdus</strong></span> <span class='ocrx_word' id='word_1_120' title='bbox 1644 1652 1768 1692; x_wconf 68' lang='lat' dir='ltr'><strong>cum</strong></span> 
     </span>
    </p>
   </div>
   <div class='ocr_carea' id='block_1_18' title="bbox 187 1726 1767 1798">
    <p class='ocr_par' dir='ltr' id='par_1_18' title="bbox 187 1726 1767 1798">
     <span class='ocr_line' id='line_1_18' title="bbox 187 1726 1767 1798; baseline -0.006 -6"><span class='ocrx_word' id='word_1_121' title='bbox 187 1738 413 1792; x_wconf 92' lang='lat' dir='ltr'><strong>Domino</strong></span> <span class='ocrx_word' id='word_1_122' title='bbox 468 1738 577 1791; x_wconf 90' lang='lat' dir='ltr'><strong>Deo</strong></span> <span class='ocrx_word' id='word_1_123' title='bbox 639 1735 830 1798; x_wconf 88' lang='lat' dir='ltr'><strong>Israel,</strong></span> <span class='ocrx_word' id='word_1_124' title='bbox 880 1743 933 1789; x_wconf 91' lang='lat' dir='ltr'><strong>et</strong></span> <span class='ocrx_word' id='word_1_125' title='bbox 989 1741 1197 1788; x_wconf 84' lang='lat' dir='ltr'><strong>avertat</strong></span> <span class='ocrx_word' id='word_1_126' title='bbox 1244 1747 1274 1786; x_wconf 90' lang='lat' dir='ltr'><strong>a</strong></span> <span class='ocrx_word' id='word_1_127' title='bbox 1327 1730 1486 1784; x_wconf 90' lang='lat' dir='ltr'><strong>nobis</strong></span> <span class='ocrx_word' id='word_1_128' title='bbox 1528 1726 1767 1783; x_wconf 78' lang='lat' dir='ltr'><strong>furorem</strong></span> 
     </span>
    </p>
   </div>
   <div class='ocr_carea' id='block_1_19' title="bbox 185 1819 1769 1893">
    <p class='ocr_par' dir='ltr' id='par_1_19' title="bbox 185 1819 1769 1893">
     <span class='ocr_line' id='line_1_19' title="bbox 185 1819 1769 1893; baseline -0.005 -11"><span class='ocrx_word' id='word_1_129' title='bbox 185 1829 280 1882; x_wconf 71' lang='lat' dir='ltr'><strong>irre</strong></span> <span class='ocrx_word' id='word_1_130' title='bbox 308 1842 441 1882; x_wconf 63' lang='lat' dir='ltr'><strong>suae.</strong></span> <span class='ocrx_word' id='word_1_131' title='bbox 484 1826 602 1880; x_wconf 86' lang='lat' dir='ltr'><strong>Filii</strong></span> <span class='ocrx_word' id='word_1_132' title='bbox 638 1825 764 1889; x_wconf 90' lang='lat' dir='ltr'><strong>mei,</strong></span> <span class='ocrx_word' id='word_1_133' title='bbox 803 1823 968 1880; x_wconf 90' lang='lat' dir='ltr'><strong>nolite</strong></span> <span class='ocrx_word' id='word_1_134' title='bbox 1001 1822 1293 1893; x_wconf 79' lang='lat' dir='ltr'><strong>negligere.</strong></span> <span class='ocrx_word' id='word_1_135' title='bbox 1320 1819 1429 1875; x_wconf 73' lang='lat' dir='ltr'><strong>\‘os</strong></span> <span class='ocrx_word' id='word_1_136' title='bbox 1468 1819 1632 1891; x_wconf 78' lang='lat' dir='ltr'><strong>elegit</strong></span> <span class='ocrx_word' id='word_1_137' title='bbox 1664 1819 1769 1874; x_wconf 80' lang='lat' dir='ltr'><strong>Do-</strong></span> 
     </span>
    </p>
   </div>
   <div class='ocr_carea' id='block_1_20' title="bbox 183 1912 1771 1982">
    <p class='ocr_par' dir='ltr' id='par_1_20' title="bbox 183 1912 1771 1982">
     <span class='ocr_line' id='line_1_20' title="bbox 183 1912 1771 1982; baseline -0.003 -8"><span class='ocrx_word' id='word_1_138' title='bbox 183 1920 365 1974; x_wconf 86' lang='lat' dir='ltr'><strong>minus</strong></span> <span class='ocrx_word' id='word_1_139' title='bbox 390 1925 450 1974; x_wconf 89' lang='lat' dir='ltr'><strong>ut</strong></span> <span class='ocrx_word' id='word_1_140' title='bbox 496 1918 653 1974; x_wconf 88' lang='lat' dir='ltr'><strong>stetis</strong></span> <span class='ocrx_word' id='word_1_141' title='bbox 698 1932 882 1972; x_wconf 90' lang='lat' dir='ltr'><strong>coram</strong></span> <span class='ocrx_word' id='word_1_142' title='bbox 911 1931 997 1982; x_wconf 90' lang='lat' dir='ltr'><strong>eo,</strong></span> <span class='ocrx_word' id='word_1_143' title='bbox 1025 1924 1081 1971; x_wconf 92' lang='lat' dir='ltr'><strong>et</strong></span> <span class='ocrx_word' id='word_1_144' title='bbox 1113 1915 1430 1970; x_wconf 88' lang='lat' dir='ltr'><strong>ministretis</strong></span> <span class='ocrx_word' id='word_1_145' title='bbox 1458 1913 1555 1979; x_wconf 93' lang='lat' dir='ltr'><strong>illi,</strong></span> <span class='ocrx_word' id='word_1_146' title='bbox 1582 1912 1771 1969; x_wconf 88' lang='lat' dir='ltr'><strong>colatis</strong></span> 
     </span>
    </p>
   </div>
   <div class='ocr_carea' id='block_1_21' title="bbox 183 2003 1765 2077">
    <p class='ocr_par' dir='ltr' id='par_1_21' title="bbox 183 2003 1765 2077">
     <span class='ocr_line' id='line_1_21' title="bbox 183 2003 1765 2077; baseline -0.004 -14"><span class='ocrx_word' id='word_1_147' title='bbox 183 2025 332 2077; x_wconf 88' lang='lat' dir='ltr'><strong>eum,</strong></span> <span class='ocrx_word' id='word_1_148' title='bbox 363 2018 415 2065; x_wconf 90' lang='lat' dir='ltr'><strong>et</strong></span> <span class='ocrx_word' id='word_1_149' title='bbox 446 2009 704 2064; x_wconf 88' lang='lat' dir='ltr'><strong>cremetis</strong></span> <span class='ocrx_word' id='word_1_150' title='bbox 733 2006 1014 2062; x_wconf 90' lang='lat' dir='ltr'><strong>incensum</strong></span> <span class='ocrx_word' id='word_1_151' title='bbox 1047 2005 1132 2076; x_wconf 89' lang='lat' dir='ltr'><strong>(II</strong></span> <span class='ocrx_word' id='word_1_152' title='bbox 1160 2003 1290 2060; x_wconf 86' lang='lat' dir='ltr'><strong>Par.</strong></span> <span class='ocrx_word' id='word_1_153' title='bbox 1327 2021 1483 2070; x_wconf 65' lang='grc' dir='ltr'>χχιχ,</span> <span class='ocrx_word' id='word_1_154' title='bbox 1523 2004 1700 2076; x_wconf 79' lang='lat' dir='ltr'><strong>5-H).</strong></span> <span class='ocrx_word' id='word_1_155' title='bbox 1746 2022 1765 2056; x_wconf 73' lang='grc' dir='ltr'><strong><em>ι</em></strong></span> 
     </span>
    </p>
   </div>
   <div class='ocr_carea' id='block_1_22' title="bbox 183 2095 1771 2168">
    <p class='ocr_par' dir='ltr' id='par_1_22' title="bbox 183 2095 1771 2168">
     <span class='ocr_line' id='line_1_22' title="bbox 183 2095 1771 2168; baseline -0.005 -13"><span class='ocrx_word' id='word_1_156' title='bbox 183 2099 352 2168; x_wconf 87' lang='lat' dir='ltr'><strong>Cujus</strong></span> <span class='ocrx_word' id='word_1_157' title='bbox 371 2098 640 2154; x_wconf 84' lang='lat' dir='ltr'><strong>devotioni</strong></span> <span class='ocrx_word' id='word_1_158' title='bbox 672 2115 777 2153; x_wconf 91' lang='lat' dir='ltr'><strong>non</strong></span> <span class='ocrx_word' id='word_1_159' title='bbox 795 2096 1024 2152; x_wconf 65' lang='lat' dir='ltr'><strong>subiciet</strong></span> <span class='ocrx_word' id='word_1_160' title='bbox 1047 2096 1193 2152; x_wconf 87' lang='lat' dir='ltr'><strong>solos</strong></span> <span class='ocrx_word' id='word_1_161' title='bbox 1211 2096 1455 2152; x_wconf 89' lang='lat' dir='ltr'><strong>subditos</strong></span> <span class='ocrx_word' id='word_1_162' title='bbox 1475 2095 1771 2166; x_wconf 81' lang='lat' dir='ltr'><strong>corrigere,</strong></span> 
     </span>
    </p>
   </div>
   <div class='ocr_carea' id='block_1_23' title="bbox 185 2187 1770 2257">
    <p class='ocr_par' dir='ltr' id='par_1_23' title="bbox 185 2187 1770 2257">
     <span class='ocr_line' id='line_1_23' title="bbox 185 2187 1770 2257; baseline -0.002 -14"><span class='ocrx_word' id='word_1_163' title='bbox 185 2205 374 2246; x_wconf 86' lang='lat' dir='ltr'><strong>verum</strong></span> <span class='ocrx_word' id='word_1_164' title='bbox 400 2201 454 2246; x_wconf 88' lang='lat' dir='ltr'><strong>et</strong></span> <span class='ocrx_word' id='word_1_165' title='bbox 477 2199 766 2246; x_wconf 83' lang='lat' dir='ltr'><strong>extraneos</strong></span> <span class='ocrx_word' id='word_1_166' title='bbox 787 2189 1099 2254; x_wconf 89' lang='lat' dir='ltr'><strong>admonere,</strong></span> <span class='ocrx_word' id='word_1_167' title='bbox 1130 2188 1271 2244; x_wconf 85' lang='lat' dir='ltr'><strong>sicut</strong></span> <span class='ocrx_word' id='word_1_168' title='bbox 1293 2187 1422 2242; x_wconf 90' lang='lat' dir='ltr'><strong>inihi</strong></span> <span class='ocrx_word' id='word_1_169' title='bbox 1451 2194 1574 2257; x_wconf 91' lang='lat' dir='ltr'><strong>post</strong></span> <span class='ocrx_word' id='word_1_170' title='bbox 1598 2199 1770 2256; x_wconf 89' lang='lat' dir='ltr'><strong>pauca</strong></span> 
     </span>
    </p>
   </div>
   <div class='ocr_carea' id='block_1_24' title="bbox 185 2271 1770 2344">
    <p class='ocr_par' dir='ltr' id='par_1_24' title="bbox 185 2271 1770 2344">
     <span class='ocr_line' id='line_1_24' title="bbox 185 2271 1770 2344; baseline -0.002 -13"><span class='ocrx_word' id='word_1_171' title='bbox 185 2279 437 2334; x_wconf 79' lang='lat' dir='ltr'><strong>subditur</strong></span> <span class='ocrx_word' id='word_1_172' title='bbox 469 2293 484 2332; x_wconf 90' lang='lat'><strong>:</strong></span> <span class='ocrx_word' id='word_1_173' title='bbox 524 2296 543 2329; x_wconf 73' lang='grc' dir='ltr'>ι</span> <span class='ocrx_word' id='word_1_174' title='bbox 587 2276 954 2332; x_wconf 80' lang='lat' dir='ltr'><strong>Perrexerunt</strong></span> <span class='ocrx_word' id='word_1_175' title='bbox 982 2288 1235 2332; x_wconf 87' lang='lat' dir='ltr'><strong>cursores</strong></span> <span class='ocrx_word' id='word_1_176' title='bbox 1286 2289 1406 2330; x_wconf 86' lang='lat' dir='ltr'><strong>cum</strong></span> <span class='ocrx_word' id='word_1_177' title='bbox 1435 2271 1679 2344; x_wconf 83' lang='lat' dir='ltr'><strong>epistolis</strong></span> <span class='ocrx_word' id='word_1_178' title='bbox 1705 2289 1770 2328; x_wconf 77' lang='lat' dir='ltr'><strong>cx</strong></span> 
     </span>
    </p>
   </div>
   <div class='ocr_carea' id='block_1_25' title="bbox 187 2365 1770 2441">
    <p class='ocr_par' dir='ltr' id='par_1_25' title="bbox 187 2365 1770 2441">
     <span class='ocr_line' id='line_1_25' title="bbox 187 2365 1770 2441; baseline -0.003 -18"><span class='ocrx_word' id='word_1_179' title='bbox 187 2371 332 2439; x_wconf 85' lang='lat' dir='ltr'><strong>regis</strong></span> <span class='ocrx_word' id='word_1_180' title='bbox 385 2369 614 2441; x_wconf 89' lang='lat' dir='ltr'><strong>imperio</strong></span> <span class='ocrx_word' id='word_1_181' title='bbox 658 2379 714 2425; x_wconf 91' lang='lat' dir='ltr'><strong>et</strong></span> <span class='ocrx_word' id='word_1_182' title='bbox 761 2367 1063 2439; x_wconf 91' lang='lat' dir='ltr'><strong>principum</strong></span> <span class='ocrx_word' id='word_1_183' title='bbox 1093 2365 1230 2437; x_wconf 87' lang='lat' dir='ltr'><strong>ejus,</strong></span> <span class='ocrx_word' id='word_1_184' title='bbox 1263 2374 1319 2421; x_wconf 92' lang='lat' dir='ltr'><strong>et</strong></span> <span class='ocrx_word' id='word_1_185' title='bbox 1361 2366 1414 2420; x_wconf 90' lang='lat' dir='ltr'><strong>in</strong></span> <span class='ocrx_word' id='word_1_186' title='bbox 1461 2365 1770 2419; x_wconf 83' lang='lat' dir='ltr'><strong>universum</strong></span> 
     </span>
    </p>
   </div>
   <div class='ocr_carea' id='block_1_26' title="bbox 185 2458 1768 2530">
    <p class='ocr_par' dir='ltr' id='par_1_26' title="bbox 185 2458 1768 2530">
     <span class='ocr_line' id='line_1_26' title="bbox 185 2458 1768 2530; baseline -0.001 -16"><span class='ocrx_word' id='word_1_187' title='bbox 185 2459 354 2515; x_wconf 85' lang='lat' dir='ltr'><strong>Israel</strong></span> <span class='ocrx_word' id='word_1_188' title='bbox 375 2469 430 2515; x_wconf 85' lang='lat' dir='ltr'><strong>et</strong></span> <span class='ocrx_word' id='word_1_189' title='bbox 462 2459 655 2516; x_wconf 88' lang='lat' dir='ltr'><strong>Iudam</strong></span> <span class='ocrx_word' id='word_1_190' title='bbox 685 2458 838 2528; x_wconf 72' lang='lat' dir='ltr'><strong>juxta</strong></span> <span class='ocrx_word' id='word_1_191' title='bbox 869 2460 921 2514; x_wconf 92' lang='lat' dir='ltr'><strong>id</strong></span> <span class='ocrx_word' id='word_1_192' title='bbox 975 2459 1118 2530; x_wconf 91' lang='lat' dir='ltr'><strong>quod</strong></span> <span class='ocrx_word' id='word_1_193' title='bbox 1144 2475 1237 2514; x_wconf 83' lang='lat' dir='ltr'><strong>rex</strong></span> <span class='ocrx_word' id='word_1_194' title='bbox 1267 2466 1601 2528; x_wconf 66' lang='lat' dir='ltr'><strong>praeceperat</strong></span> <span class='ocrx_word' id='word_1_195' title='bbox 1629 2472 1768 2525; x_wconf 69' lang='lat' dir='ltr'><strong>prm-</strong></span> 
     </span>
    </p>
   </div>
   <div class='ocr_carea' id='block_1_27' title="bbox 185 2547 1770 2615">
    <p class='ocr_par' dir='ltr' id='par_1_27' title="bbox 185 2547 1770 2615">
     <span class='ocr_line' id='line_1_27' title="bbox 185 2547 1770 2615; baseline -0.003 -12"><span class='ocrx_word' id='word_1_196' title='bbox 185 2550 435 2605; x_wconf 89' lang='lat' dir='ltr'><strong>dicantes</strong></span> <span class='ocrx_word' id='word_1_197' title='bbox 479 2568 492 2604; x_wconf 91' lang='lat'><strong>:</strong></span> <span class='ocrx_word' id='word_1_198' title='bbox 544 2550 666 2604; x_wconf 85' lang='lat' dir='ltr'><strong>Filii</strong></span> <span class='ocrx_word' id='word_1_199' title='bbox 727 2549 930 2615; x_wconf 89' lang='lat' dir='ltr'><strong>Israel,</strong></span> <span class='ocrx_word' id='word_1_200' title='bbox 984 2548 1318 2604; x_wconf 89' lang='lat' dir='ltr'><strong>revertimini</strong></span> <span class='ocrx_word' id='word_1_201' title='bbox 1369 2549 1437 2603; x_wconf 89' lang='lat' dir='ltr'><strong>ad</strong></span> <span class='ocrx_word' id='word_1_202' title='bbox 1485 2547 1770 2602; x_wconf 86' lang='lat' dir='ltr'><strong>Dominum</strong></span> 
     </span>
    </p>
   </div>
   <div class='ocr_carea' id='block_1_28' title="bbox 185 2637 1772 2706">
    <p class='ocr_par' dir='ltr' id='par_1_28' title="bbox 185 2637 1772 2706">
     <span class='ocr_line' id='line_1_28' title="bbox 185 2637 1772 2706; baseline -0.006 -7"><span class='ocrx_word' id='word_1_203' title='bbox 185 2643 357 2699; x_wconf 88' lang='lat' dir='ltr'><strong>Deum</strong></span> <span class='ocrx_word' id='word_1_204' title='bbox 395 2643 691 2704; x_wconf 85' lang='lat' dir='ltr'><strong>Abraham,</strong></span> <span class='ocrx_word' id='word_1_205' title='bbox 728 2642 879 2695; x_wconf 90' lang='lat' dir='ltr'><strong>Isaac</strong></span> <span class='ocrx_word' id='word_1_206' title='bbox 925 2650 980 2694; x_wconf 93' lang='lat' dir='ltr'><strong>et</strong></span> <span class='ocrx_word' id='word_1_207' title='bbox 1022 2640 1214 2706; x_wconf 88' lang='lat' dir='ltr'><strong>Iacob,</strong></span> <span class='ocrx_word' id='word_1_208' title='bbox 1243 2647 1298 2694; x_wconf 91' lang='lat' dir='ltr'><strong>et</strong></span> <span class='ocrx_word' id='word_1_209' title='bbox 1347 2646 1654 2694; x_wconf 84' lang='lat' dir='ltr'><strong>revertetur</strong></span> <span class='ocrx_word' id='word_1_210' title='bbox 1705 2637 1772 2690; x_wconf 89' lang='lat' dir='ltr'><strong>ad</strong></span> 
     </span>
    </p>
   </div>
   <div class='ocr_carea' id='block_1_29' title="bbox 186 2727 1770 2804">
    <p class='ocr_par' dir='ltr' id='par_1_29' title="bbox 186 2727 1770 2804">
     <span class='ocr_line' id='line_1_29' title="bbox 186 2727 1770 2804; baseline -0.005 -16"><span class='ocrx_word' id='word_1_211' title='bbox 186 2735 452 2802; x_wconf 84' lang='lat' dir='ltr'><strong>reliquias</strong></span> <span class='ocrx_word' id='word_1_212' title='bbox 475 2745 595 2804; x_wconf 74' lang='lat' dir='ltr'><strong>quze</strong></span> <span class='ocrx_word' id='word_1_213' title='bbox 646 2732 954 2802; x_wconf 80' lang='lat' dir='ltr'><strong>effugerunt</strong></span> <span class='ocrx_word' id='word_1_214' title='bbox 988 2746 1205 2786; x_wconf 88' lang='lat' dir='ltr'><strong>manum</strong></span> <span class='ocrx_word' id='word_1_215' title='bbox 1233 2729 1376 2801; x_wconf 89' lang='lat' dir='ltr'><strong>regis</strong></span> <span class='ocrx_word' id='word_1_216' title='bbox 1403 2727 1770 2799; x_wconf 86' lang='lat' dir='ltr'><strong>Assyriorum.</strong></span> 
     </span>
    </p>
   </div>
   <div class='ocr_carea' id='block_1_30' title="bbox 186 2818 1773 2892">
    <p class='ocr_par' dir='ltr' id='par_1_30' title="bbox 186 2818 1773 2892">
     <span class='ocr_line' id='line_1_30' title="bbox 186 2818 1773 2892; baseline -0.004 -13"><span class='ocrx_word' id='word_1_217' title='bbox 186 2824 369 2879; x_wconf 80' lang='lat' dir='ltr'><strong>Nolite</strong></span> <span class='ocrx_word' id='word_1_218' title='bbox 399 2824 516 2878; x_wconf 82' lang='lat' dir='ltr'><strong>fieri</strong></span> <span class='ocrx_word' id='word_1_219' title='bbox 557 2821 694 2877; x_wconf 87' lang='lat' dir='ltr'><strong>sicut</strong></span> <span class='ocrx_word' id='word_1_220' title='bbox 723 2832 907 2892; x_wconf 83' lang='lat' dir='ltr'><strong>patres</strong></span> <span class='ocrx_word' id='word_1_221' title='bbox 949 2820 1118 2876; x_wconf 86' lang='lat' dir='ltr'><strong>vestri</strong></span> <span class='ocrx_word' id='word_1_222' title='bbox 1155 2829 1210 2874; x_wconf 90' lang='lat' dir='ltr'><strong>et</strong></span> <span class='ocrx_word' id='word_1_223' title='bbox 1238 2819 1440 2874; x_wconf 80' lang='lat' dir='ltr'><strong>fratres</strong></span> <span class='ocrx_word' id='word_1_224' title='bbox 1462 2818 1553 2888; x_wconf 90' lang='lat' dir='ltr'><strong>qui</strong></span> <span class='ocrx_word' id='word_1_225' title='bbox 1598 2832 1773 2872; x_wconf 64' lang='lat' dir='ltr'><strong>rcces«</strong></span> 
     </span>
    </p>
   </div>
   <div class='ocr_carea' id='block_1_31' title="bbox 187 2909 1775 2983">
    <p class='ocr_par' dir='ltr' id='par_1_31' title="bbox 187 2909 1775 2983">
     <span class='ocr_line' id='line_1_31' title="bbox 187 2909 1775 2983; baseline -0.004 -13"><span class='ocrx_word' id='word_1_226' title='bbox 187 2923 382 2970; x_wconf 88' lang='lat' dir='ltr'><strong>serunt</strong></span> <span class='ocrx_word' id='word_1_227' title='bbox 412 2929 441 2967; x_wconf 92' lang='lat' dir='ltr'><strong>a</strong></span> <span class='ocrx_word' id='word_1_228' title='bbox 474 2913 701 2968; x_wconf 90' lang='lat' dir='ltr'><strong>Domino</strong></span> <span class='ocrx_word' id='word_1_229' title='bbox 728 2915 836 2967; x_wconf 90' lang='lat' dir='ltr'><strong>Deo</strong></span> <span class='ocrx_word' id='word_1_230' title='bbox 865 2921 1079 2983; x_wconf 86' lang='lat' dir='ltr'><strong>patrum</strong></span> <span class='ocrx_word' id='word_1_231' title='bbox 1109 2920 1422 2976; x_wconf 91' lang='lat' dir='ltr'><strong>suorum,et</strong></span> <span class='ocrx_word' id='word_1_232' title='bbox 1445 2909 1775 2964; x_wconf 85' lang='lat' dir='ltr'><strong>tradiditcos</strong></span> 
     </span>
    </p>
   </div>
   <div class='ocr_carea' id='block_1_32' title="bbox 189 3003 1771 3075">
    <p class='ocr_par' dir='ltr' id='par_1_32' title="bbox 189 3003 1771 3075">
     <span class='ocr_line' id='line_1_32' title="bbox 189 3003 1771 3075; baseline -0.005 -13"><span class='ocrx_word' id='word_1_233' title='bbox 189 3007 244 3062; x_wconf 93' lang='lat' dir='ltr'><strong>in</strong></span> <span class='ocrx_word' id='word_1_234' title='bbox 272 3007 575 3072; x_wconf 91' lang='lat' dir='ltr'><strong>interitum,</strong></span> <span class='ocrx_word' id='word_1_235' title='bbox 603 3016 662 3060; x_wconf 91' lang='lat' dir='ltr'><strong>ut</strong></span> <span class='ocrx_word' id='word_1_236' title='bbox 686 3006 785 3075; x_wconf 90' lang='lat' dir='ltr'><strong>ipsi</strong></span> <span class='ocrx_word' id='word_1_237' title='bbox 819 3007 1064 3060; x_wconf 86' lang='lat' dir='ltr'><strong>cernitis.</strong></span> <span class='ocrx_word' id='word_1_238' title='bbox 1101 3003 1275 3060; x_wconf 81' lang='lat' dir='ltr'><strong>Nolite</strong></span> <span class='ocrx_word' id='word_1_239' title='bbox 1301 3005 1570 3059; x_wconf 84' lang='lat' dir='ltr'><strong>obdurare</strong></span> <span class='ocrx_word' id='word_1_240' title='bbox 1599 3003 1771 3057; x_wconf 86' lang='lat' dir='ltr'><strong>cervi-</strong></span> 
     </span>
    </p>
   </div>
   <div class='ocr_carea' id='block_1_33' title="bbox 189 3093 1771 3166">
    <p class='ocr_par' dir='ltr' id='par_1_33' title="bbox 189 3093 1771 3166">
     <span class='ocr_line' id='line_1_33' title="bbox 189 3093 1771 3166; baseline -0.003 -14"><span class='ocrx_word' id='word_1_241' title='bbox 189 3111 284 3152; x_wconf 90' lang='lat' dir='ltr'><strong>ces</strong></span> <span class='ocrx_word' id='word_1_242' title='bbox 308 3108 536 3160; x_wconf 78' lang='lat' dir='ltr'><strong>ves1ras,</strong></span> <span class='ocrx_word' id='word_1_243' title='bbox 562 3098 701 3152; x_wconf 89' lang='lat' dir='ltr'><strong>sicut</strong></span> <span class='ocrx_word' id='word_1_244' title='bbox 744 3103 924 3166; x_wconf 85' lang='lat' dir='ltr'><strong>patres</strong></span> <span class='ocrx_word' id='word_1_245' title='bbox 950 3096 1138 3151; x_wconf 85' lang='lat' dir='ltr'><strong>vestri.</strong></span> <span class='ocrx_word' id='word_1_246' title='bbox 1172 3095 1394 3150; x_wconf 87' lang='lat' dir='ltr'><strong>Tradite</strong></span> <span class='ocrx_word' id='word_1_247' title='bbox 1443 3107 1635 3148; x_wconf 84' lang='lat' dir='ltr'><strong>manus</strong></span> <span class='ocrx_word' id='word_1_248' title='bbox 1667 3093 1771 3147; x_wconf 83' lang='lat' dir='ltr'><strong>Do-</strong></span> 
     </span>
    </p>
   </div>
   <div class='ocr_carea' id='block_1_34' title="bbox 188 3183 1770 3256">
    <p class='ocr_par' dir='ltr' id='par_1_34' title="bbox 188 3183 1770 3256">
     <span class='ocr_line' id='line_1_34' title="bbox 188 3183 1770 3256; baseline -0.003 -14"><span class='ocrx_word' id='word_1_249' title='bbox 188 3188 361 3253; x_wconf 91' lang='lat' dir='ltr'><strong>mino,</strong></span> <span class='ocrx_word' id='word_1_250' title='bbox 399 3196 452 3243; x_wconf 90' lang='lat' dir='ltr'><strong>et</strong></span> <span class='ocrx_word' id='word_1_251' title='bbox 474 3189 654 3243; x_wconf 89' lang='lat' dir='ltr'><strong>venite</strong></span> <span class='ocrx_word' id='word_1_252' title='bbox 684 3187 750 3242; x_wconf 87' lang='lat' dir='ltr'><strong>ad</strong></span> <span class='ocrx_word' id='word_1_253' title='bbox 778 3187 1146 3241; x_wconf 88' lang='lat' dir='ltr'><strong>sanctuarium</strong></span> <span class='ocrx_word' id='word_1_254' title='bbox 1174 3185 1309 3254; x_wconf 87' lang='lat' dir='ltr'><strong>ejus,</strong></span> <span class='ocrx_word' id='word_1_255' title='bbox 1343 3185 1485 3256; x_wconf 91' lang='lat' dir='ltr'><strong>quod</strong></span> <span class='ocrx_word' id='word_1_256' title='bbox 1533 3183 1770 3240; x_wconf 80' lang='lat' dir='ltr'><strong>sanctifi-</strong></span> 
     </span>
    </p>
   </div>
   <div class='ocr_carea' id='block_1_35' title="bbox 189 3280 1777 3350">
    <p class='ocr_par' dir='ltr' id='par_1_35' title="bbox 189 3280 1777 3350">
     <span class='ocr_line' id='line_1_35' title="bbox 189 3280 1777 3350; baseline -0.002 -14"><span class='ocrx_word' id='word_1_257' title='bbox 189 3280 339 3336; x_wconf 82' lang='lat' dir='ltr'><strong>cavit</strong></span> <span class='ocrx_word' id='word_1_258' title='bbox 375 3281 427 3336; x_wconf 90' lang='lat' dir='ltr'><strong>in</strong></span> <span class='ocrx_word' id='word_1_259' title='bbox 470 3293 752 3335; x_wconf 71' lang='lat' dir='ltr'><strong>aeternum.</strong></span> <span class='ocrx_word' id='word_1_260' title='bbox 781 3280 993 3335; x_wconf 88' lang='lat' dir='ltr'><strong>Servite</strong></span> <span class='ocrx_word' id='word_1_261' title='bbox 1034 3280 1264 3335; x_wconf 89' lang='lat' dir='ltr'><strong>Domino</strong></span> <span class='ocrx_word' id='word_1_262' title='bbox 1297 3281 1405 3334; x_wconf 89' lang='lat' dir='ltr'><strong>Deo</strong></span> <span class='ocrx_word' id='word_1_263' title='bbox 1435 3287 1650 3350; x_wconf 79' lang='lat' dir='ltr'><strong>patrum</strong></span> <span class='ocrx_word' id='word_1_264' title='bbox 1686 3294 1777 3333; x_wconf 87' lang='lat' dir='ltr'><strong>vc-</strong></span> 
     </span>
    </p>
   </div>
   <div class='ocr_carea' id='block_1_36' title="bbox 190 3368 1778 3440">
    <p class='ocr_par' dir='ltr' id='par_1_36' title="bbox 190 3368 1778 3440">
     <span class='ocr_line' id='line_1_36' title="bbox 190 3368 1778 3440; baseline -0.003 -14"><span class='ocrx_word' id='word_1_265' title='bbox 190 3381 456 3437; x_wconf 88' lang='lat' dir='ltr'><strong>strorum,</strong></span> <span class='ocrx_word' id='word_1_266' title='bbox 485 3381 541 3426; x_wconf 89' lang='lat' dir='ltr'><strong>et</strong></span> <span class='ocrx_word' id='word_1_267' title='bbox 571 3381 848 3425; x_wconf 89' lang='lat' dir='ltr'><strong>avertetur</strong></span> <span class='ocrx_word' id='word_1_268' title='bbox 875 3371 1026 3425; x_wconf 87' lang='lat' dir='ltr'><strong>vobis</strong></span> <span class='ocrx_word' id='word_1_269' title='bbox 1055 3371 1131 3424; x_wconf 90' lang='lat' dir='ltr'><strong>ira</strong></span> <span class='ocrx_word' id='word_1_270' title='bbox 1155 3369 1354 3424; x_wconf 89' lang='lat' dir='ltr'><strong>furoris</strong></span> <span class='ocrx_word' id='word_1_271' title='bbox 1380 3369 1529 3440; x_wconf 90' lang='lat' dir='ltr'><strong>ejus;</strong></span> <span class='ocrx_word' id='word_1_272' title='bbox 1561 3368 1604 3423; x_wconf 91' lang='lat' dir='ltr'><strong>si</strong></span> <span class='ocrx_word' id='word_1_273' title='bbox 1633 3368 1778 3424; x_wconf 66' lang='lat' dir='ltr'><strong>enim</strong></span> 
     </span>
    </p>
   </div>
   <div class='ocr_carea' id='block_1_37' title="bbox 193 3459 1779 3526">
    <p class='ocr_par' dir='ltr' id='par_1_37' title="bbox 193 3459 1779 3526">
     <span class='ocr_line' id='line_1_37' title="bbox 193 3459 1779 3526; baseline 0.001 -14"><span class='ocrx_word' id='word_1_274' title='bbox 193 3477 292 3516; x_wconf 86' lang='lat' dir='ltr'><strong>vos</strong></span> <span class='ocrx_word' id='word_1_275' title='bbox 320 3463 523 3517; x_wconf 88' lang='lat' dir='ltr'><strong>reversi</strong></span> <span class='ocrx_word' id='word_1_276' title='bbox 577 3460 790 3515; x_wconf 82' lang='lat' dir='ltr'><strong>fueritis</strong></span> <span class='ocrx_word' id='word_1_277' title='bbox 828 3461 894 3516; x_wconf 87' lang='lat' dir='ltr'><strong>ad</strong></span> <span class='ocrx_word' id='word_1_278' title='bbox 934 3461 1240 3526; x_wconf 87' lang='lat' dir='ltr'><strong>Dominum,</strong></span> <span class='ocrx_word' id='word_1_279' title='bbox 1273 3459 1470 3515; x_wconf 84' lang='lat' dir='ltr'><strong>fratres</strong></span> <span class='ocrx_word' id='word_1_280' title='bbox 1502 3460 1670 3515; x_wconf 77' lang='lat' dir='ltr'><strong>vestri</strong></span> <span class='ocrx_word' id='word_1_281' title='bbox 1725 3469 1779 3514; x_wconf 89' lang='lat' dir='ltr'><strong>et</strong></span> 
     </span>
    </p>
   </div>
   <div class='ocr_carea' id='block_1_38' title="bbox 193 3549 1776 3620">
    <p class='ocr_par' dir='ltr' id='par_1_38' title="bbox 193 3549 1776 3620">
     <span class='ocr_line' id='line_1_38' title="bbox 193 3549 1776 3620; baseline 0 -16"><span class='ocrx_word' id='word_1_282' title='bbox 193 3551 289 3605; x_wconf 78' lang='lat' dir='ltr'><strong>ﬁlii</strong></span> <span class='ocrx_word' id='word_1_283' title='bbox 313 3551 591 3607; x_wconf 83' lang='lat' dir='ltr'><strong>habebunt</strong></span> <span class='ocrx_word' id='word_1_284' title='bbox 614 3550 1042 3606; x_wconf 89' lang='lat' dir='ltr'><strong>misericordiam</strong></span> <span class='ocrx_word' id='word_1_285' title='bbox 1068 3562 1252 3605; x_wconf 87' lang='lat' dir='ltr'><strong>coram</strong></span> <span class='ocrx_word' id='word_1_286' title='bbox 1276 3549 1510 3605; x_wconf 89' lang='lat' dir='ltr'><strong>dominis</strong></span> <span class='ocrx_word' id='word_1_287' title='bbox 1529 3549 1662 3614; x_wconf 90' lang='lat' dir='ltr'><strong>suis,</strong></span> <span class='ocrx_word' id='word_1_288' title='bbox 1686 3549 1776 3620; x_wconf 86' lang='lat' dir='ltr'><strong>qui</strong></span> 
     </span>
    </p>
   </div>
   <div class='ocr_carea' id='block_1_39' title="bbox 196 3641 1770 3714">
    <p class='ocr_par' dir='ltr' id='par_1_39' title="bbox 196 3641 1770 3714">
     <span class='ocr_line' id='line_1_39' title="bbox 196 3641 1770 3714; baseline -0.001 -18"><span class='ocrx_word' id='word_1_289' title='bbox 196 3643 315 3698; x_wconf 81' lang='lat' dir='ltr'><strong>illos</strong></span> <span class='ocrx_word' id='word_1_290' title='bbox 343 3643 548 3699; x_wconf 80' lang='lat' dir='ltr'><strong>duxere</strong></span> <span class='ocrx_word' id='word_1_291' title='bbox 578 3642 905 3714; x_wconf 87' lang='lat' dir='ltr'><strong>captivos,et</strong></span> <span class='ocrx_word' id='word_1_292' title='bbox 930 3650 1270 3696; x_wconf 87' lang='lat' dir='ltr'><strong>revertentur</strong></span> <span class='ocrx_word' id='word_1_293' title='bbox 1299 3641 1351 3696; x_wconf 92' lang='lat' dir='ltr'><strong>in</strong></span> <span class='ocrx_word' id='word_1_294' title='bbox 1379 3650 1582 3696; x_wconf 92' lang='lat' dir='ltr'><strong>terram</strong></span> <span class='ocrx_word' id='word_1_295' title='bbox 1609 3641 1770 3695; x_wconf 91' lang='lat' dir='ltr'><strong>hanc.</strong></span> 
     </span>
    </p>
   </div>
   <div class='ocr_carea' id='block_1_40' title="bbox 193 3733 1780 3797">
    <p class='ocr_par' dir='ltr' id='par_1_40' title="bbox 193 3733 1780 3797">
     <span class='ocr_line' id='line_1_40' title="bbox 193 3733 1780 3797; baseline -0.003 -6"><span class='ocrx_word' id='word_1_296' title='bbox 193 3737 324 3792; x_wconf 86' lang='lat' dir='ltr'><strong>Pius</strong></span> <span class='ocrx_word' id='word_1_297' title='bbox 343 3736 490 3792; x_wconf 89' lang='lat' dir='ltr'><strong>enim</strong></span> <span class='ocrx_word' id='word_1_298' title='bbox 518 3746 572 3792; x_wconf 87' lang='lat' dir='ltr'><strong>et</strong></span> <span class='ocrx_word' id='word_1_299' title='bbox 615 3737 852 3790; x_wconf 88' lang='lat' dir='ltr'><strong>clemens</strong></span> <span class='ocrx_word' id='word_1_300' title='bbox 897 3743 983 3789; x_wconf 90' lang='lat' dir='ltr'><strong>est</strong></span> <span class='ocrx_word' id='word_1_301' title='bbox 1014 3733 1271 3790; x_wconf 90' lang='lat' dir='ltr'><strong>Dominus</strong></span> <span class='ocrx_word' id='word_1_302' title='bbox 1320 3734 1463 3790; x_wconf 88' lang='lat' dir='ltr'><strong>Deus</strong></span> <span class='ocrx_word' id='word_1_303' title='bbox 1487 3743 1688 3797; x_wconf 85' lang='lat' dir='ltr'><strong>vester,</strong></span> <span class='ocrx_word' id='word_1_304' title='bbox 1726 3741 1780 3787; x_wconf 91' lang='lat' dir='ltr'><strong>et</strong></span> 
     </span>
    </p>
   </div>
   <div class='ocr_carea' id='block_1_41' title="bbox 193 3826 1780 3907">
    <p class='ocr_par' dir='ltr' id='par_1_41' title="bbox 193 3826 1780 3907">
     <span class='ocr_line' id='line_1_41' title="bbox 193 3826 1780 3907; baseline -0.001 -25"><span class='ocrx_word' id='word_1_305' title='bbox 193 3844 307 3883; x_wconf 88' lang='lat' dir='ltr'><strong>non</strong></span> <span class='ocrx_word' id='word_1_306' title='bbox 359 3836 574 3884; x_wconf 86' lang='lat' dir='ltr'><strong>avertet</strong></span> <span class='ocrx_word' id='word_1_307' title='bbox 603 3827 800 3907; x_wconf 79' lang='lat' dir='ltr'><strong>faciem</strong></span> <span class='ocrx_word' id='word_1_308' title='bbox 828 3839 981 3881; x_wconf 90' lang='lat' dir='ltr'><strong>suam</strong></span> <span class='ocrx_word' id='word_1_309' title='bbox 1019 3842 1050 3882; x_wconf 90' lang='lat' dir='ltr'><strong>a</strong></span> <span class='ocrx_word' id='word_1_310' title='bbox 1091 3827 1264 3894; x_wconf 88' lang='lat' dir='ltr'><strong>vobis,</strong></span> <span class='ocrx_word' id='word_1_311' title='bbox 1322 3826 1366 3882; x_wconf 92' lang='lat' dir='ltr'><strong>si</strong></span> <span class='ocrx_word' id='word_1_312' title='bbox 1410 3827 1611 3882; x_wconf 88' lang='lat' dir='ltr'><strong>reversi</strong></span> <span class='ocrx_word' id='word_1_313' title='bbox 1670 3826 1780 3881; x_wconf 86' lang='lat' dir='ltr'><strong>fuc-</strong></span> 
     </span>
    </p>
   </div>
   <div class='ocr_carea' id='block_1_42' title="bbox 196 3918 1781 3993">
    <p class='ocr_par' dir='ltr' id='par_1_42' title="bbox 196 3918 1781 3993">
     <span class='ocr_line' id='line_1_42' title="bbox 196 3918 1781 3993; baseline -0.003 -17"><span class='ocrx_word' id='word_1_314' title='bbox 196 3923 322 3978; x_wconf 87' lang='lat' dir='ltr'><strong>ritis</strong></span> <span class='ocrx_word' id='word_1_315' title='bbox 373 3922 440 3976; x_wconf 89' lang='lat' dir='ltr'><strong>ad</strong></span> <span class='ocrx_word' id='word_1_316' title='bbox 499 3936 622 3977; x_wconf 91' lang='lat' dir='ltr'><strong>eum</strong></span> <span class='ocrx_word' id='word_1_317' title='bbox 656 3921 739 3989; x_wconf 89' lang='grc'><strong>(11</strong></span> <span class='ocrx_word' id='word_1_318' title='bbox 772 3921 897 3974; x_wconf 87' lang='lat' dir='ltr'><strong>Par.</strong></span> <span class='ocrx_word' id='word_1_319' title='bbox 928 3936 1058 3983; x_wconf 73' lang='lat' dir='ltr'><strong>xxx,</strong></span> <span class='ocrx_word' id='word_1_320' title='bbox 1089 3921 1226 3993; x_wconf 82' lang='lat'><strong>6-9).</strong></span> <span class='ocrx_word' id='word_1_321' title='bbox 1268 3939 1286 3972; x_wconf 77' lang='grc' dir='ltr'><strong><em>ι</em></strong></span> <span class='ocrx_word' id='word_1_322' title='bbox 1344 3920 1409 3976; x_wconf 84' lang='grc' dir='ltr'><strong>Ει</strong></span> <span class='ocrx_word' id='word_1_323' title='bbox 1437 3919 1564 3989; x_wconf 89' lang='lat' dir='ltr'><strong>quid</strong></span> <span class='ocrx_word' id='word_1_324' title='bbox 1594 3918 1781 3990; x_wconf 88' lang='lat' dir='ltr'><strong>plura?</strong></span> 
     </span>
    </p>
   </div>
   <div class='ocr_carea' id='block_1_43' title="bbox 193 4008 1781 4082">
    <p class='ocr_par' dir='ltr' id='par_1_43' title="bbox 193 4008 1781 4082">
     <span class='ocr_line' id='line_1_43' title="bbox 193 4008 1781 4082; baseline -0.002 -17"><span class='ocrx_word' id='word_1_325' title='bbox 193 4013 346 4066; x_wconf 84' lang='lat' dir='ltr'><strong>Bene</strong></span> <span class='ocrx_word' id='word_1_326' title='bbox 377 4020 431 4067; x_wconf 90' lang='lat' dir='ltr'><strong>et</strong></span> <span class='ocrx_word' id='word_1_327' title='bbox 472 4010 706 4066; x_wconf 78' lang='lat' dir='ltr'><strong>feliciter</strong></span> <span class='ocrx_word' id='word_1_328' title='bbox 750 4011 1048 4082; x_wconf 88' lang='lat' dir='ltr'><strong>principari</strong></span> <span class='ocrx_word' id='word_1_329' title='bbox 1080 4010 1419 4080; x_wconf 90' lang='lat' dir='ltr'><strong>cupientibus</strong></span> <span class='ocrx_word' id='word_1_330' title='bbox 1447 4008 1683 4065; x_wconf 80' lang='lat' dir='ltr'><strong>eiiiciunt</strong></span> <span class='ocrx_word' id='word_1_331' title='bbox 1715 4009 1781 4064; x_wconf 90' lang='lat' dir='ltr'><strong>ad</strong></span> 
     </span>
    </p>
   </div>
   <div class='ocr_carea' id='block_1_44' title="bbox 195 4099 1780 4171">
    <p class='ocr_par' dir='ltr' id='par_1_44' title="bbox 195 4099 1780 4171">
     <span class='ocr_line' id='line_1_44' title="bbox 195 4099 1780 4171; baseline -0.002 -15"><span class='ocrx_word' id='word_1_332' title='bbox 195 4118 352 4157; x_wconf 89' lang='lat' dir='ltr'><strong>suam</strong></span> <span class='ocrx_word' id='word_1_333' title='bbox 401 4116 731 4171; x_wconf 90' lang='lat' dir='ltr'><strong>suorumque</strong></span> <span class='ocrx_word' id='word_1_334' title='bbox 782 4101 1009 4155; x_wconf 78' lang='lat' dir='ltr'><strong>salutem</strong></span> <span class='ocrx_word' id='word_1_335' title='bbox 1067 4111 1187 4156; x_wconf 91' lang='lat' dir='ltr'><strong>acta</strong></span> <span class='ocrx_word' id='word_1_336' title='bbox 1234 4111 1289 4154; x_wconf 90' lang='lat' dir='ltr'><strong>et</strong></span> <span class='ocrx_word' id='word_1_337' title='bbox 1330 4099 1472 4154; x_wconf 91' lang='lat' dir='ltr'><strong>dicta</strong></span> <span class='ocrx_word' id='word_1_338' title='bbox 1521 4100 1780 4154; x_wconf 67' lang='lat' dir='ltr'><strong>salutaria</strong></span> 
     </span>
    </p>
   </div>
   <div class='ocr_carea' id='block_1_45' title="bbox 106 4197 1781 4269">
    <p class='ocr_par' dir='ltr' id='par_1_45' title="bbox 106 4197 1781 4269">
     <span class='ocr_line' id='line_1_45' title="bbox 106 4197 1781 4269; baseline 0 -16"><span class='ocrx_word' id='word_1_339' title='bbox 106 4250 107 4253; x_wconf 44' lang='grc' dir='ltr'><strong>η</strong></span> <span class='ocrx_word' id='word_1_340' title='bbox 199 4198 346 4269; x_wconf 87' lang='lat' dir='ltr'><strong>regis</strong></span> <span class='ocrx_word' id='word_1_341' title='bbox 373 4199 550 4262; x_wconf 79' lang='lat' dir='ltr'><strong>iStius,</strong></span> <span class='ocrx_word' id='word_1_342' title='bbox 583 4197 739 4266; x_wconf 85' lang='lat' dir='ltr'><strong>cujus</strong></span> <span class='ocrx_word' id='word_1_343' title='bbox 771 4199 1034 4252; x_wconf 88' lang='lat' dir='ltr'><strong>industria</strong></span> <span class='ocrx_word' id='word_1_344' title='bbox 1065 4199 1142 4254; x_wconf 92' lang='lat' dir='ltr'><strong>sic</strong></span> <span class='ocrx_word' id='word_1_345' title='bbox 1171 4199 1281 4253; x_wconf 92' lang='lat' dir='ltr'><strong>Deo</strong></span> <span class='ocrx_word' id='word_1_346' title='bbox 1324 4197 1526 4268; x_wconf 87' lang='lat' dir='ltr'><strong>placuit</strong></span> <span class='ocrx_word' id='word_1_347' title='bbox 1567 4207 1626 4252; x_wconf 87' lang='lat' dir='ltr'><strong>ut</strong></span> <span class='ocrx_word' id='word_1_348' title='bbox 1677 4215 1781 4253; x_wconf 91' lang='lat' dir='ltr'><strong>una</strong></span> 
     </span>
    </p>
   </div>
   <div class='ocr_carea' id='block_1_46' title="bbox 195 4289 1783 4360">
    <p class='ocr_par' dir='ltr' id='par_1_46' title="bbox 195 4289 1783 4360">
     <span class='ocr_line' id='line_1_46' title="bbox 195 4289 1783 4360; baseline 0.001 -16"><span class='ocrx_word' id='word_1_349' title='bbox 195 4306 364 4360; x_wconf 85' lang='lat' dir='ltr'><strong>prece</strong></span> <span class='ocrx_word' id='word_1_350' title='bbox 384 4298 598 4346; x_wconf 92' lang='lat' dir='ltr'><strong>centum</strong></span> <span class='ocrx_word' id='word_1_351' title='bbox 627 4290 902 4360; x_wconf 83' lang='lat' dir='ltr'><strong>octoginta</strong></span> <span class='ocrx_word' id='word_1_352' title='bbox 934 4289 1174 4360; x_wconf 91' lang='lat' dir='ltr'><strong>quinque</strong></span> <span class='ocrx_word' id='word_1_353' title='bbox 1197 4289 1360 4343; x_wconf 90' lang='lat' dir='ltr'><strong>millia</strong></span> <span class='ocrx_word' id='word_1_354' title='bbox 1393 4290 1627 4346; x_wconf 88' lang='lat' dir='ltr'><strong>hostium</strong></span> <span class='ocrx_word' id='word_1_355' title='bbox 1657 4303 1783 4346; x_wconf 87' lang='lat' dir='ltr'><strong>suo-</strong></span> 
     </span>
    </p>
   </div>
   <div class='ocr_carea' id='block_1_47' title="bbox 197 4380 1784 4452">
    <p class='ocr_par' dir='ltr' id='par_1_47' title="bbox 197 4380 1784 4452">
     <span class='ocr_line' id='line_1_47' title="bbox 197 4380 1784 4452; baseline -0.001 -15"><span class='ocrx_word' id='word_1_356' title='bbox 197 4398 321 4437; x_wconf 91' lang='lat' dir='ltr'><strong>rum</strong></span> <span class='ocrx_word' id='word_1_357' title='bbox 358 4380 719 4447; x_wconf 90' lang='lat' dir='ltr'><strong>interimeret,</strong></span> <span class='ocrx_word' id='word_1_358' title='bbox 763 4391 926 4452; x_wconf 89' lang='lat' dir='ltr'><strong>atque</strong></span> <span class='ocrx_word' id='word_1_359' title='bbox 969 4381 1070 4436; x_wconf 92' lang='lat' dir='ltr'><strong>sibi</strong></span> <span class='ocrx_word' id='word_1_360' title='bbox 1121 4381 1432 4452; x_wconf 89' lang='lat' dir='ltr'><strong>quindecim</strong></span> <span class='ocrx_word' id='word_1_361' title='bbox 1465 4396 1636 4437; x_wconf 90' lang='lat' dir='ltr'><strong>annos</strong></span> <span class='ocrx_word' id='word_1_362' title='bbox 1661 4381 1784 4436; x_wconf 82' lang='lat' dir='ltr'><strong>vita:</strong></span> 
     </span>
    </p>
   </div>
   <div class='ocr_carea' id='block_1_48' title="bbox 1803 3143 1849 3203">
    <p class='ocr_par' dir='ltr' id='par_1_48' title="bbox 1803 3143 1849 3203">
     <span class='ocr_line' id='line_1_48' title="bbox 1803 3143 1849 3203; baseline 0 0"><span class='ocrx_word' id='word_1_363' title='bbox 1803 3143 1849 3203; x_wconf 90' lang='lat' dir='ltr'>C</span> 
     </span>
    </p>
   </div>
   <div class='ocr_carea' id='block_1_49' title="bbox 1867 544 3446 618">
    <p class='ocr_par' dir='ltr' id='par_1_49' title="bbox 1867 544 3446 618">
     <span class='ocr_line' id='line_1_49' title="bbox 1867 544 3446 618; baseline -0.001 -16"><span class='ocrx_word' id='word_1_364' title='bbox 1867 547 2169 616; x_wconf 79' lang='lat' dir='ltr'><strong>flagellatur</strong></span> <span class='ocrx_word' id='word_1_365' title='bbox 2199 563 2366 618; x_wconf 70' lang='lat' dir='ltr'><strong>saepe,</strong></span> <span class='ocrx_word' id='word_1_366' title='bbox 2395 547 2521 617; x_wconf 89' lang='lat' dir='ltr'><strong>quia</strong></span> <span class='ocrx_word' id='word_1_367' title='bbox 2553 548 2628 601; x_wconf 92' lang='lat' dir='ltr'><strong>nil</strong></span> <span class='ocrx_word' id='word_1_368' title='bbox 2678 547 2784 602; x_wconf 90' lang='lat' dir='ltr'><strong>tale</strong></span> <span class='ocrx_word' id='word_1_369' title='bbox 2815 545 2933 603; x_wconf 89' lang='lat' dir='ltr'><strong>sine</strong></span> <span class='ocrx_word' id='word_1_370' title='bbox 2978 544 3166 601; x_wconf 90' lang='lat' dir='ltr'><strong>favore</strong></span> <span class='ocrx_word' id='word_1_371' title='bbox 3211 561 3304 602; x_wconf 91' lang='lat' dir='ltr'><strong>seu</strong></span> <span class='ocrx_word' id='word_1_372' title='bbox 3336 548 3446 603; x_wconf 87' lang='lat' dir='ltr'><strong>suf-</strong></span> 
     </span>
    </p>
   </div>
   <div class='ocr_carea' id='block_1_50' title="bbox 1868 635 3450 706">
    <p class='ocr_par' dir='ltr' id='par_1_50' title="bbox 1868 635 3450 706">
     <span class='ocr_line' id='line_1_50' title="bbox 1868 635 3450 706; baseline 0 -15"><span class='ocrx_word' id='word_1_373' title='bbox 1868 637 2040 705; x_wconf 72' lang='lat' dir='ltr'><strong>fragio</strong></span> <span class='ocrx_word' id='word_1_374' title='bbox 2092 653 2281 692; x_wconf 90' lang='lat' dir='ltr'><strong>eorum</strong></span> <span class='ocrx_word' id='word_1_375' title='bbox 2334 637 2513 706; x_wconf 85' lang='lat' dir='ltr'><strong>potuit</strong></span> <span class='ocrx_word' id='word_1_376' title='bbox 2559 635 2790 692; x_wconf 81' lang='lat' dir='ltr'><strong>ellicere.</strong></span> <span class='ocrx_word' id='word_1_377' title='bbox 2843 635 3120 692; x_wconf 88' lang='lat' dir='ltr'><strong>Timentes</strong></span> <span class='ocrx_word' id='word_1_378' title='bbox 3174 637 3318 691; x_wconf 90' lang='lat' dir='ltr'><strong>enim</strong></span> <span class='ocrx_word' id='word_1_379' title='bbox 3364 637 3450 693; x_wconf 85' lang='lat' dir='ltr'><strong>vel</strong></span> 
     </span>
    </p>
   </div>
   <div class='ocr_carea' id='block_1_51' title="bbox 1867 728 3444 798">
    <p class='ocr_par' dir='ltr' id='par_1_51' title="bbox 1867 728 3444 798">
     <span class='ocr_line' id='line_1_51' title="bbox 1867 728 3444 798; baseline 0.003 -18"><span class='ocrx_word' id='word_1_380' title='bbox 1867 739 2112 782; x_wconf 88' lang='lat' dir='ltr'><strong>amantes</strong></span> <span class='ocrx_word' id='word_1_381' title='bbox 2166 728 2439 782; x_wconf 86' lang='lat' dir='ltr'><strong>hominem</strong></span> <span class='ocrx_word' id='word_1_382' title='bbox 2474 728 2645 798; x_wconf 82' lang='lat' dir='ltr'><strong>magis</strong></span> <span class='ocrx_word' id='word_1_383' title='bbox 2675 744 2836 798; x_wconf 91' lang='lat' dir='ltr'><strong>quam</strong></span> <span class='ocrx_word' id='word_1_384' title='bbox 2886 728 3077 795; x_wconf 91' lang='lat' dir='ltr'><strong>Deum,</strong></span> <span class='ocrx_word' id='word_1_385' title='bbox 3113 744 3219 784; x_wconf 92' lang='lat' dir='ltr'><strong>non</strong></span> <span class='ocrx_word' id='word_1_386' title='bbox 3271 729 3444 784; x_wconf 91' lang='lat' dir='ltr'><strong>solum</strong></span> 
     </span>
    </p>
   </div>
   <div class='ocr_carea' id='block_1_52' title="bbox 1870 819 3448 890">
    <p class='ocr_par' dir='ltr' id='par_1_52' title="bbox 1870 819 3448 890">
     <span class='ocr_line' id='line_1_52' title="bbox 1870 819 3448 890; baseline 0.003 -18"><span class='ocrx_word' id='word_1_387' title='bbox 1870 819 2047 874; x_wconf 85' lang='lat' dir='ltr'><strong>favent</strong></span> <span class='ocrx_word' id='word_1_388' title='bbox 2073 819 2211 874; x_wconf 91' lang='lat' dir='ltr'><strong>male</strong></span> <span class='ocrx_word' id='word_1_389' title='bbox 2234 819 2560 874; x_wconf 80' lang='lat' dir='ltr'><strong>facientibus</strong></span> <span class='ocrx_word' id='word_1_390' title='bbox 2587 819 2840 885; x_wconf 90' lang='lat' dir='ltr'><strong>dominis,</strong></span> <span class='ocrx_word' id='word_1_391' title='bbox 2871 820 2964 875; x_wconf 90' lang='lat' dir='ltr'><strong>sed</strong></span> <span class='ocrx_word' id='word_1_392' title='bbox 2997 820 3218 890; x_wconf 86' lang='lat' dir='ltr'><strong>insuper</strong></span> <span class='ocrx_word' id='word_1_393' title='bbox 3247 837 3314 876; x_wconf 83' lang='lat' dir='ltr'><strong>ex</strong></span> <span class='ocrx_word' id='word_1_394' title='bbox 3343 837 3448 876; x_wconf 85' lang='lat' dir='ltr'><strong>ma-</strong></span> 
     </span>
    </p>
   </div>
   <div class='ocr_carea' id='block_1_53' title="bbox 1868 908 3452 986">
    <p class='ocr_par' dir='ltr' id='par_1_53' title="bbox 1868 908 3452 986">
     <span class='ocr_line' id='line_1_53' title="bbox 1868 908 3452 986; baseline 0.003 -23"><span class='ocrx_word' id='word_1_395' title='bbox 1868 908 1980 964; x_wconf 88' lang='lat' dir='ltr'><strong>litia</strong></span> <span class='ocrx_word' id='word_1_396' title='bbox 2026 926 2214 965; x_wconf 91' lang='lat' dir='ltr'><strong>eorum</strong></span> <span class='ocrx_word' id='word_1_397' title='bbox 2245 910 2526 964; x_wconf 84' lang='lat' dir='ltr'><strong>audaciam</strong></span> <span class='ocrx_word' id='word_1_398' title='bbox 2560 920 2804 977; x_wconf 87' lang='lat' dir='ltr'><strong>sumunt,</strong></span> <span class='ocrx_word' id='word_1_399' title='bbox 2838 924 2892 967; x_wconf 87' lang='lat' dir='ltr'><strong>et</strong></span> <span class='ocrx_word' id='word_1_400' title='bbox 2931 912 2986 967; x_wconf 89' lang='lat' dir='ltr'><strong>in</strong></span> <span class='ocrx_word' id='word_1_401' title='bbox 3033 929 3172 984; x_wconf 89' lang='lat' dir='ltr'><strong>quos</strong></span> <span class='ocrx_word' id='word_1_402' title='bbox 3220 923 3452 986; x_wconf 85' lang='lat' dir='ltr'><strong>possunt</strong></span> 
     </span>
    </p>
   </div>
   <div class='ocr_carea' id='block_1_54' title="bbox 1869 999 3452 1075">
    <p class='ocr_par' dir='ltr' id='par_1_54' title="bbox 1869 999 3452 1075">
     <span class='ocr_line' id='line_1_54' title="bbox 1869 999 3452 1075; baseline 0.005 -22"><span class='ocrx_word' id='word_1_403' title='bbox 1869 1000 2188 1068; x_wconf 88' lang='lat' dir='ltr'><strong>superbiunt</strong></span> <span class='ocrx_word' id='word_1_404' title='bbox 2213 1009 2267 1054; x_wconf 92' lang='lat' dir='ltr'><strong>et</strong></span> <span class='ocrx_word' id='word_1_405' title='bbox 2302 999 2607 1071; x_wconf 90' lang='lat' dir='ltr'><strong>insurgunt.</strong></span> <span class='ocrx_word' id='word_1_406' title='bbox 2635 999 2737 1067; x_wconf 86' lang='lat' dir='ltr'><strong>Qui</strong></span> <span class='ocrx_word' id='word_1_407' title='bbox 2771 1000 2816 1056; x_wconf 92' lang='lat' dir='ltr'><strong>si</strong></span> <span class='ocrx_word' id='word_1_408' title='bbox 2844 1001 3130 1059; x_wconf 86' lang='lat' dir='ltr'><strong>unanimes</strong></span> <span class='ocrx_word' id='word_1_409' title='bbox 3165 1020 3328 1075; x_wconf 87' lang='lat' dir='ltr'><strong>prava</strong></span> <span class='ocrx_word' id='word_1_410' title='bbox 3355 1021 3452 1062; x_wconf 85' lang='lat' dir='ltr'><strong>co-</strong></span> 
     </span>
    </p>
   </div>
   <div class='ocr_carea' id='block_1_55' title="bbox 1869 1094 3454 1162">
    <p class='ocr_par' dir='ltr' id='par_1_55' title="bbox 1869 1094 3454 1162">
     <span class='ocr_line' id='line_1_55' title="bbox 1869 1094 3454 1162; baseline 0.003 -12"><span class='ocrx_word' id='word_1_411' title='bbox 1869 1094 2124 1151; x_wconf 87' lang='lat' dir='ltr'><strong>nantibus</strong></span> <span class='ocrx_word' id='word_1_412' title='bbox 2145 1095 2470 1150; x_wconf 81' lang='lat' dir='ltr'><strong>obsisterent</strong></span> <span class='ocrx_word' id='word_1_413' title='bbox 2502 1102 2557 1150; x_wconf 90' lang='lat' dir='ltr'><strong>et</strong></span> <span class='ocrx_word' id='word_1_414' title='bbox 2606 1094 2984 1162; x_wconf 83' lang='lat' dir='ltr'><strong>reclamarent,</strong></span> <span class='ocrx_word' id='word_1_415' title='bbox 3025 1098 3167 1152; x_wconf 86' lang='lat' dir='ltr'><strong>sicut</strong></span> <span class='ocrx_word' id='word_1_416' title='bbox 3201 1114 3454 1155; x_wconf 87' lang='lat' dir='ltr'><strong>nonnun-</strong></span> 
     </span>
    </p>
   </div>
   <div class='ocr_carea' id='block_1_56' title="bbox 1869 1185 3478 1256">
    <p class='ocr_par' dir='ltr' id='par_1_56' title="bbox 1869 1185 3478 1256">
     <span class='ocr_line' id='line_1_56' title="bbox 1869 1185 3478 1256; baseline 0.004 -18"><span class='ocrx_word' id='word_1_417' title='bbox 1869 1201 2031 1256; x_wconf 87' lang='lat' dir='ltr'><strong>quam</strong></span> <span class='ocrx_word' id='word_1_418' title='bbox 2055 1200 2155 1256; x_wconf 91' lang='lat' dir='ltr'><strong>pro</strong></span> <span class='ocrx_word' id='word_1_419' title='bbox 2180 1186 2293 1241; x_wconf 90' lang='lat' dir='ltr'><strong>suis</strong></span> <span class='ocrx_word' id='word_1_420' title='bbox 2324 1185 2702 1252; x_wconf 88' lang='lat' dir='ltr'><strong>incommodis,</strong></span> <span class='ocrx_word' id='word_1_421' title='bbox 2730 1199 2825 1242; x_wconf 91' lang='lat' dir='ltr'><strong>seu</strong></span> <span class='ocrx_word' id='word_1_422' title='bbox 2850 1187 3168 1253; x_wconf 91' lang='lat' dir='ltr'><strong>commodis,</strong></span> <span class='ocrx_word' id='word_1_423' title='bbox 3197 1187 3282 1243; x_wconf 86' lang='lat' dir='ltr'><strong>vel</strong></span> <span class='ocrx_word' id='word_1_424' title='bbox 3313 1188 3478 1256; x_wconf 36' lang='lat' dir='ltr'><strong>sicut,</strong></span> 
     </span>
    </p>
   </div>
   <div class='ocr_carea' id='block_1_57' title="bbox 1868 1275 3455 1350">
    <p class='ocr_par' dir='ltr' id='par_1_57' title="bbox 1868 1275 3455 1350">
     <span class='ocr_line' id='line_1_57' title="bbox 1868 1275 3455 1350; baseline 0.003 -18"><span class='ocrx_word' id='word_1_425' title='bbox 1868 1292 1968 1347; x_wconf 78' lang='lat' dir='ltr'><strong>pro</strong></span> <span class='ocrx_word' id='word_1_426' title='bbox 2011 1285 2232 1346; x_wconf 85' lang='lat' dir='ltr'><strong>accepta</strong></span> <span class='ocrx_word' id='word_1_427' title='bbox 2265 1275 2350 1330; x_wconf 89' lang='lat' dir='ltr'><strong>vel</strong></span> <span class='ocrx_word' id='word_1_428' title='bbox 2398 1275 2500 1330; x_wconf 90' lang='lat' dir='ltr'><strong>sibi</strong></span> <span class='ocrx_word' id='word_1_429' title='bbox 2528 1276 2795 1346; x_wconf 89' lang='lat' dir='ltr'><strong>promissa</strong></span> <span class='ocrx_word' id='word_1_430' title='bbox 2829 1278 2896 1332; x_wconf 90' lang='lat' dir='ltr'><strong>ab</strong></span> <span class='ocrx_word' id='word_1_431' title='bbox 2927 1277 3199 1348; x_wconf 91' lang='lat' dir='ltr'><strong>aliquibus</strong></span> <span class='ocrx_word' id='word_1_432' title='bbox 3224 1281 3455 1350; x_wconf 87' lang='lat' dir='ltr'><strong>pecunia</strong></span> 
     </span>
    </p>
   </div>
   <div class='ocr_carea' id='block_1_58' title="bbox 1869 1365 3454 1438">
    <p class='ocr_par' dir='ltr' id='par_1_58' title="bbox 1869 1365 3454 1438">
     <span class='ocr_line' id='line_1_58' title="bbox 1869 1365 3454 1438; baseline 0.003 -18"><span class='ocrx_word' id='word_1_433' title='bbox 1869 1366 2068 1432; x_wconf 86' lang='lat' dir='ltr'><strong>solent,</strong></span> <span class='ocrx_word' id='word_1_434' title='bbox 2099 1365 2358 1422; x_wconf 84' lang='lat' dir='ltr'><strong>facillime</strong></span> <span class='ocrx_word' id='word_1_435' title='bbox 2383 1381 2510 1421; x_wconf 88' lang='lat' dir='ltr'><strong>suos</strong></span> <span class='ocrx_word' id='word_1_436' title='bbox 2548 1366 2824 1437; x_wconf 90' lang='lat' dir='ltr'><strong>principes</strong></span> <span class='ocrx_word' id='word_1_437' title='bbox 2871 1375 2927 1422; x_wconf 89' lang='lat' dir='ltr'><strong>et</strong></span> <span class='ocrx_word' id='word_1_438' title='bbox 2969 1368 3203 1438; x_wconf 80' lang='lat' dir='ltr'><strong>majores</strong></span> <span class='ocrx_word' id='word_1_439' title='bbox 3241 1383 3270 1422; x_wconf 92' lang='lat' dir='ltr'><strong>a</strong></span> <span class='ocrx_word' id='word_1_440' title='bbox 3310 1369 3454 1424; x_wconf 89' lang='lat' dir='ltr'><strong>malo</strong></span> 
     </span>
    </p>
   </div>
   <div class='ocr_carea' id='block_1_59' title="bbox 1870 1455 3453 1527">
    <p class='ocr_par' dir='ltr' id='par_1_59' title="bbox 1870 1455 3453 1527">
     <span class='ocr_line' id='line_1_59' title="bbox 1870 1455 3453 1527; baseline 0.003 -17"><span class='ocrx_word' id='word_1_441' title='bbox 1870 1465 2209 1512; x_wconf 85' lang='lat' dir='ltr'><strong>revocarent.</strong></span> <span class='ocrx_word' id='word_1_442' title='bbox 2260 1455 2523 1526; x_wconf 89' lang='lat' dir='ltr'><strong>Denique,</strong></span> <span class='ocrx_word' id='word_1_443' title='bbox 2569 1457 2672 1511; x_wconf 90' lang='lat' dir='ltr'><strong>nisi</strong></span> <span class='ocrx_word' id='word_1_444' title='bbox 2719 1456 3059 1527; x_wconf 87' lang='lat' dir='ltr'><strong>principibus</strong></span> <span class='ocrx_word' id='word_1_445' title='bbox 3106 1459 3453 1515; x_wconf 91' lang='lat' dir='ltr'><strong>sacerdotum</strong></span> 
     </span>
    </p>
   </div>
   <div class='ocr_carea' id='block_1_60' title="bbox 1873 1545 3460 1619">
    <p class='ocr_par' dir='ltr' id='par_1_60' title="bbox 1873 1545 3460 1619">
     <span class='ocr_line' id='line_1_60' title="bbox 1873 1545 3460 1619; baseline 0.001 -15"><span class='ocrx_word' id='word_1_446' title='bbox 1873 1551 2027 1605; x_wconf 90' lang='lat' dir='ltr'><strong>turba</strong></span> <span class='ocrx_word' id='word_1_447' title='bbox 2063 1545 2320 1604; x_wconf 90' lang='lat' dir='ltr'><strong>clamoris</strong></span> <span class='ocrx_word' id='word_1_448' title='bbox 2341 1549 2423 1603; x_wconf 90' lang='lat' dir='ltr'><strong>sui</strong></span> <span class='ocrx_word' id='word_1_449' title='bbox 2451 1549 2796 1619; x_wconf 87' lang='lat' dir='ltr'><strong>improbitate</strong></span> <span class='ocrx_word' id='word_1_450' title='bbox 2825 1549 3066 1616; x_wconf 84' lang='lat' dir='ltr'><strong>favisset,</strong></span> <span class='ocrx_word' id='word_1_451' title='bbox 3095 1549 3302 1607; x_wconf 87' lang='lat' dir='ltr'><strong>Pilatus</strong></span> <span class='ocrx_word' id='word_1_452' title='bbox 3354 1551 3460 1606; x_wconf 84' lang='lat' dir='ltr'><strong>Do-</strong></span> 
     </span>
    </p>
   </div>
   <div class='ocr_carea' id='block_1_61' title="bbox 1871 1639 3460 1715">
    <p class='ocr_par' dir='ltr' id='par_1_61' title="bbox 1871 1639 3460 1715">
     <span class='ocr_line' id='line_1_61' title="bbox 1871 1639 3460 1715; baseline 0.001 -19"><span class='ocrx_word' id='word_1_453' title='bbox 1871 1643 2078 1697; x_wconf 90' lang='lat' dir='ltr'><strong>minum</strong></span> <span class='ocrx_word' id='word_1_454' title='bbox 2107 1639 2291 1698; x_wconf 89' lang='lat' dir='ltr'><strong>Iesum</strong></span> <span class='ocrx_word' id='word_1_455' title='bbox 2329 1641 2647 1706; x_wconf 81' lang='lat' dir='ltr'><strong>relaxasset,</strong></span> <span class='ocrx_word' id='word_1_456' title='bbox 2679 1656 2779 1697; x_wconf 90' lang='lat' dir='ltr'><strong>nec</strong></span> <span class='ocrx_word' id='word_1_457' title='bbox 2822 1657 2980 1698; x_wconf 90' lang='lat' dir='ltr'><strong>suum</strong></span> <span class='ocrx_word' id='word_1_458' title='bbox 3007 1643 3145 1699; x_wconf 89' lang='lat' dir='ltr'><strong>velle</strong></span> <span class='ocrx_word' id='word_1_459' title='bbox 3175 1644 3276 1714; x_wconf 88' lang='lat' dir='ltr'><strong>ipsi</strong></span> <span class='ocrx_word' id='word_1_460' title='bbox 3305 1641 3460 1715; x_wconf 86' lang='lat' dir='ltr'><strong>prin-</strong></span> 
     </span>
    </p>
   </div>
   <div class='ocr_carea' id='block_1_62' title="bbox 1872 1731 3458 1804">
    <p class='ocr_par' dir='ltr' id='par_1_62' title="bbox 1872 1731 3458 1804">
     <span class='ocr_line' id='line_1_62' title="bbox 1872 1731 3458 1804; baseline 0.003 -18"><span class='ocrx_word' id='word_1_461' title='bbox 1872 1733 2022 1804; x_wconf 86' lang='lat' dir='ltr'><strong>cipes</strong></span> <span class='ocrx_word' id='word_1_462' title='bbox 2047 1748 2113 1788; x_wconf 75' lang='lat' dir='ltr'><strong>ex</strong></span> <span class='ocrx_word' id='word_1_463' title='bbox 2145 1733 2397 1802; x_wconf 87' lang='lat' dir='ltr'><strong>captione</strong></span> <span class='ocrx_word' id='word_1_464' title='bbox 2435 1731 2646 1786; x_wconf 91' lang='lat' dir='ltr'><strong>Domini</strong></span> <span class='ocrx_word' id='word_1_465' title='bbox 2677 1733 3057 1802; x_wconf 87' lang='lat' dir='ltr'><strong>complessent.</strong></span> <span class='ocrx_word' id='word_1_466' title='bbox 3083 1733 3190 1789; x_wconf 90' lang='lat' dir='ltr'><strong>Sed</strong></span> <span class='ocrx_word' id='word_1_467' title='bbox 3217 1742 3335 1789; x_wconf 89' lang='lat' dir='ltr'><strong>esto</strong></span> <span class='ocrx_word' id='word_1_468' title='bbox 3366 1749 3458 1790; x_wconf 92' lang='lat' dir='ltr'><strong>ne-</strong></span> 
     </span>
    </p>
   </div>
   <div class='ocr_carea' id='block_1_63' title="bbox 1873 1821 3458 1894">
    <p class='ocr_par' dir='ltr' id='par_1_63' title="bbox 1873 1821 3458 1894">
     <span class='ocr_line' id='line_1_63' title="bbox 1873 1821 3458 1894; baseline -0.001 -15"><span class='ocrx_word' id='word_1_469' title='bbox 1873 1823 2131 1879; x_wconf 81' lang='lat' dir='ltr'><strong>cessitate</strong></span> <span class='ocrx_word' id='word_1_470' title='bbox 2156 1821 2399 1878; x_wconf 88' lang='lat' dir='ltr'><strong>imbelles</strong></span> <span class='ocrx_word' id='word_1_471' title='bbox 2421 1829 2477 1876; x_wconf 91' lang='lat' dir='ltr'><strong>et</strong></span> <span class='ocrx_word' id='word_1_472' title='bbox 2505 1821 2610 1877; x_wconf 89' lang='lat' dir='ltr'><strong>vile</strong></span> <span class='ocrx_word' id='word_1_473' title='bbox 2639 1821 2828 1893; x_wconf 89' lang='lat' dir='ltr'><strong>vulgus</strong></span> <span class='ocrx_word' id='word_1_474' title='bbox 2859 1823 3236 1894; x_wconf 80' lang='lat' dir='ltr'><strong>qualecunque</strong></span> <span class='ocrx_word' id='word_1_475' title='bbox 3260 1823 3458 1894; x_wconf 89' lang='lat' dir='ltr'><strong>princi-</strong></span> 
     </span>
    </p>
   </div>
   <div class='ocr_carea' id='block_1_64' title="bbox 1871 1911 3460 1987">
    <p class='ocr_par' dir='ltr' id='par_1_64' title="bbox 1871 1911 3460 1987">
     <span class='ocr_line' id='line_1_64' title="bbox 1871 1911 3460 1987; baseline 0.004 -21"><span class='ocrx_word' id='word_1_476' title='bbox 1871 1927 1998 1984; x_wconf 91' lang='lat' dir='ltr'><strong>pum</strong></span> <span class='ocrx_word' id='word_1_477' title='bbox 2026 1911 2356 1967; x_wconf 75' lang='lat' dir='ltr'><strong>veluntatem</strong></span> <span class='ocrx_word' id='word_1_478' title='bbox 2387 1921 2688 1977; x_wconf 85' lang='lat' dir='ltr'><strong>sectantur,</strong></span> <span class='ocrx_word' id='word_1_479' title='bbox 2725 1912 2804 1966; x_wconf 91' lang='lat' dir='ltr'><strong>vel</strong></span> <span class='ocrx_word' id='word_1_480' title='bbox 2833 1923 3081 1981; x_wconf 89' lang='lat' dir='ltr'><strong>caveant,</strong></span> <span class='ocrx_word' id='word_1_481' title='bbox 3113 1915 3326 1987; x_wconf 88' lang='lat' dir='ltr'><strong>neipsa</strong></span> <span class='ocrx_word' id='word_1_482' title='bbox 3363 1930 3460 1972; x_wconf 81' lang='lat' dir='ltr'><strong>ne-</strong></span> 
     </span>
    </p>
   </div>
   <div class='ocr_carea' id='block_1_65' title="bbox 1873 2003 3461 2076">
    <p class='ocr_par' dir='ltr' id='par_1_65' title="bbox 1873 2003 3461 2076">
     <span class='ocr_line' id='line_1_65' title="bbox 1873 2003 3461 2076; baseline 0 -14"><span class='ocrx_word' id='word_1_483' title='bbox 1873 2005 2101 2062; x_wconf 91' lang='lat' dir='ltr'><strong>cessitas</strong></span> <span class='ocrx_word' id='word_1_484' title='bbox 2139 2005 2233 2060; x_wconf 70' lang='lat' dir='ltr'><strong>fiat</strong></span> <span class='ocrx_word' id='word_1_485' title='bbox 2265 2005 2344 2060; x_wconf 87' lang='lat' dir='ltr'><strong>eis</strong></span> <span class='ocrx_word' id='word_1_486' title='bbox 2369 2003 2510 2061; x_wconf 88' lang='lat' dir='ltr'><strong>male</strong></span> <span class='ocrx_word' id='word_1_487' title='bbox 2535 2004 2729 2076; x_wconf 86' lang='lat' dir='ltr'><strong>agendi</strong></span> <span class='ocrx_word' id='word_1_488' title='bbox 2754 2003 3006 2062; x_wconf 87' lang='lat' dir='ltr'><strong>voluntas</strong></span> <span class='ocrx_word' id='word_1_489' title='bbox 3035 2005 3192 2061; x_wconf 84' lang='lat' dir='ltr'><strong>simul</strong></span> <span class='ocrx_word' id='word_1_490' title='bbox 3217 2016 3268 2062; x_wconf 92' lang='lat' dir='ltr'><strong>et</strong></span> <span class='ocrx_word' id='word_1_491' title='bbox 3297 2007 3461 2064; x_wconf 88' lang='lat' dir='ltr'><strong>liber-</strong></span> 
     </span>
    </p>
   </div>
   <div class='ocr_carea' id='block_1_66' title="bbox 1875 2093 3463 2168">
    <p class='ocr_par' dir='ltr' id='par_1_66' title="bbox 1875 2093 3463 2168">
     <span class='ocr_line' id='line_1_66' title="bbox 1875 2093 3463 2168; baseline 0.003 -18"><span class='ocrx_word' id='word_1_492' title='bbox 1875 2106 1992 2164; x_wconf 90' lang='lat' dir='ltr'><strong>tas;</strong></span> <span class='ocrx_word' id='word_1_493' title='bbox 2021 2097 2176 2168; x_wconf 85' lang='lat' dir='ltr'><strong>quasi</strong></span> <span class='ocrx_word' id='word_1_494' title='bbox 2215 2095 2262 2152; x_wconf 92' lang='lat' dir='ltr'><strong>si</strong></span> <span class='ocrx_word' id='word_1_495' title='bbox 2313 2095 2513 2150; x_wconf 86' lang='lat' dir='ltr'><strong>debent</strong></span> <span class='ocrx_word' id='word_1_496' title='bbox 2541 2093 2610 2148; x_wconf 88' lang='lat' dir='ltr'><strong>ab</strong></span> <span class='ocrx_word' id='word_1_497' title='bbox 2638 2094 2876 2150; x_wconf 90' lang='lat' dir='ltr'><strong>omnium</strong></span> <span class='ocrx_word' id='word_1_498' title='bbox 2910 2095 3191 2150; x_wconf 89' lang='lat' dir='ltr'><strong>hominum</strong></span> <span class='ocrx_word' id='word_1_499' title='bbox 3242 2093 3463 2154; x_wconf 70' lang='lat' dir='ltr'><strong>ltesione</strong></span> 
     </span>
    </p>
   </div>
   <div class='ocr_carea' id='block_1_67' title="bbox 1875 2184 3459 2256">
    <p class='ocr_par' dir='ltr' id='par_1_67' title="bbox 1875 2184 3459 2256">
     <span class='ocr_line' id='line_1_67' title="bbox 1875 2184 3459 2256; baseline -0.002 -13"><span class='ocrx_word' id='word_1_500' title='bbox 1875 2188 2178 2254; x_wconf 81' lang='lat' dir='ltr'><strong>refrenare,</strong></span> <span class='ocrx_word' id='word_1_501' title='bbox 2228 2185 2400 2241; x_wconf 91' lang='lat' dir='ltr'><strong>multo</strong></span> <span class='ocrx_word' id='word_1_502' title='bbox 2442 2184 2612 2256; x_wconf 90' lang='lat' dir='ltr'><strong>magis</strong></span> <span class='ocrx_word' id='word_1_503' title='bbox 2642 2185 2710 2240; x_wconf 88' lang='lat' dir='ltr'><strong>ab</strong></span> <span class='ocrx_word' id='word_1_504' title='bbox 2735 2184 3230 2240; x_wconf 87' lang='lat' dir='ltr'><strong>ecclesiasticarum</strong></span> <span class='ocrx_word' id='word_1_505' title='bbox 3277 2201 3459 2242; x_wconf 87' lang='lat' dir='ltr'><strong>rerum</strong></span> 
     </span>
    </p>
   </div>
   <div class='ocr_carea' id='block_1_68' title="bbox 1873 2272 3461 2350">
    <p class='ocr_par' dir='ltr' id='par_1_68' title="bbox 1873 2272 3461 2350">
     <span class='ocr_line' id='line_1_68' title="bbox 1873 2272 3461 2350; baseline -0.001 -16"><span class='ocrx_word' id='word_1_506' title='bbox 1873 2278 2316 2350; x_wconf 67' lang='lat' dir='ltr'><strong>praesumptione,</strong></span> <span class='ocrx_word' id='word_1_507' title='bbox 2355 2275 2660 2332; x_wconf 81' lang='lat' dir='ltr'><strong>recnleutes</strong></span> <span class='ocrx_word' id='word_1_508' title='bbox 2682 2275 2808 2345; x_wconf 88' lang='lat' dir='ltr'><strong>quia</strong></span> <span class='ocrx_word' id='word_1_509' title='bbox 2848 2272 2894 2330; x_wconf 87' lang='lat' dir='ltr'><strong>si</strong></span> <span class='ocrx_word' id='word_1_510' title='bbox 2942 2277 3249 2346; x_wconf 87' lang='lat' dir='ltr'><strong>peccaverit</strong></span> <span class='ocrx_word' id='word_1_511' title='bbox 3275 2277 3359 2331; x_wconf 88' lang='lat' dir='ltr'><strong>vir</strong></span> <span class='ocrx_word' id='word_1_512' title='bbox 3406 2277 3461 2332; x_wconf 92' lang='lat' dir='ltr'><strong>in</strong></span> 
     </span>
    </p>
   </div>
   <div class='ocr_carea' id='block_1_69' title="bbox 1874 2365 3459 2440">
    <p class='ocr_par' dir='ltr' id='par_1_69' title="bbox 1874 2365 3459 2440">
     <span class='ocr_line' id='line_1_69' title="bbox 1874 2365 3459 2440; baseline -0.003 -16"><span class='ocrx_word' id='word_1_513' title='bbox 1874 2369 2070 2436; x_wconf 89' lang='lat' dir='ltr'><strong>virum,</strong></span> <span class='ocrx_word' id='word_1_514' title='bbox 2102 2369 2301 2440; x_wconf 89' lang='lat' dir='ltr'><strong>placari</strong></span> <span class='ocrx_word' id='word_1_515' title='bbox 2335 2367 2384 2424; x_wconf 95' lang='lat' dir='ltr'><strong>ei</strong></span> <span class='ocrx_word' id='word_1_516' title='bbox 2431 2376 2607 2437; x_wconf 83' lang='lat' dir='ltr'><strong>potest</strong></span> <span class='ocrx_word' id='word_1_517' title='bbox 2653 2366 2820 2432; x_wconf 91' lang='lat' dir='ltr'><strong>Deus;</strong></span> <span class='ocrx_word' id='word_1_518' title='bbox 2876 2366 2921 2420; x_wconf 91' lang='lat' dir='ltr'><strong>si</strong></span> <span class='ocrx_word' id='word_1_519' title='bbox 2969 2372 3149 2420; x_wconf 81' lang='lat' dir='ltr'><strong>autem</strong></span> <span class='ocrx_word' id='word_1_520' title='bbox 3195 2367 3250 2421; x_wconf 89' lang='lat' dir='ltr'><strong>in</strong></span> <span class='ocrx_word' id='word_1_521' title='bbox 3290 2365 3459 2422; x_wconf 89' lang='lat' dir='ltr'><strong>Deum</strong></span> 
     </span>
    </p>
   </div>
   <div class='ocr_carea' id='block_1_70' title="bbox 1874 2454 3462 2531">
    <p class='ocr_par' dir='ltr' id='par_1_70' title="bbox 1874 2454 3462 2531">
     <span class='ocr_line' id='line_1_70' title="bbox 1874 2454 3462 2531; baseline -0.004 -15"><span class='ocrx_word' id='word_1_522' title='bbox 1874 2460 2203 2531; x_wconf 85' lang='lat' dir='ltr'><strong>peccaverit,</strong></span> <span class='ocrx_word' id='word_1_523' title='bbox 2232 2457 2355 2528; x_wconf 88' lang='lat' dir='ltr'><strong>quis</strong></span> <span class='ocrx_word' id='word_1_524' title='bbox 2405 2457 2582 2512; x_wconf 90' lang='lat' dir='ltr'><strong>orabit</strong></span> <span class='ocrx_word' id='word_1_525' title='bbox 2629 2471 2726 2525; x_wconf 87' lang='lat' dir='ltr'><strong>pro</strong></span> <span class='ocrx_word' id='word_1_526' title='bbox 2770 2454 3008 2511; x_wconf 86' lang='lat' dir='ltr'><strong>eo?Nec</strong></span> <span class='ocrx_word' id='word_1_527' title='bbox 3054 2473 3160 2511; x_wconf 91' lang='lat' dir='ltr'><strong>non</strong></span> <span class='ocrx_word' id='word_1_528' title='bbox 3215 2454 3462 2512; x_wconf 88' lang='lat' dir='ltr'><strong>recolant</strong></span> 
     </span>
    </p>
   </div>
   <div class='ocr_carea' id='block_1_71' title="bbox 1875 2539 3457 2622">
    <p class='ocr_par' dir='ltr' id='par_1_71' title="bbox 1875 2539 3457 2622">
     <span class='ocr_line' id='line_1_71' title="bbox 1875 2539 3457 2622; baseline -0.001 -19"><span class='ocrx_word' id='word_1_529' title='bbox 1875 2553 1998 2622; x_wconf 89' lang='lat' dir='ltr'><strong>quia</strong></span> <span class='ocrx_word' id='word_1_530' title='bbox 2031 2551 2214 2619; x_wconf 80' lang='lat' dir='ltr'><strong>plebes</strong></span> <span class='ocrx_word' id='word_1_531' title='bbox 2244 2547 2606 2611; x_wconf 84' lang='lat' dir='ltr'><strong>numerosius,</strong></span> <span class='ocrx_word' id='word_1_532' title='bbox 2640 2555 2692 2599; x_wconf 88' lang='lat' dir='ltr'><strong>et</strong></span> <span class='ocrx_word' id='word_1_533' title='bbox 2742 2546 3037 2616; x_wconf 87' lang='lat' dir='ltr'><strong>aliquando</strong></span> <span class='ocrx_word' id='word_1_534' title='bbox 3066 2561 3255 2600; x_wconf 87' lang='lat' dir='ltr'><strong>earum</strong></span> <span class='ocrx_word' id='word_1_535' title='bbox 3301 2539 3457 2617; x_wconf 82' lang='lat' dir='ltr'><strong>prin-</strong></span> 
     </span>
    </p>
   </div>
   <div class='ocr_carea' id='block_1_72' title="bbox 1876 2635 3454 2711">
    <p class='ocr_par' dir='ltr' id='par_1_72' title="bbox 1876 2635 3454 2711">
     <span class='ocr_line' id='line_1_72' title="bbox 1876 2635 3454 2711; baseline -0.003 -16"><span class='ocrx_word' id='word_1_536' title='bbox 1876 2640 2086 2711; x_wconf 77' lang='lat' dir='ltr'><strong>ripibus</strong></span> <span class='ocrx_word' id='word_1_537' title='bbox 2111 2637 2457 2709; x_wconf 87' lang='lat' dir='ltr'><strong>temporalem</strong></span> <span class='ocrx_word' id='word_1_538' title='bbox 2490 2651 2702 2706; x_wconf 66' lang='lat' dir='ltr'><strong>poenam</strong></span> <span class='ocrx_word' id='word_1_539' title='bbox 2737 2635 3109 2696; x_wconf 85' lang='lat' dir='ltr'><strong>evadentibus.</strong></span> <span class='ocrx_word' id='word_1_540' title='bbox 3133 2635 3454 2705; x_wconf 89' lang='lat' dir='ltr'><strong>puniuntur,</strong></span> 
     </span>
    </p>
   </div>
   <div class='ocr_carea' id='block_1_73' title="bbox 1876 2725 3459 2801">
    <p class='ocr_par' dir='ltr' id='par_1_73' title="bbox 1876 2725 3459 2801">
     <span class='ocr_line' id='line_1_73' title="bbox 1876 2725 3459 2801; baseline -0.002 -18"><span class='ocrx_word' id='word_1_541' title='bbox 1876 2731 2000 2801; x_wconf 89' lang='lat' dir='ltr'><strong>quia</strong></span> <span class='ocrx_word' id='word_1_542' title='bbox 2030 2730 2209 2800; x_wconf 81' lang='lat' dir='ltr'><strong>plures</strong></span> <span class='ocrx_word' id='word_1_543' title='bbox 2245 2729 2374 2798; x_wconf 75' lang='lat' dir='ltr'><strong>ipsa:</strong></span> <span class='ocrx_word' id='word_1_544' title='bbox 2404 2737 2548 2789; x_wconf 88' lang='lat' dir='ltr'><strong>sunt.</strong></span> <span class='ocrx_word' id='word_1_545' title='bbox 2580 2725 2850 2796; x_wconf 86' lang='lat' dir='ltr'><strong>principes</strong></span> <span class='ocrx_word' id='word_1_546' title='bbox 2878 2739 3006 2781; x_wconf 90' lang='lat' dir='ltr'><strong>vero</strong></span> <span class='ocrx_word' id='word_1_547' title='bbox 3041 2725 3459 2796; x_wconf 88' lang='lat' dir='ltr'><strong>pauciores,.vel</strong></span> 
     </span>
    </p>
   </div>
   <div class='ocr_carea' id='block_1_74' title="bbox 1876 2815 3464 2892">
    <p class='ocr_par' dir='ltr' id='par_1_74' title="bbox 1876 2815 3464 2892">
     <span class='ocr_line' id='line_1_74' title="bbox 1876 2815 3464 2892; baseline -0.001 -22"><span class='ocrx_word' id='word_1_548' title='bbox 1876 2821 2002 2892; x_wconf 73' lang='lat' dir='ltr'><strong>quia</strong></span> <span class='ocrx_word' id='word_1_549' title='bbox 2049 2823 2116 2875; x_wconf 89' lang='lat' dir='ltr'><strong>ab</strong></span> <span class='ocrx_word' id='word_1_550' title='bbox 2147 2820 2279 2890; x_wconf 91' lang='lat' dir='ltr'><strong>ipsis</strong></span> <span class='ocrx_word' id='word_1_551' title='bbox 2310 2829 2564 2887; x_wconf 91' lang='lat' dir='ltr'><strong>tanquam</strong></span> <span class='ocrx_word' id='word_1_552' title='bbox 2591 2832 2621 2870; x_wconf 90' lang='lat' dir='ltr'><strong>a</strong></span> <span class='ocrx_word' id='word_1_553' title='bbox 2651 2817 2765 2872; x_wconf 86' lang='lat' dir='ltr'><strong>suis</strong></span> <span class='ocrx_word' id='word_1_554' title='bbox 2811 2816 3085 2871; x_wconf 89' lang='lat' dir='ltr'><strong>radicibus</strong></span> <span class='ocrx_word' id='word_1_555' title='bbox 3114 2815 3464 2886; x_wconf 71' lang='lat' dir='ltr'><strong>praesumptio</strong></span> 
     </span>
    </p>
   </div>
   <div class='ocr_carea' id='block_1_75' title="bbox 1879 2907 3467 2984">
    <p class='ocr_par' dir='ltr' id='par_1_75' title="bbox 1879 2907 3467 2984">
     <span class='ocr_line' id='line_1_75' title="bbox 1879 2907 3467 2984; baseline -0.004 -15"><span class='ocrx_word' id='word_1_556' title='bbox 1879 2923 1933 2969; x_wconf 90' lang='lat' dir='ltr'><strong>ct</strong></span> <span class='ocrx_word' id='word_1_557' title='bbox 1971 2913 2216 2984; x_wconf 88' lang='lat' dir='ltr'><strong>nequitia</strong></span> <span class='ocrx_word' id='word_1_558' title='bbox 2259 2910 2564 2982; x_wconf 84' lang='lat' dir='ltr'><strong>principum</strong></span> <span class='ocrx_word' id='word_1_559' title='bbox 2613 2909 2853 2964; x_wconf 74' lang='lat' dir='ltr'><strong>maxime</strong></span> <span class='ocrx_word' id='word_1_560' title='bbox 2901 2908 3163 2978; x_wconf 90' lang='lat' dir='ltr'><strong>procedit.</strong></span> <span class='ocrx_word' id='word_1_561' title='bbox 3199 2907 3338 2962; x_wconf 88' lang='lat' dir='ltr'><strong>Hinc</strong></span> <span class='ocrx_word' id='word_1_562' title='bbox 3380 2918 3467 2962; x_wconf 87' lang='lat' dir='ltr'><strong>est</strong></span> 
     </span>
    </p>
   </div>
   <div class='ocr_carea' id='block_1_76' title="bbox 1877 3005 3463 3081">
    <p class='ocr_par' dir='ltr' id='par_1_76' title="bbox 1877 3005 3463 3081">
     <span class='ocr_line' id='line_1_76' title="bbox 1877 3005 3463 3081; baseline -0.004 -17"><span class='ocrx_word' id='word_1_563' title='bbox 1877 3010 2020 3081; x_wconf 90' lang='lat' dir='ltr'><strong>quod</strong></span> <span class='ocrx_word' id='word_1_564' title='bbox 2048 3009 2259 3064; x_wconf 89' lang='lat' dir='ltr'><strong>Pharao</strong></span> <span class='ocrx_word' id='word_1_565' title='bbox 2285 3024 2406 3062; x_wconf 90' lang='lat' dir='ltr'><strong>cum</strong></span> <span class='ocrx_word' id='word_1_566' title='bbox 2434 3006 2580 3062; x_wconf 90' lang='lat' dir='ltr'><strong>omni</strong></span> <span class='ocrx_word' id='word_1_567' title='bbox 2627 3019 2726 3060; x_wconf 87' lang='lat' dir='ltr'><strong>suo</strong></span> <span class='ocrx_word' id='word_1_568' title='bbox 2756 3005 2950 3075; x_wconf 90' lang='lat' dir='ltr'><strong>populo</strong></span> <span class='ocrx_word' id='word_1_569' title='bbox 2979 3005 3206 3061; x_wconf 89' lang='lat' dir='ltr'><strong>interiit.</strong></span> <span class='ocrx_word' id='word_1_570' title='bbox 3237 3005 3463 3061; x_wconf 82' lang='lat' dir='ltr'><strong>Bethsa-</strong></span> 
     </span>
    </p>
   </div>
   <div class='ocr_carea' id='block_1_77' title="bbox 1878 3095 3466 3168">
    <p class='ocr_par' dir='ltr' id='par_1_77' title="bbox 1878 3095 3466 3168">
     <span class='ocr_line' id='line_1_77' title="bbox 1878 3095 3466 3168; baseline -0.003 -13"><span class='ocrx_word' id='word_1_571' title='bbox 1878 3100 2132 3155; x_wconf 81' lang='lat' dir='ltr'><strong>mitarum</strong></span> <span class='ocrx_word' id='word_1_572' title='bbox 2173 3111 2387 3168; x_wconf 67' lang='lat' dir='ltr'><strong>quoque</strong></span> <span class='ocrx_word' id='word_1_573' title='bbox 2433 3095 2778 3166; x_wconf 79' lang='lat' dir='ltr'><strong>septuaginta</strong></span> <span class='ocrx_word' id='word_1_574' title='bbox 2820 3095 2924 3150; x_wconf 83' lang='lat' dir='ltr'><strong>viri</strong></span> <span class='ocrx_word' id='word_1_575' title='bbox 2973 3103 3027 3151; x_wconf 88' lang='lat' dir='ltr'><strong>et</strong></span> <span class='ocrx_word' id='word_1_576' title='bbox 3071 3095 3466 3166; x_wconf 72' lang='lat' dir='ltr'><strong>quinquaginta</strong></span> 
     </span>
    </p>
   </div>
   <div class='ocr_carea' id='block_1_78' title="bbox 1881 3185 3468 3260">
    <p class='ocr_par' dir='ltr' id='par_1_78' title="bbox 1881 3185 3468 3260">
     <span class='ocr_line' id='line_1_78' title="bbox 1881 3185 3468 3260; baseline -0.001 -15"><span class='ocrx_word' id='word_1_577' title='bbox 1881 3190 2074 3260; x_wconf 89' lang='lat' dir='ltr'><strong>plebis,</strong></span> <span class='ocrx_word' id='word_1_578' title='bbox 2100 3188 2242 3259; x_wconf 88' lang='lat' dir='ltr'><strong>quod</strong></span> <span class='ocrx_word' id='word_1_579' title='bbox 2273 3201 2457 3242; x_wconf 74' lang='lat' dir='ltr'><strong>arcam</strong></span> <span class='ocrx_word' id='word_1_580' title='bbox 2485 3185 2697 3240; x_wconf 90' lang='lat' dir='ltr'><strong>Domini</strong></span> <span class='ocrx_word' id='word_1_581' title='bbox 2723 3185 2981 3250; x_wconf 91' lang='lat' dir='ltr'><strong>viderint,</strong></span> <span class='ocrx_word' id='word_1_582' title='bbox 3014 3186 3264 3256; x_wconf 89' lang='lat' dir='ltr'><strong>quodque</strong></span> <span class='ocrx_word' id='word_1_583' title='bbox 3295 3187 3468 3244; x_wconf 88' lang='lat' dir='ltr'><strong>David</strong></span> 
     </span>
    </p>
   </div>
   <div class='ocr_carea' id='block_1_79' title="bbox 1879 3276 3457 3355">
    <p class='ocr_par' dir='ltr' id='par_1_79' title="bbox 1879 3276 3457 3355">
     <span class='ocr_line' id='line_1_79' title="bbox 1879 3276 3457 3355; baseline 0.001 -19"><span class='ocrx_word' id='word_1_584' title='bbox 1879 3284 1971 3355; x_wconf 80' lang='lat' dir='ltr'><strong>qui</strong></span> <span class='ocrx_word' id='word_1_585' title='bbox 2001 3283 2348 3338; x_wconf 86' lang='lat' dir='ltr'><strong>dinumerare</strong></span> <span class='ocrx_word' id='word_1_586' title='bbox 2368 3280 2624 3352; x_wconf 88' lang='lat' dir='ltr'><strong>pepulum</strong></span> <span class='ocrx_word' id='word_1_587' title='bbox 2651 3276 2896 3346; x_wconf 78' lang='lat' dir='ltr'><strong>iusserat</strong></span> <span class='ocrx_word' id='word_1_588' title='bbox 2921 3279 3204 3346; x_wconf 90' lang='lat' dir='ltr'><strong>evadente,</strong></span> <span class='ocrx_word' id='word_1_589' title='bbox 3237 3291 3457 3352; x_wconf 61' lang='lat' dir='ltr'><strong>septuao</strong></span> 
     </span>
    </p>
   </div>
   <div class='ocr_carea' id='block_1_80' title="bbox 1881 3372 3463 3447">
    <p class='ocr_par' dir='ltr' id='par_1_80' title="bbox 1881 3372 3463 3447">
     <span class='ocr_line' id='line_1_80' title="bbox 1881 3372 3463 3447; baseline 0 -18"><span class='ocrx_word' id='word_1_590' title='bbox 1881 3377 2031 3447; x_wconf 82' lang='lat' dir='ltr'><strong>ginta</strong></span> <span class='ocrx_word' id='word_1_591' title='bbox 2059 3373 2224 3430; x_wconf 90' lang='lat' dir='ltr'><strong>millia</strong></span> <span class='ocrx_word' id='word_1_592' title='bbox 2252 3372 2529 3428; x_wconf 89' lang='lat' dir='ltr'><strong>hominum</strong></span> <span class='ocrx_word' id='word_1_593' title='bbox 2560 3373 2628 3429; x_wconf 87' lang='lat' dir='ltr'><strong>ab</strong></span> <span class='ocrx_word' id='word_1_594' title='bbox 2654 3372 2846 3444; x_wconf 87' lang='lat' dir='ltr'><strong>angelo</strong></span> <span class='ocrx_word' id='word_1_595' title='bbox 2894 3372 3069 3428; x_wconf 90' lang='lat' dir='ltr'><strong>tribus</strong></span> <span class='ocrx_word' id='word_1_596' title='bbox 3107 3373 3298 3430; x_wconf 89' lang='lat' dir='ltr'><strong>diebus</strong></span> <span class='ocrx_word' id='word_1_597' title='bbox 3327 3391 3463 3431; x_wconf 73' lang='lat' dir='ltr'><strong>ctesa</strong></span> 
     </span>
    </p>
   </div>
   <div class='ocr_carea' id='block_1_81' title="bbox 1881 3464 3468 3538">
    <p class='ocr_par' dir='ltr' id='par_1_81' title="bbox 1881 3464 3468 3538">
     <span class='ocr_line' id='line_1_81' title="bbox 1881 3464 3468 3538; baseline -0.001 -14"><span class='ocrx_word' id='word_1_598' title='bbox 1881 3478 2027 3524; x_wconf 91' lang='lat' dir='ltr'><strong>sunt.</strong></span> <span class='ocrx_word' id='word_1_599' title='bbox 2054 3468 2119 3522; x_wconf 88' lang='lat' dir='ltr'><strong>Et</strong></span> <span class='ocrx_word' id='word_1_600' title='bbox 2147 3467 2444 3521; x_wconf 86' lang='lat' dir='ltr'><strong>notandum</strong></span> <span class='ocrx_word' id='word_1_601' title='bbox 2475 3464 2618 3535; x_wconf 90' lang='lat' dir='ltr'><strong>quod</strong></span> <span class='ocrx_word' id='word_1_602' title='bbox 2667 3464 2721 3520; x_wconf 92' lang='lat' dir='ltr'><strong>in</strong></span> <span class='ocrx_word' id='word_1_603' title='bbox 2775 3479 2937 3520; x_wconf 89' lang='lat' dir='ltr'><strong>causa</strong></span> <span class='ocrx_word' id='word_1_604' title='bbox 2967 3465 3149 3521; x_wconf 91' lang='lat' dir='ltr'><strong>divina</strong></span> <span class='ocrx_word' id='word_1_605' title='bbox 3178 3467 3468 3538; x_wconf 86' lang='lat' dir='ltr'><strong>specialius</strong></span> 
     </span>
    </p>
   </div>
   <div class='ocr_carea' id='block_1_82' title="bbox 1879 3554 3465 3626">
    <p class='ocr_par' dir='ltr' id='par_1_82' title="bbox 1879 3554 3465 3626">
     <span class='ocr_line' id='line_1_82' title="bbox 1879 3554 3465 3626; baseline -0.001 -14"><span class='ocrx_word' id='word_1_606' title='bbox 1879 3557 2199 3614; x_wconf 79' lang='lat' dir='ltr'><strong>offendendo</strong></span> <span class='ocrx_word' id='word_1_607' title='bbox 2252 3554 2529 3626; x_wconf 88' lang='lat' dir='ltr'><strong>principes</strong></span> <span class='ocrx_word' id='word_1_608' title='bbox 2571 3568 2693 3610; x_wconf 92' lang='lat' dir='ltr'><strong>cum</strong></span> <span class='ocrx_word' id='word_1_609' title='bbox 2755 3554 2950 3626; x_wconf 92' lang='lat' dir='ltr'><strong>popqu</strong></span> <span class='ocrx_word' id='word_1_610' title='bbox 2990 3569 3089 3610; x_wconf 88' lang='lat' dir='ltr'><strong>suo</strong></span> <span class='ocrx_word' id='word_1_611' title='bbox 3133 3557 3465 3622; x_wconf 89' lang='lat' dir='ltr'><strong>interierint,</strong></span> 
     </span>
    </p>
   </div>
   <div class='ocr_carea' id='block_1_83' title="bbox 1882 3643 3468 3718">
    <p class='ocr_par' dir='ltr' id='par_1_83' title="bbox 1882 3643 3468 3718">
     <span class='ocr_line' id='line_1_83' title="bbox 1882 3643 3468 3718; baseline -0.002 -14"><span class='ocrx_word' id='word_1_612' title='bbox 1882 3650 1935 3704; x_wconf 94' lang='lat' dir='ltr'><strong>in</strong></span> <span class='ocrx_word' id='word_1_613' title='bbox 1965 3651 2200 3704; x_wconf 90' lang='lat' dir='ltr'><strong>humana</strong></span> <span class='ocrx_word' id='word_1_614' title='bbox 2229 3654 2411 3702; x_wconf 90' lang='lat' dir='ltr'><strong>autem</strong></span> <span class='ocrx_word' id='word_1_615' title='bbox 2434 3643 2796 3717; x_wconf 89' lang='lat' dir='ltr'><strong>delinquendo</strong></span> <span class='ocrx_word' id='word_1_616' title='bbox 2817 3646 3090 3718; x_wconf 89' lang='lat' dir='ltr'><strong>principes</strong></span> <span class='ocrx_word' id='word_1_617' title='bbox 3104 3647 3302 3718; x_wconf 91' lang='lat' dir='ltr'><strong>popqu</strong></span> <span class='ocrx_word' id='word_1_618' title='bbox 3326 3663 3468 3704; x_wconf 61' lang='lat' dir='ltr'><strong>caeso</strong></span> 
     </span>
    </p>
   </div>
   <div class='ocr_carea' id='block_1_84' title="bbox 1882 3739 2177 3794">
    <p class='ocr_par' dir='ltr' id='par_1_84' title="bbox 1882 3739 2177 3794">
     <span class='ocr_line' id='line_1_84' title="bbox 1882 3739 2177 3794; baseline -0.017 0"><span class='ocrx_word' id='word_1_619' title='bbox 1882 3739 2177 3794; x_wconf 85' lang='lat' dir='ltr'><strong>evaserint.</strong></span> 
     </span>
    </p>
   </div>
   <div class='ocr_carea' id='block_1_85' title="bbox 2456 3826 2876 3885">
    <p class='ocr_par' dir='ltr' id='par_1_85' title="bbox 2456 3826 2876 3885">
     <span class='ocr_line' id='line_1_85' title="bbox 2456 3826 2876 3885; baseline -0.005 0"><span class='ocrx_word' id='word_1_620' title='bbox 2456 3826 2684 3885; x_wconf 81' lang='lat' dir='ltr'><strong>CAPUT</strong></span> <span class='ocrx_word' id='word_1_621' title='bbox 2735 3827 2876 3885; x_wconf 79' lang='lat' dir='ltr'><strong>XVII</strong></span> 
     </span>
    </p>
   </div>
   <div class='ocr_carea' id='block_1_86' title="bbox 1885 3940 3466 4012">
    <p class='ocr_par' dir='ltr' id='par_1_86' title="bbox 1885 3940 3466 4012">
     <span class='ocr_line' id='line_1_86' title="bbox 1885 3940 3466 4012; baseline -0.001 -14"><span class='ocrx_word' id='word_1_622' title='bbox 1885 3945 1959 3998; x_wconf 78' lang='lat' dir='ltr'><strong>De</strong></span> <span class='ocrx_word' id='word_1_623' title='bbox 1989 3943 2186 3998; x_wconf 75' lang='lat' dir='ltr'><strong>meritis</strong></span> <span class='ocrx_word' id='word_1_624' title='bbox 2220 3940 2438 3995; x_wconf 74' lang='lat' dir='ltr'><strong>Israelis</strong></span> <span class='ocrx_word' id='word_1_625' title='bbox 2470 3951 2518 3995; x_wconf 81' lang='lat' dir='ltr'><strong>et</strong></span> <span class='ocrx_word' id='word_1_626' title='bbox 2563 3941 2720 4012; x_wconf 65' lang='lat' dir='ltr'><strong>Iuda:</strong></span> <span class='ocrx_word' id='word_1_627' title='bbox 2769 3941 2822 3994; x_wconf 79' lang='lat' dir='ltr'><strong>in</strong></span> <span class='ocrx_word' id='word_1_628' title='bbox 2854 3951 2974 4012; x_wconf 74' lang='lat' dir='ltr'><strong>typo</strong></span> <span class='ocrx_word' id='word_1_629' title='bbox 3021 3943 3384 3995; x_wconf 73' lang='lat' dir='ltr'><strong>lm&#39;reticorum</strong></span> <span class='ocrx_word' id='word_1_630' title='bbox 3419 3952 3466 3996; x_wconf 75' lang='grc' dir='ltr'><em>οι</em></span> 
     </span>
    </p>
   </div>
   <div class='ocr_carea' id='block_1_87' title="bbox 2477 4011 2875 4067">
    <p class='ocr_par' dir='ltr' id='par_1_87' title="bbox 2477 4011 2875 4067">
     <span class='ocr_line' id='line_1_87' title="bbox 2477 4011 2875 4067; baseline 0.008 -3"><span class='ocrx_word' id='word_1_631' title='bbox 2477 4011 2875 4067; x_wconf 77' lang='lat' dir='ltr'><strong>catholicorum.</strong></span> 
     </span>
    </p>
   </div>
   <div class='ocr_carea' id='block_1_88' title="bbox 1954 4100 3468 4175">
    <p class='ocr_par' dir='ltr' id='par_1_88' title="bbox 1954 4100 3468 4175">
     <span class='ocr_line' id='line_1_88' title="bbox 1954 4100 3468 4175; baseline -0.003 -15"><span class='ocrx_word' id='word_1_632' title='bbox 1954 4105 2061 4160; x_wconf 91' lang='lat' dir='ltr'><strong>Sed</strong></span> <span class='ocrx_word' id='word_1_633' title='bbox 2093 4103 2218 4174; x_wconf 86' lang='lat' dir='ltr'><strong>quia</strong></span> <span class='ocrx_word' id='word_1_634' title='bbox 2249 4101 2510 4170; x_wconf 80' lang='lat' dir='ltr'><strong>exemplis</strong></span> <span class='ocrx_word' id='word_1_635' title='bbox 2535 4100 2901 4156; x_wconf 88' lang='lat' dir='ltr'><strong>Israelitarum</strong></span> <span class='ocrx_word' id='word_1_636' title='bbox 2948 4103 3250 4172; x_wconf 81' lang='lat' dir='ltr'><strong>principum</strong></span> <span class='ocrx_word' id='word_1_637' title='bbox 3279 4113 3333 4160; x_wconf 91' lang='lat' dir='ltr'><strong>et</strong></span> <span class='ocrx_word' id='word_1_638' title='bbox 3358 4104 3468 4175; x_wconf 86' lang='lat' dir='ltr'><strong>ple-</strong></span> 
     </span>
    </p>
   </div>
   <div class='ocr_carea' id='block_1_89' title="bbox 1885 4192 3469 4269">
    <p class='ocr_par' dir='ltr' id='par_1_89' title="bbox 1885 4192 3469 4269">
     <span class='ocr_line' id='line_1_89' title="bbox 1885 4192 3469 4269; baseline 0.001 -17"><span class='ocrx_word' id='word_1_639' title='bbox 1885 4198 2034 4252; x_wconf 91' lang='lat' dir='ltr'><strong>bium</strong></span> <span class='ocrx_word' id='word_1_640' title='bbox 2067 4196 2422 4251; x_wconf 88' lang='lat' dir='ltr'><strong>deterrendos</strong></span> <span class='ocrx_word' id='word_1_641' title='bbox 2457 4192 2693 4248; x_wconf 85' lang='lat' dir='ltr'><strong>simulet</strong></span> <span class='ocrx_word' id='word_1_642' title='bbox 2727 4194 3035 4250; x_wconf 82' lang='lat' dir='ltr'><strong>invitandos</strong></span> <span class='ocrx_word' id='word_1_643' title='bbox 3062 4197 3230 4251; x_wconf 85' lang='lat' dir='ltr'><strong>nostri</strong></span> <span class='ocrx_word' id='word_1_644' title='bbox 3258 4206 3469 4269; x_wconf 84' lang='lat' dir='ltr'><strong>tempo-</strong></span> 
     </span>
    </p>
   </div>
   <div class='ocr_carea' id='block_1_90' title="bbox 1885 4287 3466 4362">
    <p class='ocr_par' dir='ltr' id='par_1_90' title="bbox 1885 4287 3466 4362">
     <span class='ocr_line' id='line_1_90' title="bbox 1885 4287 3466 4362; baseline -0.002 -15"><span class='ocrx_word' id='word_1_645' title='bbox 1885 4293 1962 4348; x_wconf 89' lang='lat' dir='ltr'><strong>ris</strong></span> <span class='ocrx_word' id='word_1_646' title='bbox 1983 4289 2275 4362; x_wconf 87' lang='lat' dir='ltr'><strong>principes,</strong></span> <span class='ocrx_word' id='word_1_647' title='bbox 2301 4296 2355 4342; x_wconf 92' lang='lat' dir='ltr'><strong>et</strong></span> <span class='ocrx_word' id='word_1_648' title='bbox 2385 4288 2611 4357; x_wconf 89' lang='lat' dir='ltr'><strong>populos</strong></span> <span class='ocrx_word' id='word_1_649' title='bbox 2639 4287 2820 4359; x_wconf 86' lang='lat' dir='ltr'><strong>aliqua</strong></span> <span class='ocrx_word' id='word_1_650' title='bbox 2842 4302 2905 4342; x_wconf 77' lang='lat' dir='ltr'><strong>cx</strong></span> <span class='ocrx_word' id='word_1_651' title='bbox 2937 4297 3093 4358; x_wconf 90' lang='lat' dir='ltr'><strong>parte</strong></span> <span class='ocrx_word' id='word_1_652' title='bbox 3135 4291 3466 4356; x_wconf 90' lang='lat' dir='ltr'><strong>curavimus,</strong></span> 
     </span>
    </p>
   </div>
   <div class='ocr_carea' id='block_1_91' title="bbox 1885 4380 3471 4456">
    <p class='ocr_par' dir='ltr' id='par_1_91' title="bbox 1885 4380 3471 4456">
     <span class='ocr_line' id='line_1_91' title="bbox 1885 4380 3471 4456; baseline -0.001 -17"><span class='ocrx_word' id='word_1_653' title='bbox 1885 4390 2154 4456; x_wconf 87' lang='lat' dir='ltr'><strong>superest,</strong></span> <span class='ocrx_word' id='word_1_654' title='bbox 2185 4390 2243 4436; x_wconf 92' lang='lat' dir='ltr'><strong>ut</strong></span> <span class='ocrx_word' id='word_1_655' title='bbox 2264 4381 2354 4452; x_wconf 90' lang='lat' dir='ltr'><strong>qui</strong></span> <span class='ocrx_word' id='word_1_656' title='bbox 2378 4381 2525 4451; x_wconf 91' lang='lat' dir='ltr'><strong>cupit</strong></span> <span class='ocrx_word' id='word_1_657' title='bbox 2547 4382 2775 4436; x_wconf 89' lang='lat' dir='ltr'><strong>duorum</strong></span> <span class='ocrx_word' id='word_1_658' title='bbox 2799 4381 2910 4451; x_wconf 89' lang='lat' dir='ltr'><strong>jam</strong></span> <span class='ocrx_word' id='word_1_659' title='bbox 2933 4380 3273 4452; x_wconf 89' lang='lat' dir='ltr'><strong>pepulerum,</strong></span> <span class='ocrx_word' id='word_1_660' title='bbox 3301 4382 3471 4438; x_wconf 67' lang='lat' dir='ltr'><strong>Israe-</strong></span> 
     </span>
    </p>
   </div>
   <div class='ocr_carea' id='block_1_92' title="bbox 195 4471 3470 4546">
    <p class='ocr_par' dir='ltr' id='par_1_92' title="bbox 195 4471 3470 4546">
     <span class='ocr_line' id='line_1_92' title="bbox 195 4471 3470 4546; baseline 0.001 -21"><span class='ocrx_word' id='word_1_661' title='bbox 195 4471 500 4525; x_wconf 69' lang='lat' dir='ltr'><strong>moriturus</strong></span> <span class='ocrx_word' id='word_1_662' title='bbox 531 4473 868 4540; x_wconf 87' lang='lat' dir='ltr'><strong>impetraret,</strong></span> <span class='ocrx_word' id='word_1_663' title='bbox 905 4487 1026 4526; x_wconf 89' lang='lat' dir='ltr'><strong>cum</strong></span> <span class='ocrx_word' id='word_1_664' title='bbox 1055 4471 1154 4525; x_wconf 84' lang='lat' dir='ltr'><strong>viri</strong></span> <span class='ocrx_word' id='word_1_665' title='bbox 1187 4472 1509 4541; x_wconf 87' lang='lat' dir='ltr'><strong>sanguinum</strong></span> <span class='ocrx_word' id='word_1_666' title='bbox 1533 4481 1588 4526; x_wconf 91' lang='lat' dir='ltr'><strong>et</strong></span> <span class='ocrx_word' id='word_1_667' title='bbox 1611 4471 1777 4527; x_wconf 86' lang='lat' dir='ltr'><strong>dolosi</strong></span> <span class='ocrx_word' id='word_1_668' title='bbox 1811 4487 1858 4545; x_wconf 73' lang='grc' dir='ltr'><strong>ι)</strong></span> <span class='ocrx_word' id='word_1_669' title='bbox 1885 4477 1950 4532; x_wconf 74' lang='lat' dir='ltr'><strong>lis</strong></span> <span class='ocrx_word' id='word_1_670' title='bbox 1981 4476 2188 4533; x_wconf 86' lang='lat' dir='ltr'><strong>scilicet</strong></span> <span class='ocrx_word' id='word_1_671' title='bbox 2210 4483 2371 4545; x_wconf 87' lang='lat' dir='ltr'><strong>atque</strong></span> <span class='ocrx_word' id='word_1_672' title='bbox 2385 4473 2556 4541; x_wconf 74' lang='lat' dir='ltr'><strong>Iudm,</strong></span> <span class='ocrx_word' id='word_1_673' title='bbox 2585 4475 2905 4544; x_wconf 81' lang='lat' dir='ltr'><strong>dignoscere</strong></span> <span class='ocrx_word' id='word_1_674' title='bbox 2927 4475 3112 4545; x_wconf 89' lang='lat' dir='ltr'><strong>quanti</strong></span> <span class='ocrx_word' id='word_1_675' title='bbox 3138 4477 3279 4546; x_wconf 88' lang='lat' dir='ltr'><strong>apud</strong></span> <span class='ocrx_word' id='word_1_676' title='bbox 3304 4477 3470 4532; x_wconf 89' lang='lat' dir='ltr'><strong>Deum</strong></span> 
     </span>
    </p>
   </div>
   <div class='ocr_carea' id='block_1_93' title="bbox 201 4557 1783 4632">
    <p class='ocr_par' dir='ltr' id='par_1_93' title="bbox 201 4557 1783 4632">
     <span class='ocr_line' id='line_1_93' title="bbox 201 4557 1783 4632; baseline 0.003 -20"><span class='ocrx_word' id='word_1_677' title='bbox 201 4561 318 4615; x_wconf 89' lang='lat' dir='ltr'><strong>dies</strong></span> <span class='ocrx_word' id='word_1_678' title='bbox 367 4575 491 4615; x_wconf 87' lang='lat' dir='ltr'><strong>suos</strong></span> <span class='ocrx_word' id='word_1_679' title='bbox 533 4576 639 4614; x_wconf 88' lang='lat' dir='ltr'><strong>non</strong></span> <span class='ocrx_word' id='word_1_680' title='bbox 684 4561 966 4616; x_wconf 88' lang='lat' dir='ltr'><strong>dimidient</strong></span> <span class='ocrx_word' id='word_1_681' title='bbox 993 4557 1162 4630; x_wconf 77' lang='lat' dir='ltr'><strong>(I’sal.</strong></span> <span class='ocrx_word' id='word_1_682' title='bbox 1203 4578 1348 4627; x_wconf 74' lang='lat' dir='ltr'><strong>mur,</strong></span> <span class='ocrx_word' id='word_1_683' title='bbox 1380 4562 1494 4632; x_wconf 67' lang='grc'><strong>24).</strong></span> <span class='ocrx_word' id='word_1_684' title='bbox 1539 4561 1783 4632; x_wconf 89' lang='lat' dir='ltr'><strong>Denique</strong></span> 
     </span>
    </p>
   </div>
   <div class='ocr_carea' id='block_1_94' title="bbox 203 4651 1783 4720">
    <p class='ocr_par' dir='ltr' id='par_1_94' title="bbox 203 4651 1783 4720">
     <span class='ocr_line' id='line_1_94' title="bbox 203 4651 1783 4720; baseline 0 -15"><span class='ocrx_word' id='word_1_685' title='bbox 203 4651 370 4706; x_wconf 78' lang='lat' dir='ltr'><strong>David</strong></span> <span class='ocrx_word' id='word_1_686' title='bbox 402 4652 454 4706; x_wconf 88' lang='lat' dir='ltr'><strong>in</strong></span> <span class='ocrx_word' id='word_1_687' title='bbox 483 4667 577 4706; x_wconf 87' lang='lat' dir='ltr'><strong>sua</strong></span> <span class='ocrx_word' id='word_1_688' title='bbox 619 4651 816 4720; x_wconf 90' lang='lat' dir='ltr'><strong>pietate</strong></span> <span class='ocrx_word' id='word_1_689' title='bbox 847 4660 900 4704; x_wconf 91' lang='lat' dir='ltr'><strong>et</strong></span> <span class='ocrx_word' id='word_1_690' title='bbox 939 4651 1147 4720; x_wconf 87' lang='lat' dir='ltr'><strong>justitia</strong></span> <span class='ocrx_word' id='word_1_691' title='bbox 1193 4651 1294 4706; x_wconf 89' lang='lat' dir='ltr'><strong>sibi</strong></span> <span class='ocrx_word' id='word_1_692' title='bbox 1345 4652 1402 4706; x_wconf 86' lang='lat' dir='ltr'><strong>in</strong></span> <span class='ocrx_word' id='word_1_693' title='bbox 1451 4651 1656 4706; x_wconf 90' lang='lat' dir='ltr'><strong>semine</strong></span> <span class='ocrx_word' id='word_1_694' title='bbox 1686 4666 1783 4705; x_wconf 90' lang='lat' dir='ltr'><strong>suo</strong></span> 
     </span>
    </p>
   </div>
   <div class='ocr_carea' id='block_1_95' title="bbox 201 4743 1785 4817">
    <p class='ocr_par' dir='ltr' id='par_1_95' title="bbox 201 4743 1785 4817">
     <span class='ocr_line' id='line_1_95' title="bbox 201 4743 1785 4817; baseline -0.004 -15"><span class='ocrx_word' id='word_1_695' title='bbox 201 4747 496 4817; x_wconf 80' lang='lat' dir='ltr'><strong>acquisivit</strong></span> <span class='ocrx_word' id='word_1_696' title='bbox 530 4747 714 4802; x_wconf 90' lang='lat' dir='ltr'><strong>sedem</strong></span> <span class='ocrx_word' id='word_1_697' title='bbox 763 4747 911 4814; x_wconf 79' lang='lat' dir='ltr'><strong>regni</strong></span> <span class='ocrx_word' id='word_1_698' title='bbox 958 4746 1011 4798; x_wconf 92' lang='lat' dir='ltr'><strong>in</strong></span> <span class='ocrx_word' id='word_1_699' title='bbox 1043 4745 1260 4799; x_wconf 66' lang='lat' dir='ltr'><strong>smcula.</strong></span> <span class='ocrx_word' id='word_1_700' title='bbox 1297 4744 1466 4798; x_wconf 85' lang='lat' dir='ltr'><strong>Porro</strong></span> <span class='ocrx_word' id='word_1_701' title='bbox 1493 4759 1593 4799; x_wconf 90' lang='lat' dir='ltr'><strong>nec</strong></span> <span class='ocrx_word' id='word_1_702' title='bbox 1634 4743 1785 4798; x_wconf 81' lang='lat' dir='ltr'><strong>Iere-</strong></span> 
     </span>
    </p>
   </div>
   <div class='ocr_carea' id='block_1_96' title="bbox 201 4837 1784 4906">
    <p class='ocr_par' dir='ltr' id='par_1_96' title="bbox 201 4837 1784 4906">
     <span class='ocr_line' id='line_1_96' title="bbox 201 4837 1784 4906; baseline -0.006 -10"><span class='ocrx_word' id='word_1_703' title='bbox 201 4842 365 4896; x_wconf 84' lang='lat' dir='ltr'><strong>beam</strong></span> <span class='ocrx_word' id='word_1_704' title='bbox 403 4856 504 4896; x_wconf 86' lang='lat' dir='ltr'><strong>nec</strong></span> <span class='ocrx_word' id='word_1_705' title='bbox 550 4853 924 4894; x_wconf 90' lang='lat' dir='ltr'><strong>successorum</strong></span> <span class='ocrx_word' id='word_1_706' title='bbox 967 4852 1188 4892; x_wconf 89' lang='lat' dir='ltr'><strong>suorum</strong></span> <span class='ocrx_word' id='word_1_707' title='bbox 1222 4837 1526 4906; x_wconf 90' lang='lat' dir='ltr'><strong>quisquam,</strong></span> <span class='ocrx_word' id='word_1_708' title='bbox 1560 4843 1784 4904; x_wconf 78' lang='lat' dir='ltr'><strong>excepto</strong></span> 
     </span>
    </p>
   </div>
   <div class='ocr_carea' id='block_1_97' title="bbox 200 4924 1782 4998">
    <p class='ocr_par' dir='ltr' id='par_1_97' title="bbox 200 4924 1782 4998">
     <span class='ocr_line' id='line_1_97' title="bbox 200 4924 1782 4998; baseline -0.004 -15"><span class='ocrx_word' id='word_1_709' title='bbox 200 4927 367 4995; x_wconf 90' lang='lat' dir='ltr'><strong>Iehu,</strong></span> <span class='ocrx_word' id='word_1_710' title='bbox 397 4927 464 4982; x_wconf 89' lang='lat' dir='ltr'><strong>ad</strong></span> <span class='ocrx_word' id='word_1_711' title='bbox 500 4929 721 4984; x_wconf 89' lang='lat' dir='ltr'><strong>tertiam</strong></span> <span class='ocrx_word' id='word_1_712' title='bbox 764 4929 1167 4998; x_wconf 87' lang='lat' dir='ltr'><strong>generationem</strong></span> <span class='ocrx_word' id='word_1_713' title='bbox 1201 4941 1300 4997; x_wconf 88' lang='lat' dir='ltr'><strong>pro</strong></span> <span class='ocrx_word' id='word_1_714' title='bbox 1349 4941 1444 4980; x_wconf 88' lang='lat' dir='ltr'><strong>sua</strong></span> <span class='ocrx_word' id='word_1_715' title='bbox 1488 4924 1782 4994; x_wconf 87' lang='lat' dir='ltr'><strong>impietate,</strong></span> 
     </span>
    </p>
   </div>
   <div class='ocr_carea' id='block_1_98' title="bbox 203 5017 1786 5090">
    <p class='ocr_par' dir='ltr' id='par_1_98' title="bbox 203 5017 1786 5090">
     <span class='ocr_line' id='line_1_98' title="bbox 203 5017 1786 5090; baseline -0.003 -16"><span class='ocrx_word' id='word_1_716' title='bbox 203 5021 577 5090; x_wconf 73' lang='lat' dir='ltr'><strong>injustitiaqpe</strong></span> <span class='ocrx_word' id='word_1_717' title='bbox 627 5019 917 5090; x_wconf 89' lang='lat' dir='ltr'><strong>pervenit,</strong></span> <span class='ocrx_word' id='word_1_718' title='bbox 987 5018 1118 5088; x_wconf 91' lang='lat' dir='ltr'><strong>quin</strong></span> <span class='ocrx_word' id='word_1_719' title='bbox 1180 5018 1358 5089; x_wconf 87' lang='lat' dir='ltr'><strong>potius</strong></span> <span class='ocrx_word' id='word_1_720' title='bbox 1427 5017 1673 5086; x_wconf 84' lang='lat' dir='ltr'><strong>mingens</strong></span> <span class='ocrx_word' id='word_1_721' title='bbox 1718 5017 1786 5071; x_wconf 91' lang='lat' dir='ltr'><strong>ad</strong></span> 
     </span>
    </p>
   </div>
   <div class='ocr_carea' id='block_1_99' title="bbox 201 5110 1784 5181">
    <p class='ocr_par' dir='ltr' id='par_1_99' title="bbox 201 5110 1784 5181">
     <span class='ocr_line' id='line_1_99' title="bbox 201 5110 1784 5181; baseline -0.001 -16"><span class='ocrx_word' id='word_1_722' title='bbox 201 5113 467 5181; x_wconf 90' lang='lat' dir='ltr'><strong>parietem</strong></span> <span class='ocrx_word' id='word_1_723' title='bbox 525 5128 631 5167; x_wconf 92' lang='lat' dir='ltr'><strong>non</strong></span> <span class='ocrx_word' id='word_1_724' title='bbox 696 5121 779 5166; x_wconf 90' lang='lat' dir='ltr'><strong>est</strong></span> <span class='ocrx_word' id='word_1_725' title='bbox 846 5112 1135 5167; x_wconf 90' lang='lat' dir='ltr'><strong>derelictus</strong></span> <span class='ocrx_word' id='word_1_726' title='bbox 1190 5123 1258 5164; x_wconf 82' lang='lat' dir='ltr'><strong>ex</strong></span> <span class='ocrx_word' id='word_1_727' title='bbox 1313 5110 1622 5180; x_wconf 82' lang='lat' dir='ltr'><strong>aliquomm</strong></span> <span class='ocrx_word' id='word_1_728' title='bbox 1683 5124 1784 5180; x_wconf 83' lang='lat' dir='ltr'><strong>po-</strong></span> 
     </span>
    </p>
   </div>
   <div class='ocr_carea' id='block_1_100' title="bbox 205 5203 368 5226">
    <p class='ocr_par' dir='ltr' id='par_1_100' title="bbox 205 5203 368 5226">
     <span class='ocr_line' id='line_1_100' title="bbox 205 5203 368 5226; baseline 0 0"><span class='ocrx_word' id='word_1_729' title='bbox 205 5203 368 5226; x_wconf 60' lang='grc' dir='ltr'><strong>...Α-Ι-</strong></span> 
     </span>
    </p>
   </div>
   <div class='ocr_carea' id='block_1_101' title="bbox 1886 4557 3470 4640">
    <p class='ocr_par' dir='ltr' id='par_1_101' title="bbox 1886 4557 3470 4640">
     <span class='ocr_line' id='line_1_101' title="bbox 1886 4557 3470 4640; baseline 0.001 -18"><span class='ocrx_word' id='word_1_730' title='bbox 1886 4567 2116 4639; x_wconf 86' lang='lat' dir='ltr'><strong>ejusque</strong></span> <span class='ocrx_word' id='word_1_731' title='bbox 2142 4557 2304 4624; x_wconf 81' lang='lat' dir='ltr'><strong>veros</strong></span> <span class='ocrx_word' id='word_1_732' title='bbox 2322 4567 2600 4624; x_wconf 86' lang='lat' dir='ltr'><strong>Israelitas</strong></span> <span class='ocrx_word' id='word_1_733' title='bbox 2631 4568 2897 4623; x_wconf 87' lang='lat' dir='ltr'><strong>habeatur</strong></span> <span class='ocrx_word' id='word_1_734' title='bbox 2921 4569 3097 4624; x_wconf 84' lang='lat' dir='ltr'><strong>oratio</strong></span> <span class='ocrx_word' id='word_1_735' title='bbox 3122 4575 3177 4623; x_wconf 88' lang='lat' dir='ltr'><strong>et</strong></span> <span class='ocrx_word' id='word_1_736' title='bbox 3203 4570 3470 4640; x_wconf 86' lang='lat' dir='ltr'><strong>operatio,</strong></span> 
     </span>
    </p>
   </div>
   <div class='ocr_carea' id='block_1_102' title="bbox 1889 4658 3468 4729">
    <p class='ocr_par' dir='ltr' id='par_1_102' title="bbox 1889 4658 3468 4729">
     <span class='ocr_line' id='line_1_102' title="bbox 1889 4658 3468 4729; baseline 0.001 -17"><span class='ocrx_word' id='word_1_737' title='bbox 1889 4659 2131 4714; x_wconf 83' lang='lat' dir='ltr'><strong>revolvat</strong></span> <span class='ocrx_word' id='word_1_738' title='bbox 2193 4661 2507 4729; x_wconf 88' lang='lat' dir='ltr'><strong>prephetas,</strong></span> <span class='ocrx_word' id='word_1_739' title='bbox 2561 4668 2616 4713; x_wconf 91' lang='lat' dir='ltr'><strong>et</strong></span> <span class='ocrx_word' id='word_1_740' title='bbox 2663 4659 2956 4729; x_wconf 85' lang='lat' dir='ltr'><strong>specialius</strong></span> <span class='ocrx_word' id='word_1_741' title='bbox 3007 4658 3111 4714; x_wconf 91' lang='lat' dir='ltr'><strong>Ose</strong></span> <span class='ocrx_word' id='word_1_742' title='bbox 3164 4667 3219 4714; x_wconf 90' lang='lat' dir='ltr'><strong>et</strong></span> <span class='ocrx_word' id='word_1_743' title='bbox 3269 4661 3468 4726; x_wconf 89' lang='lat' dir='ltr'><strong>Amos;</strong></span> 
     </span>
    </p>
   </div>
   <div class='ocr_carea' id='block_1_103' title="bbox 1888 4750 3468 4820">
    <p class='ocr_par' dir='ltr' id='par_1_103' title="bbox 1888 4750 3468 4820">
     <span class='ocr_line' id='line_1_103' title="bbox 1888 4750 3468 4820; baseline 0.001 -17"><span class='ocrx_word' id='word_1_744' title='bbox 1888 4762 2000 4804; x_wconf 89' lang='lat' dir='ltr'><strong>tum</strong></span> <span class='ocrx_word' id='word_1_745' title='bbox 2033 4751 2223 4805; x_wconf 84' lang='lat' dir='ltr'><strong>Abiam</strong></span> <span class='ocrx_word' id='word_1_746' title='bbox 2252 4766 2432 4820; x_wconf 91' lang='lat' dir='ltr'><strong>regem</strong></span> <span class='ocrx_word' id='word_1_747' title='bbox 2462 4750 2653 4805; x_wconf 88' lang='lat' dir='ltr'><strong>Iudam</strong></span> <span class='ocrx_word' id='word_1_748' title='bbox 2685 4751 2802 4806; x_wconf 88' lang='lat' dir='ltr'><strong>vice</strong></span> <span class='ocrx_word' id='word_1_749' title='bbox 2831 4761 2883 4806; x_wconf 89' lang='lat' dir='ltr'><strong>et</strong></span> <span class='ocrx_word' id='word_1_750' title='bbox 2906 4767 3040 4806; x_wconf 81' lang='lat' dir='ltr'><strong>voce</strong></span> <span class='ocrx_word' id='word_1_751' title='bbox 3078 4751 3468 4808; x_wconf 89' lang='lat' dir='ltr'><strong>catholicorum</strong></span> 
     </span>
    </p>
   </div>
   <div class='ocr_carea' id='block_1_104' title="bbox 1889 4839 3473 4909">
    <p class='ocr_par' dir='ltr' id='par_1_104' title="bbox 1889 4839 3473 4909">
     <span class='ocr_line' id='line_1_104' title="bbox 1889 4839 3473 4909; baseline -0.002 -13"><span class='ocrx_word' id='word_1_752' title='bbox 1889 4840 2147 4896; x_wconf 81' lang='lat' dir='ltr'><strong>adversus</strong></span> <span class='ocrx_word' id='word_1_753' title='bbox 2176 4839 2488 4903; x_wconf 86' lang='lat' dir='ltr'><strong>Ieroboam,</strong></span> <span class='ocrx_word' id='word_1_754' title='bbox 2520 4849 2576 4894; x_wconf 92' lang='lat' dir='ltr'><strong>et</strong></span> <span class='ocrx_word' id='word_1_755' title='bbox 2602 4856 2729 4895; x_wconf 86' lang='lat' dir='ltr'><strong>suos</strong></span> <span class='ocrx_word' id='word_1_756' title='bbox 2770 4841 2954 4909; x_wconf 92' lang='lat' dir='ltr'><strong>procul</strong></span> <span class='ocrx_word' id='word_1_757' title='bbox 2995 4839 3160 4895; x_wconf 89' lang='lat' dir='ltr'><strong>dubio</strong></span> <span class='ocrx_word' id='word_1_758' title='bbox 3184 4841 3473 4896; x_wconf 76' lang='lat' dir='ltr'><strong>haereticos</strong></span> 
     </span>
    </p>
   </div>
   <div class='ocr_carea' id='block_1_105' title="bbox 1888 4926 3476 5000">
    <p class='ocr_par' dir='ltr' id='par_1_105' title="bbox 1888 4926 3476 5000">
     <span class='ocr_line' id='line_1_105' title="bbox 1888 4926 3476 5000; baseline 0.001 -18"><span class='ocrx_word' id='word_1_759' title='bbox 1888 4929 2313 5000; x_wconf 88' lang='lat' dir='ltr'><strong>proclaruantem</strong></span> <span class='ocrx_word' id='word_1_760' title='bbox 2347 4926 2515 4981; x_wconf 89' lang='lat' dir='ltr'><strong>talia:</strong></span> <span class='ocrx_word' id='word_1_761' title='bbox 2547 4946 2565 4980; x_wconf 84' lang='grc'>‹</span> <span class='ocrx_word' id='word_1_762' title='bbox 2621 4929 2788 4995; x_wconf 83' lang='lat' dir='ltr'><strong>Audi,</strong></span> <span class='ocrx_word' id='word_1_763' title='bbox 2837 4929 3130 4986; x_wconf 84' lang='lat' dir='ltr'><strong>Jeroboam</strong></span> <span class='ocrx_word' id='word_1_764' title='bbox 3189 4942 3244 4985; x_wconf 84' lang='lat' dir='ltr'><strong>et</strong></span> <span class='ocrx_word' id='word_1_765' title='bbox 3294 4929 3476 4984; x_wconf 86' lang='lat' dir='ltr'><strong>omnis</strong></span> 
     </span>
    </p>
   </div>
   <div class='ocr_carea' id='block_1_106' title="bbox 1889 5017 3475 5092">
    <p class='ocr_par' dir='ltr' id='par_1_106' title="bbox 1889 5017 3475 5092">
     <span class='ocr_line' id='line_1_106' title="bbox 1889 5017 3475 5092; baseline 0.001 -20"><span class='ocrx_word' id='word_1_766' title='bbox 1889 5017 2076 5085; x_wconf 90' lang='lat' dir='ltr'><strong>Israel,</strong></span> <span class='ocrx_word' id='word_1_767' title='bbox 2127 5032 2255 5072; x_wconf 91' lang='lat' dir='ltr'><strong>num</strong></span> <span class='ocrx_word' id='word_1_768' title='bbox 2307 5017 2569 5086; x_wconf 89' lang='lat' dir='ltr'><strong>ignoratis</strong></span> <span class='ocrx_word' id='word_1_769' title='bbox 2619 5020 2763 5090; x_wconf 89' lang='lat' dir='ltr'><strong>quod</strong></span> <span class='ocrx_word' id='word_1_770' title='bbox 2815 5019 3076 5092; x_wconf 84' lang='lat' dir='ltr'><strong>Dominus</strong></span> <span class='ocrx_word' id='word_1_771' title='bbox 3125 5019 3284 5076; x_wconf 80' lang='lat' dir='ltr'><strong>Iesus</strong></span> <span class='ocrx_word' id='word_1_772' title='bbox 3329 5019 3475 5073; x_wconf 88' lang='lat' dir='ltr'><strong>Deus</strong></span> 
     </span>
    </p>
   </div>
   <div class='ocr_carea' id='block_1_107' title="bbox 1888 5107 3479 5182">
    <p class='ocr_par' dir='ltr' id='par_1_107' title="bbox 1888 5107 3479 5182">
     <span class='ocr_line' id='line_1_107' title="bbox 1888 5107 3479 5182; baseline 0.001 -19"><span class='ocrx_word' id='word_1_773' title='bbox 1888 5107 2050 5164; x_wconf 90' lang='lat' dir='ltr'><strong>Israel</strong></span> <span class='ocrx_word' id='word_1_774' title='bbox 2074 5107 2282 5164; x_wconf 90' lang='lat' dir='ltr'><strong>dederit</strong></span> <span class='ocrx_word' id='word_1_775' title='bbox 2307 5121 2527 5175; x_wconf 90' lang='lat' dir='ltr'><strong>regnum</strong></span> <span class='ocrx_word' id='word_1_776' title='bbox 2544 5107 2713 5165; x_wconf 87' lang='lat' dir='ltr'><strong>David</strong></span> <span class='ocrx_word' id='word_1_777' title='bbox 2742 5125 2906 5182; x_wconf 89' lang='lat' dir='ltr'><strong>super</strong></span> <span class='ocrx_word' id='word_1_778' title='bbox 2924 5110 3086 5165; x_wconf 89' lang='lat' dir='ltr'><strong>Israel</strong></span> <span class='ocrx_word' id='word_1_779' title='bbox 3106 5111 3160 5165; x_wconf 91' lang='lat' dir='ltr'><strong>in</strong></span> <span class='ocrx_word' id='word_1_780' title='bbox 3185 5111 3479 5182; x_wconf 86' lang='lat' dir='ltr'><strong>sempiter-</strong></span> 
     </span>
    </p>
   </div>
   <div class='ocr_carea' id='block_1_108' title="bbox 1889 5198 3454 5226">
    <p class='ocr_par' dir='ltr' id='par_1_108' title="bbox 1889 5198 3454 5226">
     <span class='ocr_line' id='line_1_108' title="bbox 1889 5198 3454 5226; baseline 0 0"><span class='ocrx_word' id='word_1_781' title='bbox 1889 5213 2016 5226; x_wconf 61' lang='lat' dir='ltr'><strong>-¢--m</strong></span> <span class='ocrx_word' id='word_1_782' title='bbox 2048 5201 2144 5226; x_wconf 56' lang='grc' dir='ltr'><strong>κκά</strong></span> <span class='ocrx_word' id='word_1_783' title='bbox 2187 5208 2232 5226; x_wconf 76' lang='grc' dir='ltr'><strong>ΑΙ</strong></span> <span class='ocrx_word' id='word_1_784' title='bbox 2263 5198 2383 5226; x_wconf 60' lang='lat' dir='ltr'><strong>Bllio</strong></span> <span class='ocrx_word' id='word_1_785' title='bbox 2413 5198 2524 5226; x_wconf 57' lang='lat' dir='ltr'><strong>n:-n.ﬁ</strong></span> <span class='ocrx_word' id='word_1_786' title='bbox 2552 5199 2602 5226; x_wconf 58' lang='grc' dir='ltr'><strong>τις</strong></span> <span class='ocrx_word' id='word_1_787' title='bbox 2627 5211 2838 5226; x_wconf 47' lang='lat' dir='ltr'><strong>‘AAI.--_.</strong></span> <span class='ocrx_word' id='word_1_788' title='bbox 2869 5200 3029 5226; x_wconf 55' lang='grc' dir='ltr'><strong>--Ιῖμο</strong></span> <span class='ocrx_word' id='word_1_789' title='bbox 3059 5201 3170 5226; x_wconf 71' lang='grc' dir='ltr'><strong>,ΙΙΙ</strong></span> <span class='ocrx_word' id='word_1_790' title='bbox 3196 5203 3298 5226; x_wconf 58' lang='grc' dir='ltr'><strong>Πη--</strong></span> <span class='ocrx_word' id='word_1_791' title='bbox 3356 5217 3454 5226; x_wconf 69' lang='grc' dir='ltr'><strong>-.-ιο</strong></span> 
     </span>
    </p>
   </div>
   <div class='ocr_carea' id='block_1_109' title="bbox 2503 5211 2766 5226">
    <p class='ocr_par' dir='ltr' id='par_1_109' title="bbox 2503 5211 2766 5226">
     <span class='ocr_line' id='line_1_109' title="bbox 2503 5211 2766 5226; baseline 0.004 -1"><span class='ocrx_word' id='word_1_792' title='bbox 2503 5213 2524 5225; x_wconf 53' lang='grc' dir='ltr'><strong>,ἢ</strong></span> <span class='ocrx_word' id='word_1_793' title='bbox 2553 5215 2602 5226; x_wconf 62' lang='lat' dir='ltr'><strong>an</strong></span> <span class='ocrx_word' id='word_1_794' title='bbox 2627 5211 2766 5226; x_wconf 56' lang='grc' dir='ltr'><strong>..Αρι-</strong></span> 
     </span>
    </p>
   </div>
  </div>
