4064 5394
543 195 679 253 Ηϐτ

1595 175 1963 245 nuntiauit
1988 184 2055 244 ‘s.
2086 169 2165 243 'n.
2199 178 2271 245 ἐ.
2309 172 2719 245 tza‘uoma’tits

3668 186 3817 243 "68

541 315 682 370 sicut
709 308 888 366 omnis
913 308 1144 379 populus
1171 316 1460 364 tonorum.
1489 305 1809 378 Quicunque
1835 293 2047 363 venerit
2068 313 2124 361 et
2149 312 2197 372 Α
2227 305 2527 367 maritanis.
2559 320 2789 377 quorum
2819 298 3049 361 duarum
3082 287 3273 377 religio
3316 284 3492 375 qualis
3518 302 3595 361 sit
3621 303 3817 360 Domi-

540 397 837 461 initiavcrit
866 417 1086 457 manum
1116 415 1267 455 suam
1293 399 1346 454 in
1380 407 1559 463 tauro,
1593 408 1646 453 et
1678 399 1729 453 in
1752 399 1951 463 bobus,
1976 405 2032 453 et
2061 396 2113 451 in

540 497 803 553 arietibus
848 502 1079 563 septem,
1127 491 1186 547 tlt
1228 492 1482 546 sacerdos
1510 506 1696 546 eorum
1736 491 1828 560 qui
1858 506 1959 544 non
1993 494 2119 544 sunt

452 616 455 619 λ
535 587 629 642 (lii.
661 584 856 639 Noster
885 592 1065 636 autem
1109 579 1368 634 Dominus
1388 578 1537 634 Deus
1581 588 1687 639 est,
1709 591 1869 648 quem
1897 594 2002 632 non
2027 588 2115 631 re-

533 677 849 748 linquimus,
869 673 1286 742 sacerdotesque
1325 670 1635 725 ministrant
1658 669 1884 724 Domino
1904 668 1972 723 de
1990 668 2118 725 ﬁliis

534 770 738 835 Aaron,
769 775 824 824 et
851 764 1055 821 Levitze
1097 771 1224 817 sunt
1272 762 1324 816 in
1377 762 1566 816 ordine
1614 776 1733 816 suo.
1790 759 2117 815 llolocausta

536 876 749 934 quoque
776 859 1012 918 oll‘crunt
1042 857 1269 912 Domino
1315 870 1414 924 per
1436 848 1439 855 λ
1459 854 1700 926 singulos
1744 852 1859 908 dies
1886 868 2043 907 mane
2063 859 2118 907 et

534 970 783 1026 vespere,
797 962 852 1008 et
872 951 1165 1023 thymiama
1179 948 1330 1018 juxta
1349 946 1482 1017 legis
1497 952 1766 1016 przcccpta
1785 942 2115 1012 confectum,

534 1057 588 1104 et
613 1054 986 1117 proponuntur
1012 1055 1179 1112 panes
1218 1039 1273 1093 in
1307 1052 1488 1093 mensa
1522 1036 1897 1099 mundissima,
1927 1045 2118 1105 estque

536 1139 676 1208 apud
708 1151 807 1191 uos
823 1133 1219 1190 candelabrum
1249 1142 1497 1192 aureum,
1541 1136 1598 1182 et
1631 1127 1847 1181 lucerna
1879 1123 2019 1195 ejus,
2057 1133 2118 1180 ut

536 1229 867 1284 accendatur
896 1225 964 1280 ad
1011 1237 1319 1292 vesperum.
1369 1219 1479 1275 Nos
1528 1220 1727 1291 quippe
1779 1219 2113 1274 custodimus

532 1318 800 1391 praecepta
850 1315 1065 1371 Domini
1114 1313 1207 1367 Dei
1259 1312 1452 1373 nostri.
1482 1326 1643 1380 quem
1671 1325 1767 1364 vos
1795 1307 2110 1380 reliquistis.

532 1413 676 1482 Ergo
704 1412 756 1465 in
785 1408 1028 1465 exercitu
1057 1414 1240 1460 nostro
1270 1406 1377 1459 dux
1412 1403 1555 1458 Deus
1584 1411 1687 1467 est,
1712 1411 1767 1457 et
1805 1403 2111 1456 sacerdotes

530 1503 645 1571 ejus
670 1501 760 1572 qui
784 1501 1039 1572 clangunt
1071 1496 1233 1562 tubis,
1265 1506 1319 1551 et
1345 1502 1602 1550 resonant
1628 1492 1814 1550 centra
1844 1510 1959 1548 vos.
1987 1492 2110 1548 Filii

527 1596 715 1658 lsracl,
771 1594 940 1650 nolite
969 1607 1210 1664 pugnare
1260 1598 1447 1645 contra
1500 1588 1785 1642 Dominum
1820 1586 1985 1642 Deum
2018 1601 2111 1657 pa-

2219 412 2322 453 nus
2348 397 2405 452 in
2420 396 2707 469 Evangelia
2733 397 3088 453 Samaritanae
3112 397 3372 463 ostendit,
3398 398 3626 453 dicens:
3650 413 3675 451 ι
3696 399 3815 453 Vos

2209 487 2463 542 ‘adoratis
2486 502 2645 558 quem
2679 488 2934 554 nescitis;
2962 503 3062 543 nos
3082 488 3370 542 adoramus
3394 500 3556 556 quem
3580 489 3813 551 scimus,

2209 579 2344 647 quia
2371 578 2514 634 salus
2540 594 2605 634 ex
2634 578 2835 636 Judaeis
2878 590 2962 635 est
3006 575 3189 650 (Joan.
3235 586 3311 643 tv,
3361 577 3476 650 ἓξ).
3508 597 3526 630 ι
3567 576 3728 633 lln:le
3758 590 3819 633 et

2220 669 2497 739 magistris
2524 685 2715 725 eorum
2761 670 3037 726 Saducaais
3076 670 3533 724 resurrectionem
3568 681 3824 725 morm“?-

2212 770 2338 817 'rum
2369 772 2637 818 evaetta‘re
2659 763 3045 833 quaerentibus,
3079 758 3158 817 ait
3191 779 3206 817 :
3245 780 3263 813 ι
3290 759 3530 822 Erratis,
3558 775 3820 819 nescien-

2220 860 2302 908 tes
2345 852 2676 924 Scripturas,
2732 867 2907 923 neque
2963 854 3221 909 virtutem
3264 853 3355 909 Dei
3395 853 3622 923 (Matth.
3670 870 3819 920 xm,

2216 942 2330 1014 29).
2364 960 2388 998 ι
2423 943 2572 1012 Quos
2604 956 2726 1001 cum
2771 944 3022 1015 exemplo
3065 944 3134 1000 de
3185 945 3485 1007 Abral‘am,
3540 946 3724 1009 Isaae,
3761 955 3817 1000 et

2216 1033 2386 1092 Jacoh
2411 1040 2690 1108 proposito
2711 1039 3068 1101 conlutasset,
3114 1036 3437 1109 subiunxit:
3477 1056 3498 1091 ι
3536 1038 3653 1097 Vos
3685 1056 3822 1114 ergo

2217 1130 2445 1185 multum
2501 1133 2701 1188 erratis
2753 1130 2951 1204 (Marc.
3002 1138 3105 1200 xtl,
3151 1131 3265 1201 27).
3317 1152 3338 1184 ι
3382 1131 3487 1199 Qui
3537 1143 3822 1205 quantum

2216 1221 2611 1287 aberraveriut,
2633 1222 3286 1294 quantumque‘l’haristei
3311 1226 3807 1292 praecucurrerunt,

2214 1309 2351 1366 liber
2401 1312 2633 1368 Actuum
2681 1314 3048 1384 apostolorum
3100 1315 3181 1369 sic
3226 1314 3441 1384 aperit:
3480 1333 3503 1367 ι
3542 1315 3809 1373 Salucari

2214 1402 2400 1457 dicunt
2446 1420 2551 1458 non
2593 1418 2715 1460 esse
2756 1406 3238 1472 resurrectionem,
3300 1421 3476 1476 neque
3528 1408 3819 1480 angelum,

2211 1504 2388 1564 neque
2407 1494 2686 1564 Spiritum;
2712 1495 2969 1551 Pharisaei
3002 1506 3185 1551 autem
3219 1508 3512 1569 utrumque
3538 1500 3820 1555 conﬁten-

2212 1592 2302 1639 tur
2334 1585 2477 1657 (Act.
2505 1598 2665 1651 xxut,
2691 1586 2769 1657 8).
2810 1604 2831 1640 ι
2859 1586 3013 1643 Unde
3036 1588 3107 1644 ab
3143 1588 3276 1659 ipsis
3320 1586 3569 1645 Sadueai
3607 1589 3819 1646 damo-

535 1695 676 1740 trum
703 1659 1182 1749 vestrorum,quia
1209 1694 1314 1733 non
1340 1677 1488 1733 vobis
1504 1675 1815 1745 expedita!
1841 1674 2109 1743 'I’nr.vm,
2142 1659 2187 1720 Β
2217 1677 2365 1731 nium
2394 1677 2598 1734 habere
2632 1678 3007 1750 perhibentur.
3049 1682 3054 1687 “

531 1778 639 1847 l2).
670 1776 807 1831 llinc
838 1774 882 1830 si
913 1774 1035 1845 quis
1069 1781 1254 1843 typum
1296 1768 1583 1825 sacerdotii
1639 1767 2023 1823 licerelicerum
2054 1766 2110 1852 in

527 1866 723 1938 popuio
750 1863 1069 1928 Israelitico,
1095 1878 1124 1915 a
1152 1859 1287 1915 Juda
1321 1869 1595 1929 separato,
1642 1859 1938 1928 prudenter
1982 1873 2133 1913 con-'

528 1957 753 2022 sideret,
778 1957 909 2028 quid
930 1956 1183 2027 dogmata
1203 1961 1256 2007 et
1280 1951 1650 2006 ordinationes
1667 1966 1854 2005 eorum
1877 1948 2111 2007 efﬁciant

526 2049 648 2105 lucc
677 2049 879 2105 clarius
903 2046 1181 2117 intelliget.

598 2160 691 2216 Sic
735 2160 879 2215 enim
933 2158 1058 2213 inde
1114 2156 1167 2210 in
1194 2165 1392 2226 quarto
1433 2153 1573 2209 libro
1612 2154 1818 2226 Regum
1852 2153 2053 2225 legitur
2091 2168 2106 2209 :

531 2271 550 2304 ι
588 2246 908 2307 Translatus
952 2258 1037 2304 est
1079 2245 1246 2303 Israel
1298 2247 1365 2301 de
1417 2254 1558 2301 terra
1611 2260 1707 2300 sua
1753 2246 1804 2300 in
1855 2246 2109 2317 Assyrios

529 2356 705 2411 usque
732 2342 785 2395 in
808 2340 954 2395 diem
985 2339 1144 2393 hanc.
1174 2335 1416 2391 Adduxit
1441 2344 1622 2391 autem
1646 2351 1741 2389 rex
1764 2336 2108 2408 Assyriorum

524 2433 592 2489 de
621 2431 897 2502 Babylone
922 2439 975 2484 et
1000 2430 1068 2485 de
1096 2429 1297 2494 Chuta,
1322 2439 1380 2481 et
1404 2427 1589 2492 Aliiat,
1638 2437 1690 2482 et
1723 2428 1790 2483 de
1814 2427 2031 2496 Emath,
2054 2438 2109 2485 et

525 2528 591 2579 de
621 2524 1030 2594 Serpharvaim,
1062 2531 1112 2577 et
1142 2521 1431 2578 collocavit
1463 2537 1557 2576 cos
1588 2521 1638 2576 in
1669 2521 1982 2578 civitatibus
2009 2522 2110 2579 Sa-

527 2606 711 2675 maria:
736 2633 835 2688 pro
864 2617 990 2673 ﬁliis
1016 2615 1199 2682 Israel,
1250 2616 1341 2685 qui
1388 2615 1743 2685 possederunt
1779 2608 2106 2682 Samariam,

498 2712 580 2762 'et
612 2709 996 2764 habitaverunt
1025 2708 1079 2763 in
1107 2692 1332 2762 urbibus
1371 2707 1511 2776 ejus.
1559 2706 1803 2775 Cumque
1831 2706 1906 2763 ibi
1958 2707 2109 2763 habi—

527 2812 643 2853 tare
670 2799 986 2868 cmpisscnt,
1037 2813 1144 2851 non
1172 2796 1434 2875 timebant
1467 2795 1773 2862 Dominum,
1800 2805 1855 2852 et
1883 2788 2131 2853 immisit

522 2902 602 2955 eis
632 2898 892 2954 Dominus
943 2896 1127 2951 leones
1172 2894 1264 2964 qui
1316 2893 1851 2950 interliciehauteos.
1881 2892 2108 2950 Nuntia-

2250 1866 2257 1877 ς
2784 1791 3014 1851 CAPUT
3054 1790 3240 1851 xvm.

2212 1900 2291 1959 De
2305 1903 2605 1974 diﬂ'erentia
2629 1906 3306 1978 sacerdotii'catltolicorum
3329 1918 3378 1964 et
3398 1909 3809 1978 hereticorum.

2250 2042 2255 2053 '
2504 2026 2515 2041 .7
2565 1988 2612 2030 et
2643 1977 2706 2030 de
2727 1978 2973 2047 primitiis
3000 1978 3445 2034 Simouiucorum.

2281 2062 2549 2122 Prtcterea
2576 2077 2838 2137 quantum
2875 2067 3263 2123 catholicorum
3309 2072 3652 2135 sacerdotes,
3688 2070 3817 2127 licet

2211 2157 2353 2214 male
2379 2157 2645 2224 viventes,
2677 2146 2929 2213 dill‘erant
2959 2159 3026 2214 ab
3053 2159 3345 2226 haereticis,
3378 2161 3503 2217 hinc
3529 2162 3821 2235 colligitur

2211 2247 2379 2319 quod;
2411 2235 3082 2322 imminenteBabylonica
3121 2251 3461 2322 captivitate,
3492 2269 3523 2306 a
3553 2257 3820 2312 sacerdo-

2212 2346 2355 2401 tibus
2384 2345 2482 2402 Dei
2507 2345 2808 2403 cultoribus
2833 2346 2972 2418 ignis
3009 2345 3198 2402 altaris
3226 2347 3280 2401 in
3322 2357 3487 2417 puteo
3518 2351 3819 2406 abscondi-

2213 2445 2300 2493 tus
2341 2444 2464 2506 post
2512 2450 2685 2492 annos
2728 2428 3140 2508 septuaginta‘a
3177 2435 3436 2492 Nehcmia
3489 2440 3659 2494 etiam
3708 2442 3817 2496 sub

2212 2541 2379 2597 aqua,
2405 2535 2460 2581 et
2504 2527 2559 2582 in
2590 2542 2731 2597 aqua
2779 2526 2980 2583 vixisse
3025 2542 3148 2601 cum
3191 2527 3371 2597 lignis,
3423 2531 3816 2600 sacriﬁcioque

2211 2616 2509 2688 supposito,
2556 2616 3001 2695 deprehenditur.
3056 2616 3153 2684 Qui
3200 2618 3357 2688 juxta
3411 2618 3592 2691 legem
3646 2620 3811 2677 altari

2210 2709 2495 2765 restitutus
2543 2708 3029 2775 bolocaustorum,
3076 2707 3388 2780 jugiterque
3438 2711 3589 2767 fetus
3640 2726 3818 2783 opera

2210 2802 2590 2874 religiosorum
2618 2802 2988 2867 saccrdomm,
3018 2818 3047 2857 a
3092 2802 3282 2858 diebus
3331 2802 3455 2876 Cyri
3492 2790 3647 2877 regis
3673 2806 3813 2862 Per-

2212 2910 2396 2950 sarum
2424 2911 2530 2950 non
2555 2893 2755 2951 defecit
2776 2911 2944 2965 usque
2963 2908 3186 2965 regnum
3203 2896 3483 2963 Antiochi,
3501 2898 3597 2968 qui
3616 2902 3813 2971 procul

522 3002 746 3061 tumque
798 2999 876 3044 est
929 2987 1038 3056 regi
1084 2985 1456 3056 Assyriorum,
1506 2995 1562 3039 et
1606 2986 1806 3049 dictum
1854 2984 2105 3043 :Gcntes
2133 3002 2179 3073 ε
2210 2985 2549 3056 dubiotypus
2572 2983 3214 3064 fuitAntichristi,cnjus
3236 2986 3512 3057 prophetae
3536 2989 3813 3045 habentur

523 3096 661 3150 quas
711 3076 1062 3143 transtulisti,
1094 3085 1150 3131 et
1197 3074 1441 3130 habitare
1491 3072 1664 3130 fecisti
1715 3076 1768 3131 in
1797 3075 2107 3143 civitatibus

524 3170 810 3235 Samarite,
858 3170 1107 3239 ignorant
1140 3165 1378 3236 legitima
1420 3166 1515 3222 Dei
1544 3176 1727 3234 terrzc,
1774 3178 1828 3223 et
1880 3169 2109 3225 immisit

522 3265 579 3318 iu
625 3264 707 3317 eis
756 3262 1015 3316 Dominus
1040 3259 1254 3323 leones;
1290 3267 1345 3314 et
1383 3274 1508 3338 cccc
1540 3260 1869 3315 interficiunt
1899 3276 2013 3326 eos,
2040 3275 2107 3318 eo

523 3356 664 3423 quod
695 3355 939 3422 ignorent
974 3353 1134 3411 ritum
1163 3351 1254 3404 Dei
1290 3360 1464 3405 terrze.
1498 3350 1762 3421 Prntcepit
1790 3350 2106 3406 .autetnrex

525 3445 898 3517 Assyriorum,
932 3441 1120 3497 dicens
1145 3462 1160 3496 ;
1187 3442 1376 3496 Ducite
1408 3440 1533 3495 illuc
1563 3457 1729 3496 unum
1761 3443 1825 3496 de
1855 3441 2107 3496 sacerdo-

528 3540 673 3592 tibus
722 3551 857 3605 quos
895 3534 1020 3590 inde
1057 3533 1302 3604 captivos
1363 3531 1685 3599 adduxistis,
1739 3541 1794 3587 ct
1837 3532 1999 3585 vadat
2052 3538 2109 3586 et

523 3630 732 3686 habitet
769 3643 891 3683 cum
941 3627 1040 3693 eis,
1068 3636 1123 3682 et
1148 3626 1345 3682 doceat
1388 3640 1483 3681 eos
1510 3625 1749 3697 legitima
1786 3625 1879 3680 Dei
1924 3632 2102 3679 term.

522 3722 692 3793 igitur
736 3736 860 3775 eum
885 3720 1123 3775 venisset
1170 3733 1311 3772 unus
1362 3717 1428 3772 de
1484 3718 1855 3774 stccr'btilms
1901 3716 1985 3773 his
2014 3716 2105 3787 qui

525 3814 723 3885 captivi
774 3812 920 3868 ducti
975 3810 1192 3866 fuerunt
1226 3809 1293 3864 do
1332 3808 1599 3875 Samaria,
1631 3807 1892 3863 habitavit
1919 3808 1973 3863 in
1999 3806 2125 3864 Be-'

526 3905 657 3971 thel,
687 3912 741 3958 et
769 3903 996 3958 docebat
1023 3916 1116 3956 eos
1145 3900 1423 3970 quomodo
1441 3898 1680 3954 colerent
1703 3897 2011 3954 Domimnu.
2039 3897 2107 3954 Et

525 4011 862 4067 unaquaeque
904 4010 1038 4065 gens
1091 3992 1354 4047 fabricata
1383 3999 1470 4046 est
1493 3990 1651 4045 deum
1686 4005 1865 4054 suum,
1905 4005 2102 4062 posue-

531 4101 766 4161 runtque
789 4088 951 4142 eosin
979 4083 1365 4140 laniscxcelsis
1402 4098 1523 4153 quae
1541 4081 2105 4151 feceranlSamaritte,

526 4201 660 4257 gens
684 4195 737 4238 ct
764 4197 895 4252 gens
925 4181 979 4235 in
1005 4178 1229 4232 urbibus
1259 4176 1372 4231 suis
1402 4176 1455 4230 in
1479 4175 1674 4245 quibus
1699 4174 1997 4255 habitabat.
2039 4177 2107 4232 Et

438 4262 439 4265 η
528 4277 878 4334 nihilominus
931 4271 1185 4327 colebant
1232 4268 1538 4323 Domimun.
1570 4266 1788 4322 Etcum
1819 4269 2104 4324 Dominum

2211 3075 2485 3144 htcrclici;
2531 3091 2761 3149 quorum
2816 3077 2959 3133 sicut
3010 3077 3193 3147 primi,
3235 3079 3313 3133 sic
3363 3087 3418 3133 et
3462 3081 3717 3148 maximi,
3752 3083 3813 3139 in

2209 3176 2441 3235 utroque
2468 3176 2796 3223 testamento
2822 3176 2949 3223 sunt
2970 3168 3285 3224 Simoniaci.
3316 3168 3470 3237 Quod
3495 3186 3608 3226 non
3630 3172 3808 3228 solum

2209 3271 2275 3314 ex
2330 3258 2451 3314 aliis
2498 3257 2829 3330 Scriptor-is,
2883 3260 2977 3316 sed
3030 3261 3197 3316 etiam
3246 3276 3310 3316 ex
3363 3261 3809 3321 Machabzeimum

2210 3351 2595 3421 comprobatur
2643 3351 2830 3421 gestis.
2886 3351 3167 3422 Siquidem
3235 3361 3392 3425 typus
3442 3355 3805 3420 Antichristi.

2207 3444 2511 3499 Antiochus
2581 3445 2947 3500 sacerdotium
2990 3443 3296 3501 Judmormn
3343 3445 3558 3515 Iasoni,
3616 3460 3811 3521 typum

2211 3534 2450 3592 Simonis
2501 3536 2639 3607 Magi
2686 3537 3024 3608 praeferenti,
3072 3538 3317 3595 vendidit
3365 3542 3602 3611 primus.
3650 3540 3809 3610 Quod

2209 3628 2288 3684 sic
2312 3628 2510 3684 ibidem
2544 3628 2779 3683 refertur
2809 3647 2821 3683 :
2862 3649 2878 3680 ι
2918 3628 3043 3684 l‘ost
3097 3629 3306 3700 Seleuci
3338 3630 3460 3685 vitae
3483 3644 3807 3699 excessum,

2209 3734 2332 3773 cum
2362 3718 2691 3789 suscepisset
2714 3732 2935 3790 regnum
2975 3719 3297 3787 Antiochus,
3328 3720 3416 3788 qui
3450 3721 3663 3777 Nobilis
3693 3740 3796 3795 ap—

2207 3811 2531 3882 pellabatur,
2582 3811 2854 3867 ambiebat
2896 3810 3059 3867 Jason
3107 3810 3278 3868 frater
3324 3810 3474 3869 θρίω
3520 3829 3805 3871 Summum

2210 3902 2595 3968 sacerdotium,
2621 3903 2770 3957 adito
2798 3916 2941 3974 rege,
2981 3904 3305 3971 promittens
3344 3903 3393 3958 ei
3440 3905 3563 3959 auri
3593 3906 3802 3961 talenta

2214 4001 2456 4050 trecenta
2498 3995 2812 4064 sexaginta,
2853 4000 2911 4049 et
2938 3978 3016 4048 cx
3076 3993 3374 4049 redditihns
3420 3994 3544 4048 aliis
3599 3997 3799 4051 talenta

2211 4088 2506 4159 octoginta.
2556 4086 2732 4159 Super
2779 4087 2897 4142 lucc
2948 4085 3300 4157 promittebat
3337 4093 3391 4141 et
3437 4084 3542 4139 alia
3576 4095 3800 4141 centum

2211 4180 2602 4250 quinquaginta
2657 4180 2701 4235 si
2751 4178 3011 4249 potestati
3056 4176 3172 4246 ejus
3218 4178 3616 4234 concederetur
3640 4192 3800 4250 gym-

2214 4274 2447 4339 nasium,
2472 4282 2523 4328 ct
2554 4274 2838 4343 cpiti-biant
2875 4273 2976 4328 sibi
3001 4269 3373 4335 cons‘itnerct,
3420 4280 3591 4326 ctcos
3621 4274 3715 4341 qui
3745 4273 3797 4326 in

526 4373 791 4434 colerent,
819 4368 924 4423 diis
955 4379 1173 4436 quoque
1194 4363 1307 4419 suis
1338 4360 1670 4427 serviebant,
1692 4361 1845 4431 juxta
1873 4380 2102 4421 eonsne-
2137 4369 2181 4428 ι)
2209 4362 2557 4436 Jerosolymis
2577 4372 2735 4419 erant
2760 4363 3129 4441 Antiochenos
3171 4361 3464 4425 scriberet;
3493 4362 3642 4429 quod
3674 4378 3797 4417 cum

530 4452 771 4531 tudinem
800 4459 1041 4531 gentium
1070 4446 1136 4508 de
1165 4453 1363 4523 quibus
1392 4450 1647 4506 translata
1678 4452 1892 4508 fuerant
1916 4454 2102 4511 Sama-

525 4530 684 4627 riam.
718 4550 901 4622 Usque
932 4548 986 4602 in
1016 4552 1338 4615 prtcsentem
1369 4542 1511 4597 diem
1568 4558 1775 4600 morem
1806 4556 2105 4617 sequuntur

526 4646 830 4716 autiqttum.
861 4638 976 4693 Non
1010 4638 1201 4690 timent
1250 4634 1559 4702 Dominum,
1604 4649 1776 4707 neque
1797 4638 2105 4695 cusmdium

523 4734 875 4795 cmremonias
902 4728 1016 4798 ejus
1046 4737 1101 4782 et
1120 4725 1341 4794 judicia,
1386 4734 1443 4781 et
1478 4724 1650 4796 legem
1686 4737 1741 4783 et
1790 4731 2101 4787 mandatum

527 4831 671 4907 quod
720 4827 1053 4898 praeceperat
1111 4818 1371 4873 Dominus
1429 4817 1554 4875 filiis
1607 4819 1772 4876 lsrael
1815 4820 2104 4878 :Fueruut

528 4925 694 4991 igitur
722 4926 910 4989 gentes
952 4914 1089 4974 istae,
1136 4912 1389 4967 timentes
1417 4913 1634 4982 quidem
1664 4912 1973 4985 Dominum,
2010 4917 2102 4972 sed

526 5009 875 5068 nihilominus
907 5014 960 5060 ct
991 5005 1148 5059 idolis
1198 5004 1310 5059 suis
1348 5003 1675 5072 servientes;
1730 5021 1854 5085 nam
1887 5006 1980 5061 ﬁlii
2013 5022 2117 5062 80‘,

528 5119 650 5160 rum
674 5109 731 5157 et
754 5105 996 5168 nepotes,
1025 5096 1164 5150 sicut
1191 5094 1434 5150 fecerunt
1464 5104 1643 5165 patres
1664 5095 1771 5162 sui,
1798 5096 1879 5169 ita
1898 5094 2105 5151 faciunt

527 5208 700 5266 usque
728 5193 781 5246 in
809 5201 1126 5260 praesentem
1169 5188 1311 5244 diem
1341 5186 1450 5257 (IV
1500 5186 1632 5258 Reg.
1675 5205 1806 5255 xvu,
1833 5189 2040 5267 254i).
2077 5207 2097 5242 υ

528 5288 659 5352 Quae
683 5281 867 5349 utique
892 5293 977 5333 res
999 5287 1147 5350 gesta
1176 5277 1479 5343 luereticos,
1508 5293 1735 5348 quorum
1791 5289 1948 5350 typus
1993 5286 2098 5343 est,

620 5374 760 5394 .'__.-..n
818 5369 981 5394 ".-....-.

1064 5368 1228 5394 ξιιιΑιιΛ
1314 5382 1413 5394 λιιι.
1461 5368 1648 5394 ἐιμιΑ-ιιι
1674 5385 1686 5394 ι
1743 5367 1920 5394 ΑΛΙΑ-ιι
2004 5381 2103 5394 ..ΑΛ

2213 4472 2303 4514 rex
2333 4458 2638 4524 annuisset,
2668 4466 2723 4512 et
2751 4456 3079 4514 obtinuisset
3106 4455 3488 4526 principatum,
3516 4455 3708 4510 stati.»
3731 4456 3795 4508 ad

2209 4550 2465 4620 gentilem
2520 4551 2683 4604 ritum
2739 4549 3074 4606 contribults
3116 4565 3243 4603 suos
3281 4545 3579 4602 transferre
3628 4543 3797 4619 arpi:

2210 4639 2297 4711 (ll
2328 4640 2502 4696 Much.
2534 4658 2608 4705 tv,
2635 4624 2803 4711 ιω).
2834 4661 2853 4694 ι
2888 4642 2952 4695 Et
2983 4652 3102 4713 post
3142 4655 3311 4710 jauca
3345 4657 3359 4694 :
3389 4657 3407 4691 ι
3445 4638 3582 4694 Erat
3611 4652 3792 4713 autem

2209 4731 2310 4786 hoc.
2340 4748 2445 4787 non
2478 4731 2714 4797 initium,
2738 4733 2830 4787 sel
2862 4716 3252 4809 incren‘eni‘um
3284 4730 3556 4802 quoddam
3578 4742 3633 4785 et
3658 4712 3791 4802 pro-

2210 4819 2385 4876 fectus
2406 4821 2625 4884 gentilis
2649 4832 2705 4877 et
2733 4822 3049 4895 alienigena:
3083 4820 3541 4915 conversationis,
3569 4833 3791 4903 propter

2209 4912 2360 4983 impii
2414 4922 2465 4968 et
2514 4930 2621 4969 non
2670 4916 2971 4970 sacerdotis
2996 4913 3212 4971 Iasonis
3241 4912 3508 4970 nefarium
3548 4928 3607 4969 et
3637 4916 3794 4970 inat-

2207 5004 2381 5059 ditu'm
2412 5005 2611 5069 scelus,
2643 5007 2715 5060 ita
2740 5016 2799 5060 ut
2820 5005 3260 5076 sacerdotisjim
3285 5023 3392 5062 non
3424 4990 3566 5062 circa
3600 5008 3788 5062 altaris

2205 5093 2381 5152 oﬂicia
2411 5095 2577 5152 dediti
2608 5108 2790 5157 essent
2813 5100 2955 5171 (Ibid
2986 5140 3003 5164 ,
3028 5100 3120 5167 l5,
3150 5102 3260 5173 lt).
3296 5120 3312 5150 ι
3348 5101 3582 5158 Videsne
3611 5099 3785 5158 Sim).

2207 5189 2361 5244 niaca
2395 5189 2589 5245 haeresi
2621 5190 2789 5245 etiam
2837 5190 3124 5247 Judaicum
3177 5190 3543 5257 sacerdotium
3589 5193 3668 5249 sic
3695 5193 3783 5248 ὼ-

2206 5288 2469 5335 structum
2499 5290 2558 5335 ut
2586 5297 2684 5353 pro
2711 5282 2940 5353 scelere.
2968 5282 3294 5351 venditionis
3318 5295 3373 5339 (ι
3398 5285 3689 5354 emptionis
3715 5285 3781 5337 ad

2207 5386 2476 5394 -..---...Α...
