4064 5394
165 204 303 288 suos

797 205 1173 263 ADVERSUS‘
1205 202 1615 262 SIMONIACOS
1651 203 1771 258 LIB.

1872 203 2070 260 TRES.
2105 233 2176 244 —
2213 203 2414 259 LIBER
2453 203 2770 262 TERTIUS.

3284 205 3422 262 H70

163 331 259 378 aut
316 318 450 375 velle
491 326 691 390 potest,
749 323 854 377 nisi
907 333 965 377 ut
1005 322 1337 378 contribules
1386 335 1514 376 suos
1565 320 1751 389 utique
1781 337 1825 389 Α
1857 319 2031 374 solum
2061 319 2188 389 quia
2220 321 2447 390 pecunia
2479 321 2844 378 sacerdotium
2890 321 3144 384 obtinuit,
3182 323 3274 378 sed
3300 327 3423 395 quia

162 412 506 469 Christianos
561 413 627 467 ad
677 414 934 484 gentilem
1002 415 1168 468 ritum
1224 413 1564 468 transferat:
1605 413 1748 482 quod

164 512 316 558 certe
360 500 628 556 nefarium
659 512 716 557 et
768 502 1071 558 inauditum
1121 501 1300 556 scelus
1350 516 1470 556 esse
1516 508 1747 554 constat.

169 597 321 654 Unde
343 596 484 650 idem
516 595 681 651 Jason
714 613 820 652 non
842 599 1122 662 sacerdos,
1145 598 1237 651 sed
1266 595 1463 666 impius
1485 597 1766 665 argnitur,.

164 701 274 757 quo
306 686 520 740 nomine
546 703 784 756 paganus
831 688 1046 758 pr0prie
1090 687 1414 740 ostenditur.
1467 683 1749 753 Simulque

165 778 450 832 considera
485 781 628 846 quod
665 779 764 833 hac
793 778 964 847 prima
987 777 1391 848 conspiratione
1419 775 1764 831 Simoniaco-

169 883 313 931 rutn,
363 867 616 921 Antiochi
664 868 895 926 scilicet.
923 867 1159 929 .lasonis,
1188 879 1350 936 atque
1382 865 1634 930 Menelai,
1662 867 1752 934 qui

166 961 235 1014 de
269 958 413 1013 tribu
457 959 736 1029 Benjatnin
785 971 966 1024 natus,
1027 962 1255 1032 pecunia
1302 959 1526 1030 prtefuto
1571 958 1758 1014 Iasoni

165 1066 442 1107 summum
473 1054 836 1109 sacerdotium
883 1065 1222 1121 extorserat,
1268 1056 1539 1122 octoginta
1589 1053 1756 1110 millia

164 1140 477 1197 Iudaeorum
510 1143 563 1196 in
589 1141 928 1199 Hierusalem
947 1161 1106 1210 οωεει,
1127 1146 1485 1217 quadraginta
1506 1146 1613 1202 duo
1636 1145 1758 1199 mil-

176 1238 245 1290 lia
275 1238 461 1290 vincta
490 1252 594 1292 non
622 1237 802 1292 minus
827 1238 1045 1294 fuerunt
1072 1239 1378 1296 venundata
1400 1237 1489 1309 (II
1509 1237 1753 1304 Mariam,

1854 415 2077 482 insuper
2099 428 2256 467 saera
2284 428 2437 477 vasa,
2464 424 2519 469 et
2557 414 2943 485 supellectilem
2969 416 3264 471 sanctuarii
3287 417 3422 474 fui-tt

1855 504 2189 572 exportavit;
2242 504 2387 574 quod
2435 504 2616 560 scelus
2667 503 3102 561 Simoniacorum
3145 509 3432 578 specialia!

1854 609 1974 648 esse
2005 609 2165 650 nemo
2193 595 2438 664 ambigit.
2484 594 2603 652 Non
2650 595 2824 651 solum
2876 598 3020 653 enim
3073 601 3432 656 sacerdotium

1855 692 2096 754 emptum
2129 683 2210 738 ire
2267 684 2682 755 aggrediuntur,
2733 688 2826 742 sed
2879 687 3139 758 quidquid
3192 689 3434 746 ecclesiis

1857 774 1952 828 Dei
1983 789 2270 845 superesse
2299 776 2480 846 potuit
2501 775 2786 848 diripiunt,
2808 789 2859 832 ot
2886 777 3155 834 furantur.
3180 779 3290 836 Nec
3309 795 3432 835 ven-

1858 865 2002 919 ditor
2047 880 2264 936 quoque
2311 868 2607 937 impunitus
2651 871 2852 932 evasit,
2905 871 2997 941 qui
3049 871 3335 925 insanabili
3383 881 3434 927 et

1858 958 2114 1012 invisibili
2168 960 2324 1029 plaga
2373 977 2681 1030 percussus,
2739 963 3014 1018 vermibus
3063 972 3436 1030 consumptus.

1857 1057 2022 1118 atque
2053 1047 2224 1104 fetore
2243 1051 2507 1106 exercitui
2538 1052 2652 1119 ejus
2678 1052 2892 1122 sibique
2919 1052 3243 1107 intolerabili
3269 1053 3436 1121 reple-

1861 1151 1968 1206 tus,
1996 1156 2222 1213 peregre
2255 1143 2548 1198 miserabili
2581 1144 2729 1199 obitu
2757 1155 2838 1200 est
2873 1145 3158 1200 defunctus
3186 1144 3239 1200 in
3287 1155 3436 1199 mou-

1862 1235 2025 1301 tibns,
2061 1243 2119 1289 nt
2147 1245 2274 1304 puta
2307 1244 2464 1307 typus
2517 1236 2634 1304 ejus
2678 1251 2840 1306 quem
2896 1237 2949 1291 in
3001 1245 3183 1290 monte
3231 1245 3420 1290 sancto

173 1326 286 1397 Μ).
321 1324 474 1381 Tunc
507 1343 724 1399 quoque
751 1329 1054 1388 Antiochus
1103 1330 1350 1386 Menelao
1389 1331 1613 1386 ductore
1641 1339 1760 1386 tan-
1853 1324 2005 1394 juxta
2033 1325 2269 1380 Daniclis
2293 1327 2657 1400 prophetiam,
2683 1328 2879 1398 spiritu
2906 1326 3021 1383 oris
3043 1327 3126 1382 sui
3155 1326 3436 1382 interficie'

166 1433 334 1488 quam
382 1419 753 1476 Antichristus
807 1422 1033 1476 ducibus
1088 1422 1447 1486 Simoniacis.
1503 1422 1756 1493 templum

162 1510 313 1577 quod
341 1523 466 1563 cum
497 1511 859 1566 sacramentis
900 1513 1014 1569 suis
1035 1513 1399 1582 portendebat
1437 1511 1756 1570 catholicam

173 1599 500 1666 Ecelesiam,
531 1608 586 1656 et
637 1613 982 1659 sacramenta
1035 1603 1156 1675 ejus
1196 1606 1496 1676 ingressus,
1551 1603 1775 1674 accepit.

1860 1415 2120 1474 Dominus
2141 1416 2317 1474 Jz-sus.

2446 1505 2673 1565 CAPUT
2712 1507 2856 1564 XIX.

1862 1618 2102 1693 Qualiter
2139 1621 2238 1693 ipsi
2274 1622 2569 1676 sacerdotes
2609 1613 2705 1676 sub
2745 1623 2853 1693 lege
2888 1625 3302 1678 communionem
3343 1626 3440 1676 im-

172 1692 382 1762 altare,
422 1709 646 1749 aureum
690 1697 1076 1753 cautelam-um
1133 1697 1374 1764 luminis,
1424 1708 1479 1754 ει
1507 1698 1759 1752 universa
1793 1696 1836 1753 Β
1933 1692 2142 1764 piorum
2189 1692 2488 1758 citaverint,
2531 1703 2578 1747 et
2617 1697 2682 1748 ab
2711 1692 3172 1750 eisroummiuata
3198 1697 3431 1764 puri/icu-

175 1797 308 1838 vasa
337 1783 478 1856 ejus,
521 1801 765 1840 mensam
824 1788 1234 1858 propositionis,
1283 1789 1550 1853 libatoria,
1586 1788 1764 1852 ﬁalas,

171 1877 492 1932 mortariola
532 1893 721 1944 aurea,
756 1879 953 1944 velum,
1003 1896 1274 1948 coronas,
1306 1891 1364 1937 et
1385 1890 1782 1938 ornamentum.

166 1986 396 2025 aureum
425 1970 568 2040 quod
604 1972 657 2025 in
702 1969 840 2028 facie
874 1972 1059 2042 templi
1106 1974 1398 2044 pendebat,
1432 1982 1488 2028 et
1538 1973 1767 2028 commi-

169 2061 294 2116 nuit
319 2063 526 2128 omnia,
548 2063 748 2132 jubens
774 2063 970 2118 deinde
1003 2064 1260 2134 templum
1297 2063 1683 2126 contaminari,
1712 2070 1768 2117 et

169 2156 546 2234 cognominari
574 2155 726 2211 lovis
773 2155 1009 2228 Olympii
1047 2158 1132 2230 (II
1164 2158 1342 2214 Maeli.
1372 2175 1446 2223 vi,
1472 2159 1550 2228 2).
1582 2159 1649 2213 Et
1672 2173 1766 2214 ac-

168 2249 320 2316 cepit
346 2258 635 2321 argentum
667 2260 726 2304 et
753 2265 972 2317 aurum,
1024 2259 1079 2308 et
1122 2266 1263 2306 vasa.
1299 2251 1780 2320 concupiscibilia,

167 2347 227 2389 et
262 2337 547 2394 thesauros
573 2339 818 2395 occultos
843 2357 980 2409 quos
1004 2342 1232 2405 invenit,
1265 2353 1319 2397 et
1344 2342 1574 2396 sublatis
1593 2342 1768 2395 omni-

174 2426 444 2481 l:us.abiit
472 2429 528 2482 in
562 2439 762 2482 terram
795 2445 972 2484 suam.
1000 2429 1131 2497 Qua:
1161 2431 1348 2501 utique
1376 2431 1587 2501 singula
1627 2430 1771 2485 illius

171 2520 364 2590 mnipli
415 2533 736 2576 ornamenta
794 2522 1215 2593 praefigurabaut
1269 2523 1524 2579 Ecclesia:
1583 2538 1768 2576 sacra-

171 2609 540 2680 menta,sicut
554 2612 982 2666 orthodoxorum
999 2621 1214 2680 patrum
1232 2611 1554 2682 multiplicia
1571 2620 1775 2666 testan-

178 2707 276 2751 tur
323 2702 550 2768 scripta.
608 2700 687 2754 Ex
722 2701 1336 2771 quibusornamentum
1386 2701 1516 2755 illud
1548 2714 1772 2755 aureum

173 2779 324 2858 qimd
354 2791 406 2844 in
443 2791 583 2846 facie
613 2793 797 2863 templi
828 2802 970 2857 erat,
1007 2791 1220 2848 titulum
1267 2792 1416 2860 tidei,
1466 2808 1572 2863 qua
1606 2793 1773 2847 Deum

181 2897 308 2938 esse
338 2885 742 2954 cognoscimus,
773 2893 828 2939 ct
859 2900 964 2956 qua
994 2885 1062 2940 ad
1103 2885 1270 2944 Deum
1300 2887 1555 2950 intratur,
1587 2896 1776 2958 aperte

178 2977 558 3047 signiﬁcabat.

1933 1762 2119 1814 t'eriul.

1937 1872 2080 1928 Ecce
2115 1879 2170 1927 si-
2200 1874 2278 1928 sic
2332 1875 2612 1943 perierunt
2663 1885 2788 1930 tunc
2836 1877 3344 1948 pseudOprophetze.
3392 1887 3449 1932 et

1865 1966 2264 2034 pseudochristi
2293 1966 2730 2022 Simoniacorum
2761 1969 2928 2022 etiam
2959 1967 3059 2023 sub
3095 1970 3283 2024 umbra
3318 1969 3450 2036 legis

1865 2055 2060 2127 Moysi,
2087 2064 2412 2125 putamusne
2426 2057 2659 2126 qualiter
2685 2069 2914 2128 pereunt
2936 2073 3081 2114 nunc
3103 2058 3202 2114 sub
3223 2060 3452 2115 veritate

1865 2146 2150 2218 Evangelii
2205 2145 2334 2201 Jesu
2395 2148 2645 2202 Christi?
2706 2147 2946 2215 Quorum
3013 2152 3452 2206 communionem

1869 2248 2070 2312 quanto
2108 2253 2330 2296 suorum
2365 2251 2659 2309 corporum
2696 2241 2973 2310 periculo,
3020 2241 3448 2312 facultatumquc

1871 2331 2171 2398 dispendio,
2199 2329 2525 2386 Mathathias
2553 2340 2608 2388 et
2637 2331 2732 2386 lilii
2762 2331 2878 2401 ejus
2909 2327 3150 2387 nonnulli
3183 2333 3271 2388 alii
3303 2335 3452 2389 devi-

1873 2431 2006 2486 tant,
2039 2422 2092 2476 in
2116 2421 2268 2477 libris
2293 2421 2726 2480 Machabmorum
2755 2439 3082 2496 cognoscere
3111 2439 3335 2494 possunt
3362 2427 3452 2495 qui

1875 2514 2162 2570 voluerint.
2187 2514 2466 2584 Siquidem
2492 2516 2655 2570 multa
2676 2517 2957 2572 hominum
2983 2519 3146 2576 millia
3171 2519 3454 2588 utriusque

1874 2619 2038 2658 sexus
2077 2620 2183 2659 non
2212 2614 2424 2660 tantum
2457 2607 2511 2661 in
2539 2608 2885 2676 civitatibus,
2922 2624 3109 2664 verum
3134 2619 3189 2663 et
3219 2609 3272 2664 in
3300 2626 3455 2664 mon-

1878 2697 2017 2752 tanis
2043 2705 2098 2752 et
2123 2697 2504 2755 solitudinibus
2523 2701 2758 2772 glorioso
2783 2710 2908 2756 tunc
2936 2702 3196 2774 martyrio
3219 2720 3317 2773 pro
3343 2703 3455 2772 lege

1880 2791 1971 2847 Dei
2001 2808 2164 2862 quam
2201 2793 2451 2850 zelabant
2477 2805 2733 2852 coronata
2765 2805 2910 2853 sunt.
2947 2797 3063 2864 Quo
3094 2797 3210 2852 zelo
3243 2797 3454 2850 Mallia-

1879 2881 2021 2936 thias
2059 2898 2274 2954 quoque
2312 2886 2568 2942 sacerdos
2605 2894 2658 2942 et
2690 2887 2784 2944 lilii
2828 2887 2944 2956 ejus
2982 2889 3250 2957 quinque,
3297 2887 3456 2942 relin-

1877 2982 2107 3042 quentes
2141 2991 2478 3046 qnzecunquc
2517 2977 2790 3034 habebant
2826 2979 2879 3034 in
2911 2980 3159 3044 civitate,
3201 2977 3458 3049 fugerunt

259 3068 392 3135 Quae
425 3069 697 3140 profecto,
724 3087 824 3142 per
853 3072 1140 3130 heretfcos
1161 3075 1228 3127 ab
1262 3073 1595 3126 Antichrile
1623 3087 1770 3127 com-
1801 3043 1843 3104 Ο
1879 3067 1929 3118 in
1957 3076 2170 3122 montes
2197 3076 2258 3123 et
2281 3077 2623 3125 secesserunt
2648 3069 2700 3125 in
2727 3071 3000 3126 desertum
3032 3070 3238 3136 locum;
3272 3071 3455 3141 ibique

180 3159 396 3215 n‘tinuta
438 3170 494 3216 et
538 3163 831 3232 captivata,
874 3164 924 3219 in
965 3165 1388 3221 comminutione
1429 3173 1485 3219 et
1532 3164 1773 3232 captiva-

182 3255 332 3307 tione
366 3254 514 3309 illius
559 3258 866 3312 ornamenti
915 3259 1066 3312 attrei
1120 3265 1606 3327 praemonstrator;
1663 3271 1770 3326 qua

180 3345 466 3413 captivata
490 3347 706 3417 repellit
734 3347 1001 3403 Dominus
1044 3347 1455 3404 tabernaculum
1495 3362 1653 3402 suum
1683 3348 1771 3402 ubi

182 3435 455 3491 habitavit
497 3438 550 3492 in
596 3440 936 3508 hominibus,
981 3443 1250 3514 traditque
1296 3443 1350 3498 in
1396 3443 1770 3514 captivitatem

185 3528 449 3586 virtutem
472 3546 683 3598 eorum,
717 3543 773 3589 et
803 3535 1256 3606 pulchritudinem
1279 3551 1469 3592 eorum
1502 3539 1556 3592 in
1580 3553 1774 3593 manus

185 3617 420 3685 inimici,
462 3631 520 3679 et
566 3625 840 3681 concludit
887 3627 941 3682 in
995 3627 1172 3698 gladio
1211 3631 1466 3700 populum
1505 3648 1685 3698 suum,
1717 3641 1774 3688 et

186 3711 566 3768 barreditatem
599 3730 751 3771 suam
778 3720 1006 3786 spernit.
1035 3719 1268 3778 .luvenes
1314 3737 1501 3778 eorum
1540 3726 1776 3778 comedit

187 3804 360 3873 ignis,
377 3815 432 3860 et
462 3809 699 3878 virgines
723 3825 913 3866 eorum
940 3827 1044 3868 non
1089 3814 1474 3870 lamentantur.
1508 3816 1776 3872 Sacerdo-

186 3908 272 3950 tes
322 3913 514 3954 eorum
569 3901 622 3955 in
652 3901 830 3972 gladio
853 3906 1080 3970 cadunt,
1122 3915 1178 3961 et
1219 3908 1394 3964 vidua:
1437 3923 1623 3962 eorum
1667 3923 1775 3962 non

184 3987 477 4055 plorantur
523 3989 695 4060 (Psat.
754 4010 965 4060 Lxxvu,
1012 3996 1230 4067 60-64).
1277 3999 1386 4053 Cur
1443 4000 1580 4054 hoc?
1611 4001 1772 4066 Quia,

187 4081 489 4136 secundum
520 4083 911 4141 lamentantem
953 4087 1265 4155 Jeremiam,
1293 4091 1488 4163 repulit
1513 4092 1776 4146 Dominus

191 4168 607 4225 tabernaculum
659 4188 838 4240 suum,
889 4177 1170 4232 maledixit
1203 4179 1618 4234 sanctificationi
1664 4195 1776 4235 sua:

189 4260 412 4329 (Thren.
440 4281 502 4330 ιι,
535 4265 610 4332 7).
647 4265 798 4322 Unde
825 4284 924 4324 nec
953 4270 1128 4340 ipsum
1162 4272 1416 4341 templum
1439 4273 1548 4342 jam
1578 4287 1775 4342 cogno-

192 4359 436 4414 minatur
487 4361 725 4428 Domini,
772 4364 868 4419 sed
915 4362 1064 4421 Iovis
1117 4365 1374 4437 Olympii,
1405 4376 1463 4421 ut
1504 4368 1774 4422 indicetur
1802 4387 1850 4448 ι)

190 4446 429 4518 principi
471 4449 618 4506 aeris
673 4449 834 4519 hujus
901 4453 1134 4508 cessisse
1180 4454 1440 4523 quidquid
1478 4455 1772 4510 visibilium

192 4531 662 4604 sacramentorum
693 4544 748 4598 in
782 4543 877 4598 illo
898 4544 1107 4600 solebat
1127 4560 1247 4600 esse
1273 4546 1614 4610 Domini,sed
1638 4549 1773 4602 tanti

193 4643 389 4690 auctor
415 4634 643 4689 sceleris
670 4635 858 4702 Jason,
893 4651 924 4689 a
969 4635 1208 4690 Menelao
1238 4636 1493 4705 expulsus
1523 4640 1778 4695 sacerdoo

199 4725 294 4790 tio,
326 4724 541 4794 fugiens
568 4725 635 4782 de
663 4728 889 4782 civitate
916 4728 969 4782 in
999 4727 1300 4790 civitatem,
1326 4728 1578 4782 erunibus
1627 4728 1779 4782 odio-

199 4830 308 4870 sus.
329 4825 386 4871 ut
405 4816 593 4885 refuga
621 4816 797 4887 legum
823 4816 1199 4880 exsecrabilis,
1217 4824 1276 4870 ut
1291 4818 1482 4885 patria:
1506 4825 1558 4872 et
1579 4818 1781 4872 civium

202 4906 394 4972 hostis,
437 4917 491 4961 et
538 4909 627 4976 qui
683 4907 882 4963 multos
907 4909 975 4963 de
1005 4906 1180 4978 patria
1216 4909 1502 4976 expulerat
1553 4920 1786 4977 peregre

202 4999 390 5068 periit;
439 5009 492 5054 et
534 5000 624 5068 qui
659 4998 960 5068 insepultos
1009 4998 1284 5066 abjecerat
1336 5001 1558 5062 multos,
1585 5007 1639 5053 et
1669 5002 1784 5070 ipse

205 5092 592 5158 illamentatus,
616 5105 670 5149 et
691 5092 994 5163 insepultus
1017 5092 1286 5162 abjicilur,
1305 5095 1586 5170 sepultura
1611 5108 1787 5163 neque

204 5187 485 5257 peregrina
517 5202 664 5253 usus,
699 5200 876 5255 neque
915 5188 1090 5254 patrio
1141 5187 1390 5255 sepulcro
1425 5185 1780 5261 participans.

203 5276 362 5348 Cujus
409 5278 794 5348 supplantator
843 5278 1133 5343 Menelaus,
1163 5291 1279 5348 post
1317 5286 1524 5341 cmdem
1557 5282 1786 5337 sanctis.

373 5369 642 5394 ..ΔΑ-..Λιῖη
687 5367 840 5394 ηερ-ζ...
870 5369 1199 5394 ιιΙεΑ---.ι-ο-ιιη
1230 5376 1363 5394 .-.--Ι-
1437 5387 1527 5394 ..-μ

1875 3157 2018 3211 inter
2041 3156 2185 3213 feras
2215 3161 2378 3212 vitam
2420 3159 2472 3214 in
2505 3161 2780 3216 montibus
2807 3161 3067 3231 agebant,
3101 3171 3156 3218 et
3185 3161 3290 3218 feni
3331 3163 3454 3218 cibo

1876 3257 2156 3303 vescentes
2183 3249 2628 3317 demorabantur,
2658 3265 2726 3306 ne
2763 3254 3056 3323 participes
3084 3265 3266 3310 essent
3308 3253 3456 3308 coin-

1875 3339 2226 3406 quinationis.
2261 3340 2328 3397 Et
2368 3340 2420 3394 in
2455 3340 2711 3412 quo'jam
2747 3343 2838 3398 isti
2875 3345 3050 3399 adhuc
3090 3344 3142 3398 in
3173 3343 3456 3400 Judaismo

1876 3429 2056 3485 minus
2075 3431 2280 3487 sanctis
2303 3431 2554 3489 Patrihus
2578 3435 2778 3490 nostris
2800 3435 2853 3490 in
2877 3433 3294 3492 Christianismo
3309 3453 3455 3492 com-

1875 3521 2188 3578 munionem
2248 3524 2628 3582 haereticorum
2684 3527 2959 3583 vitarunt‘!
3011 3527 3183 3585 Simul
3243 3545 3458 3600 quoque

1875 3616 2280 3673 consideremus
2317 3618 2479 3689 quia,
2520 3619 2693 3674 donec
2737 3621 3103 3676 sacerdotium
3145 3620 3455 3675 Judtcorum

1876 3709 2074 3777 viguit,
2122 3710 2268 3764 nulla
2309 3711 2559 3767 utensilia
2587 3712 2672 3767 vel
2706 3714 2933 3782 pecunia
2969 3713 3150 3781 templi
3197 3713 3458 3784 angelicis

1875 3799 2120 3858 excubiis
2141 3799 2342 3874 defensi
2371 3811 2590 3869 potuere
2610 3801 2768 3870 diripi
2793 3810 2885 3856 aut
2904 3802 3185 3872 captivari,
3211 3805 3460 3872 quamvis

1877 3886 1930 3942 id
1969 3888 2244 3943 obstinato
2285 3890 2468 3943 animo
2514 3889 2832 3946 lleliodorns
2880 3893 2979 3946 sub
3019 3893 3154 3947 Onia
3197 3893 3453 3962 poutilice

1877 3995 2166 4050 aggressus
2192 3979 2372 4036 fuerit.
2417 3981 2569 4048 Quod
2601 3983 2717 4037 sine
2755 3983 2932 4053 aliqua
2975 3985 3211 4040 vindicta
3240 3999 3457 4044 consmt

1879 4081 2007 4129 tunc
2032 4072 2279 4130 ell‘ectum
2319 4073 2390 4129 ob
2429 4075 2784 4129 sacerdotium
2826 4078 3130 4146 vendtum,
3163 4078 3245 4134 vel
3287 4094 3317 4133 a
3348 4096 3454 4134 non

1879 4181 1976 4224 sua
2008 4165 2265 4221 tribu.....
2300 4165 2404 4221 fuit
2429 4175 2839 4237 prazsumptum.

1952 4256 2062 4313 Nec
2101 4257 2278 4313 minus
2322 4259 2778 4314 considerandum
2821 4267 2904 4314 est
2941 4259 2994 4314 in
3031 4258 3173 4314 facto
3212 4259 3454 4330 legitimo

1880 4349 2220 4405 sacerdotum
2249 4349 2393 4406 illius
2411 4350 2676 4424 temporis
2698 4360 2901 4420 quanto
2927 4352 3108 4407 studio
3137 4362 3192 4406 et
3220 4353 3455 4422 qualiter

1880 4458 1911 4496 a
1936 4441 2216 4498 catholicis
2240 4441 2502 4512 expianda
2533 4452 2678 4508 sunt,
2705 4457 2823 4511 qua:
2851 4435 3216 4498 contaminata
3242 4447 3462 4498 iuvenc-

1881 4532 1990 4587 rint
2009 4533 2078 4588 ab
2099 4533 2392 4590 haereticis.
2421 4532 2512 4587 Sic
2533 4533 2678 4588 enim
2705 4533 2837 4588 inibi
2861 4533 3118 4588 docemur
3138 4549 3303 4603 super
3331 4535 3418 4588 his
3446 4551 3458 4585 :

1888 4642 1908 4678 ι
1947 4623 2124 4694 Elegit
2159 4624 2324 4680 Judas
2353 4624 2668 4680 sacerdotes
2707 4624 2822 4678 sine
2853 4623 3092 4690 macula,
3127 4624 3460 4679 voluntatem

1885 4718 2149 4773 habentes
2193 4718 2246 4771 in
2296 4717 2413 4787 lege
2461 4716 2576 4771 Dei.
2619 4715 2684 4768 Et
2721 4717 3116 4770 mundaverunt
3149 4728 3372 4782 saneta,
3415 4725 3471 4768 et

1883 4808 2126 4864 tulerunt
2163 4808 2369 4878 lapides
2400 4806 2882 4862 coataminationis
2922 4807 2976 4862 in
3020 4809 3200 4863 locum
3231 4814 3474 4867 immun-

1883 4900 2033 4960 dum.
2052 4899 2121 4956 Et
2140 4901 2401 4972 cogitavit
2418 4898 2486 4955 de
2505 4897 2666 4955 altari
2684 4897 3145 4962 holocaustorum,
3171 4906 3322 4970 quod
3349 4913 3477 4971 pro-

1885 4992 2182 5065 phanatum
2221 5005 2370 5064 erat,
2411 4993 2543 5064 quid
2583 4991 2650 5046 de
2676 5005 2742 5047 eo
2779 4989 3004 5046 faceret.
3038 4993 3103 5046 Et
3142 4992 3336 5052 incidit
3371 4989 3482 5046 illis

1885 5085 2176 5145 consilium
2223 5091 2463 5151 bonum.
2511 5096 2571 5142 ut
2621 5085 2964 5140 destruerent
3003 5086 3161 5151 illud,
3215 5105 3288 5146 ne
3336 5087 3480 5142 forte

1886 5185 2035 5236 esset
2083 5181 2190 5238 illis
2238 5183 2292 5238 in
2344 5179 2726 5253 opprobrium,
2778 5175 2907 5246 quia
2961 5178 3490 5238 contaminaverant

1887 5270 2019 5330 illud
2050 5283 2270 5342 gentes;
2310 5285 2364 5330 et
2407 5269 2651 5327 demoliti
2683 5278 2809 5323 sunt
2839 5268 2993 5336 illud,
3026 5283 3080 5326 ct
3119 5275 3495 5341 repomierunt

1886 5361 2097 5394 ΙησιῖιΙΔΑ

2148 5366 2198 5394 2η
2251 5374 2438 5394 Munia
2479 5362 2669 5394 [lamna
2703 5359 2753 5394 in
2801 5359 2917 5394 Innn
2956 5373 3080 5394 nnln
3123 5369 3492 5394 ﬂlllln..nnnﬂl‘a
