4064 5394
615 232 748 290 “7i

1673 235 2028 293 HUMBERTI
2067 235 2123 291 S.
2167 235 2231 290 R.
2278 237 2336 290 Ε.
2375 233 2786 292 C.\ltDl.\'.\LiS

3755 231 3893 285 “72

611 346 790 400 fuerat
828 343 1009 414 prius,
1045 351 1099 400 et
1135 345 1537 402 mdiﬂcavcrunt
1565 356 1783 415 sancta,
1815 359 1870 404 et
1896 363 2016 420 quae
2047 349 2187 404 intra
2221 354 2265 410 A
2296 358 2633 419 sacramenta
2658 346 2969 414 denudavit,
3003 362 3189 403 eorum
3223 346 3584 403 sacerdotium
3615 362 3740 402 cum
3773 365 3892 403 om-

611 439 805 494 domus
845 437 1203 503 intrinsecus,
1231 449 1286 496 et
1317 440 1488 495 {edem
1510 483 1522 506 ,
1554 450 1610 496 et
1649 443 1788 497 atria
1821 443 2196 498 sanetilieave-

613 536 763 582 runt.
803 527 874 592 Et
916 527 1162 584 fecerunt
1198 545 1328 585 vasa
1381 545 1533 586 sacra
1580 547 1751 599 nova,
1800 541 1855 589 et
1898 534 2196 588 intulerunt

611 619 995 675 emdelabrum
1035 630 1092 677 et
1127 621 1299 677 altare
1333 623 1713 693 incensurum,
1761 633 1816 680 et
1856 641 2096 680 mensam
2141 625 2195 680 in

611 709 842 780 templo,
871 720 926 766 et
957 712 1236 770 incensum
1265 726 1563 785 posuerunt
1589 732 1752 787 super
1780 717 1984 781 altare,
2024 727 2078 772 et
2108 733 2196 772 ac-

609 801 915 857 cenderunt
952 801 1202 860 lucernas
1237 822 1358 878 qua:
1398 822 1561 876 super
1597 807 1981 861 candelabrum
2016 815 2194 874 erant,

607 899 664 944 et
688 889 941 947 lucebant
978 893 1031 947 in
1064 897 1281 967 templo.
1315 898 1380 954 Et
1418 907 1721 969 posuerunt
1758 915 1925 968 super
1952 915 2193 955 mensam

605 996 782 1050 panes
815 985 1233 1054 propositionis,
1259 999 1314 1043 et
1343 990 1718 1059 appenderunt
1753 991 1900 1056 vela,
1941 1005 2196 1046 consum-

607 1075 878 1145 malisque
916 1079 1170 1136 omnibus
1200 1090 1326 1136 ante
1355 1083 1679 1136 matutinum
1717 1093 2100 1148 surrexerunt,
2141 1091 2198 1138 et

605 1165 675 1220 de
703 1165 884 1237 ignitis
914 1169 1184 1240 lapidibus
1213 1173 1334 1244 igne
1359 1182 1656 1244 concepto,
1687 1174 1998 1229 obtulerunt
2024 1174 2194 1230 sacri-

606 1252 790 1309 ﬁcium
813 1258 1110 1314 secundum
1141 1260 1314 1331 legem
1351 1277 1514 1332 super
1542 1263 1714 1320 altare
1745 1264 2191 1320 bolocaustorum

606 1361 810 1402 novum
847 1350 992 1420 quod
1038 1350 1284 1407 fecerunt
1324 1352 1375 1416 (1
1406 1351 1584 1408 Maeli.
1621 1370 1693 1420 IV,
1727 1355 1945 1426 42-56).
1985 1354 2192 1422 Quibus

607 1440 764 1504 actis,
793 1442 1055 1511 rogabant
1079 1444 1362 1499 Dominum
1387 1447 1640 1515 prostrati
1668 1448 1720 1502 in
1747 1456 1970 1512 terram,
1987 1462 2054 1502 ne
2078 1462 2192 1500 am-

604 1533 744 1602 plius
775 1535 930 1591 malis
962 1537 1157 1593 talibus
1185 1537 1511 1608 inciderent,
1536 1539 1652 1603 sed.
1678 1549 1732 1596 et
1755 1540 1802 1596 si
1827 1540 2045 1612 quando
2068 1554 2190 1610 pec-

604 1633 850 1692 cassent,
903 1636 961 1683 ut
1006 1629 1073 1682 ab
1126 1629 1244 1702 ipso
1284 1632 1467 1688 mitius
1509 1633 1946 1702 corriperentur,
1989 1641 2044 1687 et
2084 1647 2187 1685 non

2301 439 2458 494 nibus
2497 440 2611 496 suis
2648 438 3022 504 cmremdniis,
3059 449 3113 494 et
3143 438 3261 508 lege
3297 438 3650 508 spiritualiter
3685 436 3754 492 ad
3796 453 3890 504 se,

2297 541 2350 586 et
2381 533 2446 586 ad
2477 547 2603 587 suos
2629 531 2940 586 colueredes
2972 531 3116 586 velut
3138 533 3206 586 ad
3238 532 3434 586 tribum
3464 529 3660 585 Judam
3690 547 3889 589 nomen

2297 619 2412 689 ejus
2443 621 2790 676 confitentem
2820 621 3128 685 transtulit,
3161 620 3460 689 reprobatis
3487 620 3623 684 illis;
3654 621 3894 690 quicum

2298 723 2566 781 negarunt
2604 712 3002 768 exclamando:
3041 730 3059 764 ι
3101 713 3216 766 Non
3259 710 3524 767 habemus
3568 727 3756 784 regem
3789 713 3894 768 nisi

2294 806 2566 860 Cmsarem
2596 805 2780 878 (Joan.
2814 822 2926 869 vix,
2961 805 3070 876 15).
3108 825 3126 857 ι

2368 894 2610 964 Denique
2639 894 2899 965 quidquid
2940 895 3292 951 sacerdotalis
3325 895 3496 951 ol‘lleii
3525 904 3745 966 postea,
3780 905 3894 952 tam

2297 985 2366 1040 ab
2391 985 2496 1040 illis
2534 1001 2694 1056 quam
2717 985 2786 1040 ab
2801 1001 2988 1040 eorum
3017 985 3281 1042 similibus
3299 997 3352 1042 et
3378 989 3727 1058 sequacibus,
3754 1003 3894 1056 pm:-

2295 1087 2567 1147 sutnptum
2591 1076 2700 1131 illic
2721 1085 2774 1132 et
2796 1087 2978 1132 actum
3003 1077 3122 1142 fuit,
3149 1079 3345 1134 diaboli
3376 1087 3430 1133 et
3455 1094 3559 1132 non
3589 1079 3682 1134 Dei
3707 1079 3897 1133 cultus

2292 1166 2529 1229 exstitit,
2567 1165 2723 1234 juxta
2764 1167 2908 1235 quod
2939 1167 2999 1222 Β.
3035 1183 3176 1238 papa
3210 1179 3266 1222 et
3311 1170 3504 1224 doctor
3531 1168 3640 1223 Leo
3670 1170 3892 1232 asserit,

2300 1274 2319 1308 ι
2355 1257 2776 1313 reclamantibus
2821 1273 3040 1328 quoque
3090 1261 3450 1330 potestatibus
3497 1261 3794 1331 angelicis,
3837 1270 3893 1316 et

2294 1351 2598 1406 dicentibus
2627 1369 2640 1406 :
2677 1352 3045 1408 Transeamus
3079 1355 3147 1410 ab
3181 1356 3264 1410 his
3293 1354 3531 1411 sedibus.
3572 1375 3590 1408 ι
3648 1356 3741 1411 Sic
3774 1356 3891 1431 jugi

2294 1443 2564 1497 sacriﬁcio
2587 1443 2787 1506 ablato.
2813 1459 2983 1514 usque
3007 1444 3058 1498 in
3083 1445 3244 1500 tinem
3271 1457 3587 1514 perseverat
3626 1445 3761 1500 inibi
3795 1449 3894 1502 ab-

2294 1531 2561 1586 om‘natio
2580 1541 2635 1587 et
2656 1533 2946 1598 desolatio;
2973 1535 3267 1589 secundum
3290 1536 3432 1605 quod
3447 1535 3506 1590 Β.
3524 1535 3892 1608 Hieronymus

2294 1623 2361 1679 de
2401 1625 2578 1680 tribus
2609 1633 2846 1695 quatuor
2884 1626 3182 1682 sceleribus
3213 1629 3570 1696 quarumdam
3607 1631 3892 1686 disserens

603 1711 936 1784 blasphemis
966 1725 1060 1775 aut
1082 1718 1328 1775 barbaris
1352 1721 1660 1778 nationibus
1685 1722 2044 1777 traderentur.
2076 1721 2188 1787 Qua
2226 1707 2264 1765 Β
2297 1716 2704 1784 nationutn,'ait
2733 1735 2748 1774 :
2785 1735 2804 1770 α
2839 1719 3005 1775 Amos
3035 1719 3296 1790 propheta
3330 1720 3381 1774 in
3404 1736 3510 1790 ,cas
3549 1732 3742 1793 gentes
3771 1739 3893 1794 qua:

602 1806 690 1862 die
716 1820 896 1866 autem
933 1812 1186 1883 templum
1227 1813 1294 1869 ab
1325 1816 1641 1886 alienigenis
1692 1815 1948 1886 pollutum
1985 1814 2190 1878 fuerat.

601 1899 830 1969 contigit
857 1902 1044 1957 eadem
1076 1904 1161 1958 die
1188 1907 1560 1976 purgationem
1586 1907 1703 1961 ﬁeri
1728 1907 1981 1962 vicesima
2005 1907 2192 1976 quinta

601 1988 726 2042 novi
765 1991 968 2047 mensis
993 1991 1182 2048 Casleu
1201 2035 1216 2058 ,
1245 2003 1300 2048 et
1331 2011 1452 2050 eum
1483 1995 1668 2050 ltetitia
1701 1997 1890 2050 diebus
1912 2005 2037 2051 octo
2063 2011 2190 2065 egeo

602 2085 731 2132 runt
777 2079 830 2133 in
884 2083 1101 2136 modum
1161 2083 1657 2140 tabernaculorum.
1716 2085 1783 2138 Et
1833 2087 2195 2140 decreverunt

603 2169 875 2222 communi
899 2181 1169 2241 praecepto
1193 2183 1249 2227 et
1271 2175 1488 2229 decreto
1514 2175 1780 2228 universa:
1807 2175 1951 2244 genti
1980 2175 2194 2229 Iudaeo-

604 2274 725 2314 rum
755 2261 1007 2317 omnibns
1040 2263 1198 2320 annis
1228 2268 1492 2335 agendum
1517 2281 1614 2336 per
1643 2265 1758 2321 dies
1787 2275 1910 2321 octo
1931 2267 2015 2336 (ll
2046 2267 2187 2321 Μαί.

604 2363 664 2410 3.
700 2347 756 2413 4,
780 2349 858 2415 8).
904 2350 965 2409 Et
994 2364 1330 2408 ornaverunt
1357 2354 1546 2410 faciem
1572 2355 1752 2426 templi
1779 2357 1992 2411 coronis
2014 2358 2193 2412 aureis

599 2446 656 2494 et
681 2439 937 2508 scutulis,
981 2451 1034 2498 et
1069 2445 1451 2502 dedicaverunt
1494 2457 1677 2518 portas
1718 2456 1774 2503 et
1815 2449 2109 2518 pastol‘oria
2139 2457 2192 2504 et

600 2525 974 2598 imposuerunt
997 2533 1076 2589 eis
1095 2532 1316 2603 januas,
1344 2546 1397 2592 et
1421 2537 1562 2592 facta
1593 2548 1676 2594 est
1706 2538 1890 2594 laetitia
1917 2540 1968 2594 in
1993 2542 2190 2612 populo

602 2634 794 2690 magna
841 2621 1013 2678 valde.
1061 2624 1127 2680 Et
1168 2641 1416 2694 aversum
1448 2639 1532 2684 est
1571 2633 1920 2700 opprobrium
1949 2636 2188 2704 gentium

601 2704 654 2774 (1
709 2706 850 2763 Mac.
902 2727 977 2778 tv,
1019 2713 1109 2779 57,
1155 2715 1268 2788 58),
1305 2736 1324 2769 ι
1369 2735 1506 2790 quas
1549 2719 1734 2792 legalis
1769 2721 1972 2778 umbra:
2022 2724 2191 2780 lineas

600 2801 908 2870 evangelica
954 2815 1103 2861 recto
1141 2808 1278 2878 pede
1323 2812 1580 2882 resculpit
1609 2813 1843 2882 veritas,
1887 2816 2015 2870 dum
2048 2833 2187 2887 pene

599 2891 790 2946 eodem
815 2897 973 2950 melo
997 2899 1249 2956 catholici
1282 2911 1465 2971 patres
1497 2918 1592 2973 pro
1624 2919 1683 2959 re
1723 2913 1776 2959 et
1808 2907 2068 2977 temporis
2103 2909 2186 2963 sui

599 2983 864 3056 qualitate
909 2989 1129 3058 expiant
1169 2994 1567 3052 contaminatas
1599 2997 1666 3050 ab
1707 2997 1974 3052 lucreticis
2017 2999 2191 3055 eccle-

2295 1805 2529 1862 lectione
2555 1806 2672 1877 ejus
2697 1810 3107 1879 comprehensa)
3128 1819 3287 1876 sunt,
3318 1811 3388 1866 ob
3409 1824 3502 1866 eas
3529 1827 3724 1867 causas
3754 1829 3893 1884 quas

2296 1906 2584 1963 memorat,
2616 1897 2902 1953 all‘uturam
2935 1901 3070 1953 iram
3105 1901 3195 1953 Dei
3231 1901 3533 1956 denuntiat.
3573 1901 3632 1956 Et
3669 1905 3799 1972 quia
3834 1905 3889 1958 in

2294 1990 2645 2060 sequentibus
2697 1991 2814 2047 ait:
2850 1992 2903 2045 ln
2965 1993 3140 2047 tribus
3163 1993 3545 2063 fimpietatibus
3608 2004 3664 2050 et
3725 2012 3890 2066 super

2294 2091 2528 2151 quatuor
2574 2099 2681 2138 non
2736 2094 3052 2139 convertam
3107 2099 3262 2152 eum,
3318 2087 3476 2141 lCﬂiO
3531 2099 3885 2156 pCCC'JlOl'Ulll

2295 2169 2686 2241 indulgentiam
2743 2171 2911 2228 Deum
2961 2174 3093 2228 dare
3146 2189 3306 2244 posse
3360 2175 3658 2244 signiﬁcat;
3723 2191 3886 2244 quem

2293 2271 2489 2332 quarto
2511 2265 2698 2318 eadem
2724 2275 2946 2334 peccata
2971 2264 3458 2329 committent‘bus,
3485 2281 3586 2320 nec
3609 2267 3886 2336 poeniten-

2295 2355 2442 2420 tiam,
2472 2371 2572 2411 nec
2593 2355 2979 2426 indulgentiam
3001 2357 3255 2411 daturum
3280 2359 3583 2412 denuntiat.
3619 2358 3756 2413 Nam
3791 2375 3890 2429 per

2292 2447 2434 2518 ignis
2475 2448 2913 2514 similitudinem,
2945 2463 3105 2518 quem
3139 2449 3192 2503 in
3221 2451 3504 2518 prtedictas
3533 2459 3724 2521 gentes
3760 2451 3886 2503 tuit-

2293 2539 2512 2594 tendum
2540 2539 2810 2609 praedixit,
2840 2555 3060 2610 gravem
3083 2550 3136 2595 et
3161 2541 3572 2597 irrcvocabilcm
3597 2542 3692 2596 Dei
3719 2542 3881 2608 iram,

2291 2632 2930 2706 animadversionemque
2987 2635 3157 2690 voluit
3225 2637 3620 2693 demonstrare.
3667 2657 3687 2690 ι
3767 2638 3886 2706 Quo

2293 2723 2428 2778 tanti
2468 2723 2569 2779 viri
2621 2725 2930 2780 testimonio
2966 2727 3414 2798 expergiscantur
3461 2729 3791 2796 Siu.oniaci,
3829 2740 3884 2784 et

2291 2819 2500 2874 discant
2527 2831 2731 2890 quanto
2763 2820 2943 2875 minus
2970 2821 3078 2876 sint
3105 2822 3204 2892 ipsi
3235 2824 3619 2890 convertendi,
3649 2827 3744 2893 qui
3775 2840 3882 2881 non

2289 2909 2461 2966 solum
2495 2919 2576 2966 ter
2609 2921 2700 2965 aut
2734 2921 2954 2982 quater,
2985 2913 3077 2968 sed
3116 2914 3280 2968 etiam
3310 2915 3517 2970 centies
3547 2925 3640 2968 aut
3681 2915 3880 2969 miliics

2290 3001 2638 3056 committunt
2661 3002 2847 3056 eadem
2876 3002 3103 3068 scelera,
3132 3004 3571 3074 impr-intermisso
3597 3008 3880 3077 negotian-

600 3076 740 3145 sias;
771 3078 914 3148 quod
945 3082 1110 3138 studii
1136 3087 1304 3140 nostri
1335 3086 1440 3142 erit
1479 3087 1585 3142 alio
1617 3090 1735 3142 loco
1764 3097 1819 3143 et
1848 3089 2187 3146 evidentibus
2215 3070 2259 3131 C
2290 3090 2359 3146 do
2389 3093 2454 3147 de
2487 3090 2722 3160 Spiritus
2757 3092 2932 3147 sancti
2959 3093 3152 3163 gratia.
3186 3070 3316 3160 Qua:
3351 3095 3598 3163 quamvis
3640 3070 3879 3166 graviter

602 3167 975 3228 demonstrare
1005 3177 1285 3246 exemplis.

669 3261 924 3318 Attamen
957 3275 1012 3320 et
1044 3267 1173 3324 illud
1215 3270 1432 3326 interim
1469 3273 1845 3329 consideretur
1881 3275 2022 3346 quod
2062 3284 2187 3351 ante

601 3357 836 3425 primam
891 3361 1260 3428 captivitatem
1313 3365 1414 3419 sub
1472 3367 1875 3430 sacerdotibus,
1940 3371 2187 3439 quamvis

605 3447 747 3502 male
784 3448 1121 3518 viventibus,
1168 3468 1268 3510 nec
1302 3455 1475 3512 altare
1515 3458 1762 3526 Domini,
1809 3477 1908 3517 nec
1936 3463 2186 3516 utensilia

601 3536 748 3606 ejus,
778 3556 879 3597 nec
913 3541 1052 3614 ignis
1076 3545 1186 3599 sint
1215 3546 1431 3616 penitus
1463 3549 1736 3613 innovata,
1762 3552 1854 3605 sed
1877 3550 1944 3604 ab
1969 3552 2186 3606 idolola-

607 3630 723 3687 trite
771 3635 1052 3701 sordibus,
1113 3638 1441 3711 reliquisque
1493 3644 2047 3701 contaminationibus
2092 3662 2190 3716 per

604 3739 799 3782 manus
821 3726 1180 3798 legitimorum
1205 3733 1550 3789 sacerdotum
1575 3735 1684 3791 sola
1705 3751 1841 3807 aqua
1865 3738 2187 3808 expiationis

602 3815 906 3884 puriﬁcata.
936 3819 1086 3888 Quod
1110 3838 1268 3880 secus
1299 3824 1499 3881 factum
1529 3841 1650 3882 esse
1675 3836 1798 3897 post
1817 3829 2184 3900 captivitatem

605 3910 896 3966 occasione
933 3914 1226 3972 sacerdotii
1257 3919 1463 3974 venalis
1489 3921 1740 3991 superius
1764 3923 2098 3990 ostenditur,
2132 3923 2184 3978 in

607 4011 813 4056 tantum
863 4013 923 4059 ut
963 4005 1167 4075 lapides
1210 4025 1426 4082 quoque
1467 4015 1640 4069 sancti
1688 4017 1959 4085 quondam
2000 4018 2188 4072 altaris

605 4093 734 4148 inde
775 4097 969 4151 remoti
1009 4096 1234 4165 fuerint;
1292 4103 1539 4173 ignisque
1582 4121 1752 4160 novus
1794 4118 2088 4178 conceptus
2121 4125 2186 4162 ex

609 4184 794 4252 ignitis
825 4185 1090 4255 lapidibus
1122 4189 1222 4245 fuit
1247 4191 1332 4263 (Il
1363 4193 1504 4248 Mac.
1535 4212 1587 4260 ι,
1619 4195 1696 4265 5),
1726 4213 1848 4251 cum
1878 4213 1908 4251 a
1939 4201 2189 4254 sacerdo-

607 4277 683 4329 tio
711 4274 892 4332 Aaron
916 4295 1086 4349 usque
1107 4282 1174 4335 ad
1203 4283 1464 4352 perfidum
1489 4285 1742 4342 Iasonem
1770 4290 1906 4358 ignis
1926 4291 1994 4344 ab
2018 4291 2188 4346 altare

607 4366 1044 4427 holocauStorum
1103 4388 1210 4427 non
1261 4373 1551 4440 defecerit,
1607 4391 1706 4432 nec
1762 4378 2182 4435 abominandum

2289 3184 2556 3255 punienda
2585 3186 2695 3238 sint
2722 3185 2773 3238 in
2799 3186 3156 3255 emptoribus,
3187 3186 3355 3240 multo
3383 3196 3558 3240 tamen
3581 3189 3805 3258 gravius
3825 3187 3872 3242 in

2289 3277 2685 3342 venditoribus,
2707 3278 2833 3346 quia
2878 3277 3059 3332 evenit
3105 3293 3514 3348 nonnunquam,
3564 3289 3621 3332 ut
3667 3288 3877 3349 emptor

2289 3369 2519 3422 emendo
2544 3368 2756 3422 nonnisi
2784 3368 2950 3423 semel
2981 3367 3280 3440 delinquat,
3312 3371 3435 3424 dum
3458 3371 3638 3424 denuo
3659 3371 3878 3428 cuilibet

2288 3460 2523 3514 vendere
2535 3460 2676 3528 quod
2697 3460 2970 3530 accepisse
2983 3469 3207 3529 putatur
3228 3469 3460 3515 recusat.
3488 3461 3770 3516 Vcnlitori
3789 3478 3876 3514 an-

2291 3557 2398 3605 tem
2420 3567 2540 3620 qum
2564 3552 2737 3622 gratia
2769 3561 3044 3619 remanet,
3077 3561 3170 3606 aut
3193 3569 3314 3623 quae
3341 3553 3416 3607 ira
3450 3568 3555 3607 non
3598 3554 3873 3614 imminet,

2290 3642 2380 3710 qui
2409 3643 2621 3698 nonnisi
2641 3645 2872 3699 vendere
2896 3643 3181 3698 soletYSed
3209 3661 3274 3699 ne
3295 3645 3361 3700 de
3383 3644 3500 3699 aliis
3529 3654 3741 3700 tantum
3767 3661 3877 3700 scc-

2289 3735 2510 3800 leribus,
2535 3743 2591 3789 et
2619 3751 2722 3789 non
2753 3735 3141 3791 deSimoniaea
3173 3735 3364 3790 haeresi
3397 3737 3602 3790 dictum
3639 3747 3875 3806 putetur,

2291 3826 2637 3880 attendamus
2665 3825 2794 3894 quid
2817 3827 2882 3880 de
2913 3825 3108 3890 Israel,
3140 3826 3296 3896 cujus
3317 3827 3540 3880 ambitio
3560 3827 3611 3880 in
3638 3837 3767 3899 typo
3793 3831 3880 3882 hc-

2292 3915 2583 3970 retieorum
2605 3931 2826 3986 regnum
2854 3916 3173 3985 bipartitutn
3197 3915 3394 3981 effecit,
3433 3918 3499 3970 ab
3538 3919 3734 3971 eodem
3762 3935 3883 3988 pro-

2289 4009 2450 4079 pheta
2479 4007 2722 4071 dicatur;
2750 4016 2805 4061 et
2835 4007 2940 4062 sole
2968 4008 3169 4063 clarius
3197 4018 3453 4063 cernetur
3476 4008 3693 4062 illorum
3731 4010 3883 4080 prius

2291 4098 2598 4168 negotium,
2631 4113 2738 4166 quo
2772 4098 2954 4168 inique
2985 4100 3256 4164 vendunt,
3294 4110 3348 4154 et
3377 4099 3606 4153 alterum
3640 4117 3750 4169 quo
3778 4101 3880 4154 sibi

2290 4189 2502 4259 linguas
2519 4199 2914 4258 correptorum,
2933 4190 3086 4259 quasi
3107 4191 3513 4259 prophetarum,
3539 4189 3782 4260 iniquius
3809 4208 3882 4244 re-

2291 4280 2524 4334 dimunt.
2545 4281 2818 4334 Aiteuim:
2841 4298 2860 4331 ι
2883 4279 3007 4335 Haec
3029 4282 3161 4336 dicit
3189 4283 3476 4337 Dominus:
3506 4282 3687 4352 Super
3714 4285 3882 4336 tribus

2296 4373 2593 4428 sceleribus
2632 4373 2793 4428 Israel
2815 4415 2830 4438 ,
2873 4381 2929 4428 et
2957 4389 3119 4443 super
3146 4383 3382 4443 quatuor
3417 4389 3520 4429 non
3562 4385 3877 4430 convertam

603 4457 805 4515 idolum
832 4461 1182 4520 desolationis
1201 4481 1364 4536 super
1386 4467 1514 4522 illud
1542 4482 1730 4538 regum
1754 4470 2038 4540 quisquam
2062 4476 2188 4528 aedi-
2225 4451 2270 4509 D
2297 4481 2419 4520 eum
2439 4505 2454 4528 ,
2483 4479 2580 4534 pro
2608 4479 2672 4519 eo
2701 4467 2844 4534 quod
2873 4467 3174 4520 vendiderit
3198 4474 3422 4537 argento
3439 4465 3649 4534 justum
3674 4476 3729 4521 et
3751 4483 3879 4536 pan-

606 4551 868 4606 ticaverit.
899 4551 1030 4618 Qua:
1058 4555 1216 4610 tertia
1236 4555 1350 4623 jam
1374 4558 1739 4614 reconciliatio
1762 4559 1948 4614 altaris
1973 4572 2029 4617 et
2056 4571 2189 4618 tem-

603 4644 676 4713 pli
717 4659 814 4714 per
846 4645 1070 4716 aliquot.
1094 4647 1364 4719 legitimos
1404 4653 1749 4718 sacerdotes,
1781 4653 1956 4722 qualis
1986 4654 2187 4711 Christi

599 4739 952 4795 praecursoris
989 4741 1202 4810 genitor
1236 4741 1564 4809 Zacharias,
1595 4745 1759 4800 etiam
1795 4757 2053 4817 regnante
2084 4749 2191 4804 lle-

602 4830 766 4896 rode,
804 4832 1044 4900 exstitit,
1090 4843 1408 4890 consecrata
1457 4835 1587 4902 fuit,
1618 4837 1817 4902 donec,
1843 4837 1955 4905 jam
1994 4840 2188 4910 praedi—

603 4933 762 4978 cante
792 4924 1016 4981 Domino
1039 4936 1226 4982 nostro
1245 4927 1372 4983 Jesu
1400 4926 1638 4994 Christo,
1663 4929 1847 4985 Annas
1876 4938 1931 4983 et
1954 4931 2188 5002 Caiphas

603 5030 713 5070 non
745 5016 918 5070 solum
958 5019 1175 5086 venale,
1206 5021 1301 5076 sed
1339 5029 1394 5077 et
1423 5022 1657 5077 annuale
1694 5022 2060 5078 sacerdotium
2090 5039 2187 5078 sua

606 5107 900 5164 ambitione
942 5118 998 5164 ct
1043 5113 1269 5182 pecunia
1315 5129 1536 5183 prorsus
1581 5114 1894 5169 eﬂ'ecerunt.
1949 5114 2188 5180 Quorum

605 5199 797 5269 suique
841 5201 1094 5257 similium
1143 5207 1358 5276 negotio
1403 5207 1594 5261 domus
1630 5208 1894 5262 orationis
1933 5209 2186 5276 spelunca

604 5290 874 5349 latronum
907 5295 1100 5366 (Math.
1145 5314 1257 5362 xxx,
1300 5299 1387 5368 15)
1427 5298 1602 5354 fuerat
1633 5299 1804 5362 facta,
1855 5309 2191 5368 protestante

2291 4571 2474 4626 perem
2499 4573 2595 4627 pro
2619 4556 3028 4622 calceamentis,
3055 4567 3110 4612 et
3137 4573 3300 4629 super
3326 4559 3670 4613 vestimentis
3697 4560 3876 4629 pigne-

2291 4651 2426 4705 ratis
2479 4651 2880 4716 accubuerunt,
2923 4651 3079 4721 juxta
3126 4666 3287 4706 omne
3332 4651 3534 4717 altare,
3587 4661 3645 4705 et
3700 4654 3875 4704 vinum

2292 4743 2669 4796 damnatorum
2708 4740 2968 4796 bibebant
3006 4741 3059 4796 in
3100 4742 3260 4797 domo
3305 4741 3396 4797 Dei
3437 4742 3521 4796 sui
3563 4742 3776 4810 (Amos,
3809 4741 3875 4798 ll.

2291 4835 2354 4898 4.
2385 4833 2460 4905 8).
2501 4833 2567 4888 Ει
2589 4833 2844 4889 suseitavi
2882 4835 2948 4889 de
2981 4835 3105 4889 ﬁliis
3133 4835 3329 4890 vestris
3365 4835 3416 4888 in
3453 4835 3756 4904 prophetas
3783 4876 3797 4898 ,
3827 4843 3874 4886 et

2293 4925 2360 4980 de
2404 4925 2696 4994 juvenibus
2736 4927 2933 4982 vestris
2963 4927 3014 4980 in
3060 4926 3376 4992 Nazarreos,
3407 4936 3462 4981 et
3504 4926 3880 4996 propinabatis

2297 5019 2572 5074 Nazarazis
2595 5020 2811 5083 vinum,
2843 5028 2896 5073 et
2933 5019 3209 5089 prophetis
3244 5017 3566 5086 minabatis,
3601 5019 3877 5072 dicentes:

2294 5110 2370 5166 Ne
2401 5110 2732 5182 prophetetis
2759 5110 2948 5181 ΗΜΛ..
2977 5110 3066 5173 Η,
3104 5109 3215 5179 12).
3260 5129 3278 5160 ›

2897 5219 3125 5276 CAPUT
3165 5219 3284 5274 XX.

2298 5313 2376 5367 De
2411 5311 2643 5384 periculo
2689 5311 3022 5391 sacerdotum
3065 5320 3113 5363 et
3157 5309 3553 5391 indiscipi'iuata
3602 5310 3881 5363 ambitione
