4064 5394
273 350 417 408 ηπ

910 345 1280 406 Αῡνειιευε
1317 326 1731 405 SIMONIACOS
1764 344 1844 401 L‘!l

1987 342 2184 399 TRES.
2226 374 2296 385 --
2324 339 2525 398 LIBER
2567 343 2892 403 TERTIUS.

3398 346 3530 405 H75

271 480 375 523 nec
410 469 807 535 praesumerent
843 475 944 517 nec
977 461 1349 527 invaderent,‘
1375 462 1481 517 nisi
1530 469 1623 517 aut
1669 469 1854 516 nostra
1887 461 1931 521 Α
1960 467 2122 529 atque
2153 473 2372 514 suorum
2394 447 2616 516 licentia
2646 461 2729 516 vel
2760 469 3031 533 praecepto
3062 469 3329 519 rectorum
3353 480 3407 520 tn
3434 475 3520 523 ter

271 553 603 627 negligentia
640 561 736 607 aut
774 549 927 606 faver
968 566 1062 607 eos
1107 553 1174 605 ad
1211 552 1266 606 id
1311 548 1614 607 animaret?
1655 550 1858 620 Nempe

270 661 398 705 cum
425 645 595 701 simus
622 657 786 698 canes
814 641 1054 698 cmicstis
1082 641 1522 712 patrisfamilias,
1549 655 1657 697 non
1682 640 1854 695 solum

269 734 421 792 milio
447 734 623 789 libero
649 740 715 787 et~
735 732 995 787 continuo
1034 730 1236 787 latratu
1260 772 1274 796 ,
1315 730 1462 786 nullo
1496 731 1609 785 acri
1645 745 1851 795 morsu,

270 825 575 898 lippo-iuni
597 839 630 880 a
660 823 870 894 peculio
893 831 948 878 et
970 823 1140 878 caulis
1162 823 1282 894 ejus
1304 833 1553 893 raptores
1573 836 1846 886 arcemus;

267 917 405 989 quin
452 914 629 987 potius
671 914 834 976 muti,
868 914 1098 984 perditis
1141 912 1583 969 obsecratiouum
1615 912 1845 982 linguis,

270 1016 368 1062 aut
416 1005 679 1076 repressis
726 1003 1168 1074 redargutioxtum
1217 1003 1496 1068 dentibus,
1537 1002 1760 1057 vocibus
1796 1010 1852 1057 et

267 1094 493 1159 caudis,
531 1092 678 1148 velut
719 1092 922 1147 inertes
961 1106 1157 1158 canes,
1202 1091 1425 1161 penitus
1453 1091 1704 1153 demissi,
1746 1091 1851 1145 im-

267 1185 439 1255 proba
477 1192 532 1238 et
565 1198 710 1241 occa
742 1181 1052 1237 adulatione
1080 1182 1147 1236 ad
1185 1181 1504 1254 rapiendum
1536 1181 1849 1238 invitamus.

266 1274 380 1335 Nec
403 1274 585 1345 aliquo
607 1274 804 1331 timore
830 1273 916 1329 vel
942 1288 1127 1329 amore
1152 1273 1362 1329 Domini
1391 1273 1563 1328 nostri
1588 1271 1850 1345 offensam

265 1367 549 1423 incurrere
590 1378 875 1431 cavemus,
920 1380 1018 1421 nec
1047 1364 1503 1420 instar-damnosi
1529 1363 1680 1421 canis
1716 1380 1851 1437 prae-

263 1458 571 1530 eipitandos
617 1473 717 1515 nos
768 1457 825 1513 in
868 1472 1122 1528 rapacem
1171 1457 1494 1527 Carybdim,
1539 1456 1851 1528 ultimisque

265 1550 544 1621 suppliciis
571 1550 878 1605 obruendos
900 1549 1209 1604 recolimus.
1237 1546 1344 1603 Sed
1368 1550 1509 1618 quod
1530 1549 1705 1603 adhuc
1728 1549 1849 1619 plus

262 1638 553 1695 dolendum
578 1647 660 1696 est
679 1678 694 1704 ,
722 1638 943 1694 familia:
968 1638 1261 1694 Dontiuica:
1283 1638 1552 1694 efﬁcimur
1577 1639 1848 1695 terribiles

260 1738 330 1785 et-
354 1729 664 1801 raptoribus
693 1730 871 1786 mites.
902 1730 1130 1802 insuper
1155 1739 1339 1787 tantus
1362 1740 1552 1803 stupor
1576 1747 1677 1787 nos
1699 1732 1847 1787 obsi-

1959 566 2091 607 reuo
2121 552 2321 622 palatio
2345 564 2737 610 conversautur
2762 565 2817 612 et
2846 556 3174 624 deserviunt,
3206 568 3371 631 atque.
3392 576 3533 618 non-

1956 657 2235 711 nunquam
2264 642 2332 697 ab
2362 643 2623 700 Ecclesiis
2655 655 2867 703 ret-tore
2901 649 3127 718 privatis
3165 666 3266 706 nec
3299 651 3536 724 aliquem

1955 747 2176 815 quorum
2208 733 2298 802 qui
2326 734 2565 804 proficue
2608 736 2865 795 succedat
2914 738 3238 798 habentibus
3286 743 3532 812 expetiti,

1954 822 2194 892 regimen
2220 824 2521 893 suscipiunt
2538 866 2552 891 ,
2569 841 2668 880 nec
2691 828 2904 884 dicendi
2926 828 3279 888 suntlabores
3302 832 3534 895 aliorum

1953 911 2249 978 invasiSse;
2285 914 2379 969 sed
2426 913 2775 971 fratribus-in
2814 916 3003 974 labore
3038 919 3413 979 deficientibus
3443 938 3535 980 oce

1952 1005 2212 1061 currisse.
2247 1004 2313 1061 Et
2340 1007 2482 1076 quod
2532 1007 2850 1064 laudabilius
2890 1020 2993 1078 est,
3021 1012 3321 1083 profectum
3376 1030 3532 1071 suum

1954 1109 2066 1149 sure
2095 1095 2335 1150 debitum
2364 1095 2640 1162 Ecclesiae,
2655 1100 2808 1167 cujus
2836 1101 3120 1168 stipendiis
3143 1112 3198 1156 et
3222 1104 3273 1157 in
3304 1120 3408 1174 qua
3432 1104 3534 1159 mi-

1951 1183 2266 1251 litaverunt,
2295 1185 2726 1256 periclitantibus
2752 1188 2874 1245 aliis
2903 1189 3180 1258 Ecclesiis,
3204 1193 3533 1249 charitative

1949 1272 2297 1346 impendunt;
2331 1291 2430 1331 nec
2452 1276 2937 1349 dignitatem,.qu:e
2962 1279 3062 1345 eis,
3088 1288 3145 1336 ut
3168 1281 3434 1348 emeritis,
3468 1282 3522 1335 in

1951 1363 2193 1419 Ecclesia
2219 1380 2314 1419 sua
2346 1364 2429 1420 vel
2466 1366 2642 1436 patria
2672 1368 2989 1433 debebatur,
3027 1371 3333 1427 attendunt.
3375 1370 3534 1427 Tales

1949 1452 2192 1525 profecto
2229 1463 2377 1511 tanto
2402 1457 2575 1528 magis
2602 1465 2727 1512 sunt
2754 1459 3038 1514 revercndi
3069 1469 3270 1531 quanto
3300 1477 3408 1517 non
3435 1477 3532 1517 sua

1949 1554 2216 1617 quzerunt,
2244 1547 2335 1602 sed
2360 1545 2590 1616 Christi;
2622 1548 2818 1618 quibus
2839 1563 2972 1605 sane
3000 1549 3157 1613 bouis
3181 1568 3335 1623 teque
3359 1557 3534 1618 omni:

1947 1638 2050 1692 bus
2078 1638 2329 1709 iujuriam
2372 1638 2631 1712 faciunt,_
2655 1640 2766 1697 imo
2805 1642 3205 1714 Omnipotentis
3235 1642 3539 1719 voluntati,

1949 1728 2004 1782 in
2034 1727 2185 1796 cujus
2215 1728 2417 1784 ditione
2446 1738 2643 1789 cuncta
2684 1740 2811 1786 sunt
2839 1733 3040 1802 posita,
3088 1733 3383 1804 resistunt,
3414 1737 3534 1807 qui—

264 1823 391 1888 det,
416 1831 477 1878 ιιι
511 1822 799 1879 credamus
830 1822 1091 1879 [uicorum
1133 1838 1257 1880 esse
1278 1825 1421 1894 quod
1459 1835 1704 1881 nostrum
1738 1832 1841 1879 est,
1879 1809 1921 1868 Β
1949 1834 2163 1889 cunque
2186 1819 2255 1874 οι)
2281 1819 2384 1875 hoc
2424 1819 2763 1891 importunus
2804 1834 2865 1877 SC
2906 1820 3353 1894 impudentesque
3384 1823 3535 1896 inge-

264 1916 393 1973 Inde
440 1928 527 1974 est
569 1917 713 1990 quod
756 1918 978 1973 nonnuli
1026 1926 1302 1984 nostrum,
1349 1931 1494 1974 caeca
1552 1917 1846 1972 ambitione

260 2008 441 2075 ducti,
479 2023 588 2079 quo
622 2009 859 2064 maxime
902 2009 1044 2063 malo
1082 2008 1225 2064 intra
1260 2007 1469 2063 Italiam
1506 2007 1843 2076 laboramus,

261 2101 580 2171 postpositis
621 2100 1014 2157 ecclesiasticis
1062 2100 1394 2167 rectoribus,
1444 2114 1674 2170 quorum
1722 2109 1845 2154 tan-

264 2190 545 2248 tummodo
579 2192 837 2256 interest.
886 2191 1138 2249 certatim
1173 2191 1373 2261 palatia
1417 2206 1517 2247 nec
1564 2190 1844 2261 requisiti,

262 2295 365 2337 nec
387 2282 562 2338 vocati
587 2282 910 2353 irrumpunt,
937 2281 1226 2338 saeculares
1252 2289 1544 2352 potestates
1570 2280 1850 2350 inipudcn-

263 2381 349 2428 ter
375 2373 608 2439 adeunt,
625 2388 847 2429 censum
873 2373 1323 2444 patrimoniorum
1344 2378 1646 2428 suorumet
1676 2371 1846 2428 facul»

264 2471 407 2521 tates
436 2464 769 2535 principiius
794 2479 1093 2536 eorumque
1129 2463 1496 2519 familiaribus
1518 2463 1843 2519 adhaerendo

260 2563 318 2611 et
354 2554 701 2628 obsequendo
728 2555 1070 2626 expendunt,
1111 2563 1172 2610 ut
1198 2556 1285 2618 vel
1327 2570 1452 2612 sero
1485 2556 1721 2626 aliquam
1755 2570 1844 2611 ec-

259 2646 625 2702 clesiasticam
676 2646 995 2717 dignitatem
1046 2654 1311 2704 venentur
1354 2656 1477 2716 post
1524 2646 1875 2712 diuturnas,

259 2737 535 2794 maximas
564 2747 617 2795 et
646 2741 943 2795 continuas
966 2740 1279 2810 angustias,
1321 2754 1459 2809 quas
1498 2739 1840 2795 insanissima

256 2827 524 2901 patientia
574 2829 766 2886 diebus
807 2839 865 2886 et
915 2830 1168 2887 noctibus
1212 2831 1522 2900 perferunt,
1568 2832 1841 2901 patientes

257 2920 463 2984 exsilii,
498 2921 721 2989 inediae,
754 2914 957 2995 algoris
983 2930 1040 2978 et
1069 2922 1373 2995 vigiliarum
1405 2938 1568 2993 supra
1595 2926 1838 2979 modum.

258 3014 317 3069 in
365 3028 473 3084 quo
516 3014 772 3071 nimirum
812 3016 1244 3073 detestabiliores
1281 3018 1572 3075 ambitioso
1607 3017 1838 3074 Catilina

258 3115 385 3164 sunt
423 3107 831 3180 babendi,-qui
879 3111 1070 3180 patriae
1115 3112 1383 3181 parricida
1419 3112 1490 3167 ob
1530 3111 1841 3168 consulatus

1949 1921 2110 1976 runt;
2173 1925 2400 1981 quorum
2455 1910 2980 1982 indisciplinaturum
3037 1922 3094 1969 et
3154 1913 3530 1992 girovagorum

1948 2010 2097 2057 tanta
2123 2010 2206 2057 est
2234 2000 2541 2069 multitudo,
2579 2017 2680 2059 nec
2707 2012 2914 2060 tantmn
2946 2005 3207 2061 nobilium
3235 2016 3289 2063 et
3320 2006 3526 2066 littera-

1946 2092 2123 2148 torum
2164 2105 2425 2165 quantum
2470 2103 2525 2149 et
2555 2096 2868 2167 ignobilium
2901 2107 3066 2168 atque
3101 2098 3529 2168 illitteratorum,

1946 2192 2029 2248 ut,
2059 2183 2304 2239 ecclesiis
2333 2184 2694 2255 claustrisque
2730 2185 3060 2243 vaeuefactis
3099 2197 3154 2243 et
3190 2191 3531 2258 vacantibus,

1946 2276 2144 2348 palatia
2176 2280 2477 2349 domusque
2511 2278 2858 2334 szecularium
2890 2280 2977 2334 vix
3013 2278 3123 2349 jam
3164 2296 3361 2353 capere
3386 2281 3532 2338 suill-

1945 2371 2092 2426 eiant
2121 2371 2371 2425 examina
2407 2371 2754 2430 clericorum.
2792 2373 2847 2428 in
2877 2374 3073 2444 quibus
3109 2374 3352 2430 nonnulli
3384 2376 3533 2435 invee

1945 2465 2170 2521 niuntur
2188 2466 2278 2536 qui
2309 2466 2708 2524 ecclesiasticos
2735 2469 2970 2526 honores
2998 2486 3106 2527 non
3138 2479 3344 2532 tantum
3372 2471 3535 2528 cleri-.

1945 2558 2047 2614 eali
2095 2557 2269 2614 obicio
2315 2568 2575 2629 quantum
2632 2560 2972 2629 medicinali,
3025 2571 3131 2625 aut
3169 2562 3383 2620 scurrili
3432 2579 3528 2621 seu

1944 2652 2229 2725 gnatonico
2260 2662 2615 2724 aucupautur.
2641 2652 2890 2720 Mentior,
2924 2655 2970 2710 si
3014 2670 3119 2710 non
3160 2655 3344 2724 plures
3378 2656 3526 2727 ejus-

1944 2742 2087 2797 modi
2118 2742 2417 2812 promeruit
2452 2743 2621 2811 ltalia,
2652 2760 2788 2814 quos
2829 2743 2972 2799 nulla
3015 2746 3285 2815 promovit
3315 2761 3526 2804 morum

1944 2843 2037 2890 aut
2071 2833 2430 2891 litteratorum
2458 2836 2654 2909 gratia,
2683 2837 2777 2893 sed
2809 2847 2903 2892 aut
2929 2837 3232 2894 scurrilitas
3256 2838 3338 2895 vel
3364 2837 3527 2894 fallax

1943 2926 2201 2992 adulatio,
2234 2943 2354 2996 seu,
2386 2930 2539 2999 quod
2568 2929 2937 2985 excusabilius
2981 2938 3224 3000 putatur,
3257 2929 3373 2985 sola
3420 2941 3529 2983 mc-

1944 3018 2143 3075 dicina.
2180 3019 2388 3088 Quibus
2427 3036 2552 3080 cum
2600 3020 2780 3077 nullus
2809 3021 3241 3078 Christianorum
3289 3036 3531 3086 comma:

1943 3108 2129 3165 nicare
2175 3108 2390 3176 debeat,
2444 3121 2503 3165 ut
2544 3126 2674 3168 vere
2723 3112 2997 3183 acephalis
3040 3120 3103 3169 et
3139 3112 3257 3169 sine
3303 3127 3524 3173 suorum

257 3198 615 3255 ambitionem
660 3214 768 3255 non
813 3201 993 3257 renuit
1031 3201 1170 3256 fieri.
1210 3202 1365 3271 Quod
1402 3203 1448 3257 si
1488 3202 1578 3258 ille
1613 3212 1841 3257 terrena:
1868 3186 1913 3249 C
1945 3207 2216 3255 rectorum
2266 3199 2460 3256 litteris
2503 3208 2557 3257 et
2605 3203 2873 3277 permissu
2920 3202 3258 3273 vagantibus,
3306 3203 3539 3275 insuper,

257 3288 538 3357 dignitatis
581 3291 853 3361 appetitu,
900 3298 1179 3347 terrenum
1213 3302 1269 3348 et
1313 3308 1584 3365 paganum
1611 3309 1838 3366 regnum

256 3377 609 3451 inquietando
635 3392 692 3437 et
716 3381 1097 3440 confundenda
1123 3384 1394 3454 parricida
1447 3384 1628 3441 dictus
1660 3393 1715 3440 et
1744 3385 1843 3440 ba-

254 3470 402 3528 bitus
426 3479 537 3540 est,
566 3472 693 3542 quia
720 3474 888 3530 etiam
918 3488 1040 3528 cum
1066 3473 1285 3531 interitu
1316 3474 1466 3530 urbis
1483 3513 1508 3542 ,
1525 3489 1630 3545 qua
1659 3476 1839 3532 editus

254 3564 465 3637 fuerat,
507 3565 803 3635 principari
846 3567 1103 3633 tentavit,
1143 3567 1235 3622 ubi
1278 3577 1464 3636 patres
1499 3568 1838 3639 conscriptos

252 3669 366 3711 suae
390 3655 670 3711 ambitioni
700 3654 964 3728 refragari
996 3657 1199 3713 sensit:
1228 3659 1318 3728 qui
1347 3668 1602 3729 putamus
1620 3657 1840 3716 dicendi

253 3760 312 3807 et
338 3750 570 3807 habendi
594 3759 750 3819 sunt,
772 3752 864 3823 qui
889 3766 986 3808 sua
1012 3752 1310 3809 ambitione
1333 3754 1551 3810 caeleste
1572 3753 1841 3810 Christia-'

251 3857 383 3897 num
411 3857 666 3915 regnum,
690 3844 986 3899 Ecclesiam
1012 3844 1223 3900 scilicet
1248 3854 1477 3900 matrem
1501 3860 1679 3912 suam,
1706 3859 1837 3900 con-

250 3928 490 3989 fundunt
520 3944 572 3990 et
611 3936 962 4002 interimunt,
1009 3936 1421 3991 contradicente
1453 3935 1559 3991 illis
1587 3937 1704 4008 ipso
1744 3952 1837 3993 re-

251 4040 380 4095 gum
418 4023 598 4095 Rege,
646 4024 896 4092 Christo,
935 4025 1288 4096 omniumque
1314 4024 1707 4081 venerabilium
1733 4025 1837 4081 Pa-

1939 3291 2180 3361 regimen
2211 3291 2640 3347 ecclesiasticum
2685 3293 3073 3360 committitur;
3118 3296 3262 3373 quod
3306 3297 3535 3363 tandem,

1938 3386 2150 3455 adepti,
2194 3401 2298 3440 non
2341 3386 2513 3441 solum
2548 3397 2804 3458 tauquam
2842 3386 3228 3458 indisciplinati
3272 3388 3522 3453 etstulti

1938 3479 2273 3535 confundunt
2308 3487 2363 3534 et
2389 3479 2674 3550 dissipant,
2714 3481 2809 3537 sed
2852 3483 3017 3536 etiam
3051 3491 3307 3554 tanquam
3348 3480 3527 3543 libidifa

1936 3572 2054 3629 nosi
2100 3571 2417 3639 multimoda
2456 3569 2817 3630 fornicatione
2855 3582 2907 3630 et
2945 3557 3206 3639 foeditate
3229 3574 3521 3635 inceStant.

2527 3686 2753 3745 CAPUT
2792 3687 2931 3755 XXI.

1934 3776 2014 3837 De
2032 3782 2303 3864 pracipuo
2322 3782 2462 3837 malo
2489 3781 2688 3864 Italiae,
2715 3792 2763 3837 et
2785 3783 2850 3864 de
2868 3780 3239 3864 quodatuvano
3253 3781 3520 3863 episcopo,

1956 3864 1961 3869 ‘
2032 3850 2045 3869 "
2077 3864 2124 3908 et
2160 3850 2336 3923 ofﬁcio
2359 3852 2710 3917 sacerdotum,
2737 3850 3033 3922 principum
3058 3861 3105 3906 et
3131 3850 3378 3920 plebium.

1956 3948 1961 3953 ’
2006 3944 2226 4000 Talibus
2255 3945 2441 4015 utique
2461 3944 2892 4003 ordinationibus
2915 3958 3037 3997 cum
3072 3940 3342 3997 nonnulla:
3393 3955 3520 4011 pro-

1936 4037 2125 4091 vinciae
2158 4036 2432 4101 sordeam,
2464 4045 2574 4091 tum
2604 4035 2875 4106 praecipue
2897 4032 3071 4100 Italia,
3131 4035 3182 4087 in
3212 4048 3373 4103 quam
3425 4032 3523 4086 bu-

248 4124 398 4170 trum
439 4116 838 4186 praeteritorum
879 4124 936 4173 et
981 4118 1331 4186 przesentium
1378 4114 1644 4170 concilio?
1688 4114 1844 4180 Quos

1945 4126 2168 4194 iusmodi
2195 4128 2333 4184 solet
2361 4127 2633 4183 conﬂuere
2659 4126 2899 4193 sentina,
2922 4141 3042 4197 qum
3074 4141 3178 4180 non
3199 4123 3371 4179 solum
3420 4140 3519 4179 suo

249 4207 375 4278 quis
400 4206 667 4263 dubitabit
699 4206 881 4263 dicere
908 4221 1074 4277 supra
1104 4206 1323 4261 modum
1354 4204 1714 4276 Simuniacos,
1741 4206 1836 4277 qui

1945 4216 2111 4275 fetore
2136 4219 2391 4290 navigare
2421 4217 2488 4274 ad
2520 4233 2741 4289 regnum
2759 4218 3018 4275 etelorum
3046 4206 3329 4287 cupientes
3352 4229 3523 4288 aegro-

249 4316 359 4357 Mn
389 4301 538 4357 50138
553 4302 851 4371 -Ροοιιηῖδεν
880 4301 976 4356 88d
1002 4300 1323 4371 εθιιιθιίρεοε
1360 4298 1579 4369 insuper
1626 4299 1685 4355 in
1708 4298 1833 4354 ωιῖ·
1935 4318 2054 4366 tare
2082 4308 2392 4381 compellat,
2421 4309 2516 4365 sed
2540 4310 2761 4380 insuper
2787 4309 3026 4381 pondere
3083 4308 3411 4385 detnergat;_
3438 4305 3542 4361 nl-.

247 4395 354 4450 bus
398 4394 629 4467 negotiis
662 4392 1015 4464 expendunt?
1057 4391 1337 4463 Siquidem
1382 4390 1716 4447 tolerabilius
1751 4399 1836 4447 est

1945 4403 2131 4458 mirum
2165 4402 2298 4458 tales
2331 4401 2623 4458 tardissimi
2646 4403 2712 4459 ad
2760 4402 2896 4459 bene
2918 4399 3285 4467 audiendum,‘
3321 4397 3525 4463 tardiog

249 4486 358 4543 illis
387 4488 479 4558 qui
507 4486 677 4545 simul
699 4496 754 4542 et
781 4489 951 4543 semel
969 4497 1026 4543 et
1054 4485 1108 4541 in
1132 4501 1248 4542 uno
1269 4500 1479 4557 suoque
1495 4484 1623 4542 loco
1643 4493 1834 4542 eruunt

1945 4512 2132 4568 resque
2156 4497 2224 4551 ad
2247 4497 2383 4553 bene
2412 4497 2717 4563 vivendum,
2743 4512 2863 4554 cum
2903 4496 3013 4552 sint
3036 4493 3427 4568 promptissimi
3452 4494 3522 4547 ad

247 4580 393 4649 quod
406 4549 675 4650 .quteruut
702 4593 866 4651 quam
894 4577 985 4648 qui
1018 4549 1406 4648 particulatim-
1430 4584 1486 4632 et
1533 4575 1839 4644 multoties,

1945 4590 2261 4662 loquendum
2289 4599 2342 4647 et
2369 4589 2808 4647 exercitatissimi
2851 4588 2916 4646 ad
2969 4568 3321 4652 adulandum,
3364 4598 3525 4641 aures

248 4669 549 4741 diebusque
581 4671 702 4726 vita
722 4684 833 4739 suae
863 4669 1261 4742 peregrinando
1284 4677 1449 4740 atque
1477 4667 1830 4726 discurrendo

247 4764 315 4821 de
347 4765 466 4822 loco
494 4765 561 4821 ad
586 4766 783 4822 iocum.

318 4858 422 4925 Qui
465 4859 681 4913 tandem
730 4857 877 4912 nullo
906 4872 1004 4913 suo
1039 4843 1256 4921 merito,
1288 4855 1380 4912 sed
1411 4855 1529 4912 solo
1569 4854 1832 4927 obsequio

249 4960 344 5005 aut
373 4950 606 5006 humana
638 4950 809 5022 gratia
833 4949 1150 5019 oignitatem
1194 4963 1224 5002 a
1263 4946 1614 5004 saecularibus
1652 4948 1831 5019 adepti

247 5057 411 5114 quam
435 5042 757 5110 debuerant,
813 5042 858 5097 si
896 5042 1035 5098 bene
1072 5042 1126 5097 in
1169 5040 1424 5097 Ecclesiis
1459 5040 1572 5094 suis
1600 5040 1833 5094 militas-

247 5145 365 5174 cnnl
440 5150 537 5174 nor
575 5134 983 5174 mnlueinctinne
1007 5132 1253 5174 gallinis-ni-
1295 5133 1346 5174 in
1385 5132 1603 5174 labores
1641 5144 1839 5174 ant-Itur

1945 5140 2091 5174 ηρβῖἰῖ
2120 5138 2528 5174 ’νανῖοῗϊτιῖιηὶηο

1938 4684 2240 4755 principum
2266 4683 2539 4753 simplices
2568 4691 2621 4738 et
2649 4697 2714 4737 ex
2746 4697 2839 4737 sua
2865 4688 3059 4741 natura
3087 4676 3221 4732 alios
3235 4676 3525 4737 ,atstiman-

1938 4784 2043 4843 tes,
2066 4777 2261 4832 callida
2286 4777 2477 4832 fraude
2498 4776 2791 4851 decipiunt,
2814 4788 3112 4842 eorumque
3145 4780 3290 4828 recta
3345 4768 3524 4823 studia

1940 4867 2258 4935 depravant.
2311 4865 2373 4921 Si
2415 4867 2629 4937 quidem
2672 4863 2957 4937 prudentia
3001 4861 3205 4928 carnis,
3251 4874 3370 4932 quae
3419 4856 3526 4930 legi

1941 4957 2059 5024 Dei,
2089 4970 2147 5014 ut
2175 4958 2290 5029 ejus
2310 4959 2557 5025 inimica,
2580 4955 2772 5023 subjici
2819 4972 2929 5012 non
2975 4963 3175 5031 potest,
3228 4950 3403 5009 inﬂari
3450 4959 3529 5006 at-

1938 5063 2044 5120 que
2071 5066 2213 5105 nunc
2242 5047 2520 5117 simulare,
2577 5061 2810 5119 moxque
2858 5043 3204 5101 dissimulare
3247 5040 3526 5115 quodlibet

2577 5136 3135 5174 aranmnnlnlinnihnc
3182 5147 3232 5174 nl
3258 5133 3530 5174 inlornicic
