4064 5394
540 280 682 358 tus

1610 283 1965 340 llUMBlﬂRTl
2005 285 2063 339 S.
2109 282 2176 339 η.
2217 282 2279 338 Ε.
2323 282 2740 338 CAIlDl-NALIS

3671 279 3816 335 Ητιῖ

537 397 798 470 quidqnil
827 399 965 466 apud
995 398 1166 453 Deum
1189 407 1242 452 et
1275 398 1521 454 homines
1557 401 1843 456 constabat
1869 399 2126 458 Ecclesia
2155 403 2200 460 Α
2231 407 2374 453 trum
2401 400 2696 455 auctoritas
2721 398 3095 454 sacerdotibus
3137 399 3217 454 sic
3247 399 3480 455 inculcat
3507 416 3519 454 :
3553 416 3570 448 ι
3603 398 3811 454 Docen-

540 500 744 542 sancttc
773 489 903 542 utile
932 499 985 542 et
1017 488 1322 543 honestum.
1355 487 1614 544 lilirantes
1638 491 1779 544 enim
1838 504 2124 560 personas,

545 587 786 646 qumstus
813 593 976 631 causa
1002 617 1017 642 ,
1049 578 1192 632 inter
1221 577 1323 631 alia
1353 593 1448 633 sua
1480 578 1838 635 deliramenta
1885 587 1938 634 et
1987 595 2126 650 pra:-

541 669 722 737 stigia,
751 669 948 740 quibus
985 679 1239 738 tanquam
1265 685 1402 723 novo
1428 671 1657 742 aucupio
1714 670 1958 724 incautos
2015 669 2130 723 illa-

540 771 760 832 queant,
803 761 998 832 patulis
1023 773 1078 816 et
1101 761 1272 816 avidis
1299 762 1520 816 auribus
1569 762 1874 833 principum
1904 755 2133 816 mtth-

541 868 668 909 nam
702 861 1051 922 poestatem,
1098 852 1443 922 maximeque
1465 854 1867 923 imperatoriam
1903 855 2132 923 regiam-

543 960 650 1015 qie
723 943 1020 1013 potentiam
1097 959 1260 1015 supra
1332 943 1549 998 modum
1633 944 2023 1014 magniﬁcam,
2079 952 2134 998 et

543 1037 971 1092 ecclesiasticam
994 1037 1314 1108 dignitatem
1350 1045 1652 1092 attenuant.
1710 1037 1775 1091 Et
1801 1037 1926 1107 quia
1974 1036 2136 1092 vicis-

545 1131 727 1186 s’tudo
754 1141 836 1184 est
865 1130 1108 1184 omnium
1164 1145 1344 1184 rerum
1394 1129 1492 1184 sub
1545 1129 1680 1194 sole,
1736 1139 1795 1182 ut
1847 1127 2135 1196 aliquando

548 1221 853 1291 proticiant,
881 1219 1169 1290 aliquando
1192 1219 1465 1281 deﬁciant.
1489 1221 1786 1275 secundum
1809 1221 2136 1274 exteriorem

549 1313 850 1384 profectum
881 1312 1267 1368 autdel‘ectum
1302 1313 1686 1368 ecclesiasticae
1729 1328 1928 1378 causa),
1975 1311 2139 1366 meri-

549 1412 741 1457 tumet
771 1405 1065 1474 potentiam
1117 1404 1472 1459 sacerdotalis
1519 1403 1799 1472 dignitatis
1843 1407 2134 1468 aestimant,

550 1505 607 1547 ut
631 1496 788 1548 modo
815 1495 886 1558 ei,
911 1495 1055 1549 velut
1093 1494 1250 1560 lunaa,
1279 1495 1450 1550 solem
1497 1494 1787 1558 smeularcs
1840 1501 2138 1562 potestates

546 1597 892 1656 pra-ponant;
921 1588 1099 1650 modo,
1131 1586 1420 1648 velutsoli,
1470 1585 1700 1641 alterum
1753 1583 1924 1640 solem
1974 1598 2140 1654 oppo-

546 1688 719 1742 nant;
751 1679 911 1734 modo
943 1679 1118 1749 (quod
1145 1687 1325 1732 tamen
1357 1677 1635 1733 rarissime
1663 1676 1752 1748 lit)
1808 1677 1862 1732 in
1918 1676 2033 1730 solo
2079 1674 2140 1728 li-

2233 493 2334 545 dus
2355 501 2437 545 est
2465 491 2712 563 pepulus,
2738 506 2842 544 non
2875 491 3202 561 sequendus,
3233 505 3460 559 nosque,
3494 489 3541 544 si
3565 494 3815 544 nesciunt

2230 587 2360 656 quid
2380 586 2561 649 liceat,
2590 585 2788 655 quidve
2822 601 2928 640 non
2960 585 3141 650 liceat,
3176 599 3541 645 cominouere,
3583 599 3689 636 non
3731 583 3816 638 bis

2231 691 2559 732 consensum
2585 675 2828 746 prtebere
2851 674 3129 730 debemus.
3162 694 3179 725 ›
3216 672 3387 728 Porro
3419 675 3486 728 de
3517 673 3739 742 regibus
3761 684 3818 726 et

2231 768 2412 824 sreculi
2441 767 2780 838 principibus
2804 767 2920 822 ait:
2950 783 2969 816 ι
2999 764 3279 834 Principes
3332 763 3512 818 saeculi
3563 778 3820 817 Itottttun-

2233 873 2393 928 quam
2448 857 2588 910 intra
2637 855 2936 910 Ecclesium
2989 854 3272 925 potestatis
3308 855 3515 922 adepta:
3578 852 3822 907 culmina

2235 957 2444 1012 tenent,
2472 958 2530 1002 ut
2557 961 2654 1018 per
2687 946 2934 1003 eamdem
2960 955 3289 1017 potestatem
3337 945 3682 1015 disciplinam
3733 958 3824 998 eo-

2233 1040 2591 1096 clesiasticam
2648 1039 2932 1102 muniant.
2993 1037 3260 1094 Caeterum
3315 1037 3460 1092 intra
3515 1035 3828 1092 Ecclesiam

2233 1138 2530 1202 potestates
2556 1129 2876 1183 necessaria:
2903 1143 3008 1181 non
3036 1136 3238 1191 essent,
3276 1127 3378 1182 nisi
3409 1136 3488 1192 ut,
3538 1127 3685 1195 quod
3718 1139 3829 1178 non

2235 1222 2492 1292 praevalet
2519 1222 2776 1276 sacerdos
2797 1217 3009 1274 elIicere
3029 1233 3128 1287 per
3171 1217 3434 1274 doctrina:
3485 1231 3831 1281 sermonem.

2236 1323 2479 1386 potestas
2505 1313 2608 1366 hoc
2628 1313 2856 1382 imperet
2878 1325 2976 1380 per
3005 1308 3301 1379 disciplinae
3325 1317 3608 1363 terrorem.
3670 1304 3834 1376 Smpe

2236 1421 2336 1477 per
2367 1419 2589 1472 regnum
2628 1413 2902 1458 terrenum
2931 1401 3157 1455 cmleste
3202 1415 3424 1469 regnum
3476 1397 3720 1468 prolicit,
3773 1406 3834 1453 ut

2238 1498 2356 1570 qui,
2385 1499 2525 1554 intra
2552 1495 2849 1550 Ecclesium
2871 1492 3032 1563 positi
3059 1499 3246 1547 contra
3282 1491 3441 1544 iidem
3478 1499 3532 1543 et
3583 1487 3838 1570 discipli-t

2238 1607 2363 1649 nam
2391 1587 2649 1643 Ecclesia:
2675 1594 2863 1654 agunt,
2893 1583 3072 1653 rigore
3100 1581 3408 1652 principum
3448 1587 3835 1641 conteranturl|

2243 1687 2524 1756 ipsamque
2552 1679 2912 1750 disciplinam,
2960 1691 3124 1747 quam
3181 1672 3438 1730 Ecclesia:
3495 1671 3710 1725 utilitas
3752 1670 3839 1726 vel

546 1770 793 1827 Ῑὲθῑίοιιίε
845 1772 1108 1836 nomine.
1169 1770 1319 1826 νειυι
1370 1770 1538 1825 ﬁlium
1588 1770 1750 1840 patri,
1811 1777 2138 1839 snpponanl.
2173 1758 2215 1815 Β
2245 1775 2555 1838 humanitas
2594 1784 2850 1827 exercere
2882 1784 2988 1822 non
3045 1765 3297 1836 praevalet
3329 1805 3342 1828 ,
3401 1762 3709 1819 cervicibus
3754 1777 3840 1814 su-

549 1862 706 1930 Quod
759 1863 990 1932 impurae
1044 1870 1100 1916 et
1146 1860 1404 1931 improbm
1449 1859 1775 1916 adulationis
1827 1857 2140 1926 ﬁgmentum

550 1953 743 2030 debus
766 1953 970 2008 nostris
999 1953 1082 2008 sic
1129 1952 1433 2025 prmvaluit,
1485 1962 1545 2006 ut
1597 1951 1800 2020 aliquid
1831 1949 2140 2018 hujusmodi

546 2049 940 2120 parasitorum,
969 2047 1035 2102 ad
1059 2046 1433 2103 confusionem
1463 2053 1664 2101 sancta:
1687 2043 1945 2099 Ecclesiae
1967 2057 2143 2097 suam-

551 2155 657 2208 que
679 2139 1058 2210 perditionem,
1096 2137 1272 2194 dictus
1302 2138 1586 2207 cpiscOpus
1632 2134 1944 2206 popularem
1995 2132 2144 2186 lavo~

552 2247 668 2288 r.-.n
697 2231 775 2286 sic
797 2231 900 2286 sibi
927 2232 1220 2288 conciliare
1247 2232 1438 2288 solitos
1463 2237 1607 2287 esset
1640 2249 1654 2283 ι
1681 2227 1846 2298 Papa,
1889 2227 2142 2295 inquam,

551 2320 834 2374 Romanus
855 2329 938 2376 est
960 2329 1138 2390 pater,
1169 2322 1467 2393 Imperator
1497 2323 1659 2388 lilius,
1682 2336 1781 2394 ego
1811 2327 1991 2377 autem
2047 2318 2142 2391 qui

553 2411 872 2480 interiisos
903 2412 1038 2466 duos
1059 2413 1326 2478 discurro,
1382 2413 1614 2484 Spiritus
1663 2425 1902 2469 sanctus.
1971 2412 2141 2480 Quam

554 2502 954 2573 blasphemiam
1010 2504 1133 2573 quis
1189 2504 1603 2572 catholicorum,
1653 2519 1720 2559 ne
1744 2505 1920 2558 dicam
1968 2505 2146 2559 decla-

556 2609 733 2659 mare,
762 2595 854 2650 sed
884 2595 967 2650 vel
1005 2596 1276 2664 patienter
1323 2595 1512 2650 audire
1563 2596 1776 2666 potest?
1819 2595 1924 2650 Sed
1971 2609 2146 2651 crecus

557 2684 827 2750 adulator,
864 2687 1074 2756 sibique
1109 2703 1269 2757 supra
1309 2688 1528 2742 modum
1555 2703 1623 2743 ex
1655 2703 1766 2742 sua:
1815 2686 2146 2742 adulationis

557 2774 750 2832 ell‘ectu
784 2777 1025 2848 placens,
1051 2779 1178 2833 dum
1209 2789 1440 2834 conatur
1459 2779 1527 2834 ab
1550 2779 1859 2834 hominibus
1885 2779 2145 2834 mstimari

560 2887 724 2942 supra
760 2873 810 2927 id
840 2874 982 2943 quod
1007 2882 1123 2930 erat
1156 2883 1250 2929 aut
1278 2874 1588 2938 videbatur,
1612 2873 1840 2927 duarum
1865 2873 2145 2927 hmrcseon

557 2965 928 3036 hlaspliemias
955 2966 1251 3020 incurrisse
1289 2966 1654 3020 convincitur.
1715 2963 1817 3018 Ubi
1865 2979 1962 3019 sua
2009 2978 2150 3033 prte-

561 3057 872 3126 sumplione
921 3057 1120 3128 gradus
1175 3057 1228 3112 in
1287 3067 1472 3112 sancta
1525 3057 1791 3112 Trinitate
1844 3056 2146 3121 constituit,

562 3161 822 3220 tanquam
861 3149 1054 3215 Arius;
1102 3159 1158 3205 et
1217 3159 1469 3220 tanquam
1509 3148 1713 3215 Manes,
1774 3163 1831 3204 se
1885 3146 2147 3218 Spiritum
2177 3139 2220 3198 C

561 3251 813 3296 sanctum
836 3255 955 3308 esse
983 3241 1258 3310 professus
1284 3251 1386 3296 est.
1438 3242 1557 3308 Quo
1600 3243 1786 3311 utique
1839 3239 2145 3309 sacrilegio,

564 3333 861 3396 multisque
896 3334 1036 3397 aliis,
1070 3333 1182 3390 Deo
1207 3343 1262 3389 et
1291 3333 1538 3390 fidelibus
1578 3332 1696 3403 ejus
1727 3333 1954 3398 invisus,
2004 3331 2150 3386 velut

568 3423 706 3479 alter
731 3423 894 3478 Jason
921 3439 1146 3494 peregre
1178 3424 1355 3494 periit,
1389 3439 1554 3496 vagus
1579 3432 1634 3479 et
1659 3423 1935 3495 profugus.

637 3515 822 3585 Itaque
848 3517 1156 3586 quicunque
1179 3515 1480 3584 principum
1509 3517 1704 3586 quau-it
1743 3515 1830 3571 hic
1877 3515 1978 3570 sibi
2030 3513 2149 3569 feli-

571 3606 792 3661 ritatem
825 3617 880 3660 et
920 3605 972 3660 in
1021 3605 1202 3661 futuro
1251 3606 1639 3664 beatitudinem
1693 3596 2152 3677 parare,‘caveat

580 3698 777 3753 talibus
797 3699 1161 3768 acquiescere.
1212 3698 1330 3754 Rex
1379 3700 1525 3753 enim
1579 3699 1670 3769 qui
1721 3699 1953 3753 libenter
2001 3697 2153 3752 audit

571 3792 738 3846 Vst‘ba
775 3791 1064 3855 mendacii,
1111 3807 1300 3846 omnes
1337 3791 1615 3850 ministros
1667 3789 1886 3844 habebit
1937 3788 2148 3859 impios.

573 3883 687 3940 Nic
711 3885 943 3938 habeant
969 3883 1166 3940 Christi
1200 3887 1514 3940 sacerdotes
1541 3894 1596 3939 et
1642 3900 1762 3955 quae
1790 3884 1855 3937 ad
1887 3898 1982 3938 eos
2031 3897 2154 3954 per-

573 3977 749 4032 t‘nent
782 3976 886 4031 alio
916 3976 1034 4032 loco
1062 3991 1226 4046 quam
1257 3993 1362 4048 qui
1390 3977 1577 4032 habuit
1599 3976 1864 4032 Maximus
1888 3974 2153 4030 Constan-

573 4069 740 4130 tinus,
765 4067 988 4138 ejusque
1037 4069 1322 4123 orthodoxi
1375 4085 1718 4124 successores
1771 4069 1821 4123 in
1879 4069 2152 4137 imperio,

575 4163 900 4232 sicntpanlo
949 4165 1196 4232 superius
1245 4182 1310 4220 ex
1361 4176 1514 4237 parte
1567 4176 1902 4222 monstratur
1950 4167 2002 4222 in
2049 4169 2152 4224 hoc

579 4253 854 4322 opusculo.
888 4253 1038 4310 Unde
1062 4256 1156 4325 qui
1178 4258 1569 4312 sacerdotalem
1612 4265 1666 4312 et
1697 4257 1930 4330 regalem
1973 4259 2150 4329 digni-

577 4353 748 4398 tatem
797 4345 907 4399 vult
938 4347 1491 4416 irreprehensibiliter
1531 4358 1585 4404 et
1634 4349 1838 4403 utiliter
1879 4348 2149 4415 conferre,

577 4434 724 4488 dicat
757 4437 1114 4494 sacerdotium
1159 4441 1209 4493 in
1265 4442 1515 4510 praesenti
1572 4441 1807 4496 Ecclesia
1861 4441 2148 4496 assimilari

578 4525 807 4590 auium,
841 4543 1062 4597 regnum
1086 4542 1268 4586 autem
1293 4533 1528 4601 corpori,
1585 4533 1713 4600 quia
1753 4532 1981 4587 invicem
2040 4547 2158 4586 sese
2189 4507 2234 4565 ι)

582 4617 834 4690 diligunt,
891 4629 945 4675 et
976 4622 1203 4678 invicem
1266 4639 1386 4679 sese
1433 4625 1695 4694 indigent,
1742 4638 2002 4693 suamque
2054 4624 2158 4678 sibi

581 4725 803 4780 operam
832 4711 1068 4767 vicissim
1117 4715 1341 4786 exigunt
1376 4724 1428 4770 et
1461 4716 1794 4786 impendunt.
1839 4715 1919 4770 Ex
1964 4715 2163 4786 quibus

578 4799 720 4853 sicut
761 4801 1074 4870 prmeminet
1103 4805 1280 4857 anima
1310 4814 1364 4859 et
1390 4806 1632 4876 pnecipit
1683 4806 1918 4874 corpori,
1957 4807 2036 4861 sic
2073 4820 2157 4861 sa,

584 4891 874 4948 cerdotalis
901 4893 1134 4965 dignitas
1162 4897 1352 4968 regali,
1383 4906 1441 4951 ut
1469 4909 1592 4969 puta
1623 4899 1860 4954 cmlestis
1897 4901 2163 4963 terrestri.

585 4981 677 5035 Sic
704 4998 803 5038 nec
834 4995 1183 5054 prrcpostera,
1217 4987 1311 5041 sed
1345 4988 1596 5042 ordinata
1623 5002 1750 5043 sunt
1797 4989 1978 5044 omnia
2009 5005 2024 5044 :
2075 5005 2165 5048 sa-

584 5075 910 5140 cerdotium,
966 5085 1222 5145 tanquam
1261 5077 1462 5141 anima,
1521 5088 1850 5148 prazmoncat
1889 5096 2008 5149 qua:
2038 5090 2165 5142 sunt

582 5165 824 5232 agmnla;
862 5182 1085 5237 regnum
1115 5169 1326 5233 deinde,
1356 5179 1610 5240 tanquam
1633 5181 1816 5242 caput,
1842 5173 1924 5227 sui
1969 5189 2165 5244 corpo-

2241 1871 2530 1942 perborum
2555 1871 2798 1937 potestas
2831 1859 3153 1932 principalis
3176 1859 3446 1928 imponat.
3478 1855 3840 1926 Cognoscant

2242 1962 2518 2036 principes
2553 1956 2736 2014 saeculi
2767 1955 2966 2011 debere
2997 1968 3056 2007 se
3084 1951 3336 2007 'reddere
3392 1949 3669 2004 rationem
3700 1961 3844 2036 pro»

2245 2035 2364 2122 pter
2394 2049 2691 2106 Ecclesiam
2719 2061 2880 2118 quam
2907 2061 2937 2099 a
2963 2042 3183 2100 Christo
3217 2039 3474 2100 tuendam
3498 2035 3840 2104 suscipiunt.

2245 2145 2377 2202 Nam
2410 2144 2525 2198 sive
2551 2147 2812 2212 augeatur
2838 2153 2942 2208 pax
2988 2144 3042 2191 et
3100 2133 3382 2202 disciplina
3433 2127 3700 2184 Ecclesia:
3747 2141 3845 2195 per

2245 2235 2433 2290 lideles
2468 2232 2761 2302 principes,
2797 2231 2913 2284 sive
2943 2227 3207 2292 solvatur,
3237 2226 3326 2280 ille
3354 2223 3422 2278 ab
3450 2223 3533 2276 eis
3567 2221 3845 2275 ratioacm

2243 2323 2547 2401 eaigigqui
2577 2338 2764 2385 eorum
2807 2320 3062 2398 potestati
3088 2326 3334 2380 sanctam
3377 2313 3685 2376 Ecclcsiarn
3726 2325 3845 2369 .crc-

2245 2427 2398 2482 diu‘it.
2444 2445 2463 2477 ι

2825 2513 2908 2568 CA
2920 2511 3052 2568 Pll'l‘
3094 2510 3236 2566 XXll

2246 2631 2324 2686 De
2377 2629 2560 2684 nociva
2618 2625 2980 2681 taciturnitate
3025 2620 3380 2683 sacerdotum,
3422 2625 3470 2671 et
3521 2615 3845 2685 loquacitas

2917 2691 3283 2754 adulatorum.

2319 2795 2539 2851 llaccita
2563 2807 2688 2848 esse
2730 2807 2854 2846 cum
2886 2804 3046 2845 nemo
3073 2786 3510 2842 Christianorum
3559 2781 3847 2836 contrarii?

2247 2903 2372 2944 cere
2401 2886 2619 2949 audeat,
2648 2899 2729 2938 vae
2758 2881 2914 2939 nobis
2967 2879 3344 2936 sacerdotibus
3389 2877 3514 2946 quia
3571 2885 3843 2940 tacemus,

2248 2977 2374 3047 quia
2409 2975 2508 3030 viri
2546 2973 2731 3045 polluti
2765 2971 2925 3027 labiis
2974 2970 3193 3026 sumusl
3252 2967 3309 3022 Si
3357 2967 3504 3020 enim
3554 2964 3845 3020 sanctis-sio.

2251 3086 2373 3124 Inus
2399 3068 2567 3122 Isaias
2591 3065 2938 3137 pollutionem
2970 3061 3236 3118 labiormn
3268 3058 3524 3122 incurrit,
3583 3057 3716 3121 quia
3755 3071 3844 3110 re-

2252 3174 2392 3231 gem,
2418 3156 2753 3214 sacerdotale
2775 3154 3008 3210 ollicinm
3035 3149 3202 3211 semel
3227 3159 3432 3210 tantum
3455 3157 3843 3211 attentantem,

2253 3253 2423 3308 libera
2452 3264 2604 3313 voce,
2633 3249 2777 3303 sicut
2803 3245 2970 3308 Elias,
2995 3259 3101 3298 non
3125 3241 3420 3312 redarguit,
3454 3253 3556 3294 nec
3605 3235 3846 3309 perfecte

2254 3347 2322 3400 ah
2373 3361 2437 3400 ea
2483 3341 2785 3413 pollutione
2828 3337 3071 3410 purgari,
3125 3335 3278 3404 juxta
3323 3333 3467 3389 beati
3520 3330 3845 3400 Hieronymi

2253 3435 2600 3500 sententiam,
2627 3432 2824 3504 potuit,
2845 3432 3016 3486 donec
3043 3427 3338 3484 crudeliter
3357 3434 3539 3481 sectus
3562 3422 3842 3487 occubuit,

2255 3545 2387 3600 rogo
2440 3528 2659 3602 quando
2688 3525 2830 3579 labia
2883 3531 3072 3578 nostra
3123 3519 3551 3581 mundabuntur,
3603 3514 3699 3591 qui
3733 3514 3846 3568 sine

2254 3622 2653 3679 intermissione
2694 3617 2964 3690 principes
3033 3611 3405 3669 ecclesiastica
3445 3615 3843 3680 przesumentes

2253 3731 2360 3776 non
2394 3713 2566 3769 solum
2595 3727 2698 3766 non
2733 3707 3128 3779 redarguimus,
3159 3705 3252 3761 sed
3279 3705 3499 3773 insuper
3519 3699 3842 3756 laudamus?
3902 3709 3904 3711 ‘

2251 3806 2321 3861 Et
2345 3805 2542 3860 talibus
2568 3801 2726 3857 labiis
2755 3799 3038 3855 Dominum
3071 3796 3420 3864 interpellare
3449 3803 3539 3847 aut
3560 3791 3846 3847 nominare

2255 3897 2554 3954 audemus?
2584 3895 2651 3949 Et
2676 3893 2804 3964 quid
2835 3893 2988 3961 juvat
3013 3889 3257 3960 quotidie
3283 3888 3465 3942 dicere
3491 3904 3503 3942 :
3541 3905 3560 3936 ‹
3598 3884 3841 3944 Domine,

2253 3990 2423 4045 libera
2454 3988 2690 4042 animam
2720 4001 2897 4040 meam
2929 3999 2957 4037 a
2988 3981 3146 4036 labiis
3181 3979 3382 4048 iniquis
3405 3986 3461 4032 et
3483 3977 3719 4046 alingua
3755 3975 3840 4027 d0?

2254 4082 2368 4137 losa
2401 4077 2745 4151 (Psal.cxrx,
2785 4076 2874 4144 2);
2908 4094 2926 4127 ι
2982 4082 3036 4129 et
3076 4088 3090 4126 :
3167 4089 3185 4122 ι
3234 4069 3457 4124 Domine
3486 4110 3502 4134 ,
3541 4067 3683 4122 labia
3733 4079 3846 4120 mea

2255 4171 2499 4242 aperies,
2557 4176 2612 4222 et
2659 4183 2724 4222 os
2774 4179 2953 4222 meum
3011 4159 3359 4220 annuntiahit
3407 4156 3624 4211 laudem
3670 4153 3846 4208 tuam?

2255 4261 2428 4332 (Psal.
2459 4279 2510 4326 ι,
2543 4260 2654 4326 l7.)
2693 4277 2710 4308 ι
2746 4256 2934 4312 Nonne
2957 4254 3137 4322 iniqua
3165 4252 3302 4312 labia
3329 4258 3476 4314 sunt,
3506 4264 3628 4318 quae
3652 4246 3849 4316 iniqui-

2257 4364 2422 4408 tatem
2453 4366 2556 4405 non
2587 4355 2841 4419 arguunt,
2867 4345 2951 4400 vel
2979 4360 3100 4414 qua:
3131 4342 3473 4412 iniquitatem
3503 4355 3610 4393 non
3663 4337 3849 4392 det‘eu-

2260 4443 2428 4498 dunt?
2477 4442 2520 4496 Α
2573 4441 2770 4510 quibus
2829 4436 3142 4500 liberari,si
3211 4433 3466 4490 omnibus
3520 4430 3851 4486 Christianis

2261 4534 2528 4591 orandum
2565 4543 2669 4596 est,
2695 4530 2862 4586 multo
2893 4529 3066 4598 magis
3095 4525 3487 4588 sacerdotibus,
3523 4524 3728 4592 quibus
3750 4538 3850 4575 non

2263 4627 2438 4682 snfum
2463 4639 2560 4694 pro
2585 4638 2664 4686 se,
2691 4623 2783 4678 sed
2806 4631 2860 4676 et
2887 4636 2985 4693 pro
3010 4619 3262 4674 omnibus
3285 4615 3521 4670 orationi
3564 4624 3620 4668 et
3661 4611 3855 4684 praedi-

2265 4717 2465 4772 cationi
2492 4714 2852 4770 insistendum
2884 4721 2990 4776 est,
3019 4726 3086 4766 ne
3117 4711 3255 4764 forte
3290 4724 3413 4769 cum
3457 4707 3854 4777 multiplicare-

2269 4811 2378 4864 rint
2405 4807 2738 4871 orationem,
2785 4822 2892 4860 non
2924 4803 3174 4874 expediat
3230 4801 3375 4862 Deus
3421 4799 3646 4870 pollutis
3701 4798 3855 4852 labiis

2267 4917 2455 4957 eorum
2488 4898 2750 4954 oﬂ'ensus.
2780 4895 2892 4952 Lex
2931 4896 3074 4950 enim
3109 4892 3375 4958 veritatis,
3405 4901 3465 4945 ut
3489 4891 3685 4946 beatus
3731 4888 3852 4944 Hie-

2269 5005 2529 5062 ronymus
2565 5004 2728 5059 super
2750 4987 3066 5046 Malachiam
3099 4983 3338 5050 disserit,
3364 4983 3416 5038 in
3440 4996 3536 5038 ore
3558 4980 3854 5038 sacerdotis

2270 5093 2354 5139 est
2381 5081 2625 5141 doctrina
2647 5078 2988 5150 populorum,
3019 5093 3139 5147 quae
3164 5076 3217 5131 in
3267 5075 3556 5132 sacerdote
3585 5074 3738 5132 nullo
3768 5074 3848 5126 dc-

2269 5175 2362 5230 bet
2385 5173 2668 5239 mendacio
2696 5170 2999 5242 deturpari,
3047 5170 3142 5229 sed
3171 5177 3282 5226 tota
3312 5167 3380 5222 de
3409 5167 3666 5227 vet-italis
3716 5163 3858 5219 fonte
