4064 5394
290 287 429 348 ili"?

930 283 1300 341 ADVERSUS
1337 281 1750 344 SIHONIACOS
1788 282 1885 339 ιιι]

2011 283 2212 346 TRES.
2257 316 2322 327 --
2351 281 2555 344 LIBER
2593 287 2918 351 τειιτιυθς

3419 290 3562 346 “73

285 393 1875 470 angelusDominiexercituumest(.llal.n,7).iEtspecula-
1902 400 1950 458 Λ
1979 395 2223 462 rientur,
2273 397 2318 450 si
2376 397 2460 454 vel
2514 393 2779 455 intrantes
2827 388 3231 455 tabernaculum
3291 401 3424 468 Dei,
3477 417 3562 458 vel

289 499 376 553 tor
394 489 555 544 datus
574 504 603 542 a
628 487 858 546 Domino
885 487 1066 542 domui
1083 486 1266 544 Israel.
1289 487 1332 540 Α
1355 485 1509 554 cujus
1523 483 1872 553 ori-require-

289 591 378 644 tur
406 580 653 638 doctrina
681 589 736 636 et
770 579 1096 648 increpatio,
1125 578 1233 634 nisi
1275 578 1684 640 annuntiaverit
1722 575 1875 644 justo

288 689 360 730 ne
407 680 616 742 peccet,
665 681 827 740 atque
881 668 1082 737 injuste
1121 680 1180 723 ut
1226 678 1606 735 convertatur;
1657 669 1877 740 sanguis

288 763 573 826 amborum
595 763 664 822 de
685 776 846 816 manu
879 761 1077 832 lingnm
1099 761 1248 817 illius
1276 761 1608 831 requiratur.

358 853 477 921 Qua
515 853 992 910 animadversione
1039 851 1085 907 si
1135 852 1409 907 feriuntur
1444 851 1586 910 labia
1641 865 1707 906 ex
1760 850 1877 906 solo

286 945 502 1000 silentio
530 945 734 1020 iniqua,
763 961 866 1016 qua
897 954 1059 1015 putas
1089 944 1354 999 ferientur
1384 947 1569 999 dolosa
1598 959 1742 1014 quze,
1768 957 1876 997 non

287 1036 462 1096 solum
504 1037 734 1092 reticent
762 1053 926 1106 quam
978 1037 1257 1107 corripere
1299 1035 1562 1104 jubentur
1620 1036 1881 1106 iniquitao

290 1133 438 1190 tem,
501 1124 596 1179 sed
651 1125 875 1195 insuper
941 1126 1249 1181 mentiendo
1294 1125 1542 1186 laborant
1589 1125 1878 1187 ostendere

285 1216 638 1284 aequitatem?
672 1215 845 1279 Unde,
873 1235 890 1266 ι
914 1213 1006 1271 Vae
1035 1215 1304 1284 vobis-qui
1340 1215 1522 1270 dicitis
1546 1215 1744 1270 bonum
1771 1230 1879 1268 ma-

288 1305 424 1371 lum,
447 1317 506 1361 et
528 1307 730 1368 malum
760 1307 989 1372 bonum,
1020 1317 1284 1377 ponentes
1315 1308 1572 1361 tenebras
1598 1290 1796 1370 lucem,
1824 1311 1880 1360 et

291 1393 464 1450 lucem
497 1397 778 1461 tenebras,
829 1405 1093 1465 ponentes
1124 1411 1370 1454 amarum
1419 1394 1577 1450 dulce
1622 1403 1677 1450 et
1722 1393 1880 1449 dulce

288 1497 558 1547 amarum.
589 1485 679 1540 Va:
704 1487 793 1557 qui
828 1485 1107 1556 sapientes
1132 1486 1264 1541 estis
1285 1487 1338 1539 in
1378 1486 1552 1547 oculis
1580 1487 1800 1549 vestris.
1825 1494 1881 1541 et

289 1589 476 1633 coram
508 1577 912 1648 vobismetipsis
939 1579 1272 1648 prudentes:
1303 1575 1395 1645 qui
1439 1574 1752 1645 justificatis
1779 1576 1881 1629 im.

287 1667 436 1738 pimn
462 1682 563 1738 pro
592 1668 933 1732 muneribus,
963 1675 1018 1721 et
1058 1665 1326 1735 justitiam
1371 1666 1504 1736 justi
1537 1665 1766 1720 aufertis
1809 1665 1880 1722 ab

1975 495 2236 545 exeuntes
2253 486 2321 540 de
2346 502 2404 542 se
2428 489 2662 548 sonitum
2690 506 2796 545 non
2830 492 3177 546 reddiderint.
3206 491 3565 550 Nihilominus

1978 578 2210 634 ministri
2240 578 2436 637 diaboli
2479 583 2702 657 parasiti
2733 593 2787 640 et
2817 585 3139 655 ventriloqui
3159 627 3173 649 ,
3224 586 3568 655 maximeque

1975 671 2188 724 erronei
2215 670 2394 726 clerici
2420 672 2669 727 desinant
2697 674 2994 745 majoribus
3018 676 3102 732 vel
3128 677 3430 734 minoribus
3453 677 3567 732 suis

1977 762 2213 831 placere,
2227 764 2354 820 dum
2373 761 2556 818 favent
2571 763 2726 819 malis
2745 774 2798 818 et
2820 767 3112 821 detrahunt
3133 768 3306 822 bonis.
3323 769 3398 822 Illi
3421 768 3567 838 loqul

1979 863 2328 924 praesumant,
2372 855 2458 909 isti
2487 865 2666 914 tacere
2694 858 2924 912 discant.
2963 859 3214 928 Alioquin
3252 879 3272 912 ι
3304 861 3568 916 desolahit

1980 945 2237 1000 Dominus
2281 945 2521 1016 linguam
2565 947 2732 1001 maris
2780 945 3000 1018 Egypti
3046 933 3202 1020 (lani.
3241 967 3322 1015 ιι,
3365 952 3473 1022 l5).
3513 962 3568 1007 et

1978 1047 2137 1092 erunt
2157 1038 2249 1107 qui
2277 1038 2588 1100 beatificant
2617 1039 2954 1099 seducentcs.
2987 1052 3040 1095 et
3069 1043 3165 1110 qui
3189 1043 3570 1098 beatificautur

1977 1129 2296 1198 praecipitati
2344 1128 2501 1195 (lsai.
2546 1145 2622 1196 Ix,
2669 1131 2773 1201 l6).
2819 1151 2839 1185 ι
2883 1131 3122 1199 Quorum
3171 1135 3466 1202 nequitiam
3516 1145 3572 1188 ct

1979 1234 2194 1290 pmuam
2226 1219 2509 1276 Psalmista
2549 1221 2603 1275 in
2647 1229 3050 1292 transgressore.
3096 1224 3302 1293 psalqu
3333 1225 3568 1289 iutimat,

1979 1311 2203 1366 dicens:
2240 1328 2259 1374 ς
2301 1309 2447 1364 Vana
2484 1310 2644 1365 locuti
2691 1321 2817 1371 sunt
2863 1314 3234 1384 unusquisque
3273 1315 3340 1369 ad
3385 1317 3563 1385 proxi.

1980 1419 2126 1458 mum
2157 1418 2337 1465 suum,
2365 1402 2507 1456 labia
2537 1402 2719 1456 dolosa
2753 1405 2805 1457 in
2837 1404 2997 1457 corde
3023 1416 3076 1460 et
3107 1423 3203 1460 ore
3231 1406 3393 1461 locuti
3425 1416 3569 1461 sunt.

1983 1496 2266 1565 Disperdat
2296 1496 2552 1550 Dominus
2587 1495 2837 1550 universa
2870 1496 3004 1549 labia
3036 1498 3218 1551 dolosa
3245 1509 3300 1552 et
3332 1499 3572 1568 linguam

1981 1587 2404 1656 magniloqnam.
2431 1585 2531 1652 Qui
2561 1587 2814 1641 dixerunt
2845 1605 2858 1639 :
2891 1587 3156 1657 Linguam
3186 1599 3425 1649 nostram
3454 1605 3572 1642 ma-

1983 1678 2379 1750 gniﬁcabimus,
2419 1677 2554 1732 labia
2595 1689 2778 1732 nostra
2815 1694 2842 1730 a
2874 1679 3030 1732 nobis
3055 1689 3200 1743 sunt,
3241 1681 3361 1748 quis
3392 1690 3576 1733 noster

289 1773 354 1819 ea
387 1759 527 1832 (Im.
553 1776 607 1825 v,
633 1759 726 1823 ‘20,
752 1759 868 1830 25).
903 1777 924 1810 ι
967 1757 1070 1826 Qui
1093 1759 1262 1832 enim,
1286 1767 1344 1812 ut
1369 1759 1444 1812 ait
1472 1756 1754 1819 Salomon,
1794 1756 1873 1811 di-

1987 1771 2236 1824 Dontinus
2254 1769 2370 1824 est?
2401 1769 2573 1836 (f’sal.
2601 1786 2676 1834 ιι,
2708 1770 2741 1824 5
2774 1769 2850 1837 5.)
2876 1789 2892 1821 ι
2927 1770 3076 1825 Sicut
3099 1787 3228 1842 ergo
3261 1772 3582 1827 maledictus

293 1857 368 1916 cit
403 1857 570 1925 impio
606 1874 620 1910 :
651 1854 839 1915 Iustus
868 1870 950 1920 es,
1008 1853 1337 1912 maledicent
1373 1853 1420 1907 ei
1458 1852 1658 1922 populi,
1688 1859 1742 1906 et
1781 1852 1876 1906 de-

293 1948 648 2008 testabuutur
676 1962 799 2004 eum
849 1949 1044 2003 tribus.
1103 1947 1250 2016 Quos
1309 1950 1571 2020 propheta
1613 1948 1882 2004 cavendus

292 2038 639 2101 denuntians,
673 2039 786 2093 ait:
824 2057 841 2089 ι
863 2038 1066 2109 Popule
1087 2055 1264 2107 meus,
1297 2041 1388 2110 qui
1425 2041 1643 2095 beatum
1703 2049 1754 2098 te
1806 2041 1885 2094 di~

293 2142 442 2196 cunt,
469 2132 566 2203 ipsi
605 2143 655 2186 te
679 2132 980 2203 decipiunt,
1029 2143 1086 2188 et
1139 2136 1282 2189 viam
1331 2149 1615 2206 gressuum
1665 2143 1883 2188 tuorum

293 2225 580 2295 dissipant,
610 2225 731 2290 Stal
752 2225 817 2284 ad
841 2226 1194 2298 judicandum
1229 2227 1510 2289 Dominus,
1553 2235 1610 2282 et
1657 2233 1766 2281 stat
1814 2226 1882 2279 ad

289 2313 636 2382 iudicandum
669 2315 913 2386 populos.
968 2316 1228 2372 Dominus
1261 2318 1327 2372 ad
1371 2316 1635 2383 judicium
1689 2316 1872 2379 veniet

294 2421 420 2463 cum
467 2408 691 2462 senibus
735 2408 916 2478 populi
972 2410 1053 2465 sui
1105 2419 1160 2465 et
1203 2410 1538 2481 principibus
1591 2410 1730 2480 ejus.
1776 2407 1887 2462 Vos

293 2499 437 2553 enim
465 2501 675 2569 depaSti
703 2502 836 2556 estis
862 2502 1074 2556 vineam
1101 2518 1298 2569 meam,
1329 2513 1384 2558 et
1415 2503 1605 2572 rapina
1632 2502 1888 2573 pauperis

295 2589 351 2648 in
379 2589 540 2644 domo
570 2601 747 2645 vestra
795 2591 930 2662 (Isa.
963 2608 1044 2657 ιιι,
1071 2593 1302 2664 12-“).
1337 2613 1356 2645 ι
1407 2592 1559 2664 Quod
1617 2592 1885 2662 nequissi-

296 2697 448 2746 mum
471 2681 798 2746 adulationis
828 2685 1019 2738 vitium
1076 2700 1298 2740 necesse
1345 2695 1430 2740 est
1478 2695 1628 2740 tanto
1678 2687 1888 2740 animo-

295 2773 412 2827 sius
443 2772 799 2839 iusectemur,
825 2785 1033 2844 quanto
1073 2776 1436 2845 perniciosius
1456 2777 1707 2831 erunibus
1754 2791 1890 2846 pene

296 2863 446 2926 vitiis
475 2863 849 2934 intelligimus.
875 2866 1056 2936 Ipsum
1088 2868 1232 2923 enim
1263 2868 1660 2928 sacerdotalem
1695 2877 1888 2929 aucto-

299 2957 541 3020 ritatem,
593 2957 768 3027 ipsum
807 2960 1039 3030 regalem
1095 2971 1418 3032 potestatem
1450 2973 1506 3018 et
1569 2963 1888 3017 modestiam

299 3045 558 3111 destruit,
617 3047 816 3117 ipsum,
854 3065 921 3104 ne
959 3049 1068 3105 Deo
1099 3060 1152 3104 et
1181 3050 1496 3106 hominibus
1545 3052 1724 3106 debita
1770 3053 1891 3108 red-

1980 1861 2073 1931 qui
2105 1860 2353 1931 prohibet
2383 1859 2618 1928 gladium
2655 1876 2814 1915 suum
2841 1878 2873 1915 a
2907 1861 3190 1931 sanguine,
3225 1863 3303 1916 sic
3331 1872 3383 1916 et
3415 1878 3494 1916 va:
3523 1861 3580 1923 ei

1980 1955 2073 2024 qni
2127 1953 2291 2008 lactat
2326 1953 2560 2008 amicum
2606 1957 2792 2014 suum.
2841 1964 2896 2008 et
2929 1954 3076 2007 ducit
3122 1954 3206 2006 via
3256 1968 3360 2006 non
3399 1954 3576 2007 bona!

1983 2043 2344 2113 Quapropter,
2387 2043 2710 2098 admonente
2754 2045 3040 2114 propheta,
3074 2044 3250 2114 lingua
3295 2041 3580 2096 halborum

1982 2136 2243 2190 velociter
2286 2135 2536 2204 loquatur
2580 2133 2738 2202 (lsai.
2769 2150 2943 2199 χχιιι,
2974 2136 3065 2204 4);
3107 2143 3161 2188 et
3208 2133 3370 2205 plane
3416 2144 3586 2202 atque

1984 2241 2076 2280 cor
2115 2225 2338 2286 stultum
2387 2226 2650 2294 intelligat
2695 2226 3008 2292 scientiam,
3041 2234 3096 2280 et
3137 2225 3473 2282 mutilatores
3501 2226 3576 2278 di-

1985 2326 2140 2371 scan!
2167 2317 2357 2385 legem,
2388 2332 2454 2370 ne
2486 2314 2622 2369 forte
2649 2315 2749 2378 illi,
2777 2317 2918 2384 quod
2947 2315 3117 2370 absit!
3155 2315 3427 2377 divisioni,
3457 2329 3582 2384 qua‘,

1987 2408 2041 2462 in
2091 2407 2254 2461 Deum
2305 2423 2412 2460 non
2463 2407 2630 2471 cadit,
2683 2407 2908 2460 tacendo
2942 2405 3366 2467 consentientes,
3405 2414 3457 2459 et
3493 2405 3581 2458 isti

1989 2501 2257 2555 adulando
2290 2500 2601 2554 insistentes
2635 2507 2689 2552 et
2721 2498 2982 2558 faventes,
3017 2514 3046 2552 a
3081 2500 3190 2552 Deo
3219 2508 3276 2552 ut
3312 2498 3584 2552 schismac

1991 2592 2080 2645 tiri
2112 2600 2165 2643 et
2187 2590 2423 2644 hmretici
2453 2589 2763 2644 dividantur
2787 2589 3008 2658 pariter.
3035 2587 3410 2643 lndubitanter
3432 2588 3583 2640 enim

1987 2683 2225 2738 schisma
2257 2682 2340 2736 vel
2374 2682 2596 2736 haeresis
2639 2691 2722 2735 est
2755 2683 2919 2736 Deum
2963 2690 3019 2736 et
3066 2697 3194 2735 suos
3240 2681 3309 2735 ab
3352 2679 3616 2734 invicem‘

1989 2778 2174 2832 conari
2217 2775 2481 2838 dividere,
2527 2774 2687 2829 beato
2729 2773 2897 2829 Paulo
2935 2773 3233 2828 Corinthiis
3275 2773 3354 2826 sic
3405 2781 3585 2841 prote-

1992 2878 2170 2924 stante
2201 2886 2214 2920 :
2253 2887 2271 2918 ι
2310 2867 2551 2923 Obsecro
2577 2882 2694 2930 vos,
2745 2868 2962 2929 fratres,
3000 2882 3100 2936 per
3143 2881 3337 2920 nomen
3372 2863 3584 2918 Domini

1994 2962 2160 3016 nostri
2189 2959 2314 3015 Jesu
2342 2959 2572 3024 Christi,
2597 2970 2658 3014 ut
2682 2960 2912 3028 idipsum
2937 2958 3133 3012 dicatis
3158 2972 3367 3018 omnes.
3394 2964 3449 3010 et
3479 2971 3585 3009 non

1995 3052 2104 3106 sint
2133 3051 2185 3104 in
2229 3049 2380 3104 vobis
2409 3050 2721 3103 schismata.
2763 3047 2897 3103 Sitis
2930 3057 3110 3101 autem
3144 3046 3364 3117 perfecti
3407 3046 3459 3100 in
3492 3061 3588 3100 eo-

299 3135 519 3203 dantur,
559 3137 747 3210 fasque
784 3140 1048 3210 nefasque
1072 3141 1376 3198 confundit.
1402 3142 1666 3198 Adulator
1688 3144 1887 3214 quippe
1914 3129 1959 3192 C
1991 3143 2113 3198 dem
2161 3156 2325 3198 sensu
2368 3149 2422 3196 et
2459 3140 2512 3195 in
2539 3141 2728 3194 eadem
2753 3139 3022 3194 scientia.
3076 3138 3454 3208 Signiﬁcattuu
3500 3145 3616 3202 est,

301 3227 530 3296 blandus
553 3232 810 3288 inimicus
835 3242 940 3296 est,
959 3233 1211 3303 perjurus
1259 3236 1617 3306 principibus.
1667 3237 1886 3307 quibus,

301 3320 885 3390 contrajusjuranalum
911 3340 1091 3389 suum,
1122 3325 1352 3380 inﬁdelis
1375 3336 1475 3388 est,
1521 3343 1646 3382 cum
1677 3327 1759 3382 eis
1795 3335 1892 3381 aut

303 3411 442 3466 mala
471 3427 632 3483 agere
656 3415 866 3478 suadet,
898 3424 1130 3471 autacta
1185 3416 1429 3486 improbo
1480 3417 1665 3473 favore
1712 3417 1893 3484 elfert,

302 3516 361 3566 ut
376 3505 775 3573 impmnitentes
797 3507 938 3560 viatn
960 3507 1059 3562 sibi
1084 3507 1135 3562 in
1159 3504 1341 3563 futuro
1362 3508 1745 3574 thesaurizeut,
1767 3525 1892 3578 per-

301 3599 698 3665 niciosissimus
722 3602 951 3672 populis,
977 3618 1118 3672 quos
1169 3618 1270 3660 nec
1318 3619 1510 3674 sapere
1564 3619 1665 3660 nec
1705 3604 1897 3674 resipi-

302 3705 454 3746 scere
482 3692 772 3764 permittit,
804 3693 1014 3750 invisus
1046 3694 1177 3759 Deo,
1235 3705 1426 3750 contra
1481 3711 1644 3764 quem
1701 3693 1893 3750 ellicax

304 3781 520 3851 adjutor
546 3784 740 3840 diaboli
772 3801 801 3839 a
828 3786 986 3841 bonis
1015 3801 1302 3851 revocare,
1333 3797 1389 3842 et
1417 3788 1482 3841 ad
1525 3788 1666 3842 mala
1697 3804 1898 3858 provo-

303 3887 431 3929 care
477 3873 726 3930 homines
776 3875 1000 3931 insistit.
1066 3876 1218 3933 Unde
1262 3876 1591 3934 venerabilis
1637 3879 1898 3950 Prosper,

303 3979 463 4034 prosa
502 3975 784 4036 metroque
813 3968 1068 4032 eximius,
1093 3969 1170 4023 ait
1217 3970 1283 4024 de
1343 3969 1540 4024 talibus
1572 3987 1586 4024 :
1617 3989 1633 4020 ι
1659 3971 1894 4026 ΑιΙυΙιιην

305 4057 437 4116 tium
462 4058 655 4131 lingua:
678 4059 904 4130 alligant
930 4063 1144 4117 animas
1193 4061 1247 4116 in
1303 4063 1564 4132 peccatis.
1616 4063 1898 4118 Delectan-

306 4158 394 4202 tur
425 4149 569 4204 enim
597 4165 661 4206 ea
698 4149 881 4214 facere
913 4153 964 4205 in
991 4153 1188 4220 quibus
1211 4167 1318 4206 non
1361 4154 1534 4207 solum
1564 4169 1671 4207 non
1701 4153 1897 4208 metui-

307 4251 394 4296 tur
423 4243 800 4311 reprehensor.
827 4245 922 4299 sed
953 4246 1115 4300 etiam
1139 4245 1390 4301 laudator
1407 4246 1650 4300 auditur.
1675 4264 1694 4299 ι
1729 4245 1896 4319 Cujus

307 4336 431 4394 inde
456 4337 790 4408 epigramma
825 4338 930 4392 tale
954 4347 1040 4393 est
1066 4357 1079 4392 :

371 4468 560 4535 Lingua
586 4473 876 4535 assentatrix
904 4472 1072 4522 vitium
1098 4473 1342 4535 peccantis
1367 4479 1583 4535 acervat,

436 4533 494 4596 Et
518 4534 814 4596 delectatum
839 4538 1062 4596 trimine,
1094 4534 1170 4583 lau
1191 4542 1237 4582 le
1265 4534 1396 4594 ligat.

371 4593 512 4658 Nulla
543 4602 604 4644 sit
629 4604 678 4641 ut
706 4595 834 4656 lapso
862 4593 1148 4658 reparanda;
1173 4611 1286 4645 aura
1305 4593 1504 4656 salutis,

437 4656 690 4704 Βῑτιιιόιῐιιι⁵
713 4658 841 4705 sonti
862 4656 976 4706 dunt
1013 4660 1326 4706 malesuadus
1353 4661 1523 4707 honor.

370 4717 546 4767 Libera
569 4721 635 4768 sit
659 4723 820 4780 potius
852 4735 942 4766 vox
973 4725 1272 4776 correptoris
1299 4722 1460 4776 amici.

434 4780 653 4839 Serpere
680 4795 771 4830 nec
795 4781 925 4829 libris
946 4795 1072 4831 arca
1107 4794 1296 4830 venena
1321 4783 1459 4831 sinat.

370 4841 475 4905 Nec
498 4845 710 4892 credens
735 4845 912 4894 Iuediri
943 4845 1105 4892 verbis
1126 4843 1372 4891 fallacibus
1395 4856 1555 4905 :eger,

435 4903 591 4956 Noxia
621 4906 828 4956 laudatae
861 4907 1063 4955 vulnera
1093 4914 1244 4968 pe'lts
1275 4913 1426 4954 amet.

887 5009 1114 5067 CAPUT
1156 5010 1336 5070 XXIII.

1990 3238 2138 3294 enim
2181 3237 2312 3291 mihi
2349 3236 2414 3290 de
2457 3235 2631 3298 vobis,
2681 3233 2874 3287 fratres
2918 3233 3046 3296 mei,
3083 3232 3152 3285 ab
3195 3232 3278 3286 his
3321 3229 3411 3299 qui
3458 3238 3587 3284 sunt

1991 3329 2211 3392 Chloes,
2235 3329 2360 3398 quia
2385 3327 2762 3382 contentiones
2787 3325 3054 3379 inter.vos
3083 3332 3228 3376 sunt.
3261 3322 3374 3376 Hoc
3401 3330 3585 3376 autem

1993 3422 2134 3485 dico.
2179 3418 2320 3490 quod
2345 3417 2719 3488 unusquisque
2756 3426 2991 3470 vestrum
3016 3415 3151 3470 dicit
3179 3432 3194 3466 :
3229 3414 3338 3482 Ego
3367 3411 3585 3482 quidem

1991 3527 2112 3569 sum
2143 3511 2314 3576 Pauli,
2344 3525 2444 3580 ego
2479 3517 2659 3582 autem
2696 3506 2907 3578 Apollo,
2948 3523 3048 3579 ego
3077 3521 3207 3560 vero
3236 3505 3451 3574 Cephae,
3483 3518 3588 3574 ego

1992 3614 2170 3660 autem
2191 3603 2412 3658 Christi.
2429 3602 2641 3657 Dirisus
2661 3601 3038 3658 cstChristus?
3061 3621 3078 3653 ι
3103 3598 3156 3673 (Ι
3173 3597 3297 3653 Cor.
3319 3616 3358 3664 t,
3379 3588 3587 3666 1045.)

1995 3697 2356 3753 Subauditur:
2389 3697 2633 3752 minime.

2069 3792 2241 3846 Aliter
2261 3791 2404 3845 enim
2430 3790 2515 3844 illa
2538 3788 2657 3858 ejus
2679 3788 2872 3853 oratio,
2897 3787 3040 3856 quod
3063 3785 3230 3840 absit!
3257 3784 3590 3838 infructuosa

1996 3885 2121 3948 erit,
2151 3901 2313 3955 quam
2362 3884 2474 3938 Deo
2512 3883 2663 3937 Patri
2715 3881 2779 3936 ad
2830 3881 3132 3950 passionem
3167 3879 3282 3931 iens
3312 3878 3465 3938 fudit,
3499 3877 3588 3930 uhi

1995 3977 2139 4031 inter
2171 3976 2274 4030 alia
2311 3975 2444 4036 suis,
2479 3973 2714 4026 maxime
2749 3983 2801 4025 ut
2835 3987 2998 4024 uumn
3036 3978 3219 4025 essent
3263 3970 3314 4023 in
3356 3969 3465 4034 illo,
3497 3969 3591 4024 dc-

1997 4067 2256 4135 poscebat
2284 4065 2469 4119 dicens
2498 4083 2511 4117 :
2550 4084 2566 4114 ι
2598 4063 2709 4131 Ego
2736 4063 2854 4116 dedi
2895 4063 2976 4116 eis
3005 4078 3308 4116 sermonem
3341 4069 3513 4123 tuum,
3539 4070 3596 4113 et

2000 4157 2234 4213 mundus
2261 4172 2356 4211 cos
2381 4156 2507 4210 odio
2549 4154 2760 4216 habuit,
2803 4153 2928 4223 quia
2963 4169 3065 4206 non
3099 4161 3225 4206 sunt
3271 4153 3336 4205 de
3368 4150 3590 4215 mundo,

1999 4249 2141 4305 sicut
2165 4259 2219 4305 et
2245 4265 2347 4319 ego
2377 4266 2482 4304 non
2513 4265 2631 4304 sum
2663 4248 2730 4302 de
2769 4247 2992 4302 ntundo.
3030 4245 3147 4300 Non
3188 4260 3318 4317 rogo
3343 4253 3402 4299 ut
3434 4244 3593 4299 tollas

2000 4356 2094 4398 eos
2120 4343 2186 4395 de
2214 4341 2435 4405 mundo,
2463 4341 2556 4395 sed
2585 4349 2642 4393 ut
2668 4355 2854 4394 serves
2883 4355 2978 4394 eos
2999 4354 3067 4394 ex
3093 4337 3255 4392 malo.
3290 4339 3363 4391 De
3396 4333 3596 4390 nmudo

2001 4451 2107 4489 non
2133 4442 2274 4495 sunt,
2305 4432 2444 4487 sicut
2471 4441 2524 4486 ct
2551 4446 2651 4509 ego
2676 4448 2780 4485 non
2807 4447 2928 4484 sum
2960 4431 3026 4485 de
3054 4429 3277 4485 tnundo.
3303 4427 3594 4482 Sauclitica

1921 4502 2093 4580 θεοῦ
2121 4525 2171 4578 in
2209 4525 2468 4586 veritate;
2502 4539 2680 4577 sermo
2715 4531 2837 4576 tuus
2860 4521 3061 4575 veritas
3087 4529 3190 4574 est.
3233 4519 3386 4573 Sicut
3416 4529 3471 4571 tu
3510 4534 3598 4570 Iro

2001 4619 2198 4672 misisti
2230 4610 2593 4678 in'tnutulum,
2625 4626 2680 4670 et
2710 4631 2810 4685 ego
2847 4615 2966 4669 misi
2999 4629 3091 4668 eos
3127 4613 3180 4666 in
3219 4610 3508 4670 mumlum;
3541 4618 3598 4666 et,

2001 4727 2100 4780 pro
2127 4712 2205 4766 eis
2233 4726 2332 4780 ego
2363 4710 2644 4764 sanctifico
2689 4709 2980 4778 tueipsum,
3010 4717 3064 4760 ut
3094 4705 3201 4758 sint
3232 4712 3285 4756 et
3333 4700 3431 4768 ipsi
3477 4716 3600 4751 sau-

2003 4799 2221 4855 ctificati
2256 4802 2306 4853 in
2336 4801 2584 4853 veritate.
2613 4799 2727 4852 Non
2754 4814 2851 4867 pro
2877 4798 2961 4852 his
2992 4804 3171 4850 autem
3201 4806 3334 4859 rogo
3366 4797 3599 4853 tantum,

2007 4892 2100 4947 sed
2127 4902 2182 4946 et
2209 4905 2306 4960 pro
2332 4890 2412 4944 eis
2439 4889 2530 4958 qui
2559 4887 2817 4942 credituri
2863 4895 2989 4942 sunt
3032 4901 3128 4954 per
3155 4883 3380 4938 verbum
3414 4892 3603 4932 eorum

2014 4988 2066 5043 iu
2096 5003 2202 5049 me,
2231 4993 2289 5038 nt
2313 4995 2505 5036 omnes
2536 4995 2700 5034 unmn
2739 4980 2869 5044 sint,
2903 4979 3041 5034 sicut
3073 4984 3126 5029 tu
3164 4976 3331 5032 Pater
3357 4970 3411 5023 in
3439 4982 3525 5020 me
3555 4975 3602 5024 c'

2013 5095 2114 5130 eoo
2143 5079 2198 5128 in
2230 5089 2304 5128 te.
2338 5083 2396 5128 ut
2423 5083 2479 5128 et
2509 5071 2610 5128 insi
2641 5071 2696 5126 in
2731 5071 2890 5127 nobis
2918 5085 3084 5126 unutn
3114 5070 3246 5128 sint.
3284 5072 3345 5119 tt!
3378 5060 3612 5119 munda}
