4064 5394
483 215 620 278 H79

1487 265 1495 273 .
1531 212 1896 271 ιιωιΒΕιιτι
1931 212 1990 268 S.
2033 210 2099 265 ιι.
2131 209 2195 267 E‘.
2235 209 2654 268 ρΑιιυιΝΑως

3615 211 3752 270 1180

479 325 763 398 Patre,qui
782 333 988 383 tantum
1004 326 1145 384 Deus
1161 334 1263 391 est,
1279 325 1900 394 tiiedianteChristu,qui
1919 325 2058 379 Deus
2089 326 2135 387 Α
2162 322 2306 393 quis,
2332 331 2426 378 aut
2453 321 2781 379 sensibiliter
2804 322 2872 377 ab
2903 319 3008 378 illis
3026 296 3366 393 haparabile'
3389 321 3624 380 inveuin
3651 339 3754 395 po—

479 432 534 478 et
561 422 722 477 homo
745 429 860 486 est,
884 420 1023 476 sicut
1043 419 1286 490 ipseait:
1324 437 1343 472 ι
1377 418 1491 492 Ego
1519 419 1582 474 in
1601 418 1684 475 eis
1710 426 1767 473 et
1795 426 1848 472 tu
1875 417 1929 471 in
1959 431 2064 482 me,

479 521 540 580 ut
588 512 699 567 sint
725 512 1086 570 consummati
1117 512 1171 567 in
1199 527 1364 568 unum
1395 511 1577 582 (Joan.
1620 526 1756 578 xvtt,
1789 509 2003 575 14-25).
2041 526 2064 561 ι

479 602 609 670 Quae
641 611 826 659 tamen.
852 603 1124 660 mirabilis.
1140 613 1197 660 et
1226 603 1597 661 desiderabilis
1623 603 1803 658 unitas
1825 600 1931 668 illi,
1952 610 2068 656 tan.-

478 711 641 765 quam
673 695 982 767 Unigenito.
1019 705 1212 752 natura
1243 696 1496 762 debetur,
1530 697 1768 762 homini,
1808 707 2065 767 tanquam

477 787 751 856 adoptivo,
780 787 895 843 sola
938 789 1111 858 graiia
1138 790 1429 859 praebetur.
1464 789 1706 859 Denique
1733 798 1791 844 ut
1819 789 2068 845 Christus

477 877 636 936 lesus
682 880 796 934 Deo
838 888 892 933 et
942 880 1154 934 homini"
1195 880 1476 946 nniendis,
1527 879 1670 936 sicut
1721 881 2067 949 singulariter

477 972 654 1028 ﬁdelis
691 971 986 1038 mediator,
1019 973 1282 1028 ambobus
1318 981 1562 1042 apparet,
1604 987 1716 1027 suae
1749 982 1956 1027 natura:
1985 974 2066 1029 di-

476 1061 616 1115 vinae
640 1069 694 1116 et
719 1061 1014 1124 sanctitati,
1039 1062 1236 1131 quibus
1261 1061 1368 1116 Deo
1395 1062 1748 1132 congruebat,
1772 1063 2063 1118 humanam

476 1161 726 1207 naturam
772 1163 828 1208 et
870 1154 1388 1219 sanctiﬁcationem,
1437 1170 1541 1224 qua
1589 1162 1807 1210 sanctus
1849 1163 1906 1210 et
1949 1155 2066 1211 sine

475 1253 701 1313 peccato
730 1254 888 1304 natus
916 1255 1030 1311 est,
1061 1246 1258 1311 uni-vit,
1290 1255 1350 1300 ut
1387 1261 1453 1301 ex
1486 1261 1589 1300 una
1621 1245 1824 1301 homini
1855 1247 1907 1300 in
1939 1261 2066 1316 pec-

475 1335 614 1389 catis
655 1346 917 1405 concepto
958 1338 1036 1393 sic
1079 1348 1403 1408 congrueret
1447 1347 1504 1392 ut
1532 1338 1869 1406 consuleret»,
1900 1349 2063 1410 atque

474 1439 539 1478 ex
572 1424 741 1479 altera
771 1426 851 1481 sic
889 1427 1201 1484 subveniret
1243 1438 1298 1484 ut
1333 1429 1818 1484 sanctiﬁcationem
1849 1445 2062 1499 quoque

474 1515 742 1584 perditam
806 1518 1140 1577 restitueret.
1197 1519 1327 1586 Quae
1386 1521 1744 1576 sanctiﬁcatio
1799 1522 2059 1590 Virginis,

475 1621 633 1666 terrae
678 1611 794 1666 ﬁlio
832 1613 1090 1668 divinitus
1135 1614 1328 1668 collata
1375 1623 1430 1670 et
1478 1615 1758 1670 diabolica:
1803 1615 2058 1684 potestati

2168 415 2316 472 terit.
2359 415 2487 472 Sive
2532 416 2677 472 enim
2720 430 3063 484 mensuram,
3107 416 3222 472 sive
3267 431 3590 484 numerum,
3637 419 3755 476 sive

2166 507 2378 577 pondus
2417 506 2472 562 in
2505 505 2836 576 quibuslibet
2879 506 3123 578 corporis
3163 506 3374 563 naturis
3416 508 3752 574 consideres,

2167 595 2379 664 pariter-
2406 603 2461 650 et
2501 595 2936 666 inseparabiliter
2985 596 3052 650 in.
3079 595 3194 666 ipsa
3237 597 3341 652 tria
3381 598 3552 661 nasci,
3610 613 3753 662 esse,

2166 698 2443 750 crescere,
2465 685 2814 751 decrescere,
2836 694 2893 738 et
2920 685 3142 740 interire
3163 687 3326 742 etiam
3349 688 3604 743 sensibus
3633 704 3759 742 cor-

2167 775 2313 844 poris
2341 774 2560 830 senties.
2593 773 2724 841 Quae
2759 774 3114 830 nihilominus
3151 776 3205 831 in
3232 779 3509 848 corporeis
3535 788 3757 833 creatu-

2166 868 2264 932 tzis,
2306 867 2351 934 si
2399 869 2829 933 animadvertas,
2885 868 3174 938 intelliges.
3223 869 3436 926 Habent
3482 871 3755 940 siquidem

2165 976 2476 1030 mensuram
2502 962 2800 1032 quaetiam
2831 961 3378 1026 circumscribuntur,
3407 964 3620 1033 pondus
3649 977 3756 1016 me

2165 1053 2424 1116 riturum,
2475 1066 2756 1106 numerum
2807 1052 3096 1108 aliectuum
3145 1054 3500 1110 diversm'um.
3547 1054 3757 1124 Nempe

2164 1144 2615 1199 utmcntbrorum
2658 1145 2742 1199 vel
2781 1146 3015 1215 partium
3053 1147 3341 1201 diversitas
3380 1147 3472 1201 dat
3515 1147 3760 1215 corpori-

2162 1235 2266 1291 bus
2315 1252 2632 1301 numerum,
2681 1238 2760 1293 sic
2803 1247 2857 1292 et
2897 1237 3096 1293 creatis
3141 1237 3419 1308 spiritibus
3464 1237 3758 1292 diversitas

2163 1323 2470 1380 ell‘ectutnn.
2522 1325 2729 1395 Itaque,
2782 1337 2840 1380 ut
2883 1325 3209 1382 venerabilis
3251 1325 3484 1397 Prosper
3522 1327 3630 1390 ait,
3672 1327 3756 1381 sic

2162 1431 2389 1487 operum
2413 1419 2623 1488 species
2651 1419 2908 1489 praedicat
2937 1419 3223 1484 artilicem,
3255 1421 3545 1491 ﬁngentem
3589 1420 3760 1474 rebus

2162 1507 2387 1574 formas,
2419 1507 2558 1573 loca,
2612 1517 2882 1579 tempora,
2937 1518 3118 1565 motus
3165 1511 3463 1570 mensuris,
3507 1511 3760 1564 numeris

2163 1599 2609 1670 ponderibusque
2643 1600 2776 1655 suis.
2821 1600 2956 1667 Quae
2981 1601 3105 1656 licet
3137 1603 3236 1655 tria
3267 1601 3518 1657 erunibus
3546 1602 3762 1671 pariter

473 1703 742 1773 adempla,
793 1705 1037 1760 redditur
1086 1705 1306 1776 virginis
1335 1705 1516 1766 Μυῖα,
1564 1707 1720 1773 Filio,
1764 1723 1870 1778 qua
1919 1708 2060 1762 idem
2093 1691 2357 1756 Binserit
2403 1692 2693 1758 creaturis,
2743 1701 2919 1747 tamen
2967 1709 3130 1747 unum
3179 1695 3443 1764 quoddam
3487 1693 3752 1759 eﬂiciuut,

471 1809 635 1850 verus
678 1797 838 1850 homo
869 1799 1283 1866 przedcstinatus
1317 1808 1401 1854 est
1427 1799 1597 1856 Filius
1624 1801 1729 1856 Dei
1755 1802 1807 1855 in
1839 1801 2061 1868 virtute,

471 1888 766 1942 secundum
795 1890 1042 1958 spiritum
1071 1891 1540 1956 sanctiﬁcationis,
1570 1909 1730 1962 quem
1758 1895 2064 1950 sanctiﬁca-

473 1976 635 2031 tionis
672 1979 920 2048 spiritum
955 1981 1066 2036 suis
1098 1981 1211 2050 ipse
1243 1982 1335 2038 Dei
1383 1993 1439 2038 ct
1467 1984 1702 2038 hominis
1733 1984 1874 2040 ﬁlhts
1901 1986 2063 2056 depo-

469 2083 650 2134 scena,
686 2071 763 2130 ait
788 2086 811 2126 :-
839 2090 858 2122 ι
899 2071 1198 2129 Sanetiﬁca
1225 2090 1320 2130 eos
1354 2076 1406 2131 in
1436 2077 1686 2144 veritate,
1715 2097 1732 2130 ι
1774 2079 1980 2134 scilicet
2009 2080 2060 2134 in

475 2177 562 2214 me
585 2163 677 2231 qui
727 2179 844 2217 sum
874 2166 1094 2225 veritas,
1133 2185 1151 2218 ι
1187 2177 1244 2222 ιιι
1277 2168 1386 2222 sint
1428 2179 1484 2223 et
1511 2170 1609 2240 ipsi
1643 2173 1962 2227 sanctiﬁcati
2008 2173 2061 2228 in

474 2267 560 2306 ine
589 2252 778 2323 (Ibid.,
812 2254 920 2323 Π).
955 2274 974 2308 ι
1009 2257 1085 2310 Ex
1119 2272 1224 2325 quo
1251 2261 1522 2315 veraciter
1559 2261 1834 2332 colligitur
1861 2265 2063 2320 sancti-

473 2342 728 2398 ﬁcatione.
770 2345 884 2399 sola
929 2345 1062 2400 ellici
1115 2355 1178 2402 ut-
1217 2349 1471 2406 humanis
1519 2351 1698 2406 divina
1743 2351 2058 2424 iungantur.

470 2433 678 2502 Itaque,
707 2434 749 2488 si
781 2452 945 2490 unum
977 2437 1112 2492 ﬁunt
1135 2455 1256 2493 cttm
1284 2439 1500 2496 Christo
1527 2441 1578 2496 in
1610 2441 1722 2498 Deo
1750 2444 1982 2499 ministri
2007 2453 2063 2501 et

473 2520 658 2577 (amuli
687 2523 911 2590 Christi,
942 2527 1065 2596 quia
1100 2529 1426 2585 sanetiﬁcati
1463 2541 1588 2587 sunt
1630 2533 1681 2588 in
1722 2534 1861 2603 ipso,
1889 2537 2062 2592 mani-

471 2613 668 2669 festum
717 2625 800 2672 est
846 2617 1105 2686 quidquid
1149 2621 1520 2677 ministrorum
1551 2623 1752 2680 Christi
1783 2636 1868 2683 est
1894 2642 2059 2685 unum

469 2721 594 2762 esse
635 2723 756 2761 cum
805 2707 910 2764 illis
939 2710 990 2764 in
1021 2710 1262 2778 Christo,
1295 2714 1418 2782 quia
1449 2715 1848 2772 sanctiﬁcatum
1890 2729 1975 2775 est
2005 2721 2058 2776 in

471 2802 604 2872 ipsis
644 2803 880 2861 Christo.
913 2805 1068 2873 Quod
1096 2808 1142 2862 si
1181 2809 1456 2878 peculium
1485 2814 1719 2868 carnalis
1763 2815 1904 2869 servi
1938 2817 2062 2871 uni-

470 2901 559 2946 tur
587 2900 643 2946 et
687 2895 828 2949 servi
859 2895 1077 2952 domino
1107 2913 1204 2967 per
1233 2915 1448 2956 servum
1491 2903 1582 2973 qui
1629 2904 1746 2973 ejus
1775 2913 1857 2959 est
1877 2947 1890 2972 ,
1922 2921 2059 2975 quo-

469 2981 631 3036 modo
669 2997 775 3037 non
820 2986 994 3054 magis
1033 2987 1217 3044 nnitur
1257 2999 1311 3046 et
1359 2991 1503 3046 cedit
1547 2992 1768 3048 Christo
1797 2995 2054 3065 quidquid

451 3087 693 3148 suorum
733 3084 854 3143 est,
897 3083 1198 3150 prmsertim
1233 3084 1430 3153 quibus
1473 3085 1747 3153 possessio
1779 3087 1922 3140 nulla
1953 3097 2055 3152 est,

469 3165 571 3221 nisi
601 3182 721 3238 quae
751 3169 852 3240 ipsi
888 3171 958 3226 de
983 3171 1138 3228 donis
1167 3175 1280 3228 suis
1311 3174 1570 3230 redonata
1605 3176 1710 3232 illis
1743 3177 2054 3243 redonatur,

469 3272 701 3327 quorum
743 3275 870 3329 pars
901 3262 1228 3319 luereditatis
1271 3265 1491 3336 insuper
1515 3276 1601 3323 est
1630 3267 1744 3338 ipse
1773 3267 2054 3335 Dominus,

468 3349 557 3409 cui
577 3357 641 3408 et
669 3351 770 3422 ipsi
799 3362 929 3407 sunt
958 3353 1278 3411 haereditas?

1033 3464 1261 3523 CAPUT
1300 3467 1488 3524 XXIV.

468 3575 548 3632 De
567 3577 818 3648 exemplis
841 3578 1124 3635 individere
1143 3580 1417 3636 Trinitatis
1439 3583 1492 3636 in
1516 3582 1754 3638 omnibus
1776 3585 2051 3640 creaturis.

541 3685 670 3753 Sed,
702 3691 836 3758 proh
884 3690 1066 3746 dolor!
1111 3692 1364 3747 unionem
1416 3692 1558 3747 hanc
1587 3694 1955 3760 detestabiles,
2001 3704 2055 3751 et

469 3777 801 3834 individuum
834 3781 1092 3836 individui
1119 3792 1170 3836 el
1194 3783 1262 3836 ab
1287 3783 1400 3853 ipso
1423 3784 1577 3840 divisi
1603 3785 1840 3841 dividere
1865 3803 2055 3858 aggre-

467 3863 708 3928 diuntur.
741 3885 862 3924 cum
895 3871 1378 3927 sanctiﬁcationem
1412 3875 1484 3928 ita
1517 3875 1570 3928 in
1610 3890 1666 3930 se
1701 3877 1971 3931 contineat
1997 3886 2055 3933 ut

469 3958 538 4012 ab
566 3962 1057 4041 cacontineantur.
1090 3965 1349 4034 Equidem
1374 3965 1516 4022 velut
1544 3969 1688 4023 luteo
1717 3969 2054 4041 glaucomate

468 4047 628 4118 lippi,
661 4062 754 4104 aut
795 4054 1066 4122 superﬁuo
1099 4064 1224 4125 potu
1260 4056 1495 4124 madidi,
1526 4059 1692 4114 solem
1726 4069 1818 4114 aut
1848 4061 2050 4127 lunam,

467 4155 564 4194 seu
589 4143 886 4210 quamlibet
916 4144 1193 4199 lucernam
1223 4147 1448 4203 credunt
1478 4150 1578 4205 sibi
1607 4167 1710 4204 non
1741 4153 1915 4206 solum
1949 4156 2050 4208 du-

467 4231 680 4301 plicari,
725 4235 818 4287 sed
847 4246 900 4288 et
946 4236 1315 4305 multiplicari,
1345 4248 1404 4294 ιιι.
1447 4243 1694 4310 egregius
1724 4242 2051 4299 Prudentius

468 4321 818 4377 Marcionitas
864 4323 999 4379 duos
1042 4327 1190 4392 deos,
1239 4329 1438 4382 bonum
1485 4331 1689 4386 scilicet
1716 4347 1780 4386 ac
1826 4333 2047 4401 malum,

465 4413 567 4468 sibi
598 4413 966 4485 conﬁngentes
993 4418 1302 4483 confutans,
1335 4420 1410 4478 ait
1438 4439 1452 4476 :

592 4522 749 4574 Nemo
770 4525 890 4574 duos
913 4524 1046 4575 soles
1066 4564 1080 4589 ,
1101 4527 1191 4576 nisi
1209 4529 1302 4578 sub
1326 4529 1644 4594 glaucomate,
1672 4531 1806 4582 vidit.

467 4629 828 4699 Quapropter,
859 4629 904 4685 si
951 4641 1213 4701 possunt,
1259 4635 1592 4705 perpendant
1621 4652 1784 4706 quam
1813 4637 1989 4692 aversi
2020 4654 2070 4698 a.

467 4721 577 4773 lico
609 4722 895 4787 incedant,
943 4725 1034 4794 qui
1061 4725 1304 4781 dividere
1348 4727 1619 4782 individua
1653 4727 1916 4783 laborant.
1951 4729 2054 4785 De-

466 4809 626 4873 nique
651 4811 763 4880 ipse
785 4812 926 4866 Deus
955 4829 1108 4868 suam
1138 4815 1468 4869 individuam
1495 4815 1818 4870 Trinitatem
1845 4818 2053 4875 unitate

464 4902 839 4967 commendat,
871 4914 1033 4973 atque
1063 4904 1166 4960 hoc
1192 4922 1302 4961 suae
1331 4907 1789 4963 incounnutabiiis
1817 4918 1871 4964 et
1915 4910 2054 4964 invi-

2166 1783 2481 1851 uuitateque
2521 1792 2864 1849 coercentur,
2903 1795 3194 1853 quatenus,
3230 1785 3384 1854 juxta
3424 1801 3580 1839 suum
3628 1802 3753 1841 mo-

2164 1875 2311 1939 dum,
2343 1876 2423 1930 sic
2460 1891 2556 1930 sua
2588 1876 2893 1932 dilatentur.
2919 1877 3164 1932 trinitate
3193 1887 3250 1931 ut
3275 1893 3369 1931 sua
3402 1893 3619 1948 quoque
3661 1894 3754 1932 ar-

2163 1978 2377 2023 ctentur
2416 1969 2650 2033 unitate,
2691 1969 2876 2038 sicque
2914 1984 3194 2024 numerum
3236 1970 3470 2024 habeant
3510 1986 3614 2025 nec
3655 1973 3756 2024 ha-

2163 2060 2341 2126 beant,
2377 2060 2547 2116 instar
2573 2061 2949 2127 sui-auctoris,
2973 2061 3064 2131 qui
3101 2070 3157 2116 et
3185 2062 3518 2116 tria-summa
3549 2062 3754 2117 dieitur

2161 2163 2226 2207 et
2251 2169 2435 2208 unum.
2481 2153 2650 2208 Porro
2673 2153 2829 2224 juxta
2857 2155 2998 2226 quod
3027 2155 3183 2210 beata
3221 2165 3287 2210 et'
3321 2155 3751 2226 incorruptibilis

2161 2243 2277 2298 inec
2307 2242 2544 2298 Trinitas
2568 2260 2706 2301 unus
2731 2245 2870 2301 Deus
2899 2255 3042 2301 recte
3079 2247 3276 2301 dieitur
3291 2256 3349 2302 et
3380 2247 3631 2311 habetur,
3668 2250 3762 2302 sic

2161 2344 2214 2390 et
2245 2335 2668 2407 incorruptibilis
2707 2337 2794 2392 illa
2818 2336 3058 2392 Trinitas
3095 2337 3147 2391 in
3186 2337 3414 2408 singulis
3451 2339 3754 2402 creaturis,

2163 2439 2254 2485 aut
2295 2431 2708 2502 unusspiritus,
2737 2440 2832 2486 aut
2873 2446 3045 2486 unum.
3079 2445 3278 2502 corpus
3315 2430 3518 2485 dicitur.
3545 2438 3601 2484 et
3647 2430 3750 2485 ba-

2160 2523 2348 2580 betur.

2232 2615 2309 2669 Ex
2336 2615 2531 2685 quibus
2567 2615 2819 2670 omnibus
2857 2615 3230 2685 multipliciter
3266 2615 3525 2670 docemur
3550 2615 3748 2681 Deum,

2163 2719 2270 2765 tam
2297 2710 2349 2763 in
2379 2723 2436 2764 se
2463 2723 2626 2779 quam
2661 2718 2716 2764 et
2748 2709 2800 2763 in
2840 2709 3093 2764 omnibus
3127 2708 3380 2778 operibus
3421 2708 3555 2774 suis,
3599 2723 3750 2763 eom-

2162 2804 2439 2868 mendare,
2465 2813 2626 2873 atque
2660 2817 2824 2873 super
2859 2803 3038 2858 omnia
3075 2804 3300 2874 diligere
3339 2803 3651 2867 monadem,
3691 2812 3754 2857 et

2160 2896 2402 2965 apprime
2423 2895 2676 2950 detestari
2699 2903 2752 2950 et
2784 2895 2964 2950 odisse
2985 2911 3014 2950 a
3049 2911 3108 2951 se
3129 2897 3406 2966 quodlibet
3441 2896 3743 2952 ascenden~

2163 2996 2290 3040 tem.
2337 2985 2520 3040 Monas
2563 2986 2704 3040 enim
2749 2986 3036 3042 individua:
3080 3002 3190 3042 sua:
3233 2997 3440 3042 natura:
3479 2985 3750 3041 beneﬁcio

2161 3077 2324 3132 etiam
2350 3076 2566 3130 dividua
2589 3077 2862 3132 individuo
2886 3079 3099 3132 unionis
3124 3077 3355 3142 reducit,
3376 3087 3431 3133 et
3453 3077 3746 3131 individua:

2161 3166 2454 3224 connectit.
2506 3167 2630 3222 Dias
2669 3175 2853 3221 autem
2901 3168 3146 3223 dividuas
3187 3168 3269 3222 sui
3317 3168 3430 3222 vitii
3476 3166 3748 3222 maleﬁcio

2157 3259 2320 3314 etiam
2357 3259 2687 3313 individuum
2715 3259 2964 3314 dividere
2982 3260 3194 3331 quaerit.
3223 3259 3336 3326 Illa,
3369 3267 3624 3329 tanquam
3657 3259 3746 3312 in-

2159 3351 2426 3408 violabilis
2454 3361 2509 3408 et
2534 3352 2782 3423 paciﬁca,
2819 3353 2895 3408 nil
2939 3353 3040 3410 nisi
3080 3369 3111 3408 a
3140 3353 3395 3418 dividuis,
3425 3353 3656 3408 diversis
3689 3362 3760 3406 et-

2157 3443 2383 3513 privatis
2427 3444 2724 3506 retrahere,
2757 3453 2920 3514 atque
2942 3459 3040 3500 suo
3067 3445 3319 3500 omnibus
3347 3443 3652 3508 communi,
3687 3452 3756 3497 et

2157 3537 2410 3604 praesenti
2437 3535 2712 3591 individuo
2738 3535 2891 3591 unire
2921 3537 3089 3591 novit.
3128 3536 3171 3591 E
3193 3536 3463 3591 contrario
3491 3533 3596 3588 ista
3625 3543 3743 3587 lan-

2158 3639 2318 3693 quam
2355 3625 2553 3679 violata
2583 3624 2858 3690 violatrix,
2891 3634 2945 3681 et
2967 3625 3330 3691 schismatica,
3370 3623 3515 3680 nihil‘
3539 3624 3641 3678 nisi
3673 3623 3741 3676 ab

2159 3715 2432 3770 individuo
2460 3714 2731 3770 consimili
2757 3724 2812 3770 et
2841 3714 3112 3770 communi
3154 3716 3297 3770 bono
3334 3714 3657 3784 obrumpere
3686 3721 3752 3767 et-

2157 3808 2476 3864 abscindere
2505 3816 2694 3862 tentat.
2726 3805 2853 3862 Haec
2882 3806 3065 3878 procul
3096 3807 3259 3888 dubio
3286 3807 3354 3862 ab
3393 3805 3483 3861 illo
3525 3806 3738 3860 incom-

2157 3898 2431 3964 mutabili;
2476 3907 2530 3953 et
2563 3898 2832 3952 individua
2877 3899 3108 3953 monade
3137 3897 3278 3952 ultro
3304 3897 3559 3952 recedens
3589 3897 3740 3965 prius

2157 3992 2379 4063 privata:
2417 4001 2472 4045 et
2515 3989 2769 4044 solitaria:
2813 3989 2957 4044 sedis
3005 3990 3180 4045 locum
3230 3989 3328 4045 sibi
3377 3990 3429 4043 in
3476 3989 3737 4042 lateribus

2159 4083 2426 4152 aquilonis
2456 4080 2776 4152 exploravit,
2813 4081 3006 4136 deinde
3035 4081 3303 4136 hominem
3335 4098 3364 4134 a
3396 4081 3503 4134 Deo
3529 4080 3731 4134 divisit.

2160 4173 2283 4228 llaec
2310 4189 2523 4244 quoque
2557 4187 2706 4228 more
2734 4187 2832 4228 suo
2857 4187 2953 4242 per
2994 4173 3330 4228 meretricem
3358 4172 3491 4226 dixit
3519 4187 3536 4226 :
3572 4190 3591 4222 ι
3627 4171 3734 4225 Nec

2159 4265 2321 4328 mihi,
2373 4279 2470 4319 nec
2519 4263 2644 4326 tibi,
2690 4264 2786 4318 sed
2825 4263 3100 4318 dividatur
3137 4263 3252 4331 (III
3281 4262 3407 4333 Reg.
3438 4279 3528 4327 ιιι,
3563 4261 3677 4332 26).
3710 4283 3732 4313 ι

2160 4354 2283 4408 "ch
2309 4356 2470 4410 etiam
2503 4354 2556 4407 in
2588 4353 2876 4424 Evangelio
2897 4368 2996 4425 per
3020 4352 3204 4417 alium,
3233 4353 3562 4422 persuadere
3587 4353 3734 4422 cupit

2081 4414 2130 4474 Β
2155 4455 2369 4500 aeterna:
2399 4444 2608 4500 Monadi
2631 4445 2913 4510 visionem,
2944 4445 3133 4501 dicens
3164 4462 3177 4497 :
3215 4461 3235 4496 ι
3275 4443 3370 4499 Dic
3402 4445 3556 4498 fratri
3588 4460 3729 4508 meo,

2158 4549 2217 4593 ut
2250 4539 2450 4593 dividat
2487 4552 2692 4592 mecum
2723 4537 3089 4600 haereditatem
3129 4535 3277 4608 (Luc.
3307 4552 3403 4601 xn,
3435 4538 3543 4606 l5).
3580 4556 3598 4587 ι
3632 4535 3727 4592 Cui

2155 4631 2310 4686 beata
2351 4631 2533 4685 Monas
2574 4629 2894 4696 reclamans,
2933 4640 3141 4686 natura:
3175 4647 3285 4686 sua:
3325 4631 3731 4700 itnpassibilita-

2155 4731 2261 4776 tem
2295 4721 2372 4776 sic
2402 4719 2712 4789 przedicavit
2744 4738 2757 4774 :
2795 4739 2815 4772 ι
2853 4720 3042 4787 Homo,
3077 4721 3199 4792 quis
3228 4736 3314 4775 me
3341 4719 3620 4775 constituit
3638 4719 3729 4790 ju-

2153 4811 2349 4874 dicem,
2379 4819 2470 4863 aut
2504 4810 2833 4865 diversorem
2873 4826 3034 4882 super
3069 4811 3199 4865 vos?
3230 4829 3248 4861 ι
3295 4809 3454 4879 (Luc.
3482 4825 3587 4874 xu,
3617 4807 3728 4875 ii.)

2155 4900 2220 4954 Et
2268 4899 2311 4953 si
2359 4898 2538 4952 omnia
2583 4913 2744 4968 opera
2792 4900 3086 4955 divinitatis
3130 4898 3461 4964 consideres,
3503 4895 3730 4951 monade
