4064 5394
334 279 461 336 “Si

965 276 1340 338 ADVERSUS
1380 278 1792 341 SIMONIACOS
1819 282 1999 340 LlBliI
2037 280 2241 337 TRES.
2275 311 2344 323 --
2383 278 2584 336 ιιιιῑιι
2628 277 2948 335 TERTIUS.

3449 272 3599 333 "Si

328 390 861 462 commemoraverit,
886 390 956 452 de
984 393 1073 451 die
1099 403 1279 452 tamen
1311 395 1543 452 secunda
1575 393 1797 463 loquens
1828 411 1914 449 re-
1945 399 1991 456 Α
2022 404 2426 453 immaculatum
2467 404 2535 453 ue
2577 400 2852 468 pri-gntus,
2892 394 2985 466 qui
3014 401 3232 465 poterat
3259 391 3610 451 entlduobus

333 485 501 550 licuit,
530 484 844 557 signiﬁcans
875 484 986 541 Deo
1012 499 1119 539 non
1150 485 1317 538 videri
1359 483 1560 538 ltmtttttt
1584 524 1598 546 ,
1629 484 1752 548 ubi,
1785 482 1915 553 quid

330 579 400 634 ab
429 575 854 633 incommutabili
896 575 1014 645 ejus
1056 576 1266 631 unitate
1305 574 1603 636 dist-edens,
1645 574 1920 631 mutabili-

330 675 493 722 tatem
523 665 849 736 pluralitatis
880 665 1089 733 incipit,
1120 674 1176 719 et
1210 663 1419 718 incidit.

911 755 1140 812 CAPUT
1182 754 1345 810 XXV.

331 851 486 925 Quod
510 851 781 908 individua
809 852 874 904 sit
898 850 1245 925 sanctificatio
1274 850 1339 902 ab
1361 849 1440 903 Itis
1464 864 1584 919 quia
1606 847 1920 917 sanctiﬁcat,

751 930 800 978 et
825 922 1055 993 qualiter
1081 926 1492 989 sancti/Eretum.

399 1036 534 1091 Cum
573 1048 706 1105 ergo
740 1032 824 1088 bis
858 1040 912 1088 et
941 1031 1188 1101 pluribus
1227 1030 1351 1087 aliis
1386 1038 1590 1086 sancue
1628 1030 1924 1101 Scriptura:

330 1124 656 1182 testimoniis
684 1123 887 1195 liqueat
918 1122 1142 1176 Domino
1167 1121 1276 1176 Deo
1303 1121 1356 1176 in
1380 1135 1492 1175 suae
1517 1128 1780 1175 creatum
1807 1119 1924 1174 uni-

326 1218 589 1273 versitate
615 1230 778 1285 quam
834 1214 1070 1270 maxime
1111 1213 1325 1285 placere
1356 1212 1665 1268 universale
1692 1221 1748 1267 et
1774 1227 1923 1267 com-

328 1324 491 1365 mune
514 1306 734 1371 bonum,
758 1313 921 1376 atque
942 1304 1269 1361 econtrario
1284 1304 1573 1374 displicere
1598 1303 1924 1374 particulare

328 1410 384 1457 et
412 1399 715 1471 privatum.
745 1397 900 1469 cujus
926 1398 1204 1463 scientiae,
1238 1396 1348 1452 imo
1380 1394 1535 1465 cujus
1563 1396 1755 1450 frontis
1798 1402 1925 1449 sunt

328 1492 422 1563 qui
451 1491 709 1562 quaelibet
748 1490 1085 1545 sanctiﬁcata
1131 1488 1241 1544 Deo
1278 1487 1579 1558 praedicant
1622 1486 1839 1555 impune
1870 1493 1926 1539 et

329 1584 446 1638 sine
480 1581 764 1652 sacrilegio
800 1596 963 1651 posse
1002 1579 1169 1635 dividi
1211 1580 1280 1637 ab
1329 1579 1443 1648 ipsa
1490 1576 1924 1633 sanctiﬁcatione

330 1692 427 1735 sua
458 1691 578 1745 qua:
603 1676 879 1734 cohaerent
910 1673 1059 1729 Deo?
1085 1672 1216 1739 Qum
1237 1671 1470 1743 qualiter
1493 1669 1919 1735 sanctiﬁcentur,

2020 492 2187 556 siclis,
2211 491 2367 561 juxta
2396 492 2607 563 pondus
2630 489 2954 554 sanctuarii,
2987 489 3274 560 ipsumque
3297 486 3439 556 quod
3469 484 3611 539 intu-

2021 582 2159 638 lerat
2183 582 2438 636 damnum
2462 582 2803 648 restituebat,
2825 590 2880 636 et
2901 580 3146 651 quintam
3170 585 3378 648 partem
3403 590 3609 647 ponens

2020 686 2183 741 supra
2213 672 2463 726 tradebat
2486 671 2782 735 sacerdoti,
2808 679 2864 726 et
2891 671 2971 728 sic
3000 670 3049 724 ei
3074 669 3472 723 dimittebatur.

2093 761 2246 829 Quod
2281 760 2328 816 si
2365 760 2488 830 quis
2512 761 2825 816 comederet
2850 761 2918 816 de
2955 758 3315 817 sanctiﬁcatis
3341 773 3436 829 per
3459 758 3609 828 igno-

2022 854 2287 916 rantiam,
2336 854 2571 910 addebat
2612 853 2857 922 quintam
2905 861 3122 923 partem
3169 867 3292 906 cum
3339 865 3407 905 eo
3457 850 3605 921 quod

2022 947 2369 1009 comedent,
2418 956 2473 1001 et
2493 945 2657 1000 dabat
2695 942 2965 999 sacerdoti
2998 943 3050 997 in
3079 942 3449 997 sanctuarium
3469 984 3483 1009 ,
3533 957 3603 996 ne

2022 1035 2421 1092 contaminaret
2453 1035 2794 1092 sanctiﬁcata
2837 1033 3071 1088 ﬁliorum
3105 1033 3271 1088 lsrael
3317 1049 3438 1103 quae
3471 1030 3607 1087 oﬁ‘e»

2024 1136 2153 1182 runt
2180 1128 2441 1194 Domino,
2475 1142 2545 1183 ne
2569 1126 2710 1182 forte
2731 1126 3036 1181 sustineant
3061 1125 3399 1194 iniquitatem
3425 1124 3607 1178 delicti

2023 1219 2107 1275 sui
2128 1220 2221 1289 qui
2246 1218 2584 1275 sanctiﬁcata
2605 1219 2982 1275 comederint:
3017 1235 3036 1268 ι
3066 1217 3205 1287 Ego,
3230 1216 3404 1285 inquit
3431 1216 3611 1270 Domi-

2023 1325 2146 1374 nus,
2192 1310 2284 1381 qui
2309 1309 2589 1365 sattctiﬁco
2620 1324 2734 1364 eos.
2758 1310 2791 1360 ἰ
2833 1294 2975 1379 (ιὲυ.
3015 1323 3133 1371 xxt,
3163 1305 3284 1376 2⁸5.)
3310 1306 3389 1359 Ex
3413 1305 3610 1375 quibus

2023 1402 2304 1461 evidenter
2338 1401 2729 1471 comprobatur
2751 1399 2877 1469 quia
2913 1399 3173 1453 Dominus
3202 1396 3608 1453 tabernaculum

2023 1507 2178 1548 suum
2201 1500 2259 1546 et
2287 1491 2565 1546 ministros
2597 1489 2677 1544 sic
2714 1488 3043 1552 sanctiﬁcat,
3087 1494 3147 1542 ut
3183 1486 3444 1555 quidquid
3478 1486 3610 1555 ipsis

2022 1584 2256 1656 pertinet
2277 1580 2678 1639 sanctiﬁcatum
2703 1586 3042 1651 permaneat.
3075 1578 3150 1632 Ex
3174 1592 3284 1647 quo
3303 1577 3349 1631 si
3382 1574 3612 1646 quilibet

2024 1673 2561 1747 quantulumcunque
2587 1670 2689 1727 sibi
2718 1685 2816 1741 per
2851 1684 3094 1725 errorem
3133 1667 3218 1722 vel
3246 1666 3610 1737 ignorantiam

328 1776 487 1826 vetus
509 1767 750 1838 lex,quaa
768 1782 924 1827 nova:
953 1775 1108 1838 typus
1134 1774 1239 1830 est,
1268 1764 1639 1834 multipliciter
1662 1762 1919 1818 ostendit.

2026 1775 2410 1840 praesumeret,
2474 1774 2569 1819 aut
2610 1771 2958 1833 augmentum
3016 1759 3359 1823 restitueret,
3420 1766 3479 1810 ut
3543 1756 3612 1811 de

329 1861 398 1925 At
426 1862 573 1917 enim
611 1876 678 1916 ex
715 1861 897 1918 debito
925 1859 1180 1930 quidem,
1216 1857 1361 1912 sicut
1397 1856 1777 1928 primogenita,
1807 1855 1920 1925 pri-

331 1952 497 2009 tnitim
521 1960 575 2008 et
605 1952 829 2008 decima:
850 1966 971 2020 qua:
996 1949 1306 2017 exiguntur,
1330 1956 1389 2001 ut
1415 1961 1547 2016 pura
1579 1946 1923 2001 sanctiﬁcata

334 2043 583 2107 Domino,
627 2042 945 2114 priusquam
991 2047 1317 2104 nascantur;
1350 2055 1416 2093 ex
1459 2037 1751 2100 oblatione.
1784 2039 1925 2092 sicut

330 2135 727 2205 pectusculum,
759 2150 958 2196 armus,
993 2149 1181 2204 pecus,
1214 2133 1296 2188 vel
1332 2149 1666 2204 quaecunque
1696 2133 1923 2189 Domino

330 2228 762 2296 sanctiﬁcantttr,
796 2228 886 2283 ubi
914 2236 1063 2283 recte
1096 2225 1430 2293 oﬁ'ertmtur;
1468 2240 1536 2282 ex
1566 2236 1691 2280 voto
1719 2234 1921 2290 autem,

330 2335 667 2391 qumcunque
701 2329 896 2391 sponte
918 2329 1204 2375 voventur.
1234 2317 1369 2373 Nam
1401 2318 1470 2374 ab
1502 2318 1619 2388 ipso
1643 2325 1766 2372 vnto
1792 2333 1921 2372 san-

329 2412 568 2469 ctiﬁcata
601 2412 826 2471 Domino
856 2420 1175 2468 noscuntur.
1202 2410 1334 2479 Quae
1360 2411 1569 2481 pariter
1595 2411 1648 2465 in
1680 2410 1922 2466 Levitico

329 2500 570 2558 breviter
625 2502 1193 2572 comprehenduntur,
1253 2503 1343 2558 ubi
1409 2502 1487 2557 sic
1543 2501 1855 2572 praecipitur
1906 2519 1920 2556 :

335 2612 356 2649 ι
396 2592 776 2665 Primogeuitze
800 2609 921 2664 qua:
970 2594 1037 2649 ad
1078 2594 1248 2649 Deum
1291 2593 1569 2663 pertinent
1612 2608 1771 2648 nemo
1799 2608 1926 2647 san-

332 2680 579 2736 ctiﬁcaro
606 2682 805 2751 poterit
827 2690 882 2736 et
909 2696 1129 2747 vovere,
1157 2682 1273 2738 sive
1301 2683 1422 2745 bos,
1452 2682 1566 2737 sive
1588 2682 1705 2736 ovis
1740 2680 1922 2744 fuerit,

332 2772 546 2829 Domini
577 2780 719 2829 sunt.
754 2772 907 2841 Quod
948 2773 993 2828 si
1022 2772 1360 2828 immundum
1391 2783 1475 2828 est
1516 2772 1749 2837 animal,
1778 2774 1921 2827 redi-

331 2875 442 2924 met
473 2868 566 2938 qni
594 2867 873 2932 obtulerit,
899 2867 1053 2938 juxta
1088 2868 1503 2923 :rstimationem
1539 2882 1714 2930 suam,
1747 2875 1802 2921 et
1830 2866 1926 2920 ad-

334 2960 426 3015 det
471 2959 714 3031 quintam
763 2968 971 3029 partem
1020 2958 1213 3027 pretii:
1259 2958 1304 3013 si
1358 2958 1626 3013 redimere
1670 2956 1922 3023 noluerit,

333 3052 602 3106 vendetur
652 3049 843 3115 alteri,
897 3060 1317 3120 quantocunque
1366 3048 1529 3105 fuerit
1572 3048 1921 3104 aestimatum.

335 3141 509 3199 Omne
555 3141 696 3211 quod
744 3141 973 3198 Domino
1017 3152 1392 3206 consecratur,
1426 3141 1541 3196 sive
1588 3141 1752 3197 homo
1798 3140 1923 3205 erit,
1952 3113 1997 3175 ο

335 3230 449 3288 sive
491 3231 712 3294 animal.
757 3232 870 3292 sive
908 3247 1059 3301 ager,
1104 3247 1212 3287 non
1257 3232 1544 3298 vendetnr,
1591 3248 1691 3288 nec
1735 3233 1925 3287 redimi

336 3324 553 3395 poterit.
581 3322 853 3394 Quidquid
870 3322 1034 3380 fuerit
1053 3322 1219 3377 semel
1243 3331 1644 3385 consecratum,
1673 3331 1924 3376 sanctum

337 3423 649 3472 sanctorum
685 3413 788 3469 crit
819 3413 1069 3471 Domino.
1112 3411 1315 3469 Omnes
1345 3411 1569 3469 decima:
1615 3421 1773 3468 terra:
1809 3411 1926 3465 sive

338 3503 403 3565 de
429 3502 696 3577 frugibus,
728 3504 844 3561 sive
868 3505 935 3561 de
965 3505 1140 3575 pomis
1167 3505 1445 3571 arborum,
1476 3503 1685 3559 Domini
1722 3510 1848 3557 sunt
1871 3510 1926 3558 et

339 3595 416 3657 illi
458 3597 886 3654 sanetiﬁcantur.
929 3597 985 3653 Si
1022 3599 1146 3669 quis
1186 3606 1367 3654 autem
1398 3596 1628 3653 voluerit
1660 3596 1927 3652 redimere

337 3688 580 3744 decimas
605 3704 752 3756 suas,
780 3688 943 3745 addet
964 3688 1210 3760 quintam
1237 3698 1442 3760 partem
1470 3703 1653 3743 earum
1682 3687 1924 3742 omnium

337 3776 692 3843 decimarum,
724 3777 896 3843 bovis,
924 3788 981 3834 et
1004 3779 1122 3835 ovis
1149 3788 1205 3834 et
1232 3794 1430 3849 caprm,
1460 3794 1579 3849 quae
1613 3777 1714 3832 sub
1743 3784 1927 3847 pasto-

338 3866 415 3923 ris
460 3867 610 3939 virga
663 3876 981 3935 transeunt,
1022 3869 1281 3939 quidquid
1330 3867 1601 3922 decimum
1651 3866 1927 3921 transierit

339 3960 767 4016 sanctiﬁcabitur
790 3961 1040 4016 Domino.
1063 3960 1176 4015 Non
1201 3960 1432 4030 eligetur
1456 3974 1557 4013 nec
1582 3960 1803 4023 bonum,
1829 3973 1928 4012 nec

340 4049 557 4110 malum.
593 4065 692 4105 nec
724 4051 897 4106 altero
917 4050 1361 4105 commutabitur.
1386 4048 1444 4103 Si
1467 4049 1588 4119 quis
1615 4049 1925 4111 mutaverit,

338 4148 394 4194 et
420 4141 561 4211 quod
592 4150 855 4197 mutatum
882 4150 965 4197 est
995 4140 1424 4195 sanctiﬁeabitur
1452 4139 1701 4204 Domino,
1726 4148 1777 4195 et
1820 4154 1926 4192 non

340 4232 638 4287 redimetur
660 4231 844 4303 (Leuit.
873 4247 1044 4292 ιιι-ιι,
1075 4231 1292 4301 26-55).
1327 4251 1346 4283 ι
1381 4230 1533 4299 Quod
1564 4229 1610 4285 si
1641 4230 1927 4300 diligenter

343 4325 658 4398 investiges,
695 4326 940 4382 invenies
986 4326 1416 4391 tabernaculum,
1462 4335 1766 4397 cunctaque
1810 4308 1926 4394 ejus

328 4416 618 4483 .utensilia,
649 4416 768 4473 oleo
799 4417 1250 4473 sanctiﬁcationis
1282 4418 1524 4482 inuncta,
1559 4417 1776 4472 vocabis
1799 4432 1926 4472 san-

338 4515 486 4561 ctum
524 4517 873 4573 sanctorum;
918 4517 1115 4563 etctera
1154 4523 1286 4564 vero
1313 4508 1575 4572 exterius,
1604 4523 1722 4577 qua:
1750 4508 1924 4561 eidem

338 4596 423 4651 vel
474 4597 737 4651 ministris
786 4596 906 4671 ejus
953 4606 1237 4670 pertnent.
1289 4598 1661 4653 tantummodo
1714 4606 1923 4654 sancta.

345 4689 493 4747 Unde
522 4688 899 4761 intelliguntur
919 4690 1033 4745 hazc
1060 4689 1566 4752 sanctiﬁcationem,
1592 4706 1711 4760 qua:
1739 4700 1926 4747 sancta

336 4788 485 4844 aunt,
500 4781 778 4851 accepisse
788 4780 857 4835 ab
869 4796 930 4836 ea
943 4782 1344 4845 communione,
1360 4796 1464 4851 qua
1480 4795 1576 4849 per
1587 4782 1926 4836 devotionem

337 4869 574 4926 ﬁdelium
600 4887 843 4927 connexa
869 4881 998 4927 sunt
1029 4872 1235 4927 sanctis
1264 4880 1596 4926 sanctorum.
1627 4872 1704 4926 Ex
1729 4870 1930 4943 quibus

342 4970 547 5017 tantam
586 4963 1074 5022 sanctiﬁcationem
1111 4964 1211 5018 sibi
1248 4965 1636 5019 mutuabantur
1664 4974 1721 5020 et
1760 4967 1931 5031 potie-

338 5055 537 5110 bantur
568 5063 648 5119 ut,
679 5070 778 5129 pro
810 5058 971 5113 modo
999 5055 1409 5119 admonitionis,
1441 5055 1685 5124 quaedam
1718 5054 1771 5110 in
1813 5055 1933 5110 loco

339 5145 636 5186 agnomen-ii
664 5147 1040 5188 cannrtlntihue
1068 5154 1274 5188 tantum
1332 5144 1579 5188 ntlmtlztm
1621 5144 1785 5188 Plinm
1817 5162 1933 5188 mn-

2024 1861 2204 1917 medio
2235 1857 2416 1930 pepuli
2447 1858 2530 1911 sui
2562 1856 2786 1928 periret.
2838 1853 2895 1910 Si
2936 1863 3118 1907 autem
3155 1865 3252 1922 per
3278 1849 3609 1921 superbiam,

2023 1954 2174 2011 nullo
2210 1961 2371 2023 pacto
2409 1950 2542 2005 dirae
2581 1947 2772 2003 mortis
2809 1946 3065 2001 evaderet
3100 1942 3433 1997 sententiam
3473 1939 3562 1993 hic
3593 1977 3611 2004 ,

2023 2063 2148 2104 cum
2197 2044 2459 2100 [latiniuus
2509 2040 2883 2097 sanctiﬁcator
2926 2038 3199 2101 omnium,
3237 2050 3381 2089 nunc
3415 2032 3614 2088 leniter

2025 2136 2397 2201 admonendo,
2429 2148 2575 2189 nunc
2610 2146 2806 2202 aspere
2829 2128 3192 2191 deterrendo,
3219 2133 3430 2182 astruat
3453 2138 3611 2180 suam

2024 2226 2512 2287 sanctiﬁcationem
2567 2223 2637 2280 ab
2673 2224 2755 2278 eis
2801 2235 2939 2292 quos
2991 2218 3073 2274 vel
3110 2217 3257 2288 quod
3302 2214 3614 2271 sanctiﬁcat

2026 2319 2466 2392 inseparabilem.
2502 2316 2606 2384 Qui
2632 2324 2760 2371 sunt
2799 2313 2886 2368 isti
2916 2312 3010 2382 qui
3048 2310 3392 2380 iniquitatem
3419 2314 3612 2361 contra

2025 2415 2311 2473 Excelsum
2365 2412 2690 2481 loquuntur,
2752 2413 3063 2462 asserentes
3108 2401 3448 2457 sanctiﬁcata
3493 2400 3614 2455 sine

2025 2498 2457 2567 sanctiﬁcatione
2502 2502 2737 2565 emisse,
2795 2507 2888 2553 aut
2940 2498 3086 2552 dono
3133 2492 3462 2564 accepisse?
3508 2491 3611 2559 Qui

2025 2600 2212 2669 utiqtte
2238 2596 2323 2651 vel
2363 2595 2526 2650 rebus
2554 2590 2859 2646 visibilibus
2889 2589 3190 2643 debuerant
3216 2584 3433 2649 doceri,
3474 2597 3613 2653 quas

2025 2698 2267 2751 constat.
2302 2703 2400 2743 nec
2431 2686 2550 2742 sine
2586 2697 2838 2739 mensura
2861 2721 2877 2746 ,
2934 2696 3034 2735 nec
3062 2679 3182 2733 sine
3209 2691 3468 2741 numero,
3511 2688 3614 2730 nec

2025 2784 2145 2839 sine
2168 2780 2407 2851 pondere
2429 2818 2447 2844 ,
2484 2791 2604 2847 qua:
2634 2774 2802 2831 semei
2828 2781 2883 2827 et
2911 2769 3075 2826 simul
3100 2769 3243 2824 Deus
3284 2767 3391 2822 illis
3419 2765 3614 2821 indidit

2025 2890 2184 2948 posse
2212 2872 2369 2927 vendi
2394 2880 2489 2924 aut
2512 2866 2726 2923 donari.
2750 2865 2903 2934 Quod
2937 2863 2983 2920 si
3016 2875 3335 2919 concessum
3373 2869 3458 2914 est
3487 2859 3570 2914 bis
3592 2897 3609 2920 ,

2025 2947 2258 3038 quarum
2289 2964 2404 3031 ipse
2426 2974 2582 3015 nsum
2605 2967 2661 3014 et
2688 2956 2969 3013 servitium
2993 2954 3124 3024 ipsis
3140 2966 3359 3023 quoque
3379 2947 3614 3004 inimicis

2028 3060 2142 3116 suis
2179 3054 2439 3124 relinquit
2476 3059 2531 3108 et
2575 3049 2874 3120 permittit,
2914 3045 3167 3103 videlicet
3219 3058 3289 3098 ne
3328 3042 3447 3097 sine
3496 3040 3615 3095 suis

2027 3148 2384 3222 qualitatibus
2422 3143 2766 3207 habeantur,
2813 3147 3018 3211 quanto
3069 3137 3242 3207 magis
3295 3132 3617 3190 conceditur

2029 3245 2169 3310 illis,
2206 3257 2341 3313 quas
2381 3242 2449 3296 ad
2482 3240 2627 3296 solos
2653 3247 2900 3308 sumptus
2943 3235 3200 3291 Ecclesiae
3238 3248 3349 3288 sua:
3375 3238 3612 3298 sancte,

2028 3353 2093 3394 ac
2123 3335 2392 3392 ministris
2418 3335 2535 3389 suis
2573 3330 2815 3394 sanctis,
2860 3344 2967 3383 non
3007 3327 3186 3382 solum
3222 3325 3291 3379 ab
3341 3323 3612 3387 inimicis,

2026 3430 2121 3486 sed
2152 3428 2221 3483 ab
2250 3426 2442 3481 amicis
2466 3437 2681 3493 quoque
2710 3420 2827 3477 suis
2861 3419 3014 3474 laicis
3045 3433 3144 3472 sua
3182 3413 3615 3471 sanrt’ﬁcatiorc

2028 3519 2298 3577 secrevit!
2342 3514 2536 3572 Procul
2574 3512 2740 3568 dubio
2789 3512 2842 3565 in
2872 3508 3182 3578 ltttjusmodi
3229 3505 3617 3561 scbismaticos

2027 3626 2136 3668 non
2156 3609 2388 3665 absurde
2435 3605 2592 3677 dirigi
2636 3612 2814 3675 potest
2851 3602 2937 3657 illa
2978 3598 3320 3670 querimonia
3360 3595 3559 3651 Cbri~ti
3592 3611 3609 3649 :

2030 3723 2052 3758 ι
2089 3703 2404 3759 Diviserunt
2427 3699 2530 3755 sibi
2564 3697 2885 3753 vestimenta
2914 3708 3053 3749 mea.
3089 3711 3107 3744 ι
3145 3688 3319 3761 (Paul.
3345 3703 3432 3743 χχι
3453 3728 3468 3751 ,
3496 3686 3613 3755 29.)

2026 3793 2279 3865 Nunquid
2303 3791 2448 3847 enim
2490 3798 2548 3844 et
2577 3788 2668 3843 isti
2712 3796 2966 3856 tanquam
3017 3780 3230 3853 profani
3266 3779 3496 3840 milites,
3542 3777 3613 3830 ob

2028 3886 2336 3942 mercedem
2387 3882 2700 3937 illusionum
2737 3887 2797 3933 et
2846 3875 3167 3946 injuriarnm
3212 3884 3352 3941 quas
3393 3868 3616 3922 Christo

2028 3974 2386 4048 pertinaciter
2439 3973 2723 4042 ingerunt,
2784 3976 2844 4021 ut
2873 3963 3108 4019 inimicis
3149 3962 3267 4032 ejus
3316 3959 3563 4030 placeant
3593 3995 3609 4012 .

2027 4077 2190 4136 atque
2213 4062 2462 4118 inimicos
2482 4061 2550 4114 ab
2578 4075 2643 4116 eo
2670 4064 2947 4136 avertant,
2979 4070 3088 4109 non
3128 4051 3375 4107 dividunt
3410 4048 3616 4120 jugiter
3662 4062 3667 4071 λ

2027 4134 2348 4213 vestimenta
2384 4151 2561 4215 illius,
2611 4134 3046 4220 quandocunque
3087 4160 3174 4200 res
3206 4143 3280 4198 illi
3313 4143 3412 4196 soli
3448 4142 3614 4196 devo-

2031 4252 2177 4307 tione
2206 4247 2440 4304 ﬁdelium
2467 4243 2724 4308 collatas,
2749 4250 2805 4296 et
2833 4239 3198 4295 sanctiﬁcatas
3220 4236 3286 4291 ad
3328 4235 3526 4290 victum
3558 4242 3616 4288 et

2028 4341 2286 4398 vestitum
2332 4353 2557 4394 suorum
2615 4335 2983 4391 membrorum
3028 4331 3205 4386 adhuc
3248 4328 3371 4384 istic
3413 4325 3614 4382 talibus

2031 4432 2365 4503 indigentum
2403 4428 2734 4499 praesumunt
2754 4433 2806 4479 et
2829 4423 2929 4478 sibi
2961 4408 3228 4483 dividunt,
3283 4433 3391 4473 non
3427 4416 3494 4471 ad
3517 4414 3625 4471 ali-.

2031 4538 2195 4593 quam
2237 4518 2730 4576 sanctiﬁcationem
2764 4515 2899 4578 sibi,
2934 4513 3027 4567 sed
3054 4511 3121 4565 ad
3157 4507 3326 4564 solam
3360 4504 3617 4561 maledic-

2034 4617 2233 4670 tionem
2255 4621 2309 4668 et
2324 4611 2711 4680 sempiternam
2735 4604 3137 4662 damnationem
3159 4602 3182 4655 ἲ
3209 4602 3378 4666 Quem
3397 4597 3617 4665 insuper

2032 4708 2156 4765 felle
2196 4706 2381 4761 cibant
2409 4712 2467 4758 et
2511 4710 2669 4757 aceto
2715 4707 2936 4770 potant,
2976 4695 3104 4765 quia
3138 4690 3470 4763 pauperibus
3498 4686 3618 4754 ejus

2033 4798 2270 4852 debitam
2321 4794 2634 4853 alimoniam
2682 4790 3067 4849 subtrahentes
3104 4801 3216 4856 pra:
3253 4783 3397 4837 iame
3442 4788 3499 4835 et
3527 4778 3619 4833 siti

2033 4888 2202 4959 vitam
2225 4899 2413 4942 eorum
2436 4880 2761 4936 intolerabili
2786 4874 3150 4932 amaritudine
3172 4871 3402 4942 replent,
3421 4867 3622 4937 quibus

2034 4986 2087 5031 et
2125 4977 2169 5030 si
2206 4976 2273 5030 de
2308 4987 2406 5026 sua
2455 4972 2709 5024 videntur
2747 4968 3021 5024 interdum
3070 4963 3277 5037 aliquid
3317 4961 3629 5029 impertiri,

2035 5075 2291 5138 tanquam
2315 5060 2559 5132 chlamys
2587 5062 2840 5116 coccinea
2866 5069 2918 5116 et
2962 5056 3257 5113 adhibetur
3286 5052 3635 5108 inltonestio-

2278 5163 2333 5190 ut
2363 5162 2582 5190 muto-Iau-
2674 5152 2933 5190 mauultl-ita
2982 5145 3188 5190 Claricti
3256 5145 3445 5190 Nmuc
3486 5144 3638 5190 enim

2034 5160 2184 5190 -:'llla
