4064 5394
451 258 593 317 1188

1016 358 1246 424 CAPUT
1284 358 1488 432 xxvu

451 460 529 516 De
558 439 734 535 parte
758 457 1061 535 divisorem
1088 496 1105 521 ,
1141 455 1282 527 quod
1334 454 1595 535 Spiritum
1643 464 1889 535 sanctum
1936 456 2052 511 nim

603 529 858 599 accipiant
885 569 904 596 ,
951 528 1053 584 nisi
1080 525 1328 598 sedantes
1358 525 1488 595 ﬁdei
1524 525 1902 596 apostolorum.

531 639 661 701 inec
683 654 805 699 eum
832 640 905 693 ita
926 637 1035 696 sint
1056 678 1076 703 ι
1101 638 1244 707 quod
1269 635 1551 710 conjunxit
1574 636 1735 693 homo
1758 650 1863 693 non
1893 648 2051 705 sepa-

441 747 465 781 r
488 740 548 791 et
571 771 588 797 ,
625 730 752 802 quia
784 729 1088 798 perniciose
1118 730 1221 785 hoc
1254 727 1456 793 faciet,
1486 729 1779 787 secundum
1815 727 1959 798 quod
1991 728 2055 785 in

452 822 757 892 Evangelio
789 823 903 892 ipse
925 837 1089 892 super
1115 823 1355 891 divortio
1370 822 1660 892 ccutiugtnu
1685 823 2063 891 interrogatus

462 915 716 988 prohibet
764 915 958 986 (Marc.
990 930 1022 975 χ
1046 954 1063 978 ,
1110 913 1188 985 9).
1236 915 1303 973 Ut
1351 916 1495 972 enim
1530 913 1899 969 illi‘cunnluo
1925 922 2061 971 aut»

462 1004 773 1074 conjugium
798 1004 994 1063 iuerint
1017 1045 1033 1070 ,
1067 1004 1177 1072 jam
1209 1015 1329 1075 post
1354 1004 1663 1077 coniugium
1693 1021 1799 1064 non
1828 1006 1936 1059 duo
1957 1005 2054 1059 sed

466 1115 573 1158 una
603 1113 732 1155 caro
753 1106 918 1161 sunt,
968 1106 1262 1155 attesmnte
1309 1096 1561 1162 Dtinrino,
1589 1096 1672 1151 vel
1702 1098 1847 1153 sicut
1872 1098 2054 1151 anima

465 1189 755 1246 rationalis
777 1199 831 1245 ct
856 1205 987 1247 caro
1014 1206 1154 1247 unus
1181 1200 1265 1247 est
1290 1190 1453 1246 homo
1473 1229 1490 1256 ,
1521 1192 1595 1245 ita
1625 1191 1894 1247 clericalis
1920 1192 2065 1247 ordo.

475 1294 632 1353 Itque
663 1284 1038 1346 ecclesiastica
1062 1263 1333 1354 possessio
1357 1300 1461 1338 una
1491 1292 1577 1341 est
1600 1283 1811 1338 Domini
1845 1283 2055 1341 sancti-

469 1377 681 1442 ﬁcatio,
716 1392 878 1448 quam
914 1377 1163 1448 quisquis
1215 1377 1553 1431 saaculariter
1579 1377 1817 1443 dividit,
1846 1376 1919 1431 nil
1949 1377 2052 1433 nisi

465 1469 800 1538 spiritualem
851 1469 1131 1527 interitum
1186 1467 1393 1534 edicit,
1452 1468 1600 1527 velut
1648 1470 1695 1523 si
1744 1468 2052 1539 conjugium

466 1561 791 1619 muechundo,
822 1560 1093 1614 h0minem
1122 1559 1299 1617 solvat
1321 1559 1651 1627 occidendo;
1689 1574 1796 1630 quo
1822 1561 2052 1629 denique

463 1648 646 1717 facto,
689 1658 1022 1706 necesse'est
1047 1649 1184 1705 duos
1211 1650 1421 1714 irrilcs,
1453 1651 1583 1705 dum
1610 1665 1774 1705 llllllnl
1807 1651 2049 1716 divides,

463 1739 633 1800 Deum
646 1742 856 1800 scilicet
875 1752 1037 1811 atque
1054 1744 1331 1806 maritum,
1352 1743 1397 1798 si
1422 1756 1677 1807 uxorem;
1704 1741 2051 1798 nihilominus

464 1833 635 1889 Deum
659 1843 821 1905 atque
850 1834 1162 1889 interiorem
1188 1833 1462 1888 hominem
1488 1873 1510 1902 ,
1546 1833 1590 1888 si
1617 1832 1868 1893 diviseris
1896 1843 2052 1888 extoo

462 1925 689 1985 riorem.
716 1926 810 1983 Sic
829 1926 882 1979 in
912 1925 1080 1985 Deum
1106 1935 1162 1982 et
1184 1927 1238 1985 in
1265 1924 1495 1981 famulos
1522 1922 1639 1995 ejus
1666 1937 1893 1997 peccas,
1922 1920 2053 1981 dum

463 2018 855 2078 sanctiﬁcatum
891 2032 1079 2074 eorum
1110 2018 1514 2089 possessionem
1550 2035 1578 2072 a
1615 2033 1714 2073 sua
1744 2017 2053 2079 sant-tilica:

465 2110 615 2166 tione
650 2120 979 2180 sequestras.
1021 2110 1173 2185 Quod
1204 2110 1561 2180 periculosius
1595 2109 1729 2165 facis
1765 2111 1853 2165 hic
1887 2125 2052 2180 quam

467 2201 523 2259 in
571 2200 875 2267 adulterio,
914 2200 1041 2271 quia
1090 2201 1198 2260 illic
1248 2217 1457 2266 unum,
1510 2202 1599 2256 hic
1657 2211 1837 2255 autem
1881 2201 2052 2255 multa

467 2294 745 2355 hominum
772 2294 937 2349 millia
960 2292 1317 2355 scandalizas.
1342 2294 1494 2361 Quod
1519 2295 1564 2349 si
1588 2295 1707 2364 quis
1720 2294 2054 2352 scandaliza.

466 2383 606 2438 verit
654 2400 824 2443 unum
877 2384 943 2439 de
991 2384 1200 2454 pusillis
1258 2386 1387 2450 Dei,
1429 2401 1555 2445 cum
1603 2383 1743 2440 tnola
1774 2385 2047 2447 asinaria,

466 2475 607 2531 collo
645 2476 765 2545 ejus
804 2475 1181 2546 suspendenda
1210 2516 1227 2541 ,
1254 2476 1658 2549 «άθιιιυνεθηιιυε
1710 2487 1793 2530 est
1840 2476 1893 2531 in
1922 2491 2047 2547 pro-

468 2569 691 2622 fundum
740 2569 906 2627 maris
955 2568 1174 2640 (Matth.
1229 2583 1360 2627 xvnt
1390 2608 1405 2629 .
1457 2566 1554 2637 6),
1601 2566 2047 2639 quid,pntaiuus,

468 2667 707 2713 meretur
755 2658 851 2735 qui
899 2668 978 2717 tot
1019 2661 1139 2730 ejus
1175 2660 1400 2729 pusillos
1436 2675 1559 2714 cum
1611 2658 1909 2727 majoribus
1954 2674 2051 2714 sua

466 2751 762 2810 ambitione
797 2760 853 2813 et
887 2753 1168 2814 invasione
1201 2750 1588 2810 scandalizat?
1640 2751 1759 2818 Quo
1792 2750 2052 2806 seandalo

465 2842 775 2913 coniugium
815 2842 1020 2903 Christi
1046 2854 1101 2900 et
1124 2844 1384 2899 Ecclesia:
1413 2858 1512 2898 suo
1546 2843 1708 2898 solvit
1737 2842 2007 2898 adulterio
2031 2882 2049 2908 ,

476 2918 769 2988 lictnicitlio
809 2950 1026 3005 quoque
1070 2945 1125 2991 et
1174 2936 1463 3007 sacrilegio
1489 2975 1502 3001 ,
1542 2935 1632 2993 ubi
1676 2950 1779 2989 suo
1814 2935 2052 3005 maligno

468 3025 584 3087 zelo
604 3025 857 3084 eliminat
879 3028 948 3082 ab
974 3027 1218 3083 Ecclesia
1246 3028 1465 3082 arrham
1492 3026 1659 3083 divini
1694 3026 2047 3092 matrimonii,

466 3116 729 3189 Spiritum
760 3128 1009 3176 sanctum
1040 3119 1250 3177 scilicet
1275 3117 1886 3192 quoSanctilicahatur,
1915 3118 2055 3175 vivi-

466 3212 728 3270 licabatur
754 3221 807 3267 et
829 3214 1148 3271 ornabatur.
1171 3212 1272 3286 Qui
1300 3215 1441 3270 sicut
1465 3213 1635 3284 replet
1663 3213 1851 3269 urbem
1877 3221 2054 3268 terra-

466 3319 618 3367 rum,
647 3315 702 3359 et
727 3306 970 3360 continet
1002 3305 1183 3358 omnia
1228 3314 1488 3378 tanquam
1518 3303 1813 3370 Conditor,
1843 3312 1901 3356 ut
1924 3303 2051 3357 sub-

464 3396 659 3451 sistere
694 3394 935 3458 valeant,
983 3395 1063 3450 sic
1099 3378 1155 3450 et
1192 3394 1531 3459 Ecclesium,
1590 3403 1646 3456 et
1686 3393 1870 3454 nuntia
1908 3391 2057 3449 illius

467 3487 643 3558 replet
679 3500 745 3542 ac
775 3487 1048 3553 continet,
1092 3496 1350 3557 tanquam
1393 3484 1793 3551 sanctiﬁcator,
1840 3494 1901 3539 ut
1943 3500 2051 3540 non

466 3580 641 3639 solum
669 3580 997 3647 subsistere,
1047 3582 1143 3636 sed
1183 3580 1403 3650 insuper
1437 3590 1624 3634 sancta
1668 3593 1790 3634 esse
1814 3577 2051 3633 valeant.

467 3672 639 3739 Quam
672 3672 1163 3733 mortiﬁcationem
1184 3712 1200 3738 ,
1234 3673 1371 3726 bona
1397 3670 1679 3737 voluntas,
1702 3669 1783 3725 vel
1813 3670 2049 3733 devotio,

466 3770 629 3831 atque
678 3763 852 3819 oratio
908 3762 1103 3816 invitat
1165 3760 1233 3815 ad
1286 3760 1736 3817 sanctilicandum
1790 3758 2051 3829 quidquid

468 3863 672 3911 sancta:
694 3854 947 3912 Ecclesia:
972 3853 1254 3913 confertur
1275 3869 1305 3908 a
1335 3852 1584 3911 ﬁdelibus
1609 3894 1627 3923 ,
1663 3853 1752 3921 qui
1782 3862 2050 3923 percepta

467 3946 748 4001 Dominica
773 3957 1086 4013 servantes,
1135 3946 1204 4000 ad
1245 3945 1497 4000 cmlestcs
1527 3946 1809 4001 thesauros
1833 3953 2052 4001 terrena

468 4038 792 4108 pittrimonia
812 4038 884 4093 de
909 4049 1053 4093 terra
1076 4037 1287 4103 levant,
1308 4045 1365 4092 ct
1385 4035 1720 4092 transferunt
1740 4050 1838 4104 per
1859 4050 2056 4093 manus

466 4145 764 4200 pauperum
797 4129 1021 4200 spiritu,
1060 4145 1290 4200 quorum
1316 4137 1398 4185 est
1422 4129 1682 4184 ctelorum
1712 4144 1937 4201 regnum
1957 4169 1972 4194 ,
1995 4137 2052 4183 et

467 4235 698 4289 quorum
721 4220 1016 4274 advocatur
1036 4229 1090 4274 et
1116 4221 1428 4278 consolator
1447 4230 1531 4276 est
1552 4219 1785 4291 Spiritus
1807 4229 2051 4285 sanctus,

469 4327 503 4365 a
532 4324 640 4381 quo
676 4313 852 4365 ouxnis
883 4311 1276 4376 sanctiﬁcatio,
1318 4312 1427 4367 imo
1460 4312 1552 4381 qui
1589 4320 1676 4365 est
1706 4312 1818 4381 ipsa
1849 4310 2053 4365 sancti-

470 4401 673 4460 ﬁcatio.
707 4403 824 4474 Ipso
856 4414 1025 4459 totum
1060 4420 1260 4476 corpus
1294 4405 1550 4462 Ecclesia:
1594 4403 1968 4459 sanctiﬁcatur
1996 4415 2050 4458 et

469 4494 697 4571 regitur.
732 4500 847 4569 Ipse
873 4499 1109 4554 vicarius
1138 4498 1341 4555 Christi
1369 4498 1648 4568 discipulis
1672 4497 1791 4567 ejus
1819 4508 1874 4551 et
1912 4497 2048 4554 ﬁde-

470 4591 613 4647 libus
652 4589 906 4645 omnibus
948 4590 1146 4660 ubique
1194 4592 1594 4662 patrocinatur,
1643 4604 1743 4659 pro
1781 4589 2048 4660 corporali

469 4684 761 4754 praesentia
802 4680 969 4737 illius.
1002 4680 1158 4738 llunc
1187 4682 1348 4739 alium
1377 4680 1717 4737 Paracletum
1747 4681 1863 4736 dari
1895 4682 2010 4737 suis
2033 4724 2049 4750 ,

469 4787 531 4831 ut
553 4790 678 4833 cum
719 4777 801 4832 eis
842 4784 1060 4831 maneat
1101 4777 1152 4830 in
1203 4785 1463 4831 teter-num
1506 4774 1545 4829 F
1552 4774 1675 4829 ilius
1708 4776 1919 4844 rogavit
1948 4774 2050 4830 Pa:-

468 4884 633 4934 trem.
684 4871 839 4928 Hunc
877 4870 1139 4941 Spir.tum
1178 4870 1452 4935 veritatis,
1495 4884 1614 4939 qua:
1650 4868 1901 4925 Christus
1934 4881 2047 4939 est,

466 4982 578 5032 ,non
625 4973 803 5035 potest
859 4965 1108 5033 accipere
1159 4964 1391 5017 mundus
1432 4963 1483 5016 in
1533 4963 1769 5034 maligno
1809 4965 2049 5033 positus,

466 5057 712 5113 haeretici
745 5056 982 5119 scilicet.
1027 5053 1231 5121 Judaei,
1269 5061 1323 5108 et
1350 5053 1608 5109 increduli
1636 5064 1799 5124 atque
1824 5056 2054 5125 pagani,

467 5148 712 5218 alioquin
746 5148 793 5204 si
832 5148 1096 5211 mundus,
1129 5148 1219 5218 qui
1252 5147 1450 5202 talibus
1481 5146 1759 5212 consistit,
1796 5147 1850 5202 in
1890 5147 2058 5216 perﬁ-

473 5243 565 5309 dia
590 5240 958 5311 permanendo
979 5240 1243 5311 Spiritum
1272 5241 1521 5296 veritatis
1551 5240 1799 5309 accipere
1834 5247 2050 5310 potest,

1521 248 1881 309 HUMBERTI
1917 247 1979 308 Β.
2018 250 2087 309 εξ.
2132 252 2193 306 Ε.
2234 248 2662 311 (iARDINALlS

2071 367 2122 428 λ
2150 360 2366 416 ditl‘erre
2396 362 2550 428 ,_iuto
2590 362 2696 416 hoc
2723 362 2899 431 ipsum
2943 361 3242 419 catholicos
3270 362 3413 432 quod
3447 360 3733 419 luereucos

2079 4466 2127 4523 Ι)

3592 250 3730 309 1181

2148 463 2290 508 esse.
2322 451 2428 508 Sed
2456 452 2601 507 absit
2629 452 2742 509 haec
2772 451 2998 523 perﬁdia
3036 454 3105 510 ab
3134 454 3331 512 animis
3365 452 3693 511 Christianis
3710 458 3741 513 !:

2151 540 2369 597 Veritas
2389 543 2601 613 quippe
2622 542 2947 599 inviolabilis
2972 559 3082 601 sua:
3112 545 3492 616 promissionis
3519 555 3733 602 sentent-

2152 635 2281 691 tiam
2326 635 2618 695 inviolabili
2666 635 3064 707 subscriptione
3101 639 3521 704 corroboravit,
3554 639 3733 695 eidem

2152 738 2281 780 mox
2306 725 2674 796 subjungens:
2727 744 2759 780 ι.
2802 728 2939 796 Quia
2978 743 3100 789 non
3133 731 3280 788 videt
3301 745 3599 794 eum,,nee
3632 739 3735 787 seu

2151 828 2276 872 Cum
2307 816 2490 883 (Joan.
2520 833 2612 875 Itv
2633 858 2649 881 ,
2683 818 2793 887 l7).
2825 838 2844 872 ι

2223 903 2486 971 Proinde,
2531 922 2652 961 cum
2689 909 2761 964 sit
2805 909 2926 980 plus
2968 909 3214 980 accipere
3259 909 3542 981 quodlibet
3567 924 3751 980 quam.

2153 995 2338 1067 videre
2365 1005 2573 1055 tantum
2591 1039 2620 1065 ,,
2645 1009 2739 1054 aut
2782 1000 2945 1065 scire,
2978 1013 3191 1057 constat
3232 1002 3545 1057 mendacem
3581 1017 3741 1057 mon.-

2154 1090 2280 1149 dmn
2334 1105 2440 1148 non
2492 1091 2740 1162 accipere
2782 1092 3048 1167 Spiritum
3093 1093 3367 1159 veritatis,
3421 1107 3584 1164 quem
3636 1107 3743 1147 uec

2154 1183 2341 1238 videre
2392 1199 2490 1242 nec
2530 1186 2674 1241 scire
2708 1185 3033 1255 praedicatur
3057 1201 3089 1252 ς,
3122 1187 3227 1257 qui,
3260 1201 3389 1257 ergo
3440 1202 3542 1244 nec
3591 1185 3741 1256 quod

2152 1275 2433 1333 minimum
2461 1288 2545 1333 eat
2569 1284 2809 1334 metetur
2826 1317 2852 1341 ι
2872 1276 3151 1333 dubitatur
3178 1291 3245 1333 an
3268 1272 3411 1350 quod
3437 1277 3755 1332 maximum.

2151 1377 2237 1424 est
2253 1378 2544 1425 mereatur.
2572 1370 2737 1443 thui
2758 1368 3478 1440 iudignusjndicaturetiam
3489 1377 3737 1423 extrema

2151 1461 2421 1536 ευίιιιιυειδ,
2453 1463 2649 1532 dignus
2694 1472 2778 1518 est
2797 1463 2882 1519 cui
2916 1465 3143 1520 cedatur
3175 1471 3301 1519 tota
3322 1461 3589 1519 ﬂamma?
3627 1460 3739 1516 Sed

2151 1560 2338 1612 eadem
2373 1557 2627 1622 Veritas,
2645 1571 2773 1613 suos
2800 1557 2865 1612 de
2887 1555 3574 1631 Spiritusuocertiﬁcans,
3604 1554 3741 1609 sub-

2150 1649 2329 1717 junxit
2354 1665 2367 1702 :
2425 1666 2443 1700 ι
2477 1646 2585 1704 Vos
2623 1657 2814 1709 autem
2840 1644 3182 1720 cognoscetis
3211 1663 3335 1703 eum
3363 1689 3399 1715 ,_
3422 1648 3566 1718 quia.
3593 1646 3741 1717 apud

2078 1723 2250 1797 ,νος
2282 1742 2549 1807 manebit,
2606 1752 2661 1796 et
2707 1735 2760 1798 in
2816 1742 2965 1797 vobis
2995 1742 3100 1796 erit
3146 1741 3327 1811 (Joan.
3371 1755 3501 1805 xlv,
3558 1740 3672 1809 Π).
3710 1758 3751 1795 λ

2157 1837 2292 1891 Hinc
2341 1834 2729 1906 comprobatur
2776 1834 3040 1906 Spiritum
3086 1843 3332 1889 sanctum
3374 1850 3409 1888 a
3448 1831 3751 1902 discipulis

2153 1929 2353 1985 Christi
2385 1928 2670 1999 cognosci,
2719 1937 2774 1983 et
2803 1928 2944 1999 apud
2979 1942 3073 1983 eos
3118 1937 3175 1983 et
3207 1928 3260 1981 in
3309 1926 3395 1981 eis
3436 1942 3662 1980 manere
3683 1926 3753 1982 in,

2152 2032 2437 2079 aeternum.
2459 2022 2613 2088 Quod
2637 2021 2682 2076 si
2706 2020 2829 2091 quis
2851 2020 3212 2075 calumniator
3233 2028 3477 2075 astruere
3504 2024 3743 2072 conatur

2154 2114 2262 2172 illis
2313 2122 2562 2179 tantum,
2625 2113 2717 2182 qui
2768 2112 2871 2167 sibi
2907 2122 3032 2167 tunc
3091 2121 3300 2167 tantum
3350 2111 3756 2174 adha‘uebant,

2155 2204 2417 2275 Spiritum
2472 2213 2721 2261 sanctum
2769 2218 2798 2261 a
2834 2203 3051 2263 Christo
3085 2204 3508 2273 repromissum,
3547 2201 3739 2254 audiat

2152 2297 2555 2367 quoddicitnr,
2619 2315 2637 2347 ι
2674 2305 2732 2349 ut
2786 2304 3002 2349 maneat
3050 2295 3324 2349 vobiscum
3363 2293 3429 2348 in.
3470 2302 3739 2346 mternum

2153 2391 2322 2465 (Ibid.
2353 2407 2440 2445 xvn
2463 2430 2478 2452 ,
2517 2388 2633 2458 ll),
2663 2409 2681 2440 ι
2735 2387 2801 2447 Et
2841 2403 2908 2442 ne
2940 2386 3077 2445 forte
3099 2386 3276 2442 adhuc
3306 2384 3704 2454 tergiversetur
3724 2423 3741 2445 ,

2151 2482 2362 2541 recolat
2390 2481 2533 2551 quod
2564 2481 2726 2551 paulo
2756 2479 3006 2549 superius
3041 2477 3283 2548 exempli
3302 2493 3466 2532 causa
3518 2490 3737 2530 assnm-
3834 2540 3843 2547 .

2150 2572 2746 2647 psiums,ubiChristus
2781 2571 3019 2643 rogando
3042 2562 3256 2625 Patrem
3285 2578 3344 2624 ut
3366 2566 3747 2623 sanctiﬁcaret

2152 2666 2448 2736 discipulos
2477 2664 2585 2718 ait:
2630 2683 2648 2714 ι
2707 2660 2825 2716 Non
2858 2677 2956 2731 pro
2992 2661 3077 2716 his
3105 2669 3286 2715 autem
3326 2674 3465 2729 rogo
3491 2667 3749 2719 tantum,

2151 2760 2243 2814 sed
2272 2767 2327 2812 et
2350 2771 2446 2831 pro
2476 2756 2554 2810 eis
2578 2754 2669 2824 qui
2715 2754 2972 2810 credituri
3003 2762 3129 2808 sunt
3169 2768 3264 2824 per
3290 2752 3511 2807 verbum
3543 2765 3736 2804 eorum

2151 2849 2204 2904 in
2253 2863 2380 2914 nte,
2436 2857 2497 2902 ut
2530 2861 2723 2901 omnes
2756 2861 2921 2903 unum
2970 2843 3293 2915 sintu‘oau.
3336 2859 3480 2907 xvtt,
3513 2842 3652 2910 20).
3711 2861 3744 2894 ι
3836 2880 3851 2889 .

2151 2939 2323 2995 Porro
2346 2937 2709 2995 sanctiﬁcatio
2739 2951 2841 2993 nec
2881 2937 3044 2991 datur
3076 2950 3177 2990 nec
3206 2935 3435 2991 habetur
3463 2935 3582 2988 sine
3613 2932 3738 3003 Spi-

2154 3034 2260 3089 ritu
2291 3044 2501 3088 sancto.
2540 3030 2764 3087 Constat
2801 3044 2930 3101 ergo
2975 3027 3249 3099 apostolos
3275 3041 3573 3099 eorumque
3609 3041 3737 3080 suc-

2152 3140 2404 3202 cessores
2444 3114 2752 3194 apostolica
2791 3122 2894 3177 lide
2943 3118 3107 3176 corde
3159 3117 3507 3174 credentibus
3544 3105 3603 3172 et
3641 3132 3740 3171 ore

2137 3214 2537 3271 «conﬁtentibus
2556 3213 2820 3284 Spiritum
2835 3220 3081 3267 sanctum
3097 3224 3443 3281 cognoscere,
3465 3207 3749 3278 accipere,

2152 3315 2208 3364 et
2232 3306 2371 3380 apud
2398 3319 2493 3362 eos
2509 3314 2564 3360 et
2586 3306 2638 3359 in
2659 3304 2738 3358 eis
2761 3316 3003 3359 manere.
3038 3300 3188 3358 Unde
3212 3310 3272 3355 ut
3294 3300 3533 3370 reliquas
3555 3307 3741 3369 pestes

2151 3397 2370 3457 interim
2420 3395 2933 3469 praetermittamus,
2980 3393 3210 3467 probent
3234 3390 3532 3449 Simmiiaci
3571 3389 3745 3447 ﬁdem

2150 3506 2211 3546 se
2239 3490 2591 3559 apostolicam
2649 3496 2703 3543 et
2725 3488 3028 3543 doctrinam
3078 3485 3356 3557 sequendo
3403 3489 3635 3540 vendere
3679 3490 3739 3538 et

2151 3595 2333 3639 eruere
2353 3581 2611 3651 Spiritum
2637 3590 2904 3643 sanctum,
2927 3587 2981 3632 et
3010 3577 3125 3632 sine
3147 3578 3515 3633 controversia
3541 3588 3735 3631 conca.

2152 3669 2315 3728 datur
2336 3674 2414 3732 eis
2433 3673 2676 3741 accipere
2699 3680 2754 3725 et
2780 3670 2979 3726 habere
3000 3668 3259 3741 Spiritum
3282 3679 3550 3735 sanctum,
3569 3678 3623 3724 et
3645 3668 3739 3724 cui

2150 3762 2423 3819 voluerint
2464 3764 2578 3818 sive
2615 3762 2784 3833 gratis
2824 3762 2941 3817 sive
2979 3776 3083 3816 nun
3115 3761 3290 3831 gratis
3318 3761 3610 3833 impetrare
3638 3771 3734 3816 aut

2152 3854 2302 3911 dare.
2340 3854 2492 3923 Quod
2522 3855 2566 3909 si
2597 3855 2827 3927 probare
2848 3868 2952 3907 non
2984 3862 3238 3930 poterunt
3260 3894 3276 3921 ,
3305 3853 3443 3909 sicut
3469 3869 3595 3909 vere
3616 3842 3731 3910 non

2152 3957 2406 4018 possunt,
2441 3944 2681 4001 maxime
2709 3961 2831 4000 cum
2862 3945 2929 3999 ab
2959 3944 3092 4016 ipsis
3129 3945 3421 4021 primitiva:
3453 3945 3533 4000 vel
3570 3947 3733 4001 totius

2151 4038 2408 4094 Ecolesize
2446 4036 2711 4093 columnis
2735 4078 2749 4103 ,
2797 4035 2962 4092 Petro
3005 4036 3376 4107 apostolorum
3405 4039 3649 4109 principe
3677 4048 3735 4098 et

2152 4128 2361 4189 Joanne
2424 4128 2623 4188 dilecto
2682 4128 2892 4187 Domini
2950 4129 3201 4199 apostolo.
3244 4139 3303 4187 et
3360 4133 3729 4203 evangelista,

2154 4222 2437 4288 noverint,
2479 4236 2580 4276 nec
2626 4236 2823 4292 negare
2865 4230 3090 4291 possunt
3131 4233 3408 4279 auctorem
3454 4240 3607 4279 suum
3636 4242 3731 4296 pro

2154 4313 2266 4368 sola
2282 4322 2391 4367 tam
2406 4312 2617 4368 nefandi
2640 4313 2836 4383 negotii
2866 4314 3222 4372 aestimatione
3243 4304 3733 4389 irrecuperabiliter

2154 4404 2444 4463 contritum
2473 4419 2488 4468 ;
2543 4411 2875 4477 cognoscant
2927 4418 2987 4459 se
3033 4419 3154 4461 esse
3189 4408 3255 4461 de
3284 4409 3486 4464 ntundo
3524 4408 3614 4463 illo
3640 4412 3737 4481 qui

2156 4511 2261 4550 non
2299 4505 2476 4566 potest
2512 4496 2763 4566 accipere
2806 4495 3051 4552 veritatis
3080 4495 3381 4567 Spiritum,
3417 4506 3474 4553 et
3513 4499 3734 4569 resipis-

2157 4594 2342 4643 centes
2386 4585 2645 4645 festinent
2686 4585 2802 4641 ﬁeri
2838 4586 2904 4642 de
2959 4587 3161 4648 mundo
3213 4588 3308 4649 illo
3366 4605 3529 4650 ouem
3586 4590 3736 4664 eligit

2155 4677 2402 4737 Christus
2430 4680 2498 4737 de
2525 4680 2728 4736 mundo
2763 4679 2998 4736 illorum.

2695 4790 2923 4853 CAPUT
2962 4792 3175 4851 XXVII.

2156 4885 2235 4940 De
2262 4868 2489 4954 Spiritu}
2511 4884 2676 4955 sancti
2705 4886 2876 4955 gratia
2896 4896 3008 4954 post
3039 4887 3471 4946 resurrectionem
3493 4889 3549 4944 in
3574 4890 3737 4946 disci-

2529 4953 2680 5024 pulos
2708 4953 2754 5008 et
2784 4953 3009 5010 vindicta
3048 4957 3101 5009 in
3131 4957 3363 5012 Anauia.

2225 5043 2378 5101 Hunc
2405 5060 2537 5100 sane
2561 5046 2893 5101 Paracletum
2921 5048 3067 5103 misit
3092 5046 3255 5104 Pater
3284 5049 3339 5103 in
3372 5052 3589 5106 nomine
3611 5051 3731 5107 Filii

2153 5141 2270 5206 sui,
2298 5150 2355 5194 ut
2390 5138 2573 5193 ﬁdeles
2599 5139 2710 5209 ipse
2736 5141 2953 5195 doceret
2979 5142 3160 5195 omnia
3186 5183 3201 5206 ,
3233 5153 3288 5197 et
3319 5153 3631 5214 suggereret
3652 5146 3737 5199 eis

2154 5230 2336 5287 omnia
2363 5245 2694 5303 quaecunque
2710 5229 2997 5285 dixeriteis
3018 5231 3155 5287 idem
3183 5229 3375 5288 Filius.
3405 5231 3557 5287 llunc
3576 5248 3733 5289 suum

2662 5322 2700 5340 η
2740 5332 2812 5340 .ν-
2894 5337 2927 5340 κ,
2981 5324 3075 5340 -Ι·.
3126 5322 3165 5340 ιγ
3233 5324 3269 5340 ι.
