4064 5394
275 252 413 307 “33

280 377 498 420 carnem
523 373 679 433 nosse
703 368 973 413 curarent.
1001 356 1136 411 IIinc
1160 356 1378 410 veniens
1402 352 1578 423 arguit
1601 349 1856 404 mundum
1887 352 1932 410 Α

279 455 609 510 immumlnm
655 453 720 505 de
764 460 984 520 peccato
1032 447 1461 508 incredulitatis,
1538 445 1603 497 de
1643 443 1855 511 justitia

269 559 520 604 ‘suorum,
540 553 592 596 et
616 545 681 594 de
698 541 901 609 judicio
925 538 1119 592 diaboli
1147 537 1290 592 foras
1314 535 1492 603 eiecti.
1525 533 1621 587 llic
1643 548 1857 602 quoque

269 635 516 705 Spiritus
566 631 810 686 veritatis
859 630 1081 682 veniens
1124 628 1276 681 docet
1323 625 1524 681 Christi
1567 621 1860 690 discipulos

273 733 491 777 'ou'mem
522 722 838 783 veritatem,
897 727 954 770 ut
986 732 1080 786 per
1116 716 1290 784 ipsum
1330 713 1642 784 spirituales
1681 711 1857 766 etfecti

281 815 490 870 discant
528 813 691 866 multa
725 827 842 881 qua:
868 811 1118 866 Christus
1144 808 1373 862 habebat
1399 808 1480 861 eis
1509 808 1690 860 dicere
1719 821 1733 870 ;
1765 804 1860 858 sed

281 909 407 978 quia
439 908 613 960 adhuc
644 905 888 959 carnales
919 911 1076 958 erant
1099 942 1114 967 ,
1146 917 1251 955 non
1285 909 1534 970 poterant
1558 900 1698 952 lumc
1737 913 1863 967 pot-

285 1009 418 1053 tare.
461 997 568 1051 Nec
603 996 841 1064 loquitur
871 996 938 1048 ad
986 994 1309 1062 semetipsos
1334 1030 1349 1054 ,
1399 991 1489 1044 sed
1528 1001 1861 1058 qua-cunuue

282 1093 425 1145 audit
458 1090 702 1159 loquitur
731 1127 746 1152 ,
791 1096 847 1140 et
887 1102 1006 1156 qua:
1041 1095 1265 1139 ventura
1296 1092 1422 1139 sunt
1453 1081 1735 1136 annuntiat
1759 1080 1858 1134 ci=.

283 1181 374 1236 llle
401 1180 594 1235 Filium
635 1177 935 1240 clarificat,
978 1177 1067 1246 qui
1108 1185 1233 1230 ante
1272 1175 1572 1244 passionem
1610 1170 1724 1236 eius
1753 1186 1860 1223 non

281 1278 402 1324 erat
430 1270 619 1331 datus,
667 1268 790 1334 quia
828 1265 980 1320 Iesus
1011 1267 1245 1320 nondum
1299 1264 1472 1317 fuerat
1503 1261 1858 1333 glorificatus.

285 1361 382 1415 IIie
422 1369 503 1414 est
555 1375 692 1428 aqua
743 1357 830 1410 illa
865 1357 983 1411 viva
1037 1359 1100 1411 a.l
1131 1355 1286 1425 cujus
1325 1357 1575 1410 haustmn
1615 1353 1863 1406 siaientes

245 1474 247 1476 ·
285 1452 424 1505 idem
461 1449 627 1503 Filius
687 1447 898 1502 invitat.
964 1447 1060 1501 llic
1095 1462 1310 1516 quoque
1352 1456 1435 1499 cst
1465 1443 1696 1512 Spiritus
1722 1442 1864 1496 veri-

286 1541 452 1605 tatis,
511 1540 600 1609 qui
648 1553 675 1590 a
719 1547 766 1591 te
798 1553 947 1608 rcges
981 1549 1033 1590 et
1084 1537 1375 1607 praesides,
1429 1545 1680 1602 tanquam
1725 1533 1862 1585 fidus

286 1634 611 1695 advocatus,
653 1629 895 1700 loquitur
947 1631 1000 1684 in
1047 1630 1362 1700 discipulis,
1425 1645 1491 1683 ne
1529 1628 1599 1681 sit
1642 1640 1862 1680 necesse

286 1723 644 1796 prmmeditari
685 1724 919 1793 qualiter
948 1724 1350 1792 respondeant,
1379 1722 1577 1791 quibus
1612 1721 1770 1772 datur
1809 1719 1861 1772 in
1895 1709 1938 1767 Β

287 1813 374 1866 illa
402 1814 531 1870 hora
549 1814 708 1886 ’quid
748 1813 1063 1884 loquantur.
1130 1811 1240 1866 Nec
1282 1811 1424 1866 enim
1465 1811 1562 1880 ipsi
1609 1818 1732 1863 sunt
1773 1807 1862 1876 qui

288 1919 607 1979 loquuntur,
661 1906 756 1962 sed
789 1905 1024 1975 Spiritus
1059 1914 1302 1958 sanctus.
1339 1903 1434 1956 llic
1474 1903 1601 1956 fecit
1630 1910 1686 1954 ut
1739 1913 1867 1971 apo-

287 2001 410 2055 stoli
446 2010 610 2055 testes
662 2008 846 2054 essent
882 1997 1079 2052 Christi
1135 1998 1186 2050 in
1222 1995 1521 2051 Jerusalem
1549 2035 1565 2059 ,
1611 2003 1664 2047 et
1695 1993 1762 2047 ab
1800 2009 1862 2047 ea

287 2105 716 2162 quaquaversum
765 2104 937 2158 ttsque
972 2089 1037 2142 ad
1092 2088 1336 2142 ultimum
1371 2098 1544 2142 terrae.
1587 2086 1702 2157 Ipse
1734 2085 1867 2140 visi-

288 2187 466 2240 biliter
509 2199 721 2255 quoque
768 2199 860 2239 eos
910 2182 1294 2246 inflammavit,
1361 2182 1706 2248 onmimnqne
1761 2179 1868 2235 lina

289 2293 514 2346 gnarum
548 2294 658 2331 sua!
687 2276 1153 2346 septemplicitatis
1194 2274 1365 2345 gratia
1403 2272 1640 2327 donavit.
1672 2273 1786 2341 Ipse
1813 2273 1866 2327 in

291 2370 545 2437 apostolis
581 2371 727 2424 idioti
785 2379 840 2424 et
893 2370 1008 2423 sine
1033 2369 1228 2424 litteris
1275 2369 1475 2423 restitit
1534 2368 1870 2438 principibus

290 2461 633 2513 sacerdotum
671 2468 724 2513 et
764 2459 1168 2529 magistratibus
1200 2459 1540 2522 Iudaeorum,
1582 2469 1638 2510 ut
1683 2458 1870 2526 prohi-

289 2551 387 2603 biti
460 2550 602 2620 loqui
668 2557 985 2604 constanter
1063 2551 1497 2618 responderent:
1568 2569 1586 2600 ι
1640 2551 1873 2606 Obedire

289 2650 507 2710 oportet
547 2642 718 2711 magis
761 2641 869 2695 Deo
903 2659 1062 2710 quam
1098 2643 1407 2697 hominibus
1438 2643 1576 2713 (Act.
1606 2658 1637 2695 v
1663 2682 1680 2710 ,
1731 2644 1824 2715 29)
1854 2685 1871 2713 ,

288 2742 342 2783 et
386 2732 429 2784 si
465 2731 670 2800 justum
707 2743 791 2785 est
831 2733 880 2784 in
921 2742 1210 2801 conspectu
1243 2731 1330 2786 Dei
1360 2749 1452 2787 vos
1477 2733 1657 2804 potius
1685 2734 1874 2788 audire

291 2825 453 2888 quam
489 2821 653 2875 Deum
680 2862 694 2880 .
745 2822 1003 2888 jndicate.
1049 2822 1231 2893 Neque
1265 2823 1407 2876 enim
1444 2839 1731 2892 possumus
1753 2839 1874 2893 qua:

293 2912 599 2967 audivimus
625 2923 677 2967 et
701 2914 932 2968 vidimus
955 2930 1058 2968 non
1095 2914 1238 2984 loqui
1286 2915 1425 2986 (Act.
1455 2933 1540 2982 tv,
1572 2915 1665 2982 I9,
1696 2917 1809 2982 20),
1848 2936 1868 2971 ι

291 3009 346 3055 et
373 3001 494 3057 ca‘si
518 3006 815 3071 gaudentes
839 3020 868 3058 a
892 3015 1182 3074 conspectu
1217 3005 1427 3060 concilii
1457 3007 1595 3062 irent
1616 3008 1870 3077 quoniam

291 3095 442 3165 digiti
489 3095 683 3150 fuerint
720 3114 817 3168 pro
858 3098 1074 3153 nomine
1121 3094 1246 3155 Jesu
1296 3101 1679 3156 contumeliam
1732 3103 1866 3171 pati.
1901 3070 1946 3132 Ο

294 3184 410 3255 Ipse
468 3187 571 3242 illis
632 3189 914 3243 orantibus
963 3189 1135 3244 locum
1195 3191 1248 3245 in
1296 3207 1402 3261 quo
1451 3203 1611 3246 erant
1674 3196 1870 3261 movit,

296 3291 498 3345 eosque
539 3287 598 3332 ut
654 3279 875 3334 verbum
939 3279 1031 3334 Dei
1089 3297 1207 3335 cum
1261 3281 1457 3337 fiducia
1521 3284 1875 3354 loquerentur

295 3367 541 3436 replevit.
593 3369 709 3439 Ipse
756 3371 904 3437 signa
947 3381 1002 3425 et
1049 3371 1290 3441 prodigia
1336 3373 1504 3426 multa
1547 3389 1644 3444 per
1682 3391 1876 3430 manus

297 3459 663 3526 apostolorum
707 3459 855 3513 fecit.
890 3461 1005 3529 Ipse
1032 3476 1126 3516 cor
1161 3478 1326 3515 unum
1356 3471 1409 3516 et
1444 3463 1679 3517 animam
1713 3479 1872 3519 unam

295 3548 623 3604 multitudini
674 3551 1007 3606 credentium
1040 3550 1236 3608 effecit.
1273 3553 1388 3622 lpse
1413 3554 1607 3609 debita:
1634 3557 1872 3610 caenobi-

298 3639 488 3710 tis(20')
509 3642 747 3709 prettnite
773 3642 1106 3698 frandatores
1130 3644 1292 3698 verbo
1313 3644 1455 3699 Petri
1481 3647 1680 3701 occidit
1700 3649 1879 3703 dicen-

299 3732 367 3786 tis
399 3747 413 3785 :
450 3753 468 3784 ι
500 3735 740 3798 Anania,
781 3751 878 3790 cur
911 3738 1136 3790 tentavit
1161 3737 1391 3794 Satanas
1412 3754 1507 3794 cor
1543 3750 1692 3794 tuum
1729 3756 1876 3796 men-

299 3825 388 3877 tiri
416 3833 466 3877 te
493 3825 716 3894 Spiritui
745 3837 931 3881 saneto
954 3827 978 3880 ?
1029 3828 1142 3882 Non
1165 3846 1224 3884 es
1250 3831 1506 3884 mentitus
1529 3829 1838 3886 hominibus
1860 3873 1876 3897 ,

297 3917 392 3971 se]
435 3918 542 3971 Deo
593 3918 728 3987 (Act.
769 3934 801 3971 v
828 3959 842 3983 ,
895 3919 1008 3991 3t).
1086 3921 1151 3974 Et
1201 3923 1389 3990 utique
1433 3924 1687 3978 convenit
1730 3925 1882 3980 vobis

298 4017 512 4062 tentare
537 4009 798 4077 Spiritum
824 4009 1031 4064 Domini
1091 4005 1253 4079 (Ibid.
1280 4052 1296 4078 ,
1335 4012 1412 4083 9).
1454 4031 1472 4064 ι
1541 4017 1545 4021 ’

368 4101 424 4154 lu
467 4102 660 4170 quibus
685 4112 869 4172 aperte
911 4103 1266 4172 praz'dicatur,
1299 4120 1405 4160 non
1437 4106 1747 4173 hominum,
1789 4109 1884 4164 sed

297 4191 533 4262 Spiritus
564 4195 736 4248 sancti
786 4195 950 4250 fuisse
990 4196 1302 4264 pecuniam,
1354 4214 1458 4267 qua
1492 4201 1780 4256 eoenobita:
1807 4201 1879 4256 illi

298 4283 670 4353 tetnporaliter
688 4284 766 4338 sie
786 4285 1243 4348 sastentabantur,
1279 4304 1376 4343 nec
1405 4289 1689 4360 quisquam
1719 4306 1881 4362 egens

297 4378 441 4432 inter
483 4377 603 4431 illas
631 4378 983 4433 inveniretur.
1018 4378 1114 4432 Cui
1160 4379 1236 4434 illi
1281 4383 1491 4437 mentiti
1537 4397 1876 4453 arguuntur,

905 243 1268 303 ADVERSUS
1306 237 1720 300 SIMONIACOS
1759 234 1869 292 LIB

1984 231 2185 290 TIIES.
2226 265 2294 274 -—-
2335 226 2535 287 LIBER
2569 223 2888 289 TERTIUS.

3391 231 3527 287 113ιᾴ

1965 343 2054 398 fidi
2103 344 2239 415 Magi
2290 345 2344 399 in
2387 345 2507 404 sola
2555 345 2912 400 :estimatione
2959 341 3282 400 fraudulenti
3331 350 3537 418 negotii

1960 436 2304 504 sempiternzr
2327 436 2530 505 gt‘atize.
2563 436 2713 490 [inde
2749 436 2836 490 ille
2867 444 3082 490 tentans
3113 436 3375 506 Spiritum
3406 453 3538 494 san-

1958 538 2102 582 ctum
2157 529 2208 580 in
2259 527 2447 580 fraude
2502 527 2579 580 rei
2631 527 2917 582 exterioris
2966 537 3020 582 et
3072 527 3328 594 visibilis,
3373 546 3536 601 quant

1960 622 2547 682 Sanctificaverat,sola
2580 629 2752 674 morte
2773 622 3060 675 exterioris
3089 621 3323 678 hominis
3353 624 3540 693 plecti-

1962 720 2076 775 tur;
2108 711 2196 764 hic
2224 722 2404 764 autem
2438 709 2680 763 fraudem
2716 711 2957 763 interiori
2982 721 3036 764 et
3072 713 3324 767 invisibili
3354 716 3542 783 gratia:

1962 802 2294 864 meditatus,
2348 801 2624 854 interioris
2687 801 2924 855 hominis
2986 813 3159 857 morte
3212 807 3540 874 percellitur.

1964 893 2118 950 Unde
2150 894 2275 949 licet
2303 904 2531 964 uterque
2561 896 2610 948 in
2645 895 2904 964 Spiritum
2937 907 3182 950 sanctum
3217 900 3546 967 peccaverit,

1963 995 2164 1051 tamen,
2193 987 2491 1041 secundum
2523 987 2739 1041 modum
2766 985 3046 1056 culparum
3073 1027 3088 1054 ,
3131 990 3372 1045 Ananias
3413 1000 3541 1045 tem-

1963 1077 2135 1146 porali
2187 1088 2360 1130 morte
2392 1079 2640 1146 puniltts,
2671 1090 2986 1164 perpettgim
3020 1079 3258 1134 evasisse
3292 1075 3544 1150 putatur;

1965 1167 2150 1222 Simon
2193 1178 2372 1221 autem
2421 1177 2591 1221 morte
2632 1171 2888 1237 perpetua
2929 1169 3248 1234 danmatus,
3284 1179 3542 1240 tempora-

1963 1255 2068 1312 lem
2099 1258 2326 1324 distulit,
2361 1259 2486 1328 quia
2529 1274 2628 1312 nec
2664 1261 2716 1312 in
2750 1260 2851 1314 hoc
2895 1260 3092 1316 szeculo
3137 1278 3236 1318 rec
3283 1264 3336 1317 in
3368 1259 3572 1318 fnturo’

1966 1349 2289 1402 remittenda
2317 1352 2365 1402 ei
2400 1360 2516 1404 erat
2547 1349 2878 1420 blasphemia
2912 1350 3150 1422 Spiritus
3177 1356 3375 1408 sancti.
3402 1356 3549 1408 Ana-

1967 1438 2086 1493 nias
2114 1455 2180 1494 ne
2205 1449 2404 1510 puncto
2428 1444 2687 1510 temporis
2711 1442 2763 1495 in
2796 1458 2959 1496 carne
2987 1444 3168 1498 vivere
3193 1441 3292 1498 fuit
3323 1449 3552 1514 permis-

1965 1547 2081 1599 sus,
2116 1543 2386 1604 quatenus
2410 1551 2555 1590 mors
2588 1535 2674 1589 illa
2707 1536 2807 1589 sibi
2835 1536 2901 1590 ad
2927 1537 3199 1591 occultum
3228 1539 3552 1606 remedium,

1967 1634 2022 1678 et
2081 1626 2394 1682 viventibus
2456 1628 2522 1681 ad
2581 1627 2930 1683 manifestum
3001 1629 3140 1684 foret
3210 1631 3548 1701 exeuplum;

1970 1720 2156 1775 Simon
2185 1735 2318 1776 vero
2350 1721 2402 1775 in
2431 1722 2607 1774 anima
2647 1733 2912 1786 mortuus,
2943 1723 3253 1791 aliqmndiu
3288 1735 3553 1794 tempora-

1968 1811 2093 1866 liter
2123 1812 2302 1865 vivere
2337 1812 2687 1881 permittitur,
2726 1813 2792 1865 ad
2832 1823 3180 1883 augmentum
3213 1813 3318 1869 sibi
3348 1814 3550 1872 {utare-

1970 1919 2090 1957 rum
2134 1913 2548 1968 tormentorum,
2581 1915 2635 1958 et
2675 1904 2739 1957 ad
2783 1904 3225 1960 exercitationem
3267 1906 3553 1970 bonorum,

1967 2006 2094 2048 eum
2120 2003 2300 2048 tamen
2341 1995 2606 2048 contritus
2651 2004 2707 2048 et
2749 1995 3116 2049 conteremlus
3149 1996 3216 2048 de
3254 1995 3430 2050 media
3457 1997 3555 2050 bo-

1969 2100 2176 2140 mtuum
2203 2089 2273 2140 sit
2310 2087 2538 2142 ablatus.
2568 2087 2624 2140 In
2664 2101 2894 2156 quarunt
2920 2087 3152 2141 vindicta
3186 2087 3286 2142 hoc
3313 2088 3555 2142 animad—

1972 2188 2224 2233 vertatur
2254 2194 2477 2233 necesse
2501 2187 2583 2232 est
2607 2179 2758 2248 quia,
2795 2188 2854 2232 ut
2883 2178 2958 2232 ait
2983 2176 3042 2231 Β.
3079 2178 3334 2247 Prosper,
3369 2196 3386 2229 ‹
3426 2179 3556 2232 nihil

1972 2283 2056 2328 est
2102 2273 2371 2328 infelicius
2420 2272 2678 2327 felicitate
2729 2273 3070 2342 peccantium
3099 2313 3112 2334 .
3164 2272 3287 2342 quia
3327 2273 3558 2342 pcenalis

1974 2355 2210 2418 nutritur
2254 2366 2548 2433 impunitas
2577 2405 2591 2426 ,
2631 2375 2689 2416 et
2730 2362 2869 2416 mala
2917 2361 3162 2416 voluntas
3199 2361 3342 2416 velut
3385 2363 3558 2417 hastis

1974 2457 2202 2510 interior
2248 2462 2555 2510 roboratur.
2606 2457 2940 2510 Reservatur
2992 2455 3136 2509 enim
3187 2467 3389 2509 :eterno
3428 2471 3556 2524 sup-

1974 2547 2136 2617 pliiio
2179 2549 2322 2617 quod
2371 2547 2654 2617 temporali
2711 2563 2810 2601 nec
2860 2547 3083 2616 punitur
3133 2563 3233 2601 nec
3285 2559 3561 2603 resecatur

1974 2638 2025 2693 ﬂ-
2047 2641 2204 2712 gello.
2253 2659 2272 2694 ι

2512 2731 2740 2788 CAPUT
2776 2731 2870 2786 XX
2882 2730 3024 2786 Vlil.‘

1981 2843 2192 2910 Quanta
2243 2856 2490 2916 operatus
2530 2847 2598 2900 sit
2636 2845 2713 2899 vel
2759 2856 3000 2914 operetur
3050 2844 3198 2916 idem
3236 2843 3463 2915 Spiritus
3508 2847 3562 2901 in

2304 2917 2540 2970 Ecclesia
2584 2933 2744 2985 usque
2773 2919 2826 2968 in
2855 2917 3009 2983 ﬁnem
3039 2915 3238 2968 sa’culi.

2049 3007 2130 3062 Ad
2165 3009 2279 3062 ha‘e
2323 3010 2401 3063 sic
2431 3010 2774 3078 omnipotens
2827 3007 3062 3077 Spiritus
3110 3007 3272 3063 Petro
3322 3007 3564 3078 apostolo

1977 3107 2097 3168 post
2143 3101 2504 3152 ostensioan
2555 3097 2791 3153 caelestis
2847 3096 2999 3152 lintei
3060 3099 3285 3154 nuntios
3325 3096 3564 3155 Cornelii

1978 3192 2168 3244 adesse
2212 3193 2368 3257 dixit,
2409 3207 2642 3262 eumque
2671 3192 2920 3263 gentibus
2967 3193 3306 3260 laptizandis
3343 3195 3560 3260 direxit,

1981 3295 2211 3349 quarum
2243 3284 2512 3351 primitias
2554 3283 2636 3336 sui
2686 3281 2948 3336 effusione
2995 3291 3048 3336 et
3077 3284 3320 3338 Omnium
3353 3284 3552 3355 lingu-a-

1976 3389 2096 3429 rum
2131 3375 2486 3444 inspiratione
2515 3377 2678 3428 etiam
2725 3386 2850 3430 ante
2884 3376 3061 3445 bapt's
3085 3392 3208 3429 num
3259 3378 3563 3432 mttndavit.

1979 3466 2076 3522 Ilie
2105 3484 2133 3520 a
2173 3468 2426 3539 gentibus
2455 3467 2888 3522 circumcisionis
2931 3476 2984 3520 et
3013 3466 3359 3521 Iudaicarum
3389 3483 3559 3522 cret-n-

1977 3559 2280 3611 mOniarum
2303 3573 2441 3611 onus
2467 3558 2714 3618 removit,
2745 3556 2960 3612 dicente
2988 3556 3145 3610 Petro
3172 3557 3249 3612 sic
3273 3573 3287 3609 ε
3323 3573 3345 3609 v
3381 3557 3563 3611 Visum

1977 3657 2061 3702 est
2113 3645 2340 3716 Spiritui
2385 3657 2575 3702 sancto
2623 3658 2676 3702 et
2728 3649 2884 3702 nobis
2933 3651 3069 3717 (Art.
3111 3664 3211 3713 xv,
3257 3647 3371 3714 28).
3405 3667 3422 3699 ι
3467 3647 3566 3704 llic

1981 3736 2219 3808 Spiri.us
2248 3738 2374 3794 Iesu
2407 3756 2512 3794 non
2540 3740 2788 3808 permisit
2820 3738 3091 3806 apostolos
3136 3739 3214 3792 ire
3259 3738 3564 3810 Bithyniam

1980 3831 2063 3886 vel
2087 3831 2460 3901 evangelizare
2492 3831 2544 3885 ln
2569 3832 2776 3886 Asiam.
2806 3830 2901 3885 llic
2931 3830 3154 3884 Paulum
3181 3840 3234 3884 et
3264 3830 3563 3886 Barnabam

1987 3924 2230 3992 separari
2265 3924 2318 3976 in
2351 3939 2487 3991 opus
2515 3921 2789 3992 EValtchii
2817 3921 2997 3992 jussit.
3032 3923 3128 3975 llic
3159 3923 3406 3976 eumdem
3433 3920 3567 3978 Pau-

1985 4011 2096 4067 lum
2127 4014 2179 4067 itt
2213 4013 2580 4067 Macedoniam
2627 4014 2858 4068 transire
2901 4017 3250 4084 pracmoanit,
3279 4029 3440 4083 quem
3477 4030 3569 4086 pos

1985 4119 2100 4163 Stea
2140 4105 2448 4161 Iudaeorum
2474 4107 2703 4160 vinculis
2745 4105 3070 4174 alligandum
3096 4115 3149 4160 et
3176 4104 3435 4163 Romanis
3465 4123 3568 4163 tra-

1985 4197 2218 4252 demlum
2260 4197 2523 4269 prtedixit.
2573 4199 2689 4267 Ipse
2732 4195 2965 4264 Spiritus
2992 4197 3362 4254 testimonium
3397 4199 3568 4256 reddit

1984 4288 2195 4357 spiritui
2251 4297 2441 4344 nostro
2493 4289 2634 4358 quod
2686 4303 2875 4342 sumus
2915 4288 3149 4342 filii'Dei
3203 4299 3259 4344 et
3307 4291 3571 4360 lueredes,

1982 4382 2291 4436 cohaeredes
2339 4391 2520 4436 autem
2585 4382 2812 4436 Christi.
2862 4381 2966 4435 I’er
3016 4383 3190 4452 ipsum
3248 4377 3340 4451 qui
3387 4383 3570 4438 omnia

298 4483 534 4538 moxque
560 4468 965 4540 defunguntur,
1006 4470 1094 4537 qui
1119 4473 1396 4526 tentabant
1435 4475 1680 4529 eumdem
1712 4474 1879 4545 Spiri~
1911 4448 1958 4507 θ
1985 4483 2260 4527 scrutatur
2303 4473 2466 4527 etiam
2499 4472 2762 4542 profunda
2809 4471 2906 4526 Dei
2955 4472 3216 4526 revelavit
3266 4473 3410 4527 Deus
3459 4475 3573 4530 suis

301 4571 411 4615 tum
457 4569 704 4615 sanctum
755 4560 1062 4615 abalinare
1106 4559 1174 4614 ab
1222 4561 1306 4616 illa
1373 4567 1636 4633 pecunia,
1718 4582 1881 4636 quam

302 4654 352 4709 in
404 4654 521 4724 ipso
554 4669 744 4708 eorum
805 4663 932 4708 voto
988 4651 1089 4705 sibi
1145 4655 1580 4711 sanetiflcaverat
1643 4657 1707 4710 ad
1757 4672 1882 4711 suo-

301 4762 420 4799 rutn
479 4747 869 4800 emnobitarum
946 4747 1308 4819 slipendium,
1380 4755 1436 4800 et
1489 4745 1616 4814 quia
1681 4745 1883 4814 aliquid

300 4836 574 4904 peculiare
600 4837 701 4893 sibi
737 4835 872 4890 clam
921 4839 1194 4904 retinere,
1241 4847 1296 4893 et
1341 4851 1636 4909 pauperum
1681 4836 1883 4892 Christi

303 4931 548 4994 vietum,
597 4941 650 4986 et
695 4931 941 4986 vestitum
991 4948 1089 5002 pro
1137 4942 1290 5002 parte
1343 4931 1447 4985 alia
1497 4929 1672 4999 palam
1726 4930 1884 4984 exhi-

303 5019 412 5074 bita
471 5023 698 5083 mercari
759 5020 1126 5076 fraudulenter
1182 5023 1515 5090 qtaerebant.
1610 5019 1726 5088 Ipse
1803 5016 1891 5073 Si-

304 5129 519 5169 monem
608 5113 820 5184 Magum
889 5112 982 5170 ore
1067 5114 1302 5170 Simonis
1374 5113 1517 5168 Petri
1588 5111 1704 5168 sine
1784 5111 1892 5166 fine

306 5204 600 5258 damnavit.
632 5204 768 5269 Quia
816 5205 1043 5270 gratiam
1090 5203 1206 5271 ejus
1259 5207 1417 5260 veudi
1468 5211 1524 5257 et
1573 5204 1677 5255 emi
1729 5215 1890 5275 posse

307 5293 611 5348 restimavit.
644 5293 700 5347 In
735 5305 840 5360 qua
873 5293 1215 5350 irrevocabili
1242 5295 1508 5350 sententia
1537 5293 1892 5347 consideran-

1985 4564 2129 4631 qnod
2167 4563 2356 4618 oculus
2382 4578 2485 4617 non
2513 4563 2666 4625 vidit,
2693 4577 2794 4617 nec
2823 4562 2878 4616 in
2909 4577 3004 4617 cor
3035 4563 3272 4617 hominis
3307 4561 3574 4618 ascendit.

1985 4649 2110 4721 Ipse
2139 4668 2239 4720 per
2269 4651 2494 4707 Paulum
2545 4653 2634 4706 dat
2667 4649 2963 4720 virginibus
3013 4650 3301 4706 consilium
3329 4691 3344 4714 ,
3395 4652 3581 4719 nuptis

1988 4759 2202 4813 quoth
2232 4755 2286 4796 et
2313 4743 2513 4796 viduis.
2562 4742 2740 4811 Ipsum
2790 4743 3054 4797 habemus
3102 4742 3300 4810 pignus
3347 4741 3580 4805 Christi,

1988 4835 2310 4890 clauumtem
2339 4835 2394 4888 in
2425 4833 2678 4887 cordibus
2706 4840 2940 4887 nostris:
2971 4833 3150 4890 Abba,
3187 4831 3364 4887 Pater.
3390 4832 3448 4885 ln
3473 4830 3594 4898 ipso

1990 4925 2186 4996 signati
2233 4942 2421 4980 sumus
2472 4925 2524 4976 in
2562 4923 2648 4978 die
2681 4923 3092 4993 redetnpziozpis.
3142 4919 3316 4987 Quem
3359 4924 3408 4979 si
3471 4925 3602 4989 tltth

1992 5031 2097 5068 non
2133 5016 2311 5080 habet,
2337 5012 2541 5069 Christi
2575 5027 2680 5066 non
2712 5021 2816 5065 est.
2840 5011 2976 5083 Ipse
3005 5011 3256 5080 denique
3281 5034 3300 5067 ι
3345 5009 3602 5084 spiritus,

1993 5115 2280 5162 attestante
2333 5105 2522 5159 eodem
2577 5103 2832 5172 Apostolo
2863 5143 2878 5168 ,
2937 5107 3171 5176 adjuvat
3220 5103 3606 5161 infirmitatem

1994 5211 2251 5252 nostrain.
2286 5199 2422 5253 Nam
2451 5195 2582 5264 quid
2609 5209 2826 5249 oremus
2855 5197 3000 5256 sicut
3025 5203 3251 5270 oportet
3281 5196 3562 5253 nescimus
3591 5210 3609 5247 :

1992 5291 2085 5345 sed
2133 5291 2245 5358 ipse
2281 5285 2788 5363 Spirituspustulat
2818 5302 2917 5356 pro
2950 5277 3113 5348 nobis
3161 5289 3457 5355 gemitibus
3527 5283 3615 5336 in-
