4064 5394
511 319 646 387 Ιὶὸῗ

1534 322 1922 388 ,ιιιιιιεειιτι
1957 327 2016 388 ε.
2056 326 2124 384 n.
2166 326 2230 383 E.
2266 282 2678 384 cantamus

3621 326 3773 383 H88

507 458 608 514 pro
643 440 846 501 sanctis
871 440 1044 515 (Rom.
1079 441 1359 514 xxwﬁ'l).
1406 460 1426 496 ι
1455 425 1638 514 Ipsum
1671 444 1739 499 ah
1769 456 1864 499 ore
1887 439 2088 498 Christi
2118 444 2168 500 Α
2196 437 2419 507 gloriam
2440 447 2491 491 et
2513 437 2713 492 laboris
2735 433 3003 491 cumulum
3028 449 3212 492 eorum
3235 436 3781 506 meritis,auxilianto

509 545 634 606 post
660 534 1112 590 resurrectionem
1160 533 1386 602 apostoli
1432 544 1793 613 acceperunt.
1817 544 1874 588 ut
1905 533 2091 587 remit-

512 636 690 683 terent
743 634 799 683 et
848 626 1148 682 retinerent
1209 634 1432 695 peccata
1484 626 1789 681 hominum.
1851 624 1920 680 Et
1961 622 2125 695 quid,

511 719 700 790 plura?
748 719 868 799 Ipse
922 718 1241 800 catechismi
1310 714 1367 774 et
1429 718 1815 805 scrutiniorum
1843 757 1860 784 ,
1921 716 2091 786 ipsius

510 825 725 882 quoque
754 811 1120 889 baptismatis,
1152 810 1444 866 missarum
1469 822 1687 880 quoque
1724 816 1780 864 et
1805 808 2092 863 canonica-

409 926 428 964 ι,
511 916 632 954 rum
666 899 923 955 horarum
968 901 1119 977 leges
1161 911 1217 958 et
1256 901 1518 958 solemnia
1578 899 1843 956 celebrari
1885 898 2101 969 docuit.

511 991 632 1062 Ipse
657 1002 903 1050 sanctum
930 995 1167 1051 chrisma
1194 992 1470 1059 instituit,
1501 994 1617 1064 ipse
1659 992 1979 1049 clericorum
2006 989 2093 1046 vel

511 1089 885 1144 ministrorum
932 1090 1179 1163 diversos
1231 1090 1431 1159 gradus
1478 1097 1535 1145 et
1565 1087 1736 1144 ollicia
1766 1089 1819 1144 in
1852 1086 2092 1144 Ecclesia

511 1181 797 1253 disposuit.
852 1183 971 1255 ipse
1018 1184 1352 1240 diversarum
1398 1182 1793 1253 professionum
1842 1182 2092 1237 homines

513 1287 622 1328 non
653 1272 823 1328 solum
852 1258 1275 1330 habitaculis'et
1299 1274 1470 1339 victu,
1514 1275 1610 1330 sed
1638 1282 1694 1329 et
1734 1273 1932 1329 vestitu
1978 1272 2092 1327 dis-

513 1363 699 1419 tinxit.
754 1364 872 1435 ipse
899 1365 1125 1437 singulis
1151 1364 1582 1436 professionibus
1614 1374 1852 1433 rectores
1894 1364 2092 1434 grada-

511 1454 610 1529 tim
643 1455 695 1509 in
725 1472 890 1511 unum
933 1456 1395 1512 consummandos
1421 1456 1732 1525 prmposuit.
1769 1454 1887 1525 ipse
1936 1453 2096 1525 quid:-

510 1548 640 1616 quid
658 1547 947 1619 famulatui
980 1550 1277 1605 divinitatis
1301 1550 1555 1619 competit
1582 1549 1665 1605 vel
1691 1550 1937 1605 humanae
1964 1564 2094 1604 con-

508 1638 800 1695 versationi
832 1641 1060 1697 honeste
1102 1648 1158 1695 et
1192 1640 1396 1697 utiliter
1423 1640 1642 1711 expedit
1685 1639 1927 1695 dictavit.
1975 1638 2093 1709 Ipse

507 1743 847 1802 quzecunqne
886 1731 1138 1788 Ecclesia:
1168 1739 1513 1787 sacramenta
1548 1731 1811 1786 hactenus
1854 1729 2088 1796 fuerunt,

2190 526 2440 595 Domino,
2466 529 2665 584 habere
2694 544 3020 595 mereamur,
3046 539 3152 585 etc.

2752 639 2978 697 CAPUT
3016 639 3213 696 XXIX.

2194 751 2465 836 Sententia
2489 750 2546 808 S.
2575 752 2855 836 ingustini
2877 754 2948 836 de
2965 755 3158 807 animm
3181 758 3436 836 puleium,
3456 762 3506 836 et
3533 765 3786 810 retracta-

2262 825 2335 877 tio
2368 841 2432 877 ea:
2456 840 2538 886 ea,
2567 833 2615 879 et
2643 824 2823 894 quales
2846 824 2950 878 sint
2970 822 3194 894 promoti
3215 842 3247 878 α
3271 822 3427 878 laicis
3447 834 3493 879 et
3521 835 3784 896 intrapo-

2264 892 2417 947 litani
2444 911 2646 948 eorum.

2263 982 2430 1055 Cujus
2460 983 2697 1054 Spiritus
2727 982 3090 1041 sanctiﬁcatio
3119 1000 3187 1040 an
3236 992 3409 1041 totum
3438 1000 3640 1055 corpus
3683 980 3787 1042 Ec-

2193 1074 2370 1130 clesia:
2413 1067 2718 1129 sanctiﬁcet
2763 1072 2927 1144 alque
2972 1084 3125 1147 regat
3171 1075 3215 1131 si
3255 1077 3431 1133 adhuc
3475 1078 3784 1140 dubitatur,

2191 1167 2274 1221 vel
2305 1166 2536 1236 qualiter
2570 1166 2622 1221 id
2653 1174 2779 1238 agat
2806 1167 2850 1221 si
2881 1175 3173 1236 Quaaratur,
3214 1165 3483 1223 ineffabile
3517 1176 3575 1222 et
3619 1158 3786 1239 sup-ra

2195 1257 2492 1313 humanum
2526 1257 2743 1312 modum
2789 1257 2890 1313 hoc
2917 1271 3038 1311 esse
3083 1258 3306 1312 sciatur.
3367 1256 3521 1313 Unde
3556 1268 3790 1314 necesse

2193 1357 2276 1404 cst
2305 1349 2389 1419 pie
2419 1348 2671 1404 credatur
2699 1358 2752 1402 et
2796 1332 3149 1418 intelligatur,
3178 1362 3265 1413 ne,
3297 1347 3341 1403 si
3387 1347 3550 1418 impie
3596 1349 3787 1403 discu-s

2198 1441 2370 1506 titur,
2418 1439 2742 1496 otl‘endatur.
2791 1436 2976 1494 Potest
3024 1447 3206 1493 tamen
3252 1436 3431 1493 anima
3458 1477 3475 1505 ,
3519 1448 3789 1509 quantum

2193 1544 2461 1589 creatura
2532 1524 2887 1598 conceditur,
2944 1529 3241 1602 praedicare
3307 1525 3513 1586 homini
3570 1539 3786 1586 tantum

2194 1623 2458 1680 artificem
2508 1622 2814 1694 Spiritum,
2862 1630 2924 1676 ut
2987 1636 3055 1677 ex
3103 1610 3192 1676 illa
3237 1620 3786 1691 quantulumcunque

2167 1720 2376 1771 mente
2423 1713 2696 1785 concipiat
2742 1704 3028 1770 ineﬂ‘abilis
3073 1711 3377 1769 dilfusionis
3432 1712 3577 1768 illius
3648 1728 3789 1769 cou-

510 1830 638 1878 sunt
665 1823 720 1878 et
749 1832 929 1889 erunt,
957 1821 1360 1893 prreordinavit.
1388 1821 1505 1893 Ipse
1534 1831 1835 1894 martyrum
1868 1821 2005 1878 rosis
2038 1831 2094 1877 et.

2199 1808 2480 1879 iecturam,
2512 1822 2618 1877 qua
2666 1804 2761 1860 ﬁat
2796 1804 2846 1861 ei
2874 1802 3072 1875 aliquis
3109 1804 3308 1874 gradus
3335 1806 3403 1858 ad
3429 1802 3512 1858 vel
3545 1803 3791 1858 tenuiter

509 1911 882 1968 confessorum
944 1912 1070 1968 liliis
1115 1912 1422 1982 paradisum
1474 1912 1728 1968 Ecclesiae
1779 1912 2092 1984 cotnpingit.

508 2004 628 2076 Ipse
667 2006 900 2075 denique
936 2005 1387 2079 evangelistarum
1426 2014 1483 2061 et
1522 2004 1890 2076 apostolorum
1916 2045 1934 2073 ,
1979 2021 2094 2061 om-

511 2098 768 2169 niumque
814 2099 1236 2157 orthodoxorum
1278 2098 1515 2155 calamos
1558 2107 1616 2156 et
1641 2100 1851 2155 animos
1880 2099 2095 2168 imbuit,

508 2187 658 2245 vexit
702 2198 757 2243 et
784 2189 1054 2258 praeduxit
1080 2196 1161 2255 ut,
1194 2204 1521 2260 quocunque
1559 2190 1663 2246 iret
1692 2190 1809 2261 ejus
1839 2190 2093 2259 impetus,

512 2276 638 2333 illuc
665 2286 720 2333 et
744 2277 844 2347 ipsi
875 2280 1229 2350 graderentur
1261 2291 1555 2350 sequentes
1586 2296 1730 2336 eum.
1761 2281 1881 2351 Ipse
1917 2278 2095 2350 Spiri-

511 2378 601 2425 tus
624 2369 750 2425 vita:
773 2381 856 2424 εει
881 2370 934 2424 in
964 2370 1130 2436 rotis,
1177 2370 1230 2426 in
1275 2369 1574 2441 Scripturis
1599 2369 1846 2427 videlicet
1874 2370 2097 2426 canoni-

514 2461 621 2528 cis,
649 2469 709 2516 ut
733 2476 855 2515 cum
901 2461 1106 2518 sanctis
1147 2462 1470 2519 animalibus
1500 2462 1843 2519 currentibus
1865 2471 2014 2528 eant,
2038 2471 2096 2519 et

511 2565 634 2605 cum
679 2548 951 2606 stantibus
990 2559 1154 2617 stent,
1200 2559 1253 2607 et
1301 2567 1425 2606 cum
1470 2550 1698 2608 elevatis
1727 2568 1759 2608 a
1793 2560 1936 2607 terra
1986 2548 2095 2607 ele-

509 2653 726 2704 ventur,
757 2642 881 2711 quia
913 2642 1076 2698 verba
1111 2657 1299 2700 eorum
1327 2643 1549 2713 spiritus
1574 2655 1631 2701 et
1658 2645 1768 2700 vita
1799 2652 1943 2702 sunt.
1971 2644 2094 2716 ipse

511 2746 606 2787 eas
642 2732 719 2787 sic
751 2731 1006 2797 viviticat,
1037 2741 1096 2788 ut
1128 2730 1374 2791 homines
1421 2751 1637 2807 quoque
1681 2752 1777 2808 per
1806 2736 1923 2792 illas
1954 2737 2092 2793 vivi-

512 2822 655 2877 ficet.
689 2820 818 2877 Sine
862 2837 970 2894 quo
1010 2839 1114 2879 non
1163 2823 1337 2881 solum
1378 2826 1495 2882 non'
1532 2826 1753 2898 prodest
1798 2827 2089 2898 quidquam

510 2925 700 2967 earum
749 2911 955 2978 littera,
988 2914 1083 2970 sed
1133 2914 1354 2986 insuper
1385 2917 1604 2981 occidit,
1638 2925 1698 2971 ut
1728 2930 1856 2973 caro
1890 2916 2092 2973 Christi

513 3008 803 3063 carnaliter
832 3009 1122 3066 intellecta.
1169 3009 1286 3079 ipse
1318 3024 1532 3081 quoque
1576 3008 1795 3067 decreta
1838 2996 2105 3082 apostoli?

512 3113 698 3154 corum
727 3100 987 3168 virorum,
1032 3115 1375 3171 canonesque
1416 3110 1726 3156 sanctorum
1766 3098 1986 3157 Patrum
2035 3102 2090 3157 in

512 3194 743 3250 diversis
791 3195 1035 3252 conciliis
1079 3196 1144 3251 ad
1193 3196 1590 3267 correptionem
1640 3204 1697 3252 et
1756 3195 2094 3267 disciplinam

511 3286 865 3342 ecclesiarum
902 3288 996 3343 Dei
1027 3288 1353 3359 generaliter
1395 3295 1450 3343 et
1499 3286 1808 3357 specialiter
1851 3286 2095 3359 promul-

513 3377 680 3447 gavit,
725 3387 1017 3435 attestante
1044 3379 1203 3434 beato
1230 3393 1367 3449 papa
1401 3377 1633 3433 Damaso
1658 3418 1674 3445 ,
1701 3377 1790 3448 qui
1837 3377 1962 3433 hinc
1987 3378 2097 3433 Au-

513 3467 648 3524 relio
671 3469 1073 3541 Carthagineusi
1125 3470 1530 3540 archiepiscopo
1572 3469 1651 3523 sic
1702 3469 1894 3525 scribit
1921 3468 2040 3541 (21)
2075 3485 2091 3524 :

518 3578 537 3609 ι
587 3555 886 3614 Violatores
912 3558 1213 3614 voluntarie
1248 3574 1515 3614 canonum
1555 3558 1793 3630 graviter
1821 3573 1851 3613 a
1892 3559 2097 3615 sanctis

513 3650 768 3721 Patribus
786 3650 1121 3721 judicantur,
1152 3660 1207 3708 et
1254 3668 1284 3706 a
1317 3661 1507 3708 sancto
1543 3651 1786 3721 Spiritu.
1816 3651 1970 3723 cujus
2014 3651 2099 3706 in-

513 3743 711 3815 stinctu
754 3726 824 3798 ac
855 3744 994 3799 dono
1023 3741 1209 3797 dictati
1258 3749 1407 3807 sunt,
1453 3741 1795 3806 damnantur,
1840 3740 2094 3810 quoniam

512 3832 888 3904 hlasphemare
939 3832 1199 3903 Spiritum
1245 3839 1492 3887 sanctum
1522 3847 1629 3889 non
1678 3831 1973 3901 incongrue
2020 3831 2099 3887 vi-

511 3925 727 3990 dentur,
756 3925 848 3996 qui
880 3934 1069 3980 contra
1096 3922 1312 3980 eosdem
1347 3938 1601 3990 canones,
1634 3938 1743 3981 non
1774 3923 2099 3980 necessitate

511 4016 797 4087 compulsi,
825 4017 918 4072 sed
949 4016 1179 4072 libenter
1197 4057 1212 4083 ,
1240 4024 1299 4071 ut
1326 4015 1607 4087 prmiixum
1635 4024 1737 4084 est,
1770 4015 1972 4088 aliquid
2006 4024 2100 4072 aut

512 4118 766 4177 proterve
815 4116 982 4180 agunt
1034 4118 1129 4164 aut
1174 4108 1318 4179 loqui
1351 4116 1726 4180 praesumunt,
1781 4117 1877 4165 aut
1918 4107 2101 4163 facere

512 4197 820 4254 volentibus
887 4209 1077 4269 sponte
1139 4200 1507 4257 consentiunt.
1578 4196 1729 4255 Talis
1774 4200 1919 4256 enim
1964 4214 2103 4269 prae-

514 4288 750 4357 sumptio
790 4287 1073 4344 manifeste
1098 4304 1264 4343 ttnum
1301 4303 1468 4358 genus
1494 4298 1577 4345 est
1605 4289 2098 4359 blasphemautium

514 4376 773 4451 Spiritum
806 4386 1071 4433 sanctum.
1105 4378 1391 4446 Quoniam,
1416 4380 1597 4450 utjam
1624 4380 1963 4449 prtelibatum
1995 4390 2097 4445 est,

514 4466 706 4527 contra
757 4484 881 4524 eum
924 4469 1036 4539 agit
1080 4468 1232 4536 cujus
1261 4469 1381 4524 nisu
1426 4478 1483 4524 et
1526 4468 1698 4538 gratia
1735 4468 1896 4525 iidem
1926 4468 2096 4525 sancti

511 4567 640 4623 editi
671 4574 796 4622 sunt
834 4580 1087 4621 canones.
1122 4564 1400 4621 Diabolica
1449 4579 1577 4620 vero
1625 4563 1864 4635 nequitia
1895 4563 2099 4635 pleros-

514 4675 618 4730 que
673 4658 945 4715 subtilitcr
983 4657 1170 4713 fallere
1211 4656 1370 4719 solet,
1416 4663 1469 4712 et
1513 4655 1589 4730 ita
1617 4659 1973 4726 quorumdam
2004 4657 2105 4715 ima

514 4753 893 4824 prudentiam,
945 4765 1042 4821 per
1089 4747 1498 4804 similitudinem
1549 4746 1764 4818 pietatis
1808 4746 2102 4817 smpissime

515 4844 704 4908 illudit,
749 4850 807 4898 ut
852 4858 949 4912 pro
979 4839 1287 4896 salubribus
1330 4839 1576 4894 nocitura
1624 4837 1966 4907 persuadeat.
2016 4835 2097 4890 ld-

510 4936 659 4991 circo
703 4949 893 4991 norma
937 4947 1215 4989 sacrorum
1258 4945 1528 4986 canonum
1573 4929 1665 5000 qui
1716 4937 1842 4984 sunt
1899 4927 2094 4999 spiritu

513 5025 608 5081 Dei
640 5025 887 5093 conditi,
926 5034 982 5080 et
1020 5025 1182 5081 totius
1207 5020 1391 5078 mundi
1430 5020 1730 5077 reverentia
1767 5021 2092 5087 consecrati,

512 5116 745 5173 ﬁdeliter
788 5132 820 5173 a
848 5117 1006 5174 nobis
1045 5113 1264 5173 scienda
1306 5123 1363 5170 et
1388 5113 1674 5185 diligenter
1701 5112 1979 5169 tractanda
2009 5120 2093 5168 est

515 5207 831 5275 auctoritas,
860 5222 929 5262 ne
972 5204 1351 5277 quoquomodo
1377 5213 1687 5261 sanctorum
1727 5201 1946 5257 Patrum
1977 5210 2094 5258 sta—

514 5301 841 5342 Inlnnhcnm:
868 5301 1158 5342 innvilnhili
1184 5301 1505 5342 npnpecilaln
1552 5300 1694 5342 muni
1725 5298 1885 5342 ahcil.
1908 5307 2092 5342 lrnnn-

2199 1897 2546 1969 cogitandum
2600 1893 3199 1966 incomprehensibilem
3248 1891 3548 1949 Salvatoris
3594 1903 3794 1964 poten-
3886 1898 3893 1901 ’

2198 1990 2350 2045 tiam.
2380 1986 2576 2044 Anima
2623 1988 2841 2058 quippe,
2891 1993 2951 2041 ut
2991 1986 3183 2040 beatus
3208 1985 3544 2056 Augustinus
3591 1993 3793 2040 sancto

2196 2079 2526 2151 Hieronymo
2556 2072 2799 2134 scribens
2845 2070 2943 2143 ait,
2996 2088 3131 2147 «per
3175 2084 3345 2132 totum
3393 2081 3593 2147 corpus
3641 2075 3793 2145 quod

2202 2169 2409 2224 animat
2438 2183 2544 2225 non
2575 2167 2730 2225 locali
2763 2160 3065 2233 dilfusione,
3113 2168 3209 2222 sed
3256 2166 3485 2237 quadam
3514 2165 3667 2222 vitali
3700 2166 3792 2222 in-o

2196 2260 2440 2318 tentione
2467 2260 2785 2331 porrigitur.
2835 2259 2966 2314 Nam
3003 2271 3101 2330 per
3128 2272 3318 2314 omnes
3346 2256 3461 2327 ejus
3488 2250 3797 2328 particulas

2197 2358 2308 2408 tota
2339 2350 2499 2406 simul
2540 2350 2719 2416 adest;
2767 2362 2869 2405 nec
2916 2346 3093 2404 minor
3124 2348 3176 2404 in
3224 2348 3551 2415 minoribus,
3597 2363 3704 2404 nec
3735 2349 3794 2403 in

2196 2440 2497 2512 majoribus
2525 2439 2716 2510 major,
2746 2439 2841 2496 sed
2876 2438 3074 2497 alicubi
3118 2439 3423 2506 intensius,
3471 2439 3672 2496 alicubi
3706 2455 3797 2497 re-

2196 2534 2441 2599 missius,
2470 2543 2526 2589 et
2553 2532 2608 2587 in
2651 2533 2902 2589 omnibus
2930 2540 3062 2597 tota,
3097 2537 3153 2588 et
3198 2532 3252 2587 in
3281 2529 3507 2602 singulis
3536 2541 3654 2587 tota
3682 2544 3790 2589 est.

2195 2616 2383 2695 Neque
2401 2624 2544 2681 enim
2570 2622 2728 2679 aliter
2754 2623 2895 2693 quod
2936 2623 3007 2678 sit
3039 2608 3107 2679 in.
3123 2638 3353 2693 corpore
3380 2632 3551 2679 totum
3596 2626 3789 2691 sentit,

2196 2724 2378 2773 tamen
2410 2724 2520 2770 tota
2553 2715 2740 2771 sentit.
2771 2713 2906 2769 Nam
2932 2729 3054 2769 cum
3083 2713 3278 2785 exiguo
3304 2725 3504 2784 puncto
3534 2714 3589 2769 in
3618 2731 3793 2772 carne

2194 2811 2316 2865 viva
2356 2806 2561 2882 aliquid
2592 2809 2851 2881 tangitur,
2880 2808 3128 2879 quamvis
3155 2807 3305 2863 locus
3333 2807 3423 2863 ille
3459 2823 3567 2863 non
3602 2809 3786 2864 solum

2194 2903 2362 2956 tutius
2392 2901 2637 2972 corporis
2662 2917 2767 2955 non
2796 2900 2885 2961 sit,
2919 2900 3012 2955 sed
3040 2898 3126 2953 vix
3160 2898 3212 2953 in
3235 2913 3465 2969 Corpore
3496 2898 3789 2965 videatur,

2196 2994 2436 3049 animam
2470 3003 2648 3049 tamen
2683 3001 2850 3048 totam
2880 3007 2984 3046 non
3012 2991 3161 3046 latet.
3195 2989 3379 3061 Neque
3408 2989 3461 3045 id
3490 2991 3639 3061 quod
3663 3007 3795 3047 sen-

2199 3085 2330 3141 titur
2356 3099 2454 3156 per
2491 3082 2737 3156 corporis
2766 3089 2961 3137 cuncta
3008 3079 3290 3146 discurrit,
3320 3080 3417 3135 sed
3464 3080 3536 3134 ibi
3570 3086 3785 3137 tantum

2123 3159 2168 3222 (ἶ
2199 3178 2431 3234 sentitur
2459 3177 2549 3234 ubi
2598 3175 2677 3231 fit.
2718 3175 2870 3231 Unde
2895 3189 3024 3245 ergo
3061 3174 3127 3228 ad
3161 3181 3328 3228 totam
3374 3187 3499 3227 mox
3534 3173 3794 3243 pervenit
3884 3240 3893 3246 .

2198 3270 2341 3342 quod
2371 3285 2480 3325 non
2508 3268 2560 3323 in
2593 3274 2705 3323 toto
2735 3265 2817 3333 fit,
2844 3262 2947 3321 nisi
2976 3265 3100 3335 quia
3126 3272 3179 3319 et
3218 3259 3290 3319 ibi
3319 3271 3406 3318 est
3434 3269 3547 3317 tota
3578 3262 3671 3318 ubi
3704 3262 3789 3329 fit,

2197 3382 2298 3422 nec
2323 3370 2381 3420 ut
2428 3371 2538 3419 tota
2579 3361 2668 3418 ubi
2702 3359 2763 3417 fit
2804 3369 2997 3416 caetera
3030 3356 3264 3414 deserit?
3296 3355 3498 3412 Vivunt
3534 3354 3685 3412 enim
3734 3367 3792 3413 et

2198 3456 2288 3513 illa
2317 3470 2380 3512 ea
2410 3461 2708 3528 praesente,
2738 3450 2827 3506 ubi
2856 3450 2989 3506 nihil
3020 3444 3123 3505 tale
3153 3447 3353 3504 factum
3400 3458 3503 3503 est.
3553 3446 3713 3516 Quod
3742 3444 3789 3502 si

2198 3547 2373 3615 ﬂeret,
2402 3555 2455 3603 et
2483 3551 2771 3615 utrumtjue
2796 3539 2957 3598 simul
2988 3539 3164 3606 fieret,
3195 3538 3356 3594 simul
3387 3549 3682 3607 utrumque
3706 3547 3790 3591 tec

2196 3649 2306 3697 tam
2336 3639 2544 3711 pariter
2584 3652 2690 3692 non
2739 3636 2953 3692 lateret.
3000 3632 3231 3690 Proinde
3255 3640 3310 3687 et
3341 3632 3394 3687 iu
3425 3632 3682 3687 omnibus
3714 3629 3793 3685 sio

2198 3733 2307 3788 mul
2331 3742 2385 3786 et
2415 3732 2468 3787 in
2497 3728 2724 3801 singulis
2752 3726 3031 3799 particulis
3060 3725 3308 3796 corporis
3354 3723 3434 3778 sui
3470 3730 3580 3777 tota
3622 3720 3791 3778 simul

2197 3838 2316 3880 esse
2351 3840 2459 3878 non
2504 3831 2708 3894 posset,
2765 3821 2808 3876 si
2861 3835 2953 3891 per
2998 3818 3119 3873 illas
3168 3818 3240 3873 ita
3280 3816 3696 3883 diffunderetur,
3731 3826 3793 3871 ut

2197 3918 2444 3973 videmus
2493 3927 2719 3984 corpora
2751 3910 2942 3967 diffusa
2985 3926 3081 3981 per
3108 3908 3283 3980 spatia
3313 3906 3555 3962 locorum
3604 3908 3791 3963 mino—

2198 4010 2348 4067 ribus
2377 4009 2493 4066 suis
2521 4007 2767 4078 partibus
2792 4004 3000 4061 minora
3029 4018 3316 4073 occupare,
3348 4009 3403 4055 et
3427 4001 3791 4071 amplioribus

2199 4103 2482 4173 ampliora.
2538 4118 2559 4153 ι
2608 4097 2735 4177 Βωε
2790 4098 2864 4152 ita
2913 4096 3030 4151 fieri
3080 4092 3149 4150 ab
3199 4094 3378 4149 anima
3407 4133 3422 4160 ,
3473 4108 3599 4148 cum
3650 4095 3787 4147 tanti

2200 4197 2440 4254 doctoris
2516 4192 2832 4259 sententia,
2882 4200 2997 4246 tum
3062 4186 3378 4261 quotidiana
3445 4189 3789 4259 experientia

2200 4298 2431 4347 constat.

2273 4381 2422 4439 Unde
2448 4379 2570 4451 quis
2600 4374 2837 4435 fidelium
2864 4375 3112 4433 dubitare
3134 4372 3247 4446 jam
3277 4372 3478 4444 poterit
3512 4369 3784 4443 Spiritum

2204 4484 2449 4532 sanctum
2482 4473 2638 4544 longe
2668 4469 2990 4529 ineﬂ‘abilius
3027 4467 3458 4525 sanctificatione
3484 4482 3582 4523 sua
3616 4474 3788 4521 totam

2213 4567 2420 4639 replere
2451 4563 2768 4631 Ecclesiam,
2807 4570 2864 4619 ut
2905 4577 3003 4632 pro
3027 4561 3288 4633 qualitate
3327 4557 3703 4615 ministrorum
3737 4568 3794 4611 et

2212 4674 2391 4715 rerum
2417 4658 2558 4728 ejus,
2587 4654 2793 4725 singula
2822 4668 2942 4724 qua:
2971 4652 3042 4708 illi
3071 4658 3465 4708 connectuntur
3492 4657 3550 4704 et
3580 4648 3790 4703 deben—

2209 4761 2296 4808 tur
2320 4747 2656 4819 sanctilicet?
2681 4746 2777 4802 Est
2805 4745 2949 4803 enim
2976 4743 3242 4799 clericalis
3285 4742 3419 4797 ordo
3452 4741 3508 4795 in
3545 4739 3791 4795 Ecclesia

2205 4845 2527 4916 praecipuus,
2575 4851 2829 4914 tanquam
2858 4836 2915 4892 in
2956 4836 3132 4907 capite
3156 4834 3321 4899 oculi,
3350 4832 3418 4889 de
3446 4847 3553 4903 quo
3580 4833 3659 4886 ait
3687 4831 3793 4886 Do-

2208 4935 2389 4990 minus
2423 4950 2436 4986 :
2474 4951 2493 4984 ι
2533 4930 2637 4999 Qui
2685 4927 2920 4997 tetigerit
2961 4942 3079 4991 vos,
3129 4926 3300 4997 tanth
3337 4922 3600 4995 pupillam
3642 4921 3789 4978 oculi

2201 5024 2307 5079 mei
2335 5018 2521 5093 (Zaeh.
2548 5036 2605 5083 tt,
2632 5017 2709 5089 8).
2744 5036 2762 5071 ι
2797 5017 2893 5072 Est
2931 5026 2987 5071 et
3017 5014 3223 5070 laicalis
3251 5022 3494 5084 potestas
3524 5020 3787 5083 tanquam

2201 5123 2390 5184 pectus
2418 5120 2474 5166 et
2505 5107 2726 5164 brachia
2777 5107 2845 5161 ad
2889 5104 3245 5161 obediendutu
3285 5111 3342 5158 et
3387 5100 3788 5158 defendendum

2201 5204 2498 5263 Ecclesium
2526 5201 2703 5255 valida
2730 5206 2786 5254 et
2811 5206 3018 5253 exerta.
3063 5196 3158 5251 Est
3187 5196 3382 5253 deinde
3428 5193 3623 5265 vulgus
3670 5203 3790 5246 tan-

2197 5309 2360 5342 mmm
2389 5290 2648 5342 inferiora
2686 5286 2766 5342 vel
2816 5295 3054 5342 extreme
3109 5281 3349 5338 membra
3397 5282 3790 5338 ecclesiasticis
