4064 5394
231 267 252 321 Ι
270 265 371 322 1'89

876 265 1244 325 ADVERSUS
1284 263 1696 321 SillONlACOS
1735 263 1913 320 LZBRI
1952 265 2150 322 TllES.
2179 263 2456 321 --LlBER
2492 261 2812 321 TERTIUS.

3357 267 3496 324 “90

227 386 410 442 sicnes
435 380 712 447 Ecclesiae,
741 380 795 436 in
825 383 1096 450 unguibus
1121 391 1300 437 autem
1327 382 1411 437 vel
1455 367 1646 451 reliqui
1679 395 1804 435 cor-
1841 385 1882 440 Α
1914 381 2052 448 lucc,
2081 381 2353 452 principes
2377 381 2570 436 domus
2589 380 2848 447 Jacob,et
2867 379 3082 450 judices
3109 381 3300 438 domus
3328 379 3500 440 Israel

226 476 378 549 poris
405 472 528 544 pilis
557 471 841 527 facultates
875 473 1060 528 saeculi
1109 487 1215 527 non
1248 473 1542 543 incongrue
1591 479 1817 542 possunt

230 566 424 636 accipi.
456 563 604 631 Quas
637 563 728 632 qui
781 563 1076 618 indiscrete
1111 562 1196 617 vel
1243 562 1512 616 violenter
1558 560 1815 615 exteriori

229 656 439 713 homini
469 655 657 720 demit,
683 669 902 709 necesse
929 661 1014 709 est
1048 655 1288 724 graviter
1327 653 1568 707 otl'ctnlat
1593 653 1818 706 laterio-

229 762 348 804 rem
377 763 476 818 pro
508 744 704 814 injuria
733 744 1199 800 dehonestatiouis
1231 744 1312 798 vel
1348 743 1815 814 praesumptionis.

231 838 388 906 Quod
415 853 520 892 non
547 835 904 891 dubitandum
936 844 1020 890 est
1048 834 1230 889 facere
1258 833 1518 904 Spiritum
1546 843 1815 898 sanctum,

234 931 325 1000 qni
352 930 405 983 in
430 927 788 983 universitate
811 925 1065 981 Ecclesia:
1081 925 1238 996 longe
1262 925 1608 995 praestantius
1640 925 1821 979 anima

232 1024 417 1077 omnia
441 1029 704 1090 operatur
740 1019 792 1072 in
823 1018 1096 1078 omnibus.
1136 1017 1384 1070 dividens
1410 1015 1638 1086 singulis
1663 1023 1823 1085 prout

234 1113 368 1179 vult,
405 1121 487 1166 'et
520 1109 848 1165 annuntians
896 1107 1178 1176 discipulis
1206 1107 1373 1160 multa
1409 1121 1528 1177 qua:
1557 1117 1682 1161 ante
1707 1121 1825 1175 [ras-

233 1205 444 1261 sionem
491 1202 693 1258 Christi
744 1217 849 1255 non
899 1208 1150 1270 poterant
1191 1208 1430 1270 portare.
1480 1197 1634 1253 Unde
1683 1200 1825 1252 sicut

234 1296 523 1352 recedente
575 1295 754 1348 anima
785 1333 800 1357 ,
847 1309 972 1347 mox
1023 1292 1224 1346 fetures
1277 1300 1332 1345 et
1359 1304 1574 1344 vermes
1621 1304 1820 1358 corpus

232 1395 538 1456 occupant,
568 1386 658 1456 qui
708 1383 835 1438 illud
869 1399 992 1439 cum
1018 1383 1254 1438 maxima
1289 1383 1568 1437 homirnam
1614 1381 1824 1436 abomi-

234 1481 455 1535 mtione
485 1488 536 1533 et
581 1477 884 1546 abjectione
913 1476 964 1530 in
1004 1475 1279 1546 pulverem
1317 1474 1642 1536 dissolvunt,
1670 1474 1748 1528 sic
1771 1480 1828 1527 et

235 1585 328 1624 res
367 1568 773 1631 ecclesiasticae,
811 1566 1100 1621 recedente
1150 1564 1220 1618 ab
1266 1564 1348 1619 eis
1391 1579 1486 1618 sua
1519 1563 1825 1617 sanctiﬁca-

236 1665 405 1728 tione,
433 1678 553 1716 mox
585 1662 886 1715 dmmonam
911 1660 1018 1729 jnri
1047 1671 1170 1714 cum
1214 1671 1421 1712 summa
1451 1658 1827 1712 maledictioue

235 1755 331 1810 Dei
363 1725 416 1808 et
463 1761 773 1808 sanctorum
815 1725 1034 1804 Patrum
1070 1749 1277 1806 relictae
1311 1750 1641 1819 dispereunt.
1678 1748 1822 1814 Qua-
1859 1725 1902 1783 Β

236 1854 458 1915 propter
479 1883 493 1907 ,
527 1842 823 1896 secundum
866 1840 1010 1910 quod
1045 1839 1304 1895 Dominus
1339 1839 1391 1892 in
1424 1837 1716 1908 Evangelio
1747 1836 1826 1889 ait

236 1933 482 1996 homini,
526 1931 848 1985 divisionem
892 1929 1226 1984 hzeredilatis
1273 1927 1508 1998 exigenti
1539 1943 1554 1982 :
1588 1945 1605 1978 ι
1643 1925 1828 1980 Videte

238 2033 296 2078 et
327 2031 514 2076 cavete
555 2021 624 2075 ab
659 2021 807 2075 omni
838 2021 1068 2075 avaritia
1111 2019 1262 2090 (Luc.
1294 2034 1390 2083 xu,
1419 2017 1529 2085 15).
1583 2035 1603 2069 ι
1651 2015 1696 2071 0
1734 2030 1829 2070 vos

238 2113 394 2167 divisi
437 2113 719 2178 divisores,
747 2119 802 2166 et
832 2110 1048 2166 tandem
1074 2109 1160 2165 vel
1199 2125 1322 2164 sero
1363 2108 1636 2162 individua
1662 2105 1825 2160 dividi

240 2219 348 2258 non
401 2218 561 2274 posse
616 2201 965 2273 cognoscite,
1014 2201 1236 2272 jamque
1287 2199 1613 2255 divisoribus
1665 2197 1828 2254 nolite

239 2297 616 2365 acquiescere,
661 2295 704 2350 si
744 2295 940 2364 cupitis
969 2295 1252 2348 animabus
1294 2292 1494 2348 vestris
1523 2301 1578 2347 et
1606 2291 1826 2345 illorum

239 2389 542 2443 consulere.
577 2387 778 2455 Nempe
809 2385 1082 2454 sequendo
1113 2399 1233 2454 qua:
1260 2385 1542 2445 videntur,
1584 2397 1638 2437 et
1679 2397 1830 2451 sper-

239 2481 421 2535 nendo
479 2494 600 2549 qua:
647 2494 754 2532 non
802 2478 1075 2541 videntur,
1123 2475 1390 2529 calamum
1438 2474 1560 2528 vani
1609 2473 1831 2528 honoris

237 2570 620 2641 temporaliter
665 2568 973 2638 capescitis,
1023 2582 1126 2620 nec
1173 2581 1438 2636 supremae
1480 2564 1830 2618 beatitudinis

238 2662 562 2728 anlam,aut
596 2667 854 2714 extrema:
880 2656 1113 2711 miseriae
1153 2693 1169 2708 .
1212 2691 1229 2709 .
1273 2691 1289 2708 .
1332 2692 1348 2708 .
1399 2662 1523 2725 post
1556 2653 1828 2709 modicum

240 2750 536 2820 respicitis.

313 2843 443 2910 Quae
478 2843 523 2897 si
553 2841 787 2897 maxima
818 2856 943 2910 pars
973 2848 1210 2895 vestrum
1249 2837 1554 2893 Christiano
1585 2837 1710 2890 talia
1739 2852 1830 2892 rc-

242 2939 506 2987 tractaret
557 2930 777 2994 animo,
831 2945 1173 3000 nequaquam
1231 2929 1332 2982 hoc
1382 2937 1532 2982 tanto
1578 2927 1832 2982 Ecclesia:

241 3022 444 3094 jugiter
488 3010 784 3093 angeretur
815 3021 977 3074 malo.
1029 3020 1153 3083 Sed,
1203 3021 1338 3090 proh
1369 3018 1552 3074 dolor!
1602 3033 1632 3072 a
1677 3017 1830 3074 laicis

243 3115 597 3186 dignitatibus
626 3112 1056 3169 ecclesiasticam
1088 3112 1402 3183 dignitatem
1445 3109 1622 3180 adepti
1655 3149 1668 3174 ,
1707 3122 1833 3164 cum

243 3206 393 3276 juxta
447 3207 765 3262 canonicam
821 3205 1199 3261 auctoritatem
1249 3205 1510 3258 deberent
1555 3217 1678 3256 cum
1715 3201 1830 3256 suis

247 3299 562 3354 auctoribus
625 3306 680 3353 et
711 3297 1028 3362 fautoribus
1079 3311 1186 3350 non
1235 3295 1406 3351 solum
1449 3294 1833 3349 communione

247 3389 456 3455 altaris,
506 3387 600 3443 sed
644 3397 699 3444 et
743 3388 986 3456 ingressu
1037 3389 1282 3444 ecclesia:
1322 3386 1546 3458 privari,
1594 3387 1834 3457 primum

247 3483 424 3539 locum
455 3482 508 3537 in
554 3497 618 3537 ea
646 3523 660 3545 ,
710 3490 764 3537 et
812 3481 1270 3552 dispensationem
1321 3487 1831 3543 sacramentorum,

249 3573 452 3629 Christi
510 3572 858 3641 omniumque
923 3572 1162 3643 regimen
1213 3579 1378 3640 atque
1424 3569 1833 3639 dispositionem

253 3668 649 3737 adipiscuntur,
698 3665 851 3733 cuius
888 3667 1050 3720 etiam
1103 3666 1288 3720 limina
1342 3664 1659 3734 contingere
1710 3677 1840 3732 pro-

250 3757 548 3821 hibentur,
596 3764 655 3810 ut
698 3765 823 3825 puta
869 3755 1070 3826 perjuri
1119 3755 1500 3825 principibus,
1533 3752 1730 3822 quibus
1782 3752 1837 3806 in

255 3859 402 3905 tanta
440 3849 858 3919 praesumptione
911 3849 1169 3910 inﬁdeles,
1205 3857 1298 3902 aut
1349 3845 1706 3902 consentiunt
1748 3851 1842 3898 aut

253 3942 539 4006 insistunt;
598 3941 894 4010 sacrilegi,
951 3939 1102 3994 fures
1159 3950 1212 3993 et
1262 3939 1502 3994 latrones
1549 3939 1704 4002 Deo,
1751 3936 1837 3991 cui

252 4042 443 4087 sancta
489 4049 585 4087 sua
638 4031 884 4086 furantur
940 4039 994 4086 et
1022 4031 1286 4086 violenter
1332 4031 1621 4100 diripiunt;
1664 4028 1841 4084 homi-

253 4126 386 4180 cida:
413 4126 632 4193 insuper
659 4124 985 4194 pauperibus
1005 4121 1228 4186 Christi,
1257 4137 1488 4192 quorum
1512 4119 1843 4192 patrimonia

254 4225 308 4270 et
343 4217 602 4287 pecunias
633 4215 888 4269 fraudant
913 4222 967 4269 et
997 4215 1112 4270 suis
1163 4215 1352 4269 usibus
1398 4212 1713 4278 vindicant;
1744 4225 1842 4265 ex-

255 4307 636 4362 communicati
669 4308 774 4360 Deo
801 4315 852 4360 et
878 4306 1130 4362 omnibus
1153 4305 1360 4361 sanctis
1379 4304 1498 4375 ejus
1522 4303 1838 4374 praeteritis,

1915 476 2006 544 qtti
2052 473 2438 528 abominamini
2471 474 2766 542 judicium,
2813 483 2867 528 ct
2895 473 3074 528 omnia
3105 483 3249 531 recta
3283 490 3415 546 perv

1921 569 2052 630 titis,
2083 567 2176 636 qui
2207 565 2488 621 :edilicatis
2519 564 2648 620 Sion
2683 566 2735 620 in
2780 566 3154 637 sanguinibus,
3201 575 3254 620 et
3281 565 3495 622 Jerusao

1918 659 2023 714 lem
2083 659 2136 713 in
2189 657 2497 727 iniquitate.
2564 657 2847 724 Principes
2909 656 3026 724 ejus
3085 658 3138 712 in
3191 657 3496 712 muneribus

1913 748 2257 818 judicabant,
2289 757 2344 804 et
2368 747 2683 803 sacerdotes
2709 746 2827 814 ejus
2857 747 2910 800 in
2942 749 3190 802 mercede
3217 748 3503 812 docebant,

1921 851 1974 894 et
2021 841 2300 909 prepltcta:
2331 839 2448 906 ejus
2483 839 2534 891 in
2568 839 2794 908 pecunia
2843 839 3194 903 divinabaut,
3244 847 3302 894 et
3345 853 3508 910 super

1922 930 2212 985 Dominum
2263 929 2701 998 rcquiesccbant,
2753 929 2994 982 dic-ntcs
3044 947 3056 981 :
3106 928 3354 996 Nunquid
3401 943 3507 983 non

1923 1022 2182 1077 Dominus
2216 1023 2267 1076 in
2297 1023 2474 1076 medio
2500 1023 2782 1075 nostrum?
2830 1020 2944 1076 Non
2978 1031 3190 1077 venient
3221 1037 3382 1090 super
3407 1037 3505 1076 nos

1922 1113 2086 1168 mala.
2142 1112 2370 1182 Pr0pter
2420 1113 2522 1168 hoc
2574 1129 2736 1168 causa
2785 1113 2950 1168 vestri
3005 1114 3133 1168 Sion
3182 1114 3334 1182 quasi
3378 1127 3511 1182 ager

1924 1205 2186 1268 arabitur,
2221 1215 2276 1258 et
2305 1203 2601 1257 Jerusalem
2649 1204 2802 1273 quasi
2841 1219 3066 1258 acervus
3108 1204 3342 1274 lapidum
3381 1205 3510 1272 erit,

1924 1305 1980 1349 et
2005 1310 2160 1350 mons
2193 1295 2372 1365 templi
2406 1295 2458 1350 in
2500 1295 2710 1350 excelsa
2739 1295 2996 1349 silvarum
3026 1295 3219 1368 (Micli.
3251 1312 3336 1363 ιιι,
3364 1295 3444 1366 9).
3483 1314 3502 1348 ι

2511 1425 2738 1482 CAPUT
2769 1425 2936 1481 XXX.

1929 1560 2320 1633 Recapitulatio
2340 1561 2406 1616 de
2431 1560 2750 1633 depositione
2777 1561 3139 1614 lucretirorum
3171 1569 3220 1615 et
3259 1561 3528 1618 sententia.

2497 1631 2786 1686 Ezechielis
2819 1633 2872 1684 in
2901 1649 3007 1685 eos.

2006 1743 2266 1810 [{inejam
2297 1743 2424 1798 licet
2451 1742 2684 1796 maxima
2717 1757 2784 1797 ex
2816 1751 2970 1811 parte.
2997 1742 3200 1812 spicula
3256 1739 3512 1797 adversa-

1931 1840 2138 1895 riorum
2177 1835 2464 1892 catholicis
2509 1833 2716 1902 objecta
2753 1835 2978 1888 Domino
3019 1835 3257 1888 donante
3289 1845 3379 1886 aut
3432 1850 3513 1889 re-

1930 1929 2155 2000 puleritn
2185 1936 2280 1983 aut
2301 1927 2656 1991 decusserim,
2681 1935 2772 1978 aut
2793 1935 2941 1980 certe
2972 1925 3262 1980 retuderim
3282 1965 3298 1989 ,
3338 1923 3514 1978 adlnrc

1932 2031 2111 2076 tamen
2167 2021 2221 2074 in
2277 2019 2427 2074 calce
2462 2018 2584 2072 libri
2614 2018 2772 2087 hujus
2834 2017 3227 2072 retundendam
3281 2016 3513 2070 arbitror

1930 2114 2196 2183 Spiculum
2225 2113 2353 2168 illud
2384 2112 2550 2167 nimio
2582 2112 2764 2166 toxico
2787 2111 3071 2172 imbutum,
3105 2128 3210 2181 quo
3238 2110 3514 2165 obstinato

1930 2203 2210 2272 impetitur
2230 2201 2596 2257 ecclesiastica
2622 2200 2830 2271 regula,
2851 2211 3120 2270 quatenus
3142 2201 3187 2254 si
3203 2198 3362 2269 juxta
3394 2215 3515 2255 eam

1931 2295 2281 2364 consequitur
2303 2292 2584 2347 luereticos
2607 2291 2976 2362 deponendos,
3001 2301 3364 2361 consequatur
3382 2306 3519 2361 quo-

1931 2397 2035 2454 que
2052 2385 2205 2454 juxta
2228 2384 2582 2440 assertionem
2610 2381 2822 2436 illorum
2844 2381 3062 2436 eosdem
3086 2383 3317 2454 gratiam
3336 2381 3517 2436 eccle-

1932 2477 2203 2531 siasticam
2233 2477 2478 2544 adeptos,
2513 2490 2542 2528 a
2569 2475 2722 2543 cujus
2743 2475 3060 2529 ascensione
3087 2484 3145 2529 ut
3183 2477 3518 2545 deponantur

1933 2568 2007 2622 sit
2050 2581 2297 2621 necesse.
2353 2566 2692 2636 Quapropter
2737 2566 2865 2620 hinc
2900 2581 3117 2636 quoque
3165 2567 3522 2620 trutinatorcs

1931 2660 2222 2714 verborum
2271 2657 2486 2712 interim
2518 2657 2786 2727 patienter
2825 2659 3124 2726 interrogo.
3153 2674 3180 2710 a
3213 2673 3320 2726 quo
3349 2655 3518 2726 gradu

1933 2748 2130 2802 divina:
2164 2747 2354 2818 gratia:
2375 2748 2736 2816 deponantur,
2777 2747 2974 2816 quibus
3003 2745 3289 2802 Psalmista
3315 2745 3392 2799 sic
3417 2745 3522 2799 im-

1934 2849 2231 2912 precetur:
2269 2857 2288 2890 ι
2334 2840 2592 2909 Disperge
2616 2839 2734 2893 illos
2759 2840 2812 2893 in
2847 2838 3044 2894 virtute
3085 2848 3196 2902 tua,
3221 2847 3275 2894 et
3312 2837 3522 2906 depone

1936 2951 2052 3001 eos,
2077 2942 2354 3005 protector
2379 2949 2554 2998 meus,
2572 2933 2826 2988 Domine»
2845 2931 3017 3004 (Psal.
3051 2948 3204 2999 Lvnt,
3231 2932 3343 3002 l2).
3374 2931 3516 2998 Quin

1936 3028 2096 3082 etiam
2124 3042 2152 3079 a
2179 3041 2288 3096 quo
2316 3026 2480 3096 gradu
2505 3025 2876 3080 ecclesiasnico
2903 3026 3244 3094 deponantur
3271 3039 3367 3094 pro
3397 3024 3518 3093 qni-

1937 3118 2037 3174 bus
2058 3118 2321 3173 catbolica
2346 3119 2503 3174 indie
2527 3117 2817 3174 Dontiuictc
2831 3117 3104 3173 Passionis
3127 3118 3202 3172 sic
3224 3128 3478 3187 precatur
3501 3133 3516 3170 :

1943 3231 1962 3265 ι
2005 3211 2364 3284 Omnipotens
2402 3212 2732 3282 sempiterne
2757 3213 2920 3277 Deus,
2949 3210 3042 3282 qui
3072 3209 3253 3266 salvas
3304 3224 3519 3276 omnes,

1939 3311 1994 3356 et
2023 3305 2292 3357 neminem
2323 3304 2404 3357 vis
2435 3305 2634 3372 perire,
2666 3303 2875 3374 respice
2904 3303 2970 3356 ad
2999 3303 3210 3356 animas
3252 3300 3519 3355 diabolica

1940 3395 2127 3449 fraude
2146 3395 2417 3465 deceptas,
2443 3405 2520 3460 ut,
2537 3396 2682 3449 omni
2707 3395 2954 3449 lncretica
2971 3395 3234 3464 pravitate
3253 3393 3520 3462 deposita,

1939 3489 2239 3543 errantium
2271 3488 2434 3542 corda
2471 3488 2814 3558 resipiscam,
2849 3496 2902 3542 et
2930 3486 2994 3540 ad
3024 3484 3271 3541 ver'tatis
3298 3494 3402 3539 tua:
3434 3499 3523 3538 re--

1940 3582 2099 3638 deant
2120 3583 2404 3638 unitatem.
2446 3602 2464 3634 ι
2509 3583 2649 3638 Ecce
2675 3582 2762 3636 hic
2785 3580 3054 3636 catholica
3085 3588 3237 3650 rogat
3263 3589 3318 3632 ut
3351 3581 3521 3633 luere-

1941 3675 2042 3730 tica
2079 3676 2322 3745 pravitas
2353 3674 2422 3728 ab
2450 3673 2737 3728 animabus
2761 3671 3025 3727 diabolica
3060 3671 3250 3725 fraude
3281 3671 3522 3738 deceptis

1941 3764 2274 3832 deporlelur.
2312 3763 2598 3818 Psalmista
2634 3776 2850 3832 quoque
2881 3761 3151 3831 superius,
3205 3768 3264 3812 ut
3317 3758 3522 3812 inimici

1940 3858 2056 3926 ejus
2104 3858 2461 3927 deponantur.
2491 3857 2545 3910 In
2574 3872 2678 3921 qua
2726 3856 2912 3924 utique
2941 3854 3284 3923 depositione
3323 3852 3520 3907 nullam

1942 3947 2330 4017 depositionem
2359 3948 2426 4000 ab
2454 3945 2684 4012 alicujus
2713 3946 2900 4014 gratia:
2921 3944 3006 4000 vel
3036 3943 3316 4014 dignitatis
3341 3941 3521 3998 excel-

1943 4037 2106 4092 lentia
2138 4053 2298 4107 quam
2343 4037 2495 4106 prius
2538 4035 2829 4091 habuerint
2875 4034 3177 4102 intelligere
3213 4048 3522 4102 possumus,

1943 4129 2048 4184 nisi
2074 4129 2241 4184 solam
2271 4129 2742 4198 praesumptionem
2769 4127 3035 4182 licerelicre
3059 4126 3329 4186 falsitatis,
3359 4141 3523 4196 quam

1944 4222 2042 4278 sub
2081 4222 2260 4292 specie
2313 4221 2593 4276 catholicae
2627 4221 2872 4277 veritatis
2912 4220 3010 4274 sibi
3053 4220 3408 4290 pertinaciter
3435 4234 3526 4273 ar-

1944 4322 2155 4385 rogant.
2198 4313 2287 4369 Sic
2314 4322 2370 4368 et
2399 4312 2696 4368 Simoniaui
2729 4327 2823 4366 seu
2853 4311 3078 4382 quilibet
3114 4310 3363 4385 liaaretici
3395 4325 3523 4365 cum

256 4397 612 4466 praesentibus
664 4405 716 4450 et
766 4396 964 4452 futuris
994 4437 1009 4463 ,
1060 4413 1290 4467 quorum
1358 4397 1696 4467 disciplinam
1741 4396 1832 4451 de-

1946 4404 2136 4474 deponi
2164 4403 2445 4472 jubentur,
2494 4419 2600 4458 non
2633 4403 2721 4458 ab.
2742 4403 2918 4472 aliqua
2963 4403 3352 4457 ecclesiastica:
3380 4400 3526 4454 ordio

256 4496 557 4554 struuntct
603 4487 916 4553 conciliant,
967 4503 1104 4558 quos
1157 4487 1526 4543 scandalizarc
1573 4496 1630 4541 et
1677 4485 1838 4541 oll'en.

257 4581 386 4636 dere
414 4598 520 4636 non
551 4592 762 4636 curant.
791 4581 892 4650 Qui
923 4597 1049 4636 vere
1073 4582 1186 4652 jam
1217 4597 1322 4636 non
1371 4589 1497 4635 sunt
1523 4580 1755 4635 habendi
1782 4586 1841 4633 ut

259 4673 348 4727 alii
387 4674 526 4738 intra
555 4673 855 4727 Ecclesiatn
887 4673 1276 4743 indisciplinati
1307 4671 1627 4734 Christiani,
1659 4671 1753 4725 sed
1783 4679 1842 4724 ut

261 4781 385 4822 vere
442 4765 882 4834 blasphemantes
943 4765 1204 4835 Spiritum
1255 4772 1503 4818 sanctum
1559 4762 1838 4824 haeretici,

262 4859 387 4910 dum
437 4866 690 4926 proterve
723 4864 777 4910 et
827 4855 1132 4910 voluntarie
1181 4853 1656 4923 transgrediuntur
1699 4852 1843 4922 leges

259 4946 601 5015 conscriptas
640 4955 694 4998 ct
724 4945 1058 5015 subscriptas
1103 4945 1271 5013 digito
1302 4943 1418 4998 Dci.
1448 4941 1690 5007 Quorum
1721 4956 1843 5009 pec-

262 5037 399 5090 catis
430 5035 837 5090 connuunicant
863 5036 1048 5106 procul
1073 5036 1235 5090 dubio
1273 5035 1533 5104 primates
1558 5042 1612 5086 et
1641 5043 1838 5086 metro-

262 5129 509 5200 politani,
556 5131 646 5200 qui
697 5131 891 5187 talibus
938 5141 993 5186 ct
1032 5131 1147 5186 sine
1194 5132 1456 5187 canonica
1509 5129 1843 5187 discussione

263 5237 460 5277 manus
503 5221 822 5290 imponunt,
855 5224 1186 5278 reclamante
1224 5220 1483 5292 Apostolo
1526 5222 1576 5275 in
1609 5222 1840 5291 Epistola

263 5316 330 5371 ad
361 5315 728 5370 Timotheum.
759 5315 962 5372 Taliter
990 5314 1246 5370 nimirum
1291 5315 1477 5371 talium
1503 5314 1842 5384 principum,

1944 4495 2181 4549 nationis
2208 4496 2380 4565 gratia
2411 4509 2574 4564 quam
2628 4493 2895 4548 hactenus
2947 4493 3180 4546 habeant
3217 4491 3407 4561 deponi
3440 4489 3528 4558 jn-

1943 4586 2175 4650 hentur;
2226 4586 2320 4641 sed
2349 4586 2512 4640 etiam
2541 4585 2610 4638 ab
2642 4583 2898 4638 exteriori
2946 4583 3083 4638 facie
3127 4582 3527 4638 ecclesiastico-

1945 4693 2064 4730 rum
2089 4679 2375 4748 graduum,
2407 4691 2511 4746 qua
2553 4675 2617 4729 ad
2654 4675 3010 4746 perditionem
3059 4689 3209 4729 suam
3240 4671 3530 4742 populique

1944 4764 2237 4820 Christiani
2269 4764 2646 4834 deceptionem
2677 4777 2770 4833 per
2799 4765 3153 4833 imposturam
3207 4763 3524 4816 abutuntur.

1946 4854 2158 4922 Quibus
2180 4856 2418 4910 maxime
2445 4853 2621 4923 aptari
2655 4862 2829 4923 potest
2857 4853 3032 4908 l‘abula
3066 4853 3132 4907 de
3160 4852 3330 4908 asello
3384 4849 3528 4921 pelle

1946 4944 2125 5001 leonis
2153 4945 2362 5007 induto,
2389 4943 2481 5012 qui
2505 4951 2852 5015 pracsumpto,
2879 4958 2972 4997 seu
3008 4943 3149 5012 quod
3183 4942 3365 5014 aptius
3393 4940 3534 4997 dici-

1948 5047 2058 5104 tur,
2086 5035 2346 5093 si-mulato
2373 5034 2589 5088 leonino
2621 5035 2832 5104 vigore,-
2858 5033 3115 5090 turbabat
3152 5034 3384 5104 pavidas
3434 5048 3535 5102 per

1947 5143 2074 5182 rura
2105 5142 2255 5191 oves,
2284 5139 2410 5180 cum
2436 5123 2510 5179 nil
2543 5125 2765 5181 omnino
2796 5123 3022 5179 leonina:
3050 5123 3402 5184 fortitudinis.
3433 5137 3538 5178 ex-

1945 5227 2104 5289 cepto
2131 5233 2273 5273 vano
2301 5223 2528 5279 terrore,
2555 5228 2618 5268 ex
2647 5217 2734 5272 his
2750 5215 2961 5272 exuviis
2985 5216 3065 5271 vel
3089 5217 3276 5286 spoliis
3306 5215 3411 5273 sibi
3455 5218 3544 5273 vel

1947 5312 2199 5381 cuiquam
2222 5308 2517 5376 acquirere
2547 5309 2805 5376 potuerit.
2841 5308 2938 5364 Cui
2969 5308 3093 5364 dum
3127 5310 3366 5366 rusticus
3418 5309 3544 5376 pel-
