4064 5394
541 305 671 370 ttat

1612 296 1971 371 ιιυιιίιιὲιιτι
2012 313 2071 367 s.
2114 309 2177 366 ιι.
2224 310 2285 364 E.
2327 307 2738 365 canamus

3666 293 3800 362 tis!

541 414 930 496 btmtptiottem,
957 413 1098 481 sicut
1131 422 1308 479 eidem
1337 409 1505 480 asello
1552 425 1788 481 rusticus
1817 425 1946 481 dum
1995 440 2121 496 spo-
2151 432 2198 487 Α
2229 421 2445 490 ligetur.
2476 434 2576 476 nec
2600 419 2750 476 calor
2779 420 3117 492 postmodum
3149 409 3385 479 resolvat
3426 423 3569 494 Quod
3611 423 3803 479 humor

541 515 732 572 liatum
761 518 1041 578 cerneret,
1068 515 1271 570 dixisse
1300 514 1474 570 fertur
1507 532 1521 569 :

663 624 884 677 Forsitan
921 629 1117 686 Ignaros
1140 627 1325 676 lmitato
1348 638 1598 674 murmure.
1622 621 1750 675 fallis
1775 639 1787 675 :

728 690 794 738 At
813 690 961 749 mihi.
979 690 1064 750 qui
1087 692 1346 748 quondam,
1371 695 1569 748 seraper
1593 690 1773 738 asellus
1795 689 1913 739 eris.

613 793 710 846 Est
737 806 949 861 quoque
975 786 1123 845 aliud
1153 791 1297 859 quod
1330 791 1381 845 in
1421 791 1509 845 illa
1560 794 1811 847 oratione
1856 792 2118 862 poscitur,

544 885 770 947 scilicet,
800 895 858 938 ut
883 883 1122 939 haeretici
1153 891 1210 939 et
1234 884 1563 939 Schismatici
1600 885 1667 937 ad
1700 884 1945 938 veritatis
1992 884 2143 937 divi--

541 985 627 1029 me
657 975 881 1027 redeam
925 973 1206 1027 unitatem.
1244 973 1300 1027 In
1343 973 1496 1042 cujus
1542 990 1759 1044 quoque
1796 972 2177 1045 praefatione"

538 1080 822 1120 monemur
844 1079 1005 1121 orare
1027 1080 1126 1137 pro
1154 1066 1303 1136 ipsis.
1334 1075 1393 1120 ut
1432 1066 1571 1120 Deus
1612 1082 1675 1120 ac
1711 1066 1970 1121 Dominus
2023 1082 2121 1121 no-

537 1167 654 1211 szer
689 1171 785 1211 eos
822 1160 889 1211 ab
921 1156 1200 1211 erroribus
1227 1157 1498 1212 universis
1522 1158 1587 1211 ad
1616 1166 1858 1211 sanetam
1892 1167 2119 1211 matrem

539 1245 833 1301 Ecclesium
883 1245 1206 1302 catholicam
1259 1255 1423 1317 atque
1459 1246 1813 1315 apostolicam
1862 1260 2121 1302 revocare

537 1336 811 1406 dignetur.
837 1337 1122 1393 Undeluce
1144 1338 1344 1393 clarius
1370 1348 1589 1395 constat
1617 1340 1670 1394 in
1701 1340 1909 1394 unitate
1930 1338 2121 1394 Eccle-

532 1428 629 1483 sia:
654 1429 930 1484 catholicze
960 1440 1121 1500 atque
1149 1432 1461 1500 apostolica:
1491 1447 1597 1487 non
1622 1431 1834 1497 adesse,
1858 1432 1925 1485 ad
1952 1446 2119 1501 quam

534 1528 594 1571 ut
623 1532 948 1575 revocentur
983 1531 1037 1575 et
1063 1522 1304 1587 redeant,
1350 1523 1419 1577 ab
1461 1525 1649 1578 eadem
1697 1522 1988 1579 universali
2020 1524 2123 1578 Ec;

531 1610 693 1677 e‘iesiit
722 1623 927 1667 oratur.
961 1613 1101 1685 Ergo
1123 1608 1424 1669 Simdniani
1455 1624 1549 1669 aut
1569 1615 1806 1670 haeretici
1831 1631 1937 1671 non
1970 1624 2116 1684 sunt,

529 1712 586 1756 et
616 1703 667 1756 in
693 1703 933 1758 Ecclesia
962 1715 1112 1770 sunt,
1149 1714 1242 1759 aut
1266 1715 1414 1761 certe
1439 1707 1678 1762 hteretici
1704 1716 1851 1773 sunt,
1881 1717 1936 1763 et
1960 1716 2114 1764 extra

2222 509 2639 581 eonglutinarat.
2671 509 2828 566 Unde
2855 518 2919 571 et.
2940 512 3069 582 ipsa:
3086 512 3252 582 palea:
3280 513 3405 570 istic
3434 524 3804 586 temperatura

2225 601 2499 662 dicuntur,
2537 601 2663 671 quia
2692 613 3108 673 eontemperant
3152 604 3466 660 dissolubile
3514 605 3691 660 lutum
3739 623 3806 664 ne

2224 689 2547 744 resolvatur.
2580 690 2817 760 Populus
2843 707 2973 762 ergo
2999 707 3122 748 sese
3152 692 3204 747 in
3247 695 3510 764 parietem
3543 695 3807 764 aedificat,

2223 782 2349 837 dum
2384 782 2626 837 Ecclesia
2669 784 2871 839 Christi
2908 784 3035 840 ﬁeri
3072 778 3306 841 laborata.
3354 784 3460 844 Sed
3500 804 3533 842 a
3575 790 3810 859 pseudo-

2223 875 2525 945 prophetis,
2575 876 2845 932 bmreticis
2894 878 3129 944 scilicet,
3176 879 3304 949 quia
3338 879 3452 936 luto
3507 883 3807 940 visibilmut

2221 975 2686 1022 sacramentorum
2734 968 2853 1024 sine
2885 977 3252 1038 temperatura
3294 972 3581 1029 invisibilis
3613 976 3808 1046 gratis

2221 1055 2432 1122 linitur,
2458 1073 2684 1113 casurus
2718 1069 2820 1119 est.
2854 1060 2955 1127 Qui
2997 1062 3242 1130 profecto
3283 1067 3488 1134 paries,
3524 1081 3634 1120 non
3681 1082 3747 1124 es
3774 1083 3807 1123 e

2220 1146 2650 1216 paticsdieitur,
2684 1160 2739 1205 et
2762 1151 2922 1206 litura
2946 1164 3053 1206 non
3080 1152 3266 1219 litura,
3293 1163 3345 1210 et
3383 1158 3668 1227 prophetae
3692 1175 3799 1213 non

2222 1240 2519 1309 prephetae,
2542 1249 2595 1295 et
2617 1239 2900 1298 vivitieata:
2918 1244 3112 1299 animae
3138 1260 3244 1299 non
3268 1246 3527 1313 viventes,
3558 1258 3619 1304 et
3652 1266 3807 1304 mort

2222 1330 2437 1385 titlcatre
2500 1347 2608 1386 non
2666 1336 2982 1390 morientes.
3029 1336 3126 1392 Ubi
3177 1338 3342 1393 etiam
3389 1339 3604 1396 illorum
3648 1356 3809 1410 parua

2219 1423 2548 1492 praedicitnr,
2588 1426 2679 1495 qui
2702 1441 2796 1481 cor
2821 1425 2975 1495 justi,
3004 1442 3164 1497 quem
3196 1431 3468 1489 Deusnon
3496 1433 3809 1488 contristas

2218 1514 2316 1578 vit,
2344 1515 2693 1583 coutristant,
2735 1526 2789 1571 et
2817 1534 3008 1574 manus
3049 1520 3199 1590 impii
3229 1536 3298 1577 ne
3326 1529 3642 1579 revertatur
3662 1540 3695 1579 a
3722 1525 3805 1580 via

2220 1620 2317 1661 sua
2342 1606 2479 1661 mala
2508 1616 2565 1663 et
2593 1608 2738 1663 vivat
2766 1608 2985 1681 (Exerit.
3002 1626 3121 1679 xm,
3145 1611 3257 1679 22).
3284 1612 3619 1685 confortapt.
3651 1617 3806 1683 Quod

2219 1708 2399 1753 autem
2427 1713 2514 1754 res
2542 1699 2835 1755 visibilium
2865 1714 3352 1769 sacramentorum,
3381 1721 3501 1775 qua:
3522 1709 3671 1777 apud
3694 1708 3808 1765 baca

534 1794 831 1867 Ecclesium
864 1806 1010 1852 sunt.
1042 1796 1213 1853 Porro
1237 1800 1281 1854 si
1317 1799 1370 1853 in
1408 1799 1647 1855 Ecclesia
1680 1810 1830 1866 sunt,
1862 1800 2113 1855 catholici

2220 1789 2418 1845 retices
2445 1788 2848 1846 Christianismi
2881 1793 3252 1863 inveniuntur,
3285 1773 3595 1855 non'solutu
3630 1800 3805 1855 deuia

528 1893 681 1950 sunt,
712 1896 874 1957 atque
899 1889 1150 1959 accipere
1171 1900 1396 1960 possunt
1424 1891 1686 1961 Spiritum
1720 1902 1991 1957 sanetum,
2009 1893 2117 1948 sic-

525 1980 632 2046 que
653 1973 775 2043 jam-
824 1977 1066 2032 literatiei
1096 1994 1194 2034 nec
1231 1979 1465 2034 habendi
1501 1996 1601 2035 nec
1626 1981 1840 2036 dicendi
1871 1992 2020 2037 sunt.
2053 1980 2116 2037 Si

532 2078 713 2123 autem
740 2075 895 2122 extra
940 2068 1238 2124 Ecclesium
1259 2079 1406 2135 sunt,
1436 2080 1584 2126 certe
1608 2081 1702 2126 aut
1737 2072 1973 2127 hauetici
2021 2079 2117 2126 aut

528 2158 722 2229 pagani
760 2168 905 2224 sunt,
937 2170 991 2214 et
1021 2161 1142 2215 ideo
1171 2161 1419 2232 accipere
1445 2172 1550 2218 noti
1585 2173 1812 2234 possunt
1848 2164 2114 2233 Spiritum

530 2258 801 2315 sanctum,
830 2250 954 2318 quin
981 2261 1136 2304 extra
1185 2250 1484 2308 Ecclesiam
1536 2269 1641 2308 non
1686 2262 1864 2324 potest
1917 2255 2125 2325 accipi,

530 2347 865 2411 protestante
914 2341 1145 2396 Domino
1189 2345 1441 2413 superius
1474 2361 1487 2398 :
1521 2344 1677 2414 cujus
1723 2347 1912 2416 procul
1949 2347 2126 2403 ἀιιιιίοΔ

528 2433 877 2499 sententiam,
929 2449 1052 2489 cum
1100 2450 1292 2490 onmes
1340 2435 1649 2500 orthodoxi,
1703 2444 1815 2491 tum
1865 2437 2115 2507 egregius

526 2510 761 2596 Prosper
783 2532 1004 2582 secutus
1032 2527 1109 2582 ait
1136 2543 1150 2581 :
1185 2526 1366 2582 tSicut
1397 2528 1844 2583 considerandum
1872 2536 1957 2583 est
1984 2529 2114 2598 quid

525 2624 580 2669 et
605 2616 693 2670 cui
737 2631 956 2683 voveas,
990 2619 1060 2673 ita
1091 2620 1255 2674 etiam
1285 2620 1740 2675 considerandum
1769 2630 1854 2676 est
1899 2622 1988 2677 ubi
2019 2636 2113 2677 vo-

528 2715 654 2759 νοτες
677 2722 691 2760 :
716 2708 843 2776 quia
870 2710 981 2764 veri
1026 2710 1279 2769 sacriﬁcii
1312 2710 1463 2764 locus
1486 2720 1640 2766 extra
1672 2710 1971 2767 Ecclesium
2011 2727 2108 2767 ea.

526 2795 784 2852 tholicam
814 2812 924 2852 non
949 2806 1051 2855 est.
1089 2816 1108 2851 ι
1157 2799 1309 2866 Quod
1338 2814 1499 2855 versu
1555 2814 1774 2872 quoque
1828 2801 2111 2863 declarans

526 2885 706 2942 Bulidlt
730 2904 743 2940 :
1254 2922 1275 2931 ηι
1714 2890 1717 2893 λ
1778 2908 1787 2923 ι

588 2988 727 3064 Νσιςιι
739 2996 823 3057 qui
855 2995 1018 3064 reddit
1041 2997 1246 3046 Domino
1277 2999 1352 3060 pta
1380 3006 1485 3048 rota
1507 2997 1734 3064 Tonanti,
1780 2998 1785 3001 ’

661 3056 814 3106 linum
839 3060 1017 3107 tlivmis
1037 3064 1252 3109 culttbus
1279 3056 1398 3108 csse
1435 3065 1612 3117 lorum,

593 3117 766 3186 ln_t_oto
786 3124 963 3169 mundo
986 3132 1136 3186 quem
1175 3136 1287 3186 vera
1320 3122 1535 3172 Ecclesia
1557 3124 1762 3186 praebet,

651 3180 712 3232 Et
750 3195 859 3232 sine
879 3197 978 3244 quo
1006 3180 1199 3232 'nutlum
1219 3184 1421 3245 justitta:
1449 3193 1524 3234 est
1546 3180 1796 3235 merltum.

599 3284 656 3338 In
684 3288 886 3354 quihus’
901 3286 1059 3356 plane
1074 3287 1417 3357 prccdicatur,
1445 3304 1544 3345 nec
1569 3305 1753 3344 veram
1783 3290 2107 3359 Ecclesiam,

530 3390 633 3430 nec
668 3390 851 3430 verum
883 3379 1234 3443 sacriﬁcium,
1287 3395 1387 3434 nec
1439 3380 1552 3435 veri
1600 3383 1854 3438 sacriﬁcii
1908 3383 2107 3453 locum,

529 3474 632 3522 nec
661 3466 899 3521 divinum
928 3468 1130 3523 cultum
1165 3469 1559 3526 convincentur
1585 3472 1808 3539 habere,
1835 3474 1976 3529 sicut
2008 3490 2109 3530 nec

525 3559 615 3613 alii
647 3558 905 3614 haeretici.
947 3557 1082 3627 Quid
1107 3576 1235 3631 ergo
1264 3562 1469 3632 pariter
1502 3563 1736 3619 habent?
1770 3563 1954 3621 Solam
2008 3564 2109 3621 {al-

524 3650 739 3705 ditatem
770 3650 1081 3733 cultumque
1116 3653 1529 3709 dmmoniacum.
1588 3653 1691 3727 Sed
1716 3667 1856 3733 esto,
1910 3658 2109 3715 dicitur

526 3736 668 3810 apud
690 3754 790 3797 eius
832 3726 1175 3804 sacrificium.
1211 3744 1574 3811 sacerdotium
1600 3726 1870 3803 etetctera
1918 3749 2108 3821 cathoo

524 3822 751 3884 ﬁcorum
784 3822 1123 3885 sacramenta
1161 3841 1215 3886 et
1264 3833 1514 3903 insignia.
1554 3834 1640 3902 Et,
1671 3842 1703 3890 ὸ
1732 3842 1911 3907 quam
1940 3840 2107 3895 mtllla

523 3921 798 3986 dicuntur,
827 3908 947 3992 qum
967 3923 1188 3978 omnino
1220 3923 1293 3977 nil
1315 3940 1503 3980 earum
1536 3942 1719 3983 rerum
1754 3945 1985 3999 quarum
2012 3947 2107 3986 vo-

522 4011 730 4066 eabulis
754 4011 1060 4068 indicantur
1085 4014 1137 4067 in
1168 4029 1227 4069 se
1258 4015 1459 4071 habere
1481 4022 1934 4089 comprobantur?
1955 4021 2107 4090 Quod

524 4116 648 4156 cum
703 4104 952 4172 superius
1006 4105 1241 4160 ubertim
1296 4118 1654 4164 monstratum
1708 4111 1799 4176 sit,
1843 4113 2005 4168 etiam
2040 4132 2106 4170 ex

534 4193 718 4248 Verbis
748 4193 1051 4250 Ezechielis
1103 4198 1381 4267 propbcttc
1424 4204 1712 4256 monstrari
1762 4205 1979 4274 poterit,
2018 4206 2106 4262 ubi

521 4283 657 4338 dicit
681 4285 1133 4356 prophetantibus
1165 4288 1231 4343 de
1257 4289 1419 4344 corde
1442 4306 1540 4346 suo
1568 4306 1583 4345 :
1629 4312 1648 4345 ‹
1683 4290 1775 4347 Va:
1826 4297 2105 4365 prophetis

500 4362 940 4447 insipientibus,
980 4395 998 4429 ι
1033 4386 1141 4432 etc.
1172 4395 1333 4448 usque
1361 4396 1381 4430 t
1415 4390 1470 4434 et
1499 4380 1684 4437 scietis
1708 4362 1965 4452 quoniam
1997 4401 2098 4456 ego

525 4467 787 4522 Dominus
817 4467 1033 4539 (Exerit.
1060 4486 1183 4532 xm,
1208 4469 1285 4543 5).
1318 4491 1338 4524 ι
1546 4470 1551 4475 ’

1087 4574 1315 4640 CAPUT
1342 4582 1536 4640 XXXI.

515 4717 594 4771 De
618 4718 845 4789 propriis
868 4718 1181 4791 dictionibus
1206 4719 1261 4773 in
1284 4719 1574 4789 supradicti
1604 4720 1869 4791 propheta:
1891 4733 1939 4776 et
1968 4722 2105 4778 beati

928 4788 1166 4860 Gregorii
1191 4788 1358 4844 verbis
1385 4788 1698 4861 subiunctis.

528 4922 533 4927 ·
594 4900 729 4966 Qum
757 4900 1035 4970 prophetae
1074 4901 1239 4956 verba
1264 4901 1470 4959 idcirco
1495 4904 1618 4959 istic
1663 4905 1904 4960 seriatim
1961 4907 2105 4961 inse-

524 4993 907 5061 ruimus,quia
936 4992 1147 5047 etiamsi
1175 4992 1279 5047 alia
1309 4994 1580 5060 deessent,
1623 4996 1737 5052 huic
1774 4997 1886 5053 t-oia
1915 4997 2106 5053 confu~

522 5083 720 5137 tationi
757 5083 1138 5138 hereticorum
1175 5094 1233 5140 et
1279 5087 1548 5157 prtecipue
1592 5087 1988 5158 objectionibus
2018 5091 2107 5147 Si-

2218 1888 2403 1935 menta
2431 1880 2526 1935 sed
2557 1892 2613 1936 et
2649 1892 2893 1938 stercora
2918 1884 3048 1949 sint,
3088 1903 3156 1943 ex
3196 1891 3377 1946 verbis
3427 1892 3676 1960 Apostoli
3735 1895 3805 1949 ad

2216 1966 2591 2041 Philippenses
2638 1977 2979 2043 ostendatur,
3004 1978 3094 2033 ubi
3129 1981 3399 2037 sacriﬁcia
3451 1993 3507 2037 et
3542 1998 3807 2038 caremus

2216 2060 2336 2116 nias
2364 2076 2486 2132 qua
2514 2064 2656 2133 apud
2685 2064 2972 2122 hmreticos
3018 2066 3284 2125 Judaismi
3330 2080 3449 2141 post
3490 2074 3803 2142 passionem

2215 2155 2416 2211 Christi
2454 2155 2903 2226 observabuntur,
2943 2163 3133 2232 quanti
3164 2168 3316 2233 prius
3346 2162 3564 2230 fecerit.
3616 2181 3802 2237 quana-

2205 2247 2325 2331 tive
2346 2246 2839 2319 imprm'sentiarnnr
2859 2252 3040 2319 faciat,
3073 2256 3353 2326 praedicat.
3381 2256 3572 2312 dicens
3596 2273 3614 2309 :
3650 2276 3671 2317 ι
3703 2259 3805 2313 Se-

2216 2340 2451 2393 cundum
2476 2339 2757 2408 justitiam
2783 2358 2905 2413 qua:
2936 2343 2988 2398 in
3012 2345 3129 2415 lege
3160 2354 3265 2407 est.
3296 2359 3657 2405 conversatus
3680 2365 3802 2406 sum

2215 2429 2334 2484 sine
2366 2430 2607 2498 querela.
2643 2428 2748 2486 Sed
2796 2449 2917 2503 quas
2944 2434 3076 2489 mihi
3108 2439 3323 2491 luerunt
3363 2438 3536 2505 lucra,
3568 2440 3690 2496 haec
3715 2457 3803 2497 ar-

2215 2517 2447 2575 bitratus
2476 2536 2613 2575 sutn-
2636 2533 2858 2594 propter
2885 2525 3161 2581 Christum
3196 2528 3545 2586 detrimenta.
3572 2530 3801 2588 Verum-

2217 2616 2396 2664 tamen
2424 2618 2480 2666 et
2499 2611 2755 2667 existimo
2783 2614 2963 2669 omnia
2995 2617 3379 2674 detrimentum
3422 2636 3548 2677 esse
3570 2633 3801 2694 prepier

2213 2696 2539 2754 eminentem
2565 2701 2848 2756 scientiam
2876 2704 3000 2771 .lesu
3045 2707 3250 2763 Christi
3274 2710 3480 2765 Dmnini
3510 2713 3645 2779 mei,
3674 2730 3800 2784 pro-

2216 2795 2298 2841 ter
2343 2803 2502 2857 quem
2550 2793 2734 2845 omnia
2776 2792 3156 2851 detrimentum
3207 2797 3308 2853 feci
3355 2809 3410 2854 et
3445 2802 3691 2860 arbitror
3739 2809 3802 2862 ut

2215 2888 2481 2948 stercora,
2509 2895 2569 2940 ut
2588 2883 2863 2941 Christum
2889 2887 3221 2946 lucritaciam
3241 2892 3407 2962 (Phil.
3433 2911 3516 2963 ιιι,
3541 2897 3622 2968 6).
3644 2919 3664 2951 ι
3696 2898 3800 2955 Do-

2116 3022 2119 3025 λ
2213 2973 2389 3028 minus
2425 2989 2642 3045 quoque
2671 2990 2768 3048 per
2815 2978 3135 3037 Malaettiam
3187 2983 3472 3043 .lndaieum
3532 2992 3801 3047 sacerdo‘

2134 3118 2181 3182 C

2215 3066 2345 3119 tium
2384 3071 2702 3138 reprobatis,
2734 3071 2855 3127 ait:
2901 3091 2920 3125 t
2982 3075 3123 3131 Ecce
3156 3091 3256 3149 ego
3303 3068 3586 3149 projieiam
3636 3084 3799 3143 vobis

2211 3154 2492 3211 brachium
2517 3167 2573 3212 et
2610 3160 2917 3232 dispergam
2948 3178 3113 3235 super
3146 3170 3350 3224 vultum
3380 3183 3621 3228 vestrum
3649 3186 3796 3231 ster-

2211 3263 2307 3303 cus
2333 3248 2734 3307 selemnitatutn
2766 3263 3099 3322 vestrarum,
3127 3267 3181 3314 et
3203 3272 3449 3318 assumet
3471 3279 3573 3320 νος
3600 3282 3793 3324 8861111

2213 3336 2468 3406 (ΗαΙασΙι.
2492 3356 2552 3401 ιι,
2578 3340 2657 3413 5).
2688 3362 2708 3396 ι
2741 3344 2892 3410 Quod
2915 3345 3110 3405 beatus
3130 3348 3801 3426 Hiermtymus-exptmeus

2210 3428 2393 3484 subdit
2418 3447 2432 3483 :
2465 3448 2483 3482 t
2508 3432 2643 3498 Quia
2665 3433 2730 3506 ad
2752 3437 3311 3510 sacerdotesloquitur
3332 3461 3344 3496 :
3366 3444 3693 3516 Projiciam,
3719 3450 3799 3503 in-

2210 3521 2349 3590 quit,
2382 3521 2433 3576 in
2461 3522 2629 3580 iacies
2657 3534 2865 3584 vestras
2899 3544 2963 3585 ea
3014 3546 3138 3600 qua:
3185 3533 3458 3589 sanctiora
3495 3538 3710 3606 putatis
3742 3540 3798 3593 in

2210 3612 2346 3685 lege,
2374 3624 2430 3671 et
2456 3618 2606 3687 vobis
2630 3636 2660 3674 a
2683 3621 2795 3685 Deo
2822 3637 2921 3692 pro
2946 3623 3210 3680 virtutum
3234 3642 3473 3684 munere
3498 3646 3567 3685 ex
3598 3630 3799 3687 hostiis

2210 3708 2532 3764 condonata.
2553 3712 2778 3768 Annum
2793 3715 2961 3781 enim,
2989 3714 3044 3772 id
3061 3726 3145 3771 est
3158 3718 3465 3786 brachium,
3491 3730 3549 3777 et
3568 3735 3797 3793 pectus-

2209 3801 2409 3870 culurn,
2469 3813 2525 3860 et
2545 3804 2805 3877 linguam,
2852 3817 2904 3864 et
2945 3811 3330 3877 ventriculum,
3364 3823 3423 3869 et
3447 3829 3518 3872 ea
3566 3830 3693 3886 qua:
3738 3818 3794 3873 in

2208 3892 2453 3951 Levitico
2483 3896 2890 3968 describuntur,
2922 3905 3263 3973 accipiebant
3283 3920 3348 3960 ex
3380 3906 3578 3963 hostiis
3604 3924 3798 3965 sacer-

2209 3987 2382 4045 dotes.
2405 3988 2537 4058 Qutc
2573 3992 2753 4047 omnia
2784 4009 2887 4063 pro
2925 3997 3168 4067 peccatis
3194 4013 3385 4053 eormn
3428 4014 3489 4055 se
3522 3999 3792 4068 abjicere.

2209 4087 2266 4135 et
2302 4080 2353 4135 in
2386 4080 2552 4137 facies
2578 4087 2922 4140 sacerdotum
2950 4088 3169 4142 mittere
3189 4099 3571 4146 contestatur:
3601 4104 3660 4147 ut
3685 4094 3795 4148 sci-

2209 4170 2334 4227 licet
2360 4173 2497 4228 tales
2527 4174 2637 4228 sint
2664 4175 3011 4246 quiefferunt
3036 4179 3165 4234 talia
3212 4181 3391 4250 qualia
3422 4189 3479 4237 et
3523 4182 3615 4237 illa
3668 4200 3795 4254 qua:

2209 4259 2527 4319 oderantur.
2571 4264 2910 4323 Etassumet
2939 4282 3055 4333 vos.
3104 4269 3300 4340 inquit,
3342 4286 3550 4335 secum,
3605 4274 3661 4328 id
3707 4284 3794 4330 ea

2209 4360 2438 4409 stercus
2474 4352 2878 4411 solenmitatum
2932 4348 3258 4423 vestrarum,
3331 4370 3391 4417 ut
3424 4362 3465 4415 1'.
3482 4371 3664 4420 tentes
3715 4366 3793 4419 fa.

2133 4463 2185 4524 ι)
2211 4441 2321 4496 cies
2347 4443 2559 4512 putrida
2584 4447 2846 4502 stercoris
2872 4450 3252 4506 commistione
3300 4453 3613 4508 turbentur.
3650 4473 3673 4508 ι
3704 4456 3789 4510 Ad

2210 4532 2326 4587 haec
2363 4548 2432 4588 ex
2469 4536 2648 4592 verbis
2672 4552 2889 4608 quoque
2915 4538 3062 4594 beati
3099 4540 3368 4612 Gregorii,
3391 4541 3548 4612 cujus
3589 4546 3791 4616 impro-

2206 4625 2357 4695 prias
2384 4627 2653 4684 dictiones
2681 4645 2779 4700 pro
2801 4630 3037 4701 propriis
3080 4631 3392 4688 defensores
3432 4634 3793 4691 Simulasse-

2207 4728 2327 4770 rutn
2375 4718 2669 4790 accipiunt.
2701 4722 3009 4778 ostenditur
3052 4740 3216 4795 quam
3270 4726 3441 4781 multa
3489 4730 3789 4801 improprie

2206 4807 2473 4866 dicantur.
2512 4813 2603 4867 Ait
2628 4814 2775 4869 enim
2802 4815 2854 4870 in
2882 4824 3115 4871 tractatu
3169 4817 3449 4889 Evangelii
3500 4822 3791 4893 Theopha-

2206 4902 2309 4958 nirc
2346 4925 2360 4961 :
2396 4923 2418 4958 ι
2466 4906 2661 4962 Omnia
2710 4909 2977 4966 elementa
3026 4923 3306 4968 auctorem
3360 4930 3520 4970 suum
3569 4918 3789 4971 venisse

2209 5008 2400 5057 testata
2422 5010 2568 5055 sunt.
2601 5000 2670 5057 Ut
2696 5003 2840 5056 enim
2864 5005 2930 5059 de
2959 5006 3039 5060 eis
3087 5003 3343 5074 quiddam
3388 5022 3504 5063 usu-
3542 5011 3791 5065 humano

2204 5092 2414 5162 loquar,
2439 5090 2604 5145 Deum
2628 5090 2772 5148 hunc
2800 5094 2920 5149 enati
2951 5109 3070 5150 esse
3091 5105 3478 5167 cognOVerunt,
3501 5103 3633 5170 quia
3660 5102 3791 5157 stel-
