4064 5394
260 299 403 360 “93

888 297 1261 358 ADVERSUS
1298 297 1710 374 SIMONMCOS
1745 296 1925 353 LlBlli
1967 298 2170 354 TRES.
2208 330 2280 341 -—-
2303 299 2509 357 LIBER
2538 298 2856 358 TERTlUS.

3358 300 3387 359 ί
3398 303 3499 363 194

256 413 527 471 elementa
579 422 888 479 senserunt,
952 413 1128 468 adhuc
1177 411 1472 467 infidelium
1527 384 1832 467 Judmorum
1859 413 1908 473 Α
1938 406 2160 473 habent,
2185 409 2288 465 etsi
2310 425 2418 467 non
2442 412 2512 467 ad
2535 424 2713 478 suam,
2737 421 2915 467 tamen
2940 411 3008 469 ad
3029 412 3258 471 aliorum
3277 414 3511 476 salutem

253 504 424 563 corda
453 502 621 560 Deum
669 516 791 558 esse
843 502 1065 557 minime
1111 510 1460 571 cognoscunt,
1509 508 1565 557 et
1614 500 1833 556 duriora

254 594 406 649 saxis
423 592 597 648 scindi
623 591 690 646 ad
710 589 1082 662 pdmitentiam
1099 591 1307 655 nolunt,
1330 604 1562 660 eumque
1586 587 1833 644 conﬁteri

256 683 543 752 ahnegant,
574 695 733 751 quem
762 680 1053 745 elementa,
1099 688 1159 735 ut
1210 681 1465 744 diximus,
1519 689 1614 735 aut
1661 680 1835 750 signis

255 781 351 828 aut
373 773 730 829 scissionibus
758 772 926 827 Deum
954 771 1211 827 clamant.
1252 791 1272 825 ο
1300 771 1487 843 Itaque
1532 766 1834 827 Simoniani

254 882 554 936 eorumque
582 866 842 921 obstinati
864 864 1179 921 defensores
1208 880 1429 920 necesse
1455 872 1541 920 est
1562 863 1837 919 fateantur

255 959 473 1013 beatum
501 955 821 1027 Gregorium
869 955 993 1010 istic
1041 955 1334 1025 improprie
1377 954 1633 1010 locutum.
1686 952 1835 1008 Alio-

254 1048 408 1119 quin,
432 1050 475 1101 si
507 1049 791 1102 attendunt
817 1047 1034 1118 proprie
1060 1047 1322 1109 loculum,
1353 1060 1573 1102 necesse
1600 1054 1685 1101 est
1706 1059 1831 1115 pro-

255 1137 512 1193 ﬁteantur
535 1153 660 1191 eum
708 1136 873 1192 fuisse
926 1134 1306 1201 Maniclueum,
1354 1137 1447 1205 qui
1496 1134 1836 1192 insensibiles

257 1245 369 1295 res,
394 1245 498 1283 non
525 1227 695 1282 solum
727 1229 963 1282 animam
988 1225 1225 1291 vitalem,
1273 1227 1365 1281 sed
1398 1225 1701 1282 sensualem
1740 1227 1835 1279 ha-

253 1318 385 1373 bere
426 1317 720 1373 crediderit
755 1330 812 1372 et
854 1316 1250 1386 praedicaverit.
1299 1315 1453 1381 Quod
1496 1316 1541 1368 si
1589 1313 1833 1384 proﬁteri

257 1408 470 1472 timent,
504 1422 722 1462 necesse
761 1414 846 1462 est
867 1407 1148 1462 nobiscum
1203 1406 1564 1461 conﬁteantur
1619 1403 1834 1459 tandem

254 1511 355 1552 nec
377 1495 558 1558 cados,
586 1510 685 1552 nec
711 1510 880 1561 mare,
909 1510 1010 1550 nec
1062 1506 1286 1557 terram.
1336 1508 1438 1549 nec
1488 1493 1679 1557 sulem,
1737 1502 1836 1547 nec

254 1602 537 1653 sasa,uee
588 1589 844 1659 parietes,
900 1604 1001 1644 uec
1051 1587 1320 1643 infernum
1374 1586 1689 1657 cognovisse
1743 1593 1836 1643 aut

254 1676 521 1735 clamasse
552 1694 708 1734 suum
739 1689 1039 1741 auctorem.
1083 1695 1182 1734 nec
1207 1678 1401 1733 fecisse
1428 1678 1482 1732 in
1508 1675 1831 1748 obsequium

1932 496 2339 565 perﬁciendam.
2378 496 2449 552 Et
2496 497 2648 554 adest
2692 514 2825 571 ergo
2874 502 2957 557 eis
3001 500 3236 572 Spiritus
3287 512 3512 562 sanctus

1932 585 2397 651 ministrantibus,
2435 594 2491 642 et
2534 588 2690 643 abest
2746 589 3287 660 transgredientibus.
3342 594 3509 649 Adest

1932 677 2079 733 enim
2111 679 2417 734 ministerio
2433 679 2582 749 quod
2626 680 2750 735 ﬁdei
2779 696 2967 736 eorum
2993 692 3024 737 a
3054 682 3299 755 ﬁdelibus
3337 684 3512 740 credi-

1937 779 2045 825 tum
2070 772 2445 843 recognoscit;
2476 773 2630 828 abest
2663 773 2936 843 iniquitati
2964 787 3152 831 eorum
3190 791 3356 847 quam
3404 793 3510 833 non

1934 866 2231 933 cognoscit.
2267 863 2530 935 Dignatur
2563 865 2755 920 adesse
2796 866 2850 919 in
2877 870 3240 925 sacramentis
3264 869 3376 926 suis
3410 870 3514 927 sibi

1933 955 2388 1025 obsequentibus,
2422 964 2476 1011 et
2521 957 2847 1028 dedignatur
2900 958 3090 1013 adesse
3142 960 3195 1014 in
3246 961 3517 1029 pravitate

1935 1058 2149 1099 morum
2202 1044 2306 1100 sibi
2357 1044 2760 1101 resistentibus.
2800 1044 2988 1115 itaque
3038 1048 3516 1121 quantulacunque

1936 1134 2040 1191 ﬁde
2061 1136 2240 1192 cordis
2259 1148 2446 1192 eorum
2475 1137 2712 1208 Spiritus
2734 1146 2955 1194 sanetus
2981 1139 3238 1196 invitatus
3264 1140 3514 1197 ministe-

1936 1227 2017 1281 rio
2052 1227 2164 1283 uris
2191 1236 2247 1283 et
2274 1243 2529 1282 manuum
2559 1243 2745 1283 eorum
2770 1228 3177 1286 sanctiﬁcandis
3196 1232 3263 1288 ad
3291 1246 3518 1292 suorum

1934 1317 2165 1372 salutem
2217 1318 2379 1373 rebus
2440 1318 2780 1385 infunditur,
2828 1321 2923 1376 sed
2974 1322 3201 1391 perﬁdia
3244 1322 3521 1380 scelerum

1934 1406 2171 1464 offensus
2203 1409 2269 1463 ad
2293 1409 2797 1466 condemnationem
2830 1413 3219 1469 sceleratorum
3254 1430 3517 1486 provoca-

1937 1507 2043 1551 tur.
2078 1496 2178 1565 Qui
2205 1498 2460 1569 quoniam
2482 1500 2713 1556 ministri
2744 1511 2869 1558 sunt
2896 1511 2953 1559 et
2973 1504 3247 1572 scelerati,
3273 1506 3521 1564 ministe-

1935 1588 2074 1644 rium
2101 1604 2289 1644 eorutn
2335 1590 2581 1660 suscipit,
2620 1591 2829 1648 scelera
2860 1593 3090 1663 deSpicit
3113 1606 3168 1650 et
3213 1597 3398 1666 punit;
3435 1598 3518 1654 sit:
3550 1608 3559 1615 ·

1938 1676 2203 1733 ministris
2253 1692 2495 1747 praesens
2539 1687 2600 1734 ut
2629 1680 2699 1734 sit
2746 1680 3032 1737 sceleratis
3060 1686 3276 1741 absens.
3310 1684 3519 1753 Quibus

253 1768 372 1837 ejus
399 1770 583 1826 omnia
609 1770 694 1826 illa
715 1788 833 1841 quae
856 1773 1218 1843 prredicantur
1246 1771 1466 1827 fecisse:
1502 1770 1596 1825 sed
1643 1784 1831 1840 repen-
1870 1767 1915 1828 Β
1944 1782 2077 1822 sane
2122 1770 2297 1838 aptari
2326 1779 2506 1840 potest
2535 1771 2801 1828 sententia
2831 1772 2918 1827 illa
2949 1774 3225 1845 prophetae
3262 1791 3367 1846 qua
3407 1777 3516 1832 Do-

253 1859 370 1914 tina
409 1860 748 1916 et’innsitata
795 1862 1173 1918 immutatione
1224 1861 1309 1917 vel
1356 1859 1712 1916 concussione
1755 1860 1837 1913 sui

252 1949 530 2019 cognitum
555 1952 624 2006 ab
655 1952 966 2007 ltominibus
998 1960 1053 2007 et
1097 1952 1446 2021 praedicatum
1498 1961 1616 2005 cata
1653 1961 1838 2019 tropon

252 2040 642 2110 metonymian,
672 2054 769 2112 per
794 2057 954 2112 quem
988 2042 1039 2096 id
1075 2042 1216 2111 quod
1242 2042 1301 2096 ﬁt
1327 2041 1463 2097 solet
1490 2040 1717 2095 indicari
1744 2038 1835 2093 illo

250 2143 362 2198 quo
381 2129 462 2193 fit,
484 2130 631 2185 velut
662 2132 820 2186 homo
842 2131 1043 2187 dicitur
1062 2131 1257 2202 pulvis,
1282 2142 1329 2186 et
1355 2131 1553 2186 cmlum
1579 2146 1693 2185 aer.
1724 2128 1839 2186 Hoc

255 2219 609 2274 nihilominus
633 2234 779 2290 tropo
805 2221 945 2276 Deus
971 2221 1286 2292 cognovisse
1308 2220 1435 2290 quid
1469 2220 1688 2284 dicitur,
1712 2233 1835 2274 cum

249 2307 417 2365 eﬁicit
447 2311 595 2366 utab
637 2312 948 2367 hominibus
974 2314 1026 2367 id
1072 2320 1455 2383 cognoscatur.
1510 2310 1625 2367 Hoc
1672 2312 1835 2381 spiri-

250 2399 452 2457 tualem
482 2402 713 2472 gratiam
743 2403 825 2458 vel
854 2404 1160 2460 columbam
1186 2404 1343 2459 vendi
1393 2405 1587 2459 beatus
1631 2401 1837 2473 Gregoo

249 2489 367 2547 rius
393 2491 611 2555 fatetur,
634 2508 758 2547 cum
789 2494 943 2548 rendi
974 2502 1213 2563 putatur.
1262 2492 1564 2563 Siquidem,
1617 2502 1678 2547 ut
1721 2493 1837 2562 ipse

248 2581 473 2646 asserit,
500 2598 599 2636 usu
635 2583 873 2638 humano
900 2583 1134 2648 locutus,
1163 2584 1303 2639 sicut
1348 2582 1678 2638 insensibilia
1712 2598 1839 2638 seu-

251 2673 411 2737 tisse,
437 2672 519 2727 sic
542 2679 598 2728 et
623 2671 968 2728 invendibilia
997 2673 1155 2728 vendi
1183 2679 1268 2728 est
1292 2673 1666 2735 concionatus.

806 2783 1034 2843 CAPUT
1069 2784 1279 2841 XXXII.
1377 2808 1381 2813 -

251 2873 331 2930 De
351 2875 647 2931 criminosis
668 2876 938 2931 catholicis
960 2878 1211 2946 promotis
1238 2879 1317 2932 vel
1344 2888 1458 2946 post
1490 2878 1675 2948 lapsis,
1697 2889 1745 2933 rt
1773 2879 1838 2933 de

540 2948 849 3011 ministerio,
866 2958 914 3001 et
937 2948 1001 3001 de
1013 2947 1332 3017 depositione
1352 2947 1553 3003 eorum.

327 3055 515 3126 itaque
532 3057 615 3113 bis
637 3067 690 3112 et
719 3058 841 3115 aliis
862 3060 1265 3130 quampluribus
1276 3063 1608 3133 argumentis
1625 3072 1833 3118 constat

1942 1860 2087 1915 mino
2115 1861 2287 1916 dicit:
2324 1880 2343 1913 ι
2380 1861 2554 1932 Prope
2582 1877 2641 1918 cs
2694 1872 2748 1918 tu
2788 1866 2869 1919 ori
2911 1880 3133 1932 eorum,
3184 1876 3240 1923 et
3284 1869 3445 1941 longe
3484 1887 3518 1926 a

1939 1952 2160 2007 renibus
2205 1967 2392 2007 eorum
2447 1953 2583 2022 (λεν.
2626 1970 2724 2021 ιη,
2760 1956 2847 2027 2).
2895 1976 2914 2011 ι
2954 1958 3233 2028 Siquidem
3282 1959 3519 2032 Spiritus

1937 2052 2159 2099 sanctus
2182 2044 2233 2098 in
2265 2043 2519 2101 cordibus
2552 2045 2737 2101 talium
2773 2049 3145 2104 ministrorum
3188 2050 3335 2116 ﬁdei,
3360 2051 3516 2123 cqjus

1936 2144 2022 2190 est
2047 2143 2259 2201 auctor,
2292 2134 2620 2206 przesidcns,
2651 2138 2946 2193 secundum
2974 2140 3138 2195 Deum
3164 2142 3401 2211 postulat
3420 2159 3520 2213 pro

1937 2230 2139 2285 sanctis
2159 2238 2215 2285 ct
2249 2231 2502 2300 impetrat
2546 2231 2807 2301 quidquid
2839 2232 3134 2288 secundum
3162 2234 3325 2290 Deum
3350 2250 3519 2307 cxpe-

1935 2320 2014 2374 tﬁt
2067 2319 2167 2374 eis.
2215 2319 2369 2387 Quod
2447 2334 2633 2375 revera
2681 2322 3050 2392 metonyuticos
3085 2323 3283 2380 dicitur
3324 2340 3519 2398 agere;

1937 2411 2062 2481 quia
2086 2414 2365 2482 postulare
2404 2412 2537 2468 facit
2568 2424 2622 2468 et
2658 2416 3105 2483 impctrar‘e,cum
3129 2419 3243 2488 ipse
3273 2435 3396 2475 cum
3418 2419 3522 2477 Ρη·

1938 2510 2022 2556 tre
2059 2511 2115 2557 et
2148 2500 2286 2557 Filio
2335 2506 2659 2571 postuletur,
2686 2515 2741 2560 ct
2766 2506 2932 2561 donet
2961 2508 3127 2562 etiam
3151 2524 3248 2579 per
3276 2512 3523 2567 ministe-

1938 2591 2082 2647 rium
2132 2592 2477 2659 criminosis;
2514 2595 2611 2649 sed
2656 2603 2837 2650 tamen
2884 2597 3215 2654 catholicisa
3242 2601 3533 2657 catholicis

1939 2680 2277 2754 impositum,
2322 2692 2381 2738 ut
2408 2684 2722 2740 necessitati
2752 2686 2838 2742 vel
2868 2687 3088 2745 utilitati
3133 2691 3521 2749 catholicorum

1938 2788 2037 2842 pro
2074 2781 2318 2845 tempore
2348 2785 2403 2831 ct
2434 2774 2554 2831 loco
2580 2776 2915 2833 consulatur.
2955 2779 3103 2846 Quos
3135 2781 3388 2839 nimirum
3420 2784 3524 2838 mi-

1940 2867 2163 2931 nistros,
2188 2868 2291 2923 etsi
2320 2867 2552 2939 plurima
2585 2869 2723 2923 mala
2754 2879 3032 2938 accusant,
3057 2874 3309 2930 nonnulla
3341 2885 3520 2931 tamen

1940 2959 2079 3012 bona
2125 2966 2412 3025 excusant,
2462 2959 2595 3015 fides
2623 2959 2853 3025 scilicet,
2882 2978 3003 3032 quae
3044 2978 3143 3033 pro
3178 2966 3392 3020 modqu
3420 2981 3522 3022 δ’ιο

1941 3051 2054 3120 spei
2079 3060 2136 3107 et
2165 3051 2447 3107 charitatis
2477 3067 2647 3121 capax
2679 3061 2798 3120 est;
2844 3061 2955 3108 tum
2989 3057 3287 3113 necessitas
3314 3067 3370 3113 et
3411 3059 3520 3112 uti-

255 3148 605 3207 Simouianos
638 3150 710 3205 nil
756 3113 1145 3209 ecclesiasticae
1183 3113 1463 3225 dignitatis
1510 3155 1833 3216 obtinuisse.
1865 3113 1909 3175 Ο
1941 3143 2067 3199 “las
2088 3185 2103 3208 ο
2155 3144 2374 3200 άενοιῖο
2401 3159 2617 3215 quoque
2643 3161 2737 3202 seu
2766 3146 2959 3217 Petilio
2986 3147 3243 3204 Ecclesia:
3268 3190 3283 3215 ,
3330 3149 3523 3206 deinde

254 3239 505 3309 quamvis
533 3256 721 3295 eorutn
765 3240 1082 3297 defensores
1130 3242 1468 3313 impudenter
1509 3242 1836 3312 persuadere

256 3328 504 3387 laborent
525 3331 784 3387 honorem
817 3332 871 3387 in
904 3332 986 3389 eis
1025 3342 1312 3403 acceptum
1354 3337 1673 3403 perdurare,
1730 3335 1834 3390 nisi

260 3420 515 3478 Romana:
538 3435 589 3479 et
616 3423 928 3495 apostolica:
952 3423 1098 3480 sedis
1138 3423 1390 3490 antistes,
1420 3433 1517 3479 aut
1563 3434 1837 3496 metropo-

254 3510 410 3568 litani
437 3530 625 3569 eorum
654 3515 1135 3585 comprovinciales
1183 3516 1423 3588 episcopi
1467 3531 1564 3573 eos
1606 3519 1838 3589 synoda-

256 3601 383 3658 liter
423 3604 699 3674 dejiciant.
723 3604 1005 3678 Quomodo
1025 3607 1169 3663 cnim
1202 3608 1257 3662 iu
1305 3608 1386 3664 eis
1424 3608 1720 3678 perdurare
1742 3625 1837 3681 po—

258 3700 365 3749 test
413 3696 558 3765 quod
613 3695 916 3752 nullatenus
965 3706 1249 3767 acceptum
1311 3701 1433 3756 est?
1496 3698 1649 3768 Quod
1706 3714 1836 3758 vero

256 3784 590 3857 subjungunt
651 3788 756 3843 hoc
830 3788 996 3845 etiam
1077 3790 1146 3845 de
1224 3792 1436 3846 cunctis
1514 3790 1837 3848 criminibus

255 3876 710 3932 considerandum
775 3888 879 3947 est,
937 3889 999 3934 ut
1052 3880 1097 3936 si
1155 3881 1443 3953 presbyter
1513 3880 1837 3939 adulterium

258 3966 453 4024 fecerit
502 3968 825 4040 deponatur,
890 3970 1146 4026 noverint
1224 3972 1329 4026 hoc
1395 3971 1555 4043 longe
1631 3972 1839 4028 haben-

256 4059 389 4114 Cum
413 4066 468 4115 et
491 4060 776 4130 agendum.
813 4061 1051 4131 Denique
1082 4062 1135 4116 in
1165 4072 1373 4117 tantum
1410 4062 1649 4118 haeretici
1688 4061 1840 4118 diﬁ‘e-

259 4159 390 4206 runt
439 4166 472 4205 a
518 4152 823 4220 catholicis,
863 4163 923 4207 ut
951 4154 1353 4222 quantumlibet
1393 4153 1720 4211 criminosus
1748 4173 1838 4210 ea-

260 4240 496 4301 tholicus
522 4245 795 4315 acceptior
817 4245 889 4301 sit
917 4244 1028 4300 Deo
1058 4254 1113 4300 et
1144 4244 1477 4301 tolerabilior
1506 4247 1837 4312 hominibus,

258 4353 425 4415 quam
455 4340 849 4411 quantumlibet
867 4341 1068 4412 justus,
1094 4340 1141 4395 si
1166 4340 1272 4395 dici
1300 4350 1498 4410 potest,
1529 4341 1837 4397 haereticus.

261 4428 417 4489 Unde
436 4432 735 4488 catholicus
758 4432 919 4497 etiam
946 4432 1271 4487 criminosus
1296 4430 1556 4502 quidquid
1596 4431 1723 4488 boni
1760 4433 1838 4486 fa-

259 4521 339 4577 cit
363 4521 448 4577 vel
475 4521 656 4587 habet,
686 4521 873 4592 procul
914 4521 1077 4576 dubio
1116 4520 1317 4576 bonum
1346 4531 1431 4577 est
1459 4522 1656 4577 merito
1685 4522 1832 4588 fidei,

260 4613 381 4669 sine
406 4628 510 4684 qua
540 4630 643 4670 non
674 4625 776 4670 est.
805 4613 975 4669 Porro
1006 4616 1292 4668 hmreticus
1331 4615 1542 4670 etiamsi
1572 4614 1839 4670 habeatur

257 4704 460 4773 justus,
505 4704 767 4775 quidquid
812 4705 941 4759 boni
993 4703 1174 4758 facere
1197 4703 1280 4758 vel
1334 4704 1534 4759 habere
1564 4704 1834 4772 videatur,

261 4795 449 4865 procul
498 4796 662 4849 dubio
700 4792 900 4849 malum
932 4802 1014 4849 est
1042 4794 1234 4849 merito
1277 4791 1517 4862 perﬁdiae
1548 4808 1680 4857 suae,
1713 4808 1836 4848 cum

262 4901 368 4956 qua
404 4887 666 4956 quidquid
704 4884 835 4940 facit
857 4894 1138 4954 peccatum
1169 4894 1272 4939 est.
1304 4883 1457 4950 Quod
1486 4885 1736 4954 superius
1761 4892 1842 4939 tot

266 4976 595 5033 testimoniis
614 4985 827 5032 constat
849 4982 1229 5040 monstratum,
1260 4986 1320 5031 ut
1347 4974 1434 5028 hic
1478 4990 1582 5029 non
1622 4976 1839 5031 sitiude

263 5067 471 5124 diutius
490 5065 931 5137 dicendum.lAut
963 5065 1107 5119 enim
1150 5066 1434 5136 ignoratis,
1462 5076 1557 5119 aut
1584 5067 1839 5123 dissimu-

259 5151 391 5213 latis
436 5171 531 5213 seu
575 5153 832 5226 neglectis
869 5156 1118 5210 humana:
1159 5153 1472 5227 fragilitatis
1518 5157 1841 5215 criminibus

258 5246 347 5305 vel
372 5246 614 5319 peccatis
652 5259 1033 5318 nonnunquam
1065 5247 1355 5304 sacerdotii
1386 5244 1618 5317 dignitas
1646 5264 1841 5306 conce-

258 5336 411 5394 ditur
440 5332 716 5394 it;:!i.::::is,
749 5348 978 5394 enen-:93
1015 5337 1354 5394 nromotionc
1393 5343 1488 5389 aut
1533 5337 1840 5394 necessitati

1867 4485 1914 4544 Ι)

1937 3238 2170 3308 gratuita
2195 3236 2466 3292 ordinatio
2493 3238 2563 3293 ab
2587 3236 2693 3293 illis
2717 3254 2804 3309 qut
2829 3237 3065 3310 gratuito
3090 3255 3209 3296 eam
3243 3257 3520 3313 accept-re.

1937 3328 2147 3396 Quibus
2181 3328 2228 3384 si
2258 3330 2411 3385 deest
2448 3329 2575 3389 vitae
2607 3330 2920 3387 innocentia
2952 3333 3253 3387 secundum
3299 3333 3526 3390 canoni-

1937 3436 2058 3476 cam
2090 3420 2450 3491 discipliuam,
2483 3421 2641 3478 adest
2686 3430 2867 3478 tamen
2920 3423 3246 3485 obedientia.
3285 3424 3369 3480 vel
3406 3426 3523 3481 sola

1939 3511 2210 3583 promotio
2238 3512 2306 3567 ad
2338 3505 2702 3569 ministerium
2732 3513 3165 3571 ecclesiasticum
3193 3516 3311 3573 sine
3338 3514 3521 3587 aliqua

1938 3606 2233 3662 renalitate
2277 3607 2577 3663 secundum
2612 3607 2797 3663 datam
2850 3607 2920 3663 ab
2968 3608 3085 3679 ipso
3133 3607 3365 3664 Domino
3389 3605 3519 3666 Iesu

1936 3698 2155 3754 Christo
2185 3695 2450 3769 regulam,
2479 3713 2583 3768 qua
2614 3697 2800 3768 utique
2822 3700 3073 3753 ﬁrmatur
3099 3714 3165 3754 ex
3211 3709 3365 3770 parte
3389 3714 3520 3762 una,

1936 3788 2102 3846 etiam
2126 3787 2173 3845 si
2199 3787 2510 3846 inﬁrmatur
2533 3804 2599 3846 ex
2629 3787 2822 3845 altera.
2862 3788 2994 3857 Quae
3024 3787 3301 3846 Dominica
3334 3788 3522 3863 regula

1939 3878 1984 3933 si
2017 3878 2344 3943 abesset,nil
2366 3878 2556 3948 gratiae
2578 3881 2722 3951 quis,
2754 3880 3052 3950 quamlibet
3071 3879 3207 3936 alias
3235 3879 3519 3947 innocens,

1939 3965 2070 4022 dare
2095 3976 2148 4022 et
2171 3966 2423 4037 accipere
2444 3976 2650 4038 posset.
2675 3966 2868 4038 Liquet
2897 3983 3028 4040 ergo
3052 3969 3156 4025 hac
3184 3968 3297 4025 sola
3329 3970 3512 4044 regula

1939 4057 2104 4113 etiam
2148 4072 2344 4127 pravos
2380 4056 2445 4111 ad
2482 4057 2685 4128 aliquid
2711 4057 3038 4128 dirigi,dum
3071 4059 3120 4116 ei
3152 4061 3520 4123 consentiunt.

1941 4159 1996 4205 et
2018 4151 2137 4206 sine
2167 4151 2257 4206 illa
2284 4152 2447 4207 etiam
2475 4166 2581 4207 non
2614 4166 2803 4221 parum
2842 4161 3022 4209 rectos
3048 4155 3355 4225 depravari,
3387 4156 3521 4212 dum

1941 4242 2010 4296 ab
2045 4256 2107 4296 ea
2149 4240 2495 4296 dissentiunt.
2544 4241 2885 4313 Quapropter
2937 4242 2990 4298 in
3046 4243 3310 4302 ministris
3362 4250 3523 4304 modo

1942 4347 2049 4404 quo
2081 4333 2287 4389 dictum
2325 4342 2409 4389 est
2439 4335 2732 4406 promotis,
2759 4334 2845 4389 vel
2876 4342 2998 4405 pust
3039 4338 3432 4405 promotionem
3465 4341 3521 4395 in

1943 4422 2165 4494 aliquod
2210 4421 2415 4479 crimen
2468 4422 2634 4494 lapsis
2685 4434 2941 4494 acceptus
3001 4426 3175 4481 honor
3223 4429 3519 4497 perdurat,

1941 4516 2178 4585 quandiu
2209 4529 2397 4570 eorum
2430 4514 2618 4585 culpas
2644 4513 2881 4571 Ecclesia
2914 4524 3008 4569 aut
3034 4515 3245 4587 ignorat
3285 4528 3380 4573 aut
3413 4519 3465 4574 di
3494 4548 3524 4562 -

1941 4608 2247 4673 simulat,et
2269 4616 2489 4678 propter
2509 4606 2792 4661 utilitatem
2819 4605 3072 4671 aliorum,
3099 4608 3199 4661 sub
3227 4621 3326 4679 spe
3347 4609 3525 4679 paeni-

1943 4700 2146 4755 tudinis
2191 4699 2373 4754 talium
2427 4697 2643 4753 tolerat.
2684 4694 2895 4752 Talium
2951 4694 3216 4766 depositio
3282 4701 3521 4767 quandiu

1945 4791 2014 4846 ab
2045 4789 2149 4845 illis
2170 4804 2401 4859 quorum
2432 4788 2657 4842 interest
2677 4784 2916 4856 qualibet
2942 4787 3227 4843 occasione
3251 4786 3524 4858 diﬁ'ertur,

1945 4883 2179 4940 ofﬁcium
2210 4880 2449 4951 quojam
2489 4878 2693 4948 indigni
2727 4886 2853 4933 sunt
2880 4877 3173 4948 adimplere
3200 4880 3528 4949 peruium;-

1947 4983 2058 5041 tur,
2090 4983 2367 5042 totumque
2405 4968 2545 5041 quod
2575 4969 2643 5024 ab
2684 4968 2765 5024 eis
2804 4967 3020 5023 interim
3049 4968 3108 5022 fit
3133 4983 3232 5039 pro
3276 4970 3441 5029 min's
3469 4993 3526 5026 ς-

1948 5051 2031 5121 rio
2071 5065 2220 5136 prius
2248 5061 2350 5119 sibi
2381 5059 2690 5122 commisso,
2721 5058 2805 5115 vel
2840 5067 3024 5128 postea
3074 5061 3368 5131 p"rmisso,
3401 5076 3442 5115 s:
3466 5080 3540 5121 ιι-

1947 5171 2095 5214 etum
2123 5156 2376 5212 habetur.
2408 5152 2559 5220 Quod
2592 5151 2842 5221 quamvis
2885 5151 3015 5220 ipsis
3037 5152 3103 5205 a:.l
3140 5167 3379 5222 poenam,
3407 5152 3540 5215 aliis

1953 5256 2130 5307 tamen
2152 5245 2367 5319 proﬁcit
2394 5245 2457 5299 ad
2488 5244 2674 5297 vitam.
2700 5242 2864 5299 Tales
2885 5257 3010 5296 vere
3032 5241 3374 5312 dchuuutur
3402 5258 3535 5304 cum

1949 5344 2311 5394 demnuntur.
2356 5337 2481 5394 quia
2511 5336 2610 5392 etsi
2632 5350 2738 5392 non
2780 5334 2997 5394 merito.
3021 5333 3196 5392 ofﬁcio
3227 5346 3408 5394 tamen
3441 5353 3542 5394 ve-
