4064 5394
574 304 712 385 nos
1234 381 1241 387 _

1092 413 1316 471 CAPUT
1372 412 1607 470 XXXIZI.

568 531 647 587 De
677 529 1145 601 qualibuscunque,
1165 529 1415 601 promotis
1445 545 1479 601 a_
1508 527 1851 601 Simoaiam's,
1879 537 1926 580 et
1973 525 2143 595 repul-

864 600 1008 653 aione
1034 596 1364 675 "objectionis
1404 597 1851 675 adversariorum.

584 672 591 681 ’
638 691 742 748 Sed
786 706 890 746 non
917 690 997 745 sic
1045 670 1193 759 impii
1237 670 1559 753 Simoniani,
1596 704 1703 743 non
1744 688 1822 742 sic
1849 729 1863 753 ,
1914 702 2140 757 quorum

567 766 832 853 depositio
864 796 970 835 non
1003 789 1089 835 est
1130 778 1300 834 habili
1330 778 1550 833 honoris
1578 778 1826 849 privatio,
1855 778 1948 832 sed
1979 763 2145 831 simu-

568 876 685 929 lane
710 872 793 928 vel
813 854 1481 939 mstimatmjrromotionié
1512 868 1745 926 detectio
1780 868 1862 922 vel
1895 866 2143 921 confuta-

568 969 659 1022 tio.
693 965 839 1034 Quos
876 979 997 1018 cum
1043 962 1209 1017 multa
1242 961 1351 1016 sint
1383 976 1501 1031 qua:
1539 970 1813 1026 accusent,
1848 959 1988 1013 nulla
2021 967 2145 1013 sunt

564 1044 684 1127 qua:
714 1043 999 1110 excusent.
1035 1052 1220 1123 Neque
1260 1052 1403 1108 enim
1454 1036 1763 1131 ineorum,
1807 1059 1862 1103 ut
1903 1058 2142 1118 putatur,

563 1147 902 1219 ordinatione
929 1143 1240 1199 necessitati
1280 1150 1371 1197 aut
1396 1142 1616 1198 utilitati
1644 1141 1901 1196 Ecclesia:
1946 1156 2141 1195 consu-

564 1239 713 1305 litur,
742 1252 842 1294 nec
871 1235 1143 1294 devotioni
1183 1243 1275 1289 aut
1309 1234 1560 1305 petitioni
1598 1232 1997 1304 acquiescitur,
2050 1229 2154 1286 sed-

563 1332 664 1387 soli
717 1317 959 1385 avaritiae
1003 1327 1260 1397 utrinque
1308 1323 1643 1395 providetur.
1697 1323 1805 1379 Nec
1850 1323 2145 1377 attendiiur

564 1406 698 1491 fides
720 1420 982 1477 catholica
1026 1428 1121 1471 aut
1167 1417 1411 1471 doctrina
1442 1414 1759 1487 apostolica,
1797 1414 1890 1468 st
1920 1412 2144 1484 perlidia

563 1516 815 1573 heretica
846 1522 901 1568 et
932 1511 1156 1567 ambitio
1188 1509 1525 1572 Simoniaua,
1566 1522 1667 1562 nec
1696 1506 1875 1575 aliqua
1904 1505 2028 1559 vita:
2059 1503 2142 1558 in-

561 1604 836 1672 nocentia,
881 1602 976 1658 sed
1027 1598 1141 1655 sola
1196 1596 1449 1669 pecunia.
1482 1595 1634 1651 Unde
1667 1594 1831 1648 etiam
1865 1592 2006 1664 quod
2038 1607 2143 1647 non

562 1696 666 1751 nisi
703 1694 873 1766 gratis
913 1691 1027 1747 dari
1060 1697 1115 1746 et
1151 1689 1321 1758 accipi
1352 1695 1550 1758 potest,
1583 1685 1817 1741 vendere
1862 1693 1915 1738 et
1963 1698 2145 1738 emere

560 1786 799 1842 student.
835 1783 931 1839 Cui
964 1797 1091 1853 ergo
1123 1781 1175 1835 in
1210 1779 1407 1834 talibus
1434 1776 1865 1831 ordinationibus
1907 1774 2111 1831 consuli
2172 1783 2214 1841 Β

560 1886 670 1942 tur,
698 1874 800 1929 nisi
831 1873 1071 1927 avaritia:
1101 1868 1366 1925 duorum?
1396 1865 1581 1935 Neque
1616 1864 1757 1920 enim
1785 1865 1932 1934 prior
1953 1878 2141 1917 eorum

559 1969 711 2040 prius
738 1974 831 2019 aut
857 1979 955 2036 pro
980 1963 1089 2017 Deo
1118 1970 1209 2017 aut
1236 1976 1332 2032 pro
1356 1958 1604 2031 proximo
1642 1971 1861 2011 manum
1893 1955 2140 2011 admovet

559 2066 732 2113 antes
761 2057 950 2127 aperit,
996 2071 1156 2126 quam
1190 2054 1328 2107 alter
1362 2068 1581 2108 manum
1630 2049 1905 2121 marsupio
1956 2050 2141 2103 admo-

552 2140 718 2213 verit,
766 2156 859 2201 aut
888 2134 952 2200 bos
1002 2142 1353 2216 promissioni
1396 2132 1687 2212 aperuerit.
1722 2141 1787 2196 Et
1828 2156 1930 2210 qua
1966 2138 2142 2193 fronte

558 2239 821 2294 astruitur
874 2234 1275 2307 quantumlibet
1321 2232 1499 2303 justos
1543 2231 1789 2286 homines
1841 2229 1921 2284 vel
1972 2230 2142 2297 gratis

557 2310 717 2401 posse
745 2328 995 2399 accipere
1042 2324 1242 2395 aliquid
1276 2325 1465 2396 gratiae
1492 2337 1521 2377 a
1556 2321 1751 2377 talibus
1774 2362 1788 2385 ,
1825 2321 2022 2391 quibus
2066 2321 2138 2375 nil

560 2422 685 2478 ﬁdei
736 2410 1099 2485 Christiacze,
1151 2418 1245 2473 sed
1302 2428 1473 2472 totum
1536 2414 1775 2487 perﬁdia:
1830 2413 2142 2469 dminonicm

556 2521 905 2582 cooperatnm
944 2509 1111 2564 fuisse
1157 2516 1249 2563 aut
1296 2505 1577 2576 coeperari
1624 2504 2002 2577 dignoscitur?
2037 2504 2138 2572 Qui

557 2588 658 2659 etsi
685 2601 975 2658 videantur
1016 2599 1283 2654 interdum
1338 2597 1546 2666 aliquos
1594 2597 1765 2666 gratis
1794 2610 2137 2667 promovere,

558 2701 884 2749 constateos
921 2706 1027 2746 non
1056 2689 1225 2762 gratis
1256 2689 1307 2744 id
1339 2704 1528 2760 agere;
1564 2687 1657 2743 sed
1689 2696 1781 2741 aut
1820 2688 2138 2757 obsequium

556 2800 769 2851 eorum,
823 2792 917 2838 aut
968 2782 1196 2838 aliorum
1247 2781 1487 2837 favorem
1538 2779 1875 2835 saeculariter
1928 2789 2137 2833 tantum

559 2876 854 2945 requirere.
885 2873 1015 2939 Qua:
1062 2872 1166 2926 duo
1198 2870 1244 2925 si
1273 2870 1450 2941 palam
1501 2870 1720 2934 absunt,
1748 2868 1910 2923 datur
1955 2877 2136 2923 tamen

557 2964 753 3033 conjici
776 2978 871 3018 eos
905 2962 957 3017 in
983 2961 1236 3033 gratuita,
1283 2970 1343 3015 ut
1387 2969 1628 3031 putatur,
1662 2959 2004 3030 promotione
2039 2974 2139 3013 no-

559 3056 751 3111 bilium
784 3064 877 3109 aut
903 3055 1275 3126 religiosorum
1320 3067 1695 3123 personarum,
1725 3049 1826 3105 sibi
1858 3065 1996 3105 clam
2042 3064 2137 3103 au-

1627 299 1982 359 ιιυιιιιειιτι
2021 300 2077 356 S.
2122 301 2186 354 ιι.
2227 298 2287 354 E.
2329 298 2744 356 CAllDlNALlS
2906 368 2914 377 ‘

2174 416 2224 476 Α
2252 425 2356 482 que
2398 414 2541 482 quod
2575 421 2697 466 ante
2727 410 2939 466 illorum
2969 410 3357 481 depositionem
3386 413 3624 482 promoti
3648 412 3717 466 ab
3739 413 3819 468 eis

3668 299 3805 356 H96

2243 519 2346 557 non
2375 512 2596 571 pereant
2635 519 2732 573 pro
2760 503 2856 556 eis.
2889 501 3249 569 Quamobrem
3296 510 3511 558 constat
3538 504 3817 571 praemissa

2243 593 2706 662 argumentatione
2738 592 2811 646 nil
2840 592 3173 646 defensionis
3204 590 3481 662 provisum
3546 590 3822 662 acephalis

2245 696 2342 736 nec
2374 696 2561 735 eorum
2599 681 2744 746 liliis,
2775 682 2900 751 quia
2930 689 3109 751 caput,
3141 679 3192 733 id
3238 689 3321 735 est
3354 678 3589 735 alliciqu
3644 678 3822 737 eccle-

2244 773 2523 827 siasticum
2573 788 2673 827 nee
2730 773 2939 827 habent
2962 788 3061 829 nec
3107 770 3412 826 habuerunt
3458 787 3564 840 quo
3617 772 3824 842 privari

2243 863 2469 934 possint.
2500 861 2779 934 Superllua
2821 864 2964 917 enim
3006 861 3092 918 lex
3144 876 3264 916 esse
3294 852 3685 929 convincitur,
3717 877 3826 934 qua

2243 952 2365 1022 quis
2403 954 2602 1022 privari
2651 969 2716 1008 eo
2760 955 2902 1023 quoi
2937 967 3042 1006 non
3080 952 3243 1007 habet
3267 952 3531 1007 sancitur.
3570 952 3703 1008 Tale
3741 964 3827 1008 est

2242 1043 2389 1098 enim
2437 1058 2500 1099 ac
2546 1045 2590 1098 si
2620 1043 2868 1097 dicatur:
2901 1041 2956 1097 Si
2985 1043 3105 1111 quis
3130 1041 3422 1120 decollatus
3450 1041 3552 1096 hoc
3581 1043 3668 1096 vel
3694 1041 3825 1098 ille

2244 1133 2477 1200 t’ccerit,
2530 1134 2706 1203 capite
2759 1134 3019 1204 privetur.
3078 1131 3345 1189 Nimirum
3392 1133 3691 1189 decollatus
3744 1143 3830 1190 est

2243 1229 2420 1285 omnis
2473 1224 2802 1293 luercticus,
2851 1228 3044 1283 haeresi
3100 1241 3199 1285 sua
3248 1242 3280 1282 a
3334 1228 3512 1298 capite
3564 1226 3829 1283 Ecclesia:

2244 1315 2461 1373 Christo
2485 1317 2793 1385 abscissus;
2818 1328 2871 1373 et
2902 1327 3167 1389 quotquot
3204 1318 3460 1391 deinceps
3483 1320 3554 1377 ab
3583 1320 3669 1376 eis
3701 1334 3835 1392 pro-

2246 1407 2449 1463 mOVcri
2481 1407 2754 1463 videntur.
2793 1407 2941 1464 Unde
2967 1420 3022 1465 et
3046 1409 3247 1464 mortui
3276 1425 3310 1467 a
3340 1411 3569 1466 mortuis
3597 1425 3833 1471 nascun-

2247 1508 2351 1566 tur,
2384 1514 2447 1554 ac
2474 1514 2572 1570 per
2600 1500 2703 1556 hoc
2725 1500 2798 1555 nil
2827 1500 2931 1558 nisi
2960 1502 3306 1559 morticinum
3337 1504 3406 1558 ab
3430 1506 3510 1559 eis
3537 1506 3827 1575 quisquam

2245 1589 2616 1658 consequitur,
2646 1591 2845 1660 quibus
2891 1590 3019 1663 quid
3059 1592 3342 1649 auferatur
3372 1592 3429 1650 in
3461 1610 3562 1650 sua
3604 1594 3830 1667 deposi-

2249 1678 2414 1746 tione,
2442 1689 2912 1751 przemonstratum
2944 1691 3028 1738 est
3066 1683 3303 1741 abunde.

2737 1808 2747 1835 ο
2770 1792 2997 1850 CAPUT
3035 1793 3277 1852 XXXIV.

2244 1886 2564 1957 Argumenta
2604 1904 2667 1941 ex
2695 1889 2975 1962 inundanis
3017 1889 3213 1962 legibus
3246 1902 3428 1946 contra
3461 1901 3832 1962 promovente:

2652 1957 2730 2011 rc!
2765 1971 3028 2028 promotos
3060 1957 3411 2016 Simoaiacos.

2328 2044 2515 2117 itaque
2556 2061 2655 2101 suo
2710 2047 2949 2119 ipsorum
3008 2048 3217 2119 judicio
3272 2060 3489 2107 constat
3549 2051 3828 2107 actionem

2241 2136 2433 2193 horum
2483 2138 2828 2194 defensorum
2868 2138 3217 2196 inﬁrmatam.
3248 2140 3431 2211 Neque
3459 2142 3608 2197 enim
3648 2142 3834 2214 agitur

2240 2244 2362 2284 cum
2410 2229 2497 2283 illo
2526 2246 2685 2299 quem
2732 2229 3129 2285 defendendum
3194 2232 3454 2304 suscepit,
3491 2236 3588 2288 sed
3636 2242 3834 2288 contra

2241 2318 2409 2376 illum.
2435 2317 2568 2374 Nam
2600 2323 2727 2374 dum
2772 2319 3024 2376 laborant
3069 2322 3303 2393 probare
3333 2322 3628 2394 acephalos
3666 2331 3835 2396 caput

2240 2410 2341 2465 sibi
2373 2410 2575 2467 habere
2615 2421 2778 2482 atque
2806 2420 3038 2483 gestare,
3070 2428 3162 2468 seu
3183 2412 3306 2484 jure
3333 2414 3641 2471 decollatos
3663 2429 3831 2487 geneo

2240 2520 2361 2560 rare
2400 2520 2591 2576 posse,
2630 2505 2955 2575 superﬂuam
3006 2507 3529 2578 argumentationem
3580 2523 3650 2563 ex
3700 2522 3830 2565 ace-

2236 2596 2598 2666 phalis,qnod
2650 2606 2811 2667 caput
2858 2606 3077 2667 portent
3122 2606 3176 2652 et
3223 2610 3482 2669 genereut
3526 2608 3827 2671 antequam

2237 2686 2595 2750 decollentur,
2612 2701 2930 2756 concepere,
2948 2697 3135 2758 etpost
3156 2686 3313 2759 longa
3323 2704 3371 2742 ιιι
3397 2690 3828 2759 parturitiouem

2237 2779 2570 2833 abortientes
2595 2778 2661 2833 de
2683 2794 2795 2834 sua:
2827 2778 3125 2849 iniquitatis
3154 2779 3310 2834 vulva
3341 2778 3644 2849 proiecere.
3672 2778 3831 2835 [inde

2236 2869 2456 2940 explosa
2491 2872 2611 2935 hac,
2648 2881 2705 2924 ut
2734 2885 2861 2925 vere
2892 2870 3080 2925 frivola
3102 2914 3115 2937 ,
3147 2890 3175 2926 a
3207 2872 3515 2943 conjunctis
3562 2887 3747 2928 causa:
3772 2881 3830 2927 et

2237 2960 2609 3017 consimilibus
2638 2971 2925 3016 sumantur
2964 2974 3301 3034 argumenta.
3333 2964 3475 3036 Ager
3500 2971 3588 3018 est
3627 2963 3831 3033 aliqu's

2239 3051 2544 3122 qui,judice
2572 3062 2828 3123 corrupto
2857 3069 2885 3105 a
2909 3054 3161 3124 pecunia,
3181 3054 3365 3111 favore
3391 3055 3538 3110 illius
3559 3064 3616 3109 ct
3638 3054 3829 3126 iniqua

555 3150 741 3219 cupari
770 3148 1009 3203 favorem
1035 3161 1128 3200 seu
1161 3144 1542 3200 auctoritatem
1573 3157 1785 3206 eorum,
1819 3151 1876 3195 ut
1901 3140 2015 3210 jam
2068 3141 2136 3194 ab
2165 3140 2212 3204 ο
2241 3141 2503 3196 sententia
2558 3141 2769 3196 obtinet
2819 3141 2993 3196 aliena
3050 3143 3270 3214 praedia.
3328 3142 3481 3198 liunc
3527 3144 3574 3199 si
3632 3155 3827 3213 postea

564 3240 645 3297 eis
691 3238 925 3312 promoti
977 3237 1088 3292 sint
1138 3252 1247 3291 sure
1294 3234 1650 3307 promotionis
1699 3230 2041 3295 securiores,
2086 3240 2142 3285 et
2232 3230 2412 3300 justus
2435 3230 2597 3299 iudex
2626 3231 2895 3287 detectum
2928 3233 3053 3288 inde
3080 3234 3283 3304 ejiciat,
3314 3244 3368 3290 et
3400 3236 3572 3307 priori
3602 3236 3830 3293 domino

561 3327 917 3403 promovendi
959 3327 1026 3380 ad
1077 3328 1365 3380 emendum
1410 3324 1775 3396 p'omptiores
1827 3324 2033 3394 ipsique
2074 3322 2139 3376 ad

555 3420 899 3476 vendendam
946 3416 1282 3471 audaciores.
1329 3415 1422 3470 Sic
1453 3426 1546 3469 aut
1578 3430 1814 3485 prsesens
1862 3416 2138 3485 negotium

557 3510 627 3565 ah
656 3508 761 3564 illis
787 3516 1095 3569 exercetur,
1125 3515 1218 3560 aut
1254 3521 1320 3559 ex
1355 3506 1608 3575 prtescnti
1650 3506 1978 3577 praeteritum
2011 3521 2141 3559 con—

558 3601 834 3664 ﬁrmatur,
881 3605 978 3652 aut
1028 3605 1177 3651 certe
1232 3594 1471 3649 futurum
1522 3595 1798 3649 imitatur.
1848 3593 1892 3647 Α
1945 3594 2141 3663 quibus

556 3694 811 3749 omnibus
855 3706 1138 3745 munerum
1187 3689 1469 3760 speciebus
1498 3688 1622 3744 licet
1668 3687 2003 3744 excutienda:
2034 3687 2141 3741 sint

561 3802 755 3843 manus
792 3781 1320 3845 eeelesiasticornm;
1361 3791 1538 3834 tamen
1570 3787 1696 3833 ante
1741 3778 1921 3832 omnia
1970 3792 1999 3830 a
2048 3791 2114 3847 pe

559 3879 741 3945 curtis,
765 3891 885 3947 qua:
912 3873 1230 3931 nominatim
1263 3872 1329 3925 ah
1356 3871 1599 3941 apostolo
1632 3869 1790 3923 Petro
1830 3866 2137 3938 reprobata,

559 3976 614 4027 ct
661 3970 782 4044 ipso
812 3969 1032 4025 Simone
1082 3966 1233 4037 Mago
1281 3964 1383 4019 fuit
1415 3965 1687 4017 damnata.
1727 3960 1994 4015 Prmterea
2032 3976 2139 4013 non

554 4072 778 4135 putatur
822 4061 1110 4116 absurdum
1163 4059 1284 4113 istic
1333 4071 1547 4127 quoque
1586 4054 1860 4110 obviatmn
1917 4052 1996 4108 ire
2048 4050 2139 4107 alii

560 4154 1017 4226 argumentationi
1057 4150 1514 4219 vaniloquiorum.
1543 4148 1704 4201 Aiunt
1742 4147 1884 4201 enim
1912 4163 1923 4196 :

628 4245 913 4302 θωεοτιο.
955 4242 1064 4295 Lex
1091 4242 1476 4310 imperatorum
1509 4238 1685 4292 sancit
1717 4245 1775 4290 ut
1812 4236 1854 4291 si
1888 4235 2009 4305 quis
2040 4236 2141 4290 hoc

565 4334 651 4390 vel
707 4332 834 4388 illud
895 4332 1104 4395 fecerit,
1157 4331 1331 4399 capite
1381 4329 1664 4398 plectatur.
1717 4326 1907 4381 Evenit
1960 4335 2138 4379 autem

557 4439 618 4484 ut
646 4425 840 4495 aliquis
871 4420 1147 4479 sweularis
1176 4421 1377 4473 crimen
1404 4419 1531 4471 illud
1555 4416 1879 4479 committat,
1908 4431 2006 4484 pro
2034 4428 2140 4484 quo

558 4520 678 4592 lege
712 4517 837 4570 data
886 4513 1060 4584 capite
1094 4510 1253 4583 plecti
1289 4510 1496 4563 debeat.
1555 4507 1704 4574 Quod
1756 4506 1927 4559 donec
1974 4506 2137 4576 judex

559 4593 715 4684 cujus
747 4608 972 4661 interest
1000 4602 1263 4673 perlicere
1292 4598 1491 4661 differt,
1523 4607 1614 4650 aut
1648 4596 2015 4650 misericordia
2046 4604 2136 4650 aut

555 4695 1155 4776 negligentia,mmquid
1183 4692 1397 4747 interim
1427 4706 1531 4743 non
1563 4689 1727 4745 vivit?
1749 4687 1995 4757 Nnuquil
2029 4702 2132 4741 non

554 4802 738 4865 caput,
778 4789 919 4861 quod
963 4788 1111 4860 juste
1142 4783 1299 4838 debet
1338 4780 1608 4844 amittere,
1652 4778 1865 4850 portat?
1894 4776 2135 4847 nunquid

556 4888 796 4951 tandem,
819 4885 863 4938 si
895 4891 1082 4953 postea
1118 4876 1367 4947 genuerit
1410 4874 1597 4938 lilium,
1626 4874 1766 4927 illius
1792 4888 1889 4943 pro
1911 4880 2134 4942 paterno

556 4976 783 5030 crimine
820 4969 1097 5040 sanguinis
1136 4982 1259 5021 reus
1290 4963 1430 5019 erit?
1476 4963 1591 5017 Non
1644 4964 1822 5034 plane.
1871 4962 2134 5029 Quoniam

556 5067 645 5120 ille
674 5066 761 5136 qui
791 5062 995 5118 crimen
1024 5059 1315 5122 corttntisit,
1343 5056 1493 5110 solus
1520 5052 1764 5124 supplicii
1813 5053 2135 5106 sententiam

556 5152 865 5202 sustineltil.

2240 3324 2324 3378 vel
2355 3324 2469 3394 ejus
2499 3315 2824 3391 hmredibus,
2844 3341 2962 3393 sua,
2991 3324 3266 3396 utjustum
3291 3338 3395 3394 cst,
3429 3331 3651 3395 cedant,
3684 3345 3826 3386 nuc-

2240 3413 2366 3483 qnid
2399 3422 2595 3481 sortes,
2658 3416 2930 3485 aliquibus
2983 3418 3210 3472 donatas
3259 3428 3353 3473 aut
3412 3420 3697 3485 venditas,
3731 3436 3826 3475 seu

2242 3505 2426 3561 titulos
2467 3507 2547 3561 vel
2599 3508 2899 3562 ministeria
2950 3517 3003 3563 et
3040 3509 3161 3581 jura
3192 3511 3260 3565 ab
3310 3512 3564 3567 invasore
3622 3512 3826 3568 ibidem

2239 3599 2477 3664 prmstita
2501 3596 2772 3667 legitimus
2794 3613 3079 3667 possessor
3100 3608 3399 3661 conservat,
3427 3610 3481 3655 et
3514 3618 3621 3655 non
3647 3601 3828 3671 potius

2239 3687 2341 3740 sibi
2376 3686 2597 3755 suisque
2620 3687 2908 3742 consulens
2932 3702 2995 3741 ea
3030 3688 3156 3743 inde
3179 3689 3548 3744 exterminat?
3566 3690 3829 3760 Alioquin

2240 3776 2285 3829 si
2320 3775 2435 3831 haec
2465 3776 2533 3829 ob
2570 3777 2930 3832 reverentiam
2969 3777 3052 3833 vel
3087 3781 3319 3853 gratiam
3365 3782 3639 3837 invaseris
3688 3797 3827 3853 prte-

2244 3869 2513 3935 termittit,
2541 3869 2694 3938 quasi
2727 3869 2815 3925 ille
2836 3868 2979 3938 juste
3008 3871 3207 3927 ibidem
3244 3873 3444 3945 aliquid
3469 3874 3824 3944 disposuerit,

2243 3975 2340 4016 sua
2370 3962 2583 4032 ignavia
2604 3961 2691 4030 jus
2718 3978 2875 4016 suum
2905 3963 3006 4017 sibi
3039 3964 3279 4018 infirmat
3304 3975 3357 4019 et
3384 3964 3618 4032 alienat,
3664 3977 3828 4036 atque

2243 4052 2551 4108 adversario
2582 4068 2679 4108 suo
2701 4053 2987 4109 confirmat
3026 4064 3081 4109 et
3112 4063 3352 4110 revocat.
3393 4054 3507 4110 Hoc
3557 4071 3692 4111 sane
3726 4072 3816 4111 ar-

2242 4156 2496 4214 gumento
2528 4145 2739 4216 iniustae
2781 4147 3155 4219 acquisitionis
3194 4148 3462 4219 justeque
3510 4151 3827 4207 amissionis

2243 4256 2336 4296 seu
2362 4238 2525 4312 justm
2551 4244 2982 4311 recuperatiouis
3004 4254 3183 4315 potest
3210 4246 3391 4301 dOCeri
3423 4246 3555 4316 quid
3582 4261 3614 4299 a
3645 4247 3824 4302 Simo-

2245 4331 2422 4385 nianis
2450 4332 2732 4397 vendatur,
2772 4333 2899 4402 quid
2923 4347 3157 4400 ematur,
3189 4336 3317 4405 quid
3364 4336 3535 4407 gratis
3574 4338 3692 4393 sive
3720 4354 3824 4393 non

2245 4422 2415 4488 gratis
2446 4423 2515 4476 ah
2542 4423 2646 4479 illis
2691 4427 2955 4496 promotis
2998 4426 3331 4490 conferatur,
3364 4428 3494 4499 quid
3537 4429 3592 4484 in
3649 4431 3824 4486 aliena

2171 4495 2216 4552 D
2248 4514 2588 4580 possessione
2613 4515 2693 4569 vel
2736 4515 2839 4570 sibi
2878 4517 2960 4571 vel
2989 4517 3112 4572 aliis
3150 4518 3389 4588 prolicue
3419 4520 3748 4591 disponatur
3771 4531 3826 4577 et

2245 4614 2456 4672 agatur.
2496 4606 2795 4676 Siquidem,
2836 4609 3083 4678 quamvis
3108 4610 3327 4664 invasor
3373 4612 3718 4682 proﬁteatur,
3746 4623 3822 4670 at-

2247 4701 2483 4749 testante
2526 4696 2627 4750 sibi
2679 4698 2866 4768 iniquo
2894 4700 3094 4769 judice,
3129 4716 3187 4755 se
3229 4701 3496 4771 justitiam
3542 4721 3702 4760 suam
3738 4721 3828 4763 ac-

2244 4783 2475 4852 cepisse,
2511 4786 2798 4853 habuisse,
2846 4798 2900 4842 et
2933 4788 3051 4843 aliis
3087 4791 3316 4845 donasse
3344 4800 3438 4845 aut
3470 4795 3786 4851 vendidisse
3807 4837 3823 4861 ,

2247 4874 2329 4927 vel
2378 4883 2561 4942 postea
2592 4875 2696 4929 sibi
2725 4876 2958 4932 ablatam
2990 4879 3217 4950 injuste;
3275 4888 3452 4935 tamen
3482 4894 3705 4941 constat
3732 4899 3825 4941 nec

2244 4980 2391 5028 cum,
2423 4980 2519 5021 nec
2547 4969 2814 5037 quoslibet
2839 4985 2934 5039 per
2964 4987 3087 5025 eum
3116 4973 3408 5043 aliquando
3445 4975 3660 5047 aliquid
3686 4994 3829 5051 pra-

2247 5066 2328 5110 ter
2368 5058 2538 5113 solam
2570 5059 2892 5126 injustitiam
2936 5072 2991 5118 et
3026 5064 3407 5121 detrimentum
3444 5082 3609 5123 suum
3641 5070 3698 5125 in
3723 5069 3828 5126 ltu-

2240 5145 2476 5204 iusmodi
2511 5148 2691 5204 fundis
2719 5153 3036 5204 acuuisisse.
3063 5155 3104 5204 Α
3143 5157 3340 5204 mribus
3381 5158 3510 5204 dum
3553 5175 3715 5204 nmnn
3748 5159 3825 5204 In-
