4064 5394
574 209 718 270 1199

1645 206 2000 264 ιιυιιιιιειιτι
2039 207 2098 264 ε.
2141 207 2206 262 lt.
2248 209 2312 264 E.
2353 209 2765 267 CARDINALIS

3698 217 3828 272 till-3

570 338 640 380 ex
670 323 749 376 eis
788 327 1040 388 tanquam
1078 331 1140 372 ex
1174 316 1382 371 alienis.
1423 315 1573 384 Quod
1605 318 1825 372 veniens
1860 317 2014 388 lupus
2043 335 2157 373 ma—
2183 323 2230 382 Λ
2259 320 2564 376 mercedem
2608 330 2841 377 vestram
2870 320 3087 391 (Matth.
3115 337 3198 388 vt,
3248 321 3326 393 2).
3361 342 3380 376 ›
3426 323 3520 379 Isti
3563 339 3699 380 sane
3731 342 3830 382 aen

570 414 827 478 nifestat;
869 411 992 482 quia
1045 425 1167 464 mox
1203 411 1350 464 visus
1398 413 1791 467 mercenarium
1830 412 2018 482 fugat,
2063 413 2156 483 qtti

573 519 680 558 non
720 502 931 571 fugeret
969 501 1014 554 si
1049 513 1177 554 oves
1209 515 1319 554 sua:
1363 510 1578 566 essent,
1617 501 1696 554 vel
1737 501 1778 555 si
1824 501 1936 571 ipse.
1972 510 2156 571 pastor

569 602 732 649 esset.
767 591 871 647 Sed
902 592 1026 660 quia
1072 592 1434 646 nnercennarius
1464 601 1566 657 est,
1600 592 1765 661 fugit;
1801 609 1973 662 neque
2009 595 2152 648 enim

569 686 637 739 ad
668 700 792 740 eum
828 684 1064 753 pertinet
1091 684 1157 738 de
1185 683 1376 738 ovibus
1401 724 1416 748 ,
1446 700 1672 753 quarum
1702 701 1801 740 nec
1834 687 2023 752 vitannn,
2055 701 2154 740 nec

567 778 764 832 bonann
797 776 1154 830 valetudinem
1175 816 1190 838 ,
1223 775 1315 830 sed
1345 775 1514 829 Solam
1553 777 1813 846 pastionis
1850 779 2151 832 mercedem

567 867 835 922 lucratnm
884 866 947 920 iri
983 865 1195 936 qttterit.
1238 866 1366 931 Quae
1396 866 1470 919 uti
1496 882 1580 934 pne
1616 867 1740 935 quia
1781 867 1846 921 ad
1878 881 2000 921 eum
2033 881 2153 935 per-

567 963 734 1027 tinet,
773 970 829 1017 et
857 977 960 1017 non
993 977 1123 1016 oves
1147 1002 1160 1027 ,
1193 978 1296 1014 tnon
1327 959 1520 1015 liberat
1546 976 1667 1024 eas,
1699 972 1790 1015 aut
1821 979 1941 1015 eum
1971 962 2150 1031 aliquo

565 1055 809 1124 periculo
839 1069 936 1108 suo
970 1051 1206 1108 defendit
1241 1070 1269 1105 a
1317 1053 1568 1122 periculis
1601 1052 1976 1121 ingruentibus
2000 1093 2013 1116 ,
2056 1053 2150 1106 sed

563 1164 625 1201 se
658 1157 866 1202 tantum
899 1156 1066 1214 pacta:
1097 1145 1360 1208 mercedi,
1398 1147 1554 1213 cujus
1583 1145 1870 1199 occasionne
1898 1160 2025 1199 oves
2056 1161 2151 1214 pa-

564 1239 785 1302 scebat,
817 1244 1076 1290 reservat.
1109 1236 1344 1301 Quarum
1389 1235 1527 1288 sicut
1561 1236 1984 1290 incolumitatem
2025 1245 2150 1288 ante

563 1339 776 1398 pactam
805 1327 1106 1382 mercedenu
1135 1340 1239 1378 non
1269 1326 1544 1394 qumsivit,
1578 1327 1654 1381 sic
1687 1343 1786 1380 inec
1814 1335 1933 1396 post
1958 1342 2145 1396 perso-

563 1418 730 1471 lulann
760 1417 974 1486 qumrit.
1006 1415 1136 1482 Qua:
1163 1415 1205 1470 si
1233 1417 1440 1486 pariter
1466 1426 1712 1486 pereannt,
1741 1417 1903 1470 etiam
1933 1416 2149 1484 quando

561 1519 880 1582 pascuntur,
909 1526 1013 1565 non
1045 1519 1228 1574 curat;
1265 1517 1470 1563 tantum
1502 1511 1612 1580 ipse
1641 1525 1735 1564 sua
1766 1511 2013 1563 mercede
2041 1524 2145 1561 notn

561 1613 768 1658 careat.
817 1602 914 1656 Est
959 1610 1139 1655 tamen
1191 1603 1528 1656 necessarius
1569 1603 1968 1670 patrifamilias,
2021 1617 2147 1656 oves

557 1695 676 1763 ejus
705 1692 770 1747 ad
809 1708 1008 1762 pascua
1042 1690 1287 1748 ducendo
1318 1700 1372 1746 et
1416 1692 1720 1748 reducendo
1746 1733 1760 1757 ,
1802 1691 1894 1744 sed
1941 1689 2146 1744 inutilis
2180 1672 2221 1729 Β

557 1785 713 1856 lupos
743 1785 1019 1856 fugiendo.

676 1883 682 1889 '
1053 1885 1058 1889 '
1089 1872 1318 1931 CAPUT
1371 1873 1614 1928 XXXVI.

611 1968 691 2027 De
721 1970 956 2024 mercede
986 1971 1428 2021 mercenariorum
1458 1977 1505 2021 ct
1534 1965 1856 2036 promotione
1880 1980 2082 2018 eorum.

628 2059 786 2115 Tales
809 2058 994 2128 procul
1032 2058 1194 2111 dubio
1236 2066 1364 2112 sunt
1407 2071 1595 2110 omnes
1630 2055 1743 2124 qui,
1789 2054 1889 2108 sub
1929 2053 2144 2107 nomine

555 2151 792 2222 pastoris
822 2165 986 2218 super
1018 2147 1333 2203 cathedram
1377 2145 1703 2216 pastoralem
1737 2145 2007 2207 sedentes,
2039 2143 2138 2196 Ec-

556 2243 777 2296 clesiam
814 2239 1017 2295 Christi
1049 2248 1272 2307 regunt,
1304 2247 1360 2291 et
1393 2253 1489 2292 sua
1538 2246 1775 2299 tantunn,
1811 2250 1915 2288 nnonn
1943 2235 2142 2288 Christi

555 2342 823 2402 quierunt.
851 2331 917 2385 Et
939 2347 1058 2400 qua:
1080 2338 1206 2384 sunt
1226 2330 1356 2384 sua?
1386 2329 1552 2385 Primi
1579 2327 1850 2382 reeubitus
1870 2326 1921 2380 in
1947 2326 2141 2390 omnis,

553 2433 609 2476 et
641 2423 827 2492 prima:
857 2419 1129 2474 cathedra:
1167 2418 1221 2474 in
1261 2418 1551 2488 synagogis
1573 2458 1588 2481 ,
1620 2425 1674 2471 et
1709 2415 2059 2470 salutationes
2090 2417 2140 2468 in

555 2515 746 2579 clnoro,
773 2522 829 2566 et
855 2511 1038 2567 vocari
1067 2512 1134 2566 ab
1159 2509 1468 2565 hominibus
1496 2508 1680 2563 Rabbi.
1711 2509 1912 2563 Deinde
1939 2509 2058 2562 lana
2091 2517 2144 2562 et

553 2607 637 2663 lac
669 2607 873 2673 ovium,
905 2622 1097 2662 onnnncs
1125 2606 1375 2660 videlicet
1415 2604 1619 2659 reditus
1651 2603 1886 2658 fidelium
1921 2605 2141 2674 populo-

550 2715 708 2765 rum,
747 2714 882 2769 qnnos
921 2698 975 2752 in
1012 2713 1169 2752 usunn
1217 2713 1373 2751 suum
1422 2705 1476 2750 et
1516 2696 1722 2749 lucrum
1769 2703 2093 2750 convertunt
2123 2736 2136 2758 .

550 2805 689 2860 quos
737 2806 848 2846 sua:
880 2789 1108 2844 luxuria:
1153 2797 1209 2842 et
1251 2786 1494 2840 avaritiae
1541 2786 1719 2839 studio
1767 2796 1875 2839 tam
1920 2784 2137 2840 violenti

549 2882 796 2953 exigunt,
823 2890 883 2936 ut
915 2893 1299 2949 nonnunquam
1329 2877 1396 2932 ab
1421 2878 1612 2931 ovibus
1639 2893 1743 2931 nnon
1773 2876 1945 2930 solum
1977 2876 2062 2931 lac
2088 2887 2140 2930 et

550 2973 730 3028 lanam
755 3017 769 3039 ,
805 2974 898 3030 sed
941 2975 1163 3044 insuper
1196 2970 1514 3042 sanguinem
1561 2986 1683 3025 cum
1711 2971 1791 3025 eis
1829 2970 2050 3024 eliciant
2085 2979 2136 3021 et

547 3075 950 3138 extorqueant,
997 3065 1122 3120 dttntn
1169 3064 1452 3136 tyrannico
1490 3062 1728 3116 dominio
1769 3075 1957 3116 tenues
1996 3061 2138 3130 quod

549 3175 656 3214 tnonn
704 3158 906 3211 habent
952 3153 1178 3210 reddere
1207 3161 1426 3223 cogunt.
1469 3151 1569 3218 Qui
1619 3149 1782 3204 nullis
1814 3150 2036 3219 spiculis
2082 3164 2139 3204 se

548 3266 648 3320 pro
672 3248 864 3304 cvibus
890 3252 1205 3316 opponunt;
1240 3244 1334 3298 sed
1372 3257 1474 3298 nec
1505 3242 1756 3306 nnutiunt,
1791 3243 1834 3296 si
1877 3243 1930 3295 in
1960 3240 2140 3310 aliquo

547 3354 609 3392 se
649 3337 768 3391 laedi
800 3349 958 3405 posse
985 3351 1016 3387 a
1055 3333 1195 3403 lupis
1237 3331 1512 3397 sentiunt,
1553 3330 1634 3383 vel
1662 3330 1708 3385 si
1739 3330 1859 3384 lanna
1890 3329 1971 3384 vel
2001 3330 2139 3384 lacte

549 3428 864 3501 aliquandiu
894 3423 1132 3481 fraudari
1167 3425 1234 3479 ab
1265 3423 1456 3478 ovibus
1503 3421 1641 3475 nnale
1679 3421 1827 3477 sanis
1862 3429 2134 3482 metuunt,

550 3522 680 3577 dum
721 3517 903 3574 curari
951 3513 1239 3585 refugiunt.
1286 3513 1387 3579 Qui
1445 3520 1624 3565 tamen
1670 3525 1776 3565 non
1827 3508 2136 3580 culpantur,

546 3612 693 3684 quod
727 3611 842 3666 haec
877 3607 942 3663 ad
974 3622 1080 3661 non
1111 3605 1211 3660 sibi
1255 3604 1500 3676 delegata
1525 3603 1670 3673 juste
1697 3601 2008 3672 accipiunt;
2041 3601 2135 3657 sed

546 3703 690 3774 quod
734 3711 941 3755 tantum
975 3699 1166 3753 horum
1194 3694 1379 3750 datum
1423 3706 1478 3750 et
1513 3711 1698 3755 ustnn.
1745 3709 1852 3748 nnon
1899 3691 2135 3748 fructum

547 3802 732 3850 ainant
762 3802 818 3849 et
853 3791 1166 3863 requirunt,
1199 3804 1299 3843 nec
1338 3789 1439 3843 nisi
1487 3796 1704 3857 propter
1731 3787 1846 3840 hcce
1873 3799 2004 3840 oves
2042 3802 2135 3855 pa-

546 3903 701 3949 scunt
731 3934 744 3957 ,
773 3909 892 3962 qua:
924 3891 976 3944 iu
1010 3899 1219 3942 tantum
1247 3885 1558 3955 pastoribus
1589 3885 1877 3945 debentur,
1910 3889 1969 3936 ut
1997 3879 2136 3936 mala

544 3987 680 4040 tiaut
709 3999 814 4039 non
847 3981 1200 4037 reddentibus
1223 4019 1237 4041 ,
1269 3979 1433 4031 etiam
1461 3977 1506 4030 si
1539 3978 1675 4030 bona
1709 3990 1813 4029 non
1845 3974 1953 4028 sint
1991 3972 2134 4027 acci-

545 4075 844 4146 pientibus,
878 4072 966 4126 ubi
1001 4073 1115 4126 inec
1145 4069 1258 4124 sola
1305 4068 1615 4137 exiguntur.
1665 4064 1790 4131 Qui,
1812 4065 1937 4133 quia
1973 4063 2133 4118 Chri-

547 4177 692 4225 stum
728 4164 995 4220 catholica
1034 4159 1417 4232 prtedicatione
1452 4157 1743 4227 praedicant
1768 4197 1780 4217 ,
1814 4171 1908 4224 per
1934 4153 2131 4208 ostium

546 4262 763 4332 quidem
794 4257 846 4310 in
893 4254 1033 4310 ovile
1063 4253 1242 4307 ovium
1287 4251 1353 4303 ad
1399 4263 1528 4301 oves
1554 4288 1568 4308 ,
1599 4247 1844 4300 educturi
1892 4255 1945 4297 et
1975 4245 2132 4298 redu-

545 4353 689 4411 eturi
719 4366 832 4411 eas,
867 4350 1105 4406 intrant;
1142 4343 1235 4398 sed
1279 4342 1405 4410 quia
1433 4339 1572 4393 servi
1601 4349 1654 4392 et
1685 4353 1788 4391 nnonn
1822 4335 1913 4389 lilii
1959 4342 2084 4388 sunt
2112 4374 2126 4396 ,
2165 4364 2208 4422 υ

547 4461 653 4502 non
695 4453 916 4498 mannennt
952 4441 1004 4492 in
1040 4437 1199 4490 domo
1228 4435 1278 4488 iu
1319 4445 1604 4486 aeternum.
1645 4429 1831 4497 Neque
1875 4427 2017 4482 enim
2046 4426 2125 4480 di-

544 4535 702 4593 cendi
728 4541 854 4588 sunt
876 4529 1091 4582 aliunde
1115 4521 1482 4583 descendisse,
1513 4529 1606 4574 aut
1627 4529 1781 4573 extra
1810 4518 2130 4580 ECCICSiflm,

546 4642 675 4682 oves
707 4622 914 4678 scilicet
944 4615 1242 4671 Ecclesiam
1289 4623 1546 4680 pascere,
1592 4624 1692 4663 nec
1722 4601 1932 4662 venisse
1965 4617 2020 4660 ut
2050 4606 2131 4660 fu-

545 4728 735 4776 rentur
757 4724 810 4768 ct
838 4717 1076 4766 mactent
1105 4714 1159 4759 et
1187 4703 1446 4773 perdant;
1480 4700 1571 4755 sed
1601 4699 1668 4753 ad
1696 4699 1798 4754 lnoc
1831 4707 2038 4752 tantnnm
2064 4699 2131 4752 ab

542 4812 670 4871 aliis
690 4805 927 4869 invitati,
951 4810 1008 4856 ut
1033 4797 1332 4855 mercedem
1356 4809 1507 4850 suam
1531 4792 1801 4863 accepturi
1825 4791 2133 4846 custodiant

543 4913 604 4962 et
625 4907 870 4973 pascant.
895 4893 1046 4961 Quod
1070 4890 1193 4960 quia
1227 4886 1344 4958 plus
1363 4885 1629 4941 clnaritate
1653 4881 1965 4954 temporalis
1991 4897 2134 4936 nuer-

547 4996 699 5051 cedis
745 5006 910 5061 quant
957 4983 1303 5052 sempiternae
1346 4989 1551 5051 agunt,
1605 4992 1710 5032 non
1749 4983 1996 5046 pastores
2036 4975 2130 5030 sed

550 5079 876 5140 mercenarii
907 5083 1069 5139 sunt;
1107 5073 1233 5144 quia
1266 5088 1370 5127 non
1404 5069 1640 5126 contenti
1672 5067 1921 5123 convictu
1956 5077 2009 5122 et
2034 5082 2130 5122 ve-

549 5177 682 5234 stitu
713 5183 968 5239 tanquam
1007 5165 1287 5222 donnnestici
1321 5161 1758 5236 patrisfamilias,
1789 5175 1995 5215 annuas
2029 5158 2129 5212 sibi

546 5262 833 5324 mercedes
859 5266 1138 5329 expetunt,
1171 5256 1366 5327 quibus
1393 5256 1634 5326 privatus
1659 5250 1903 5308 sacculos
1928 5249 2132 5306 disten-

543 5362 675 5394 ,ιηηις
729 5368 796 5394 ηρ
827 5351 965 5394 fni-tn.
993 5351 1184 5394 νωτιαιί
1214 5349 1502 5394 nlimmndn
1530 5349 1597 5394 ah
1619 5347 1802 5394 nvinnm
1834 5360 1984 5394 cura-
2010 5358 2131 5394 (tua:

2259 411 2462 466 suntde
2483 412 2670 480 paucis
2692 411 2898 484 illisqui
2920 413 3217 479 salvantur,
3233 416 3474 484 quianon
3504 417 3832 472 contendunt

2258 517 2403 556 nunc
2424 502 2628 556 intrare
2657 518 2753 574 per
2781 517 3063 572 angustam
3083 503 3294 577 [viam],
3320 505 3412 562 sed
3442 508 3513 562 de
3532 506 3723 564 multis
3747 510 3830 577 qui

2255 604 2440 664 postea
2469 604 2717 666 quaerunt
2746 597 2970 664 intrare,
2998 611 3182 654 etnon
3209 609 3480 668 poterunt.
3503 600 3643 657 Cum
3671 604 3831 667 enim,

2257 694 2314 739 ut
2343 685 2514 742 Lucas
2545 697 2795 754 testatur,
2842 688 3122 746 intraverit
3167 691 3571 748 Paterfamilias
3600 704 3657 749 et
3690 694 3831 750 clau-

2256 781 2387 834 serit
2449 781 2645 836 ostium
2674 823 2690 848 ,
2731 793 2782 836 et
2836 783 3094 853 incipient
3134 783 3265 839 foris
3311 794 3455 840 stare
3523 795 3580 840 et
3626 785 3836 856 pulsare

2255 871 2450 925 ostium
2478 873 2745 928 dicentes:
2768 873 3045 938 «Domine,
3068 876 3214 944 aperi
3244 875 3418 939 nobis,
3442 895 3462 927 n
3497 876 3831 944 respondens

2261 961 2550 1016 dicetillis:
2583 961 2806 1018 «Nescio
2820 963 3064 1018 vosunde
3091 964 3263 1018 sitis.»
3286 963 3437 1018 Tunc
3466 965 3734 1034 incipient
3763 964 3839 1019 di-

2253 1068 2402 1107 cere:
2423 1053 2893 1110 «Mauducavimus
2918 1071 3098 1110 coram
3127 1064 3177 1109 te
3203 1066 3258 1109 et
3284 1057 3539 1119 bibinnus,
3565 1065 3623 1110 et
3646 1057 3701 1110 in
3726 1056 3839 1124 pla-

2256 1143 2353 1195 teis
2389 1144 2588 1197 nnostris
2627 1144 2855 1198 docuisti
2886 1144 3036 1214 (Luc.
3080 1161 3204 1209 χιιι,
3238 1144 3390 1217 25),ι
3421 1145 3502 1199 vel
3533 1146 3678 1200 sicut
3703 1145 3836 1200 Mat-

2257 1234 2425 1286 tinens
2451 1234 2526 1286 ait
2555 1249 2567 1286 :
2605 1253 2622 1284 ι
2654 1233 2708 1287 ln
2738 1235 2957 1289 nomine
2986 1244 3076 1289 tuo
3098 1235 3559 1304 pmphctavitnus,
3585 1244 3643 1288 et
3663 1235 3719 1288 in
3749 1246 3838 1288 tuo

2253 1323 2470 1377 nonninne
2494 1323 2756 1378 dannonia
2780 1323 3058 1392 ejecinnus,
3085 1335 3136 1379 et
3162 1327 3215 1378 in
3245 1334 3334 1378 tuo
3363 1326 3582 1379 nomine
3610 1327 3840 1380 virtutes

2252 1414 2447 1468 ntultas
2487 1416 2730 1469 fecimus.
2764 1416 2832 1470 Et
2861 1425 2986 1470 tunc
3012 1416 3355 1471 confitebitur
3381 1416 3508 1480 illis,
3539 1416 3668 1485 quia
3697 1433 3837 1470 nun—

2251 1519 2412 1574 quam
2455 1506 2576 1559 novi
2610 1521 2722 1560 vos.
2755 1507 3023 1562 Discedite
3047 1524 3076 1561 a
3118 1509 3441 1571 tne‘onnnes,
3471 1507 3717 1574 Operarii
3743 1508 3841 1559 iui-

2251 1598 2473 1668 quitatis
2518 1599 2732 1668 (Matth.
2765 1614 2870 1662 vnn,
2919 1583 3033 1671 2:2).
3068 1617 3086 1650 ι
3136 1598 3235 1665 Qui
3285 1609 3462 1652 tamen
3510 1599 3840 1653 mercenarii

2251 1689 2485 1760 quandinn
2527 1704 2759 1760 prmesse
2799 1689 3047 1746 ﬁdelibus
3087 1689 3497 1760 permittuntur,
3538 1689 3839 1745 necessarii

2249 1793 2410 1849 sunt;
2445 1784 2570 1852 quia
2601 1794 2940 1839 sacramenta
2971 1785 3338 1840 ecclesiastica
3371 1795 3423 1838 et
3453 1784 3616 1839 fidem
3647 1785 3841 1840 catho-

2249 1874 2405 1929 licanu
2438 1876 2719 1930 occasione
2751 1891 2862 1930 sua:
2899 1877 3166 1931 nnercedis
3209 1877 3522 1946 dispensant
3551 1886 3608 1931 et
3639 1877 3840 1948 pne-li-

2246 1973 2390 2020 cant.
2429 1963 2582 2020 Unde
2613 1975 2667 2017 et
2705 1964 2964 2018 toleratur
2991 1979 3180 2020 eorunn
3210 1979 3375 2034 prava
3409 1965 3543 2028 vita,
3572 1973 3631 2019 et
3661 1965 3835 2019 bonoo

2247 2063 2400 2108 ratur
2426 2053 2659 2110 officium
2695 2070 2804 2124 quo
2832 2055 3186 2124 providentur
3221 2055 3461 2125 plebibus
3499 2056 3837 2110 necessatis.

2247 2144 2486 2210 Quorum
2519 2145 2845 2215 pronnotioni
2887 2155 2946 2198 ιιι
2973 2145 3392 2211 consentiretur,
3431 2145 3562 2215 quia
3588 2160 3839 2201 contmn-

2247 2236 2332 2290 nis
2373 2238 2671 2292 necessitas
2713 2247 2766 2294 et
2813 2253 2918 2292 non
2957 2238 3162 2307 privata
3199 2239 3468 2307 cupiditas
3507 2237 3837 2293 mediastiea

2247 2326 2368 2392 fuit,
2385 2344 2490 2382 non
2512 2326 2864 2382 dubitandum
2886 2329 3014 2398 quint
3031 2329 3214 2385 multis
3245 2330 3509 2396 fidelibus,
3533 2331 3702 2386 saluti
3727 2347 3838 2387 sua:

2246 2437 2344 2491 pro
2379 2421 2635 2490 tennporis
2671 2421 2998 2476 necessitate
3037 2421 3476 2487 consulentibus,
3507 2438 3834 2480 concessum

2245 2515 2315 2569 sit
2343 2514 2484 2584 quod
2515 2515 2773 2569 Dominus
2798 2515 3006 2570 duobus
3032 2516 3500 2571 consentientibus
3527 2518 3838 2573 conceden-

2247 2606 2373 2660 dunn
2413 2607 3004 2675 repronnittit,dicens:
3039 2626 3056 2658 ι
3093 2606 3148 2660 Si
3187 2609 3292 2662 duo
3317 2623 3380 2662 ex
3415 2610 3576 2664 vobis
3604 2626 3836 2666 consen-

2244 2699 2414 2753 serint
2441 2713 2602 2766 super
2635 2688 2864 2764 terram,
2895 2699 2960 2754 de
2988 2701 3132 2754 omni
3168 2715 3224 2756 re
3250 2716 3632 2772 quamcunque
3665 2704 3832 2773 petie-

2245 2792 2354 2844 rint
2383 2791 2476 2844 fiet
2502 2793 2604 2845 illis
2631 2807 2658 2845 a
2688 2790 2849 2846 Patre
2883 2807 3002 2845 unco
3031 2790 3244 2863 (Matth.
3280 2808 3440 2859 xvntt,
3470 2794 3617 2864 19).»
3657 2794 3828 2852 Unde.

2243 2884 2568 2938 necessitate
2599 2883 3172 2954 innperante,pra:scns
3205 2894 3297 2939 aut
3330 2888 3607 2955 przeterita
3641 2901 3830 2939 eorum

2245 2981 2386 3034 actio
2417 2998 2522 3034 non
2549 2980 2889 3049 disquiritur,
2915 2981 3008 3033 sed
3036 2980 3134 3034 soli
3163 2981 3464 3035 ministerio
3487 2990 3544 3036 et
3571 2982 3833 3049 prmdica-

2248 3070 2377 3124 tioni
2413 3069 2533 3125 ﬁdei
2563 3070 2884 3125 Christiana:
2912 3070 2964 3123 in
3003 3069 3202 3125 talibus
3231 3072 3555 3126 consulitur.
3586 3071 3830 3139 Quorum

2242 3164 2406 3218 etiann
2451 3171 2573 3233 post
2611 3161 3008 3232 promotiouem
3052 3161 3442 3232 qualiscunque
3487 3163 3832 3218 cenversatio

2243 3269 2625 3323 nonnunquam
2657 3253 2725 3308 ab
2762 3253 3000 3308 Ecclesia
3043 3253 3328 3319 toleratur,
3356 3255 3458 3309 nisi
3495 3253 3640 3309 forte
3666 3270 3701 3309 ιι
3730 3255 3832 3308 tide

2241 3345 2309 3399 ab
2354 3346 2458 3402 illis
2506 3345 2768 3401 (lenietur.
2815 3344 2885 3401 Ut
2923 3347 3066 3401 enim
3113 3345 3455 3401 saecularium
3501 3348 3830 3404 mercenarii

2242 3451 2348 3490 non
2381 3451 2449 3489 ex
2477 3434 2682 3504 culpis,
2727 3433 2925 3506 quibus
2955 3436 3054 3490 sibi
3091 3444 3301 3490 tantunn
3337 3443 3531 3490 nocent
3556 3476 3573 3502 ,
3613 3438 3831 3496 enmi—

2242 3535 2470 3592 nantnr,
2506 3529 2598 3581 sed
2627 3541 2696 3581 ex
2727 3525 3094 3581 sollicitudine
3131 3533 3187 3580 et
3220 3525 3452 3580 utilitate
3483 3541 3591 3596 qua
3631 3525 3837 3581 ovibus

2241 3629 2460 3691 possunt
2475 3621 2732 3690 prodesse
2749 3661 2763 3684 ,
2786 3618 2865 3676 sic
2884 3629 2936 3674 et
2954 3617 3274 3674 mercenarii
3296 3618 3573 3674 Ecclesia.
3598 3617 3670 3674 Et
3691 3621 3837 3676 sicut

2239 3712 2332 3778 illi,
2352 3713 2396 3768 si
2410 3711 2885 3782 deprehenduntur
2916 3711 3062 3767 fures
3086 3709 3273 3774 fuisse.
3306 3727 3413 3767 noa
3429 3722 3829 3776 assumuntur,

2238 3807 2341 3871 vel,
2381 3806 2710 3876 siassumpti
2741 3804 2910 3860 furari
2934 3805 3218 3875 impr-rint,
3258 3803 3627 3872 alnjiciuntur;
3669 3807 3752 3860 sic
3778 3816 3833 3860 ct

2238 3899 2357 3965 isti,
2409 3898 2452 3951 si
2504 3907 2627 3951 ante
2673 3897 2756 3951 vel
2807 3906 2928 3967 post
2975 3911 3125 3949 suam
3182 3896 3580 3966 promotionem
3629 3897 3829 3951 barri-si

2238 3989 2494 4058 languere
2539 3996 2856 4042 noscuntur.
2900 3986 2967 4040 Et
3002 3986 3141 4040 sicut
3183 3985 3256 4039 illi
3294 3996 3613 4055 qumruntur
3657 3997 3715 4040 et
3763 3988 3828 4039 a-l

2238 4076 2598 4131 ministerium
2627 4074 2902 4145 quodlibet
2931 4074 3229 4129 invitantur
3255 4087 3350 4144 spe
3376 4073 3658 4128 saecularis
3685 4090 3830 4129 mero

2236 4169 2381 4222 cedis
2406 4185 2422 4234 ;
2451 4168 2527 4224 sic
2555 4176 2610 4222 et
2636 4167 2710 4222 illi
2744 4182 2837 4238 spe
2861 4166 3245 4223 ecclesiastica:
3271 4165 3447 4235 stipis.

2757 4297 2985 4354 CAPUT
3028 4298 3288 4353 XXXVII.

2239 4411 2310 4465 De
2339 4428 2396 4464 eo
2433 4412 2571 4483 quod
2594 4411 2836 4483 catholici
2877 4409 3077 4483 nullum
3095 4427 3196 4483 pro
3225 4410 3441 4464 crimine
3460 4423 3824 4480 pronior-mm,

2451 4479 2496 4536 et
2528 4482 2820 4536 Simoniani
2854 4498 2948 4550 pro
2978 4479 3104 4535 δοιά
3122 4481 3338 4535 crimine
3363 4479 3592 4535 onmem.

2302 4616 2412 4672 Nec
2445 4632 2610 4687 super
2636 4615 2738 4671 hoc
2777 4615 2864 4672 isti
2895 4615 3028 4670 dant
3054 4624 3148 4669 aut
3174 4617 3493 4684 permittunt
3531 4615 3649 4670 suis
3673 4618 3824 4671 ordi-

2235 4709 2518 4763 natoribus
2551 4706 2774 4778 aliquod
2808 4707 3072 4778 pretium,
3104 4707 3198 4762 sed
3227 4705 3397 4776 magis
3429 4706 3711 4775 accipiunt
3740 4707 3819 4762 in-

2233 4812 2348 4854 star
2381 4800 2840 4854 mercenariorum
2870 4797 3085 4863 saeculi,
3117 4797 3232 4868 qui,
3263 4797 3364 4852 nisi
3405 4797 3680 4855 mercedis
3700 4813 3824 4869 qua

2232 4891 2544 4946 convenerit
2592 4889 2790 4944 fuerint
2822 4889 3026 4952 securi,
3058 4888 3188 4944 nulli
3216 4903 3274 4945 se
3298 4889 3620 4959 obligabunt
3645 4892 3823 4946 servi-

2235 4983 2354 5036 tuti.
2419 4982 2670 5052 Alioquin
2723 4995 2790 5036 ex
2840 4980 3032 5037 alienis
3081 4982 3244 5037 rebus
3301 4982 3504 5036 furtunt
3567 4982 3819 5040 meditati

2234 5081 2554 5141 arguuntur,
2594 5069 2736 5140 quod
2779 5070 2957 5126 oblata
2995 5071 3165 5140 pretia
3208 5071 3308 5125 sub
3351 5072 3580 5125 obtentu
3630 5073 3823 5127 aliena:

2233 5163 2482 5217 utilitatis
2511 5163 2612 5216 sibi
2644 5173 3002 5232 aucupautur.
3058 5162 3184 5216 Sive
3221 5178 3350 5232 ergo
3389 5163 3499 5227 illi,
3546 5164 3666 5218 sive
3696 5167 3820 5229 isti,

2235 5254 2541 5310 necessario
2566 5264 2620 5308 et
2665 5270 2770 5308 non
2801 5252 3069 5324 superfluo
3105 5255 3352 5324 precario
3394 5264 3445 5307 et
3488 5269 3600 5308 non
3645 5257 3823 5324 pretio

2233 5345 2448 5394 utilitati
2478 5343 2703 5394 aliorum
2728 5345 3010 5394 acciuntur
3035 5352 3087 5394 et
3110 5345 3483 5394 conciliantur.
3504 5343 3690 5394 Unde-
3705 5347 3826 5394 sive
