4064 5394
256 373 388 430 HM

885 376 1257 434 ADVEllSUS
1298 376 1707 436 SIMONIACOS
1748 378 1925 436 LIBRI
1966 380 2167 439 TRES.
2200 413 2267 422 —
2307 381 2504 438 LIBER
2540 378 2859 437 TERTIUS.

3356 380 3377 432 Ι
3388 377 3495 433 202

247 486 364 543 sive
391 486 644 550 innoxiis,
674 501 774 542 nec
795 490 1095 551 necessitas
1121 503 1222 547 nec
1241 491 1457 546 devotio
1477 491 1818 563 pupulorum,
1849 495 1896 553 Δ
1926 495 2031 550 nisi
2058 504 2120 550 ut
2147 494 2458 551 hominibus
2490 494 2830 550 innotescunt
2856 499 2912 548 et
2942 489 3222 561 placeant.
3260 506 3325 545 ex
3358 506 3497 561 prae-

245 580 342 636 sed
369 580 481 635 sola
509 579 734 649 pecunia
763 583 1124 636 commendat.
1154 581 1336 653 Neque
1363 585 1507 639 enim
1532 584 1705 640 solent
1729 593 1820 638 aut

243 684 375 726 vere
416 678 641 740 possunt
677 684 707 725 a
742 686 802 725 se
840 672 1219 739 promovendis
1254 673 1436 729 dicere
1473 692 1487 728 :
1529 674 1738 729 Accede
1765 682 1824 727 ut

244 761 648 830 promovearis,
698 762 822 831 quia
864 764 1202 820 necessarius
1243 763 1326 820 vel
1366 767 1719 838 complacitus
1760 781 1823 821 es

245 849 536 913 Ecclesiae;
567 852 660 904 sed
691 852 817 919 quia
846 852 1039 908 dedisti
1071 861 1165 906 aut
1185 854 1409 909 daturus
1433 870 1491 910 es
1520 856 1676 911 nobis
1698 854 1821 911 soli-

241 940 343 995 dos
376 942 613 996 centum
639 942 722 996 vel
753 942 1037 1011 quotlibet.
1077 941 1326 1011 Ntutquid
1361 944 1537 1000 adhuc
1576 944 1821 999 auditum

242 1039 328 1083 est
351 1029 555 1086 dictum
594 1046 624 1085 a
655 1033 1044 1103 quantumlibet
1078 1033 1357 1089 sceleratis
1385 1034 1668 1091 catholicis
1702 1035 1820 1089 cui-

244 1117 376 1174 libet
415 1126 780 1191 promovendo
823 1137 838 1175 :
885 1122 1098 1179 Accede
1142 1133 1199 1178 ut
1241 1126 1651 1194 promovearis,
1694 1126 1822 1196 quia

240 1210 586 1274 adulterium,
629 1211 921 1282 periurium
964 1226 1016 1269 et
1047 1215 1132 1270 his
1171 1216 1366 1271 similia
1391 1215 1599 1271 fecisti?
1642 1217 1815 1271 Absi!

241 1300 352 1356 Sed
379 1302 551 1372 quid?
578 1302 926 1361 Necessarius
950 1321 1009 1362 es
1044 1308 1366 1373 ministerio,
1394 1318 1448 1364 et
1474 1309 1823 1378 complacitus

240 1388 517 1446 Ecclesire.
552 1390 664 1449 Nec
696 1396 1095 1463 promovendus
1128 1397 1300 1453 dicit:
1331 1398 1405 1453 Da
1436 1398 1563 1452 mihi
1596 1398 1821 1467 gradum

240 1480 666 1537 ecclesiasticum
686 1524 702 1549 ,
729 1485 856 1553 quia
890 1484 1187 1541 fornicator
1215 1496 1306 1543 aut
1335 1487 1629 1560 sacrilegus
1660 1505 1777 1543 sum
1803 1528 1818 1554 ,

239 1569 335 1624 sed
357 1570 485 1639 quia
501 1571 620 1628 volo
643 1588 818 1628 meum
842 1572 1093 1631 Ecclesia:
1110 1574 1201 1630 Dei
1224 1578 1464 1648 prmbere
1480 1579 1820 1649 obsequium,

238 1668 304 1714 ut
320 1673 385 1716 es
410 1660 499 1717 illa
522 1675 735 1719 merear
753 1664 1077 1735 stipendium
1101 1666 1365 1723 debitum.
1390 1668 1632 1741 Denique
1652 1672 1822 1725 instar

180 1810 191 1815 ,
236 1752 504 1826 principis
544 1755 933 1811 dtemoniorum
978 1771 1107 1814 suos
1150 1758 1407 1817 satellites
1453 1762 1822 1831 promoveatis

1924 585 2197 641 dicatione
2221 584 2304 639 vel
2325 600 2391 640 ex
2421 584 2723 638 ministerio
2745 596 2842 637 suo
2862 594 3126 651 quaerere.
3153 579 3354 635 Deinde
3376 595 3495 649 qua:

1925 676 2167 746 ipsorum
2196 691 2358 745 opera
2403 675 2585 738 dicat,
2628 674 2802 744 aperit
2848 674 2927 728 sic
2959 687 2974 725 :
3008 692 3027 726 ς
3061 672 3299 743 Alligant
3328 687 3497 728 onera

1924 767 2107 836 gravia
2155 777 2210 821 et
2259 764 2649 839 importaliilia,
2700 773 2756 820 et
2805 766 3088 832 imponunt
3135 765 3189 819 in
3242 764 3503 820 humeros

1924 859 2233 921 hominum,
2289 856 2460 926 digito
2514 864 2693 909 autem
2746 868 2843 907 suo
2888 854 3078 908 nolunt
3133 869 3193 907 ea
3257 867 3499 908 movere.

1921 945 2159 1000 Dilataut
2196 946 2342 1000 enim
2386 943 2723 1015 phylacteria
2754 958 2873 1004 sua,
2907 951 2961 997 et
2984 943 3335 1014 magnificam
3376 942 3501 997 fim-

1922 1038 2085 1092 brias.
2120 1037 2319 1090 Amant
2367 1044 2546 1088 autem
2579 1034 2786 1103 primos
2816 1031 3094 1086 recuhitus
3143 1032 3194 1086 in
3244 1033 3416 1087 cmnis
3445 1040 3501 1087 et

1922 1128 2129 1197 primas
2156 1126 2444 1181 cathedras
2497 1123 2549 1177 in
2596 1123 2915 1194 synagogis,
2964 1129 3017 1176 et
3063 1121 3415 1176 salutationes
3446 1121 3499 1174 in

1924 1216 2073 1281 foro,
2103 1226 2158 1271 et
2185 1214 2365 1270 vocari
2399 1214 2466 1267 ab
2496 1213 2807 1268 hominibus
2842 1211 3011 1266 Rabhi
3064 1209 3168 1279 (Ibi
3192 1213 3254 1277 1.,
3302 1211 3435 1281 4-7}.
3476 1230 3492 1261 ι

1922 1306 2128 1372 Quibus
2158 1303 2538 1381 Redemptoris
2562 1301 2731 1356 nostri
2758 1300 2939 1356 verbis
2965 1316 3070 1356 non
3097 1300 3501 1371 reprehendun-

1924 1405 2011 1451 tur
2036 1395 2178 1466 quod
2210 1410 2377 1449 onera
2428 1393 2808 1448 mandatorum
2834 1391 2930 1447 Dei
2960 1391 3242 1461 imponunt
3270 1391 3501 1445 homini-

1923 1488 2023 1542 bus
2050 1505 2065 1541 :
2099 1487 2201 1541 hoc
2229 1484 2375 1539 enim
2407 1482 2640 1538 odicium
2672 1496 2860 1537 corum
2884 1496 3006 1536 esse
3027 1481 3384 1551 dignoscitur,
3408 1479 3501 1534 sed

1921 1574 2063 1646 quod
2092 1572 2482 1642 importahilia,
2508 1579 2563 1626 et
2593 1572 2735 1639 quod
2765 1585 2827 1625 ea
2859 1569 2944 1624 vel
2979 1569 3205 1624 minima
3246 1585 3340 1623 sua
3368 1583 3496 1639 ope-

1923 1667 2134 1721 ratione
2169 1680 2276 1719 nou
2304 1663 2578 1717 alleviant.
2613 1660 2724 1717 Nec
2766 1661 2892 1732 quia
2934 1656 3269 1733 pbylacteria
3302 1660 3501 1715 habent

1921 1763 1979 1809 et
2008 1752 2286 1819 ﬁmbrias;
2332 1750 2425 1807 sed
2470 1750 2595 1821 quia
2625 1748 2714 1805 illa
2758 1748 3018 1816 dilatant,
3048 1747 3179 1804 istas
3226 1762 3355 1802 vero
3383 1763 3502 1802 ma-

235 1851 298 1898 et
318 1846 659 1913 eoronsntis,
694 1857 751 1902 ut
778 1847 992 1922 legitur,
1031 1849 1103 1905 ob
1133 1826 1507 1920 deceptioneiu
1533 1865 1684 1906 suam
1716 1868 1821 1923 qua
1851 1826 1898 1887 Β
1922 1848 2184 1920 gnilleant
2210 1867 2222 1902 :
2247 1862 2349 1905 nec
2378 1846 2503 1917 quia
2534 1846 2693 1918 primi
2725 1843 2871 1900 velut
2899 1843 3144 1916 magistri
3177 1844 3503 1900 recumbunt

236 1935 297 1990 in
318 1935 543 1993 crimina
564 1940 902 2010 praecipitant
924 1942 1117 2008 bonos,
1140 1940 1437 1998 Siinoniani
1462 1957 1678 2012 quoque
1698 1958 1821 2014 pro-

235 2034 458 2081 movent
497 2029 785 2098 coinplices
827 2047 972 2088 suos.
1014 2031 1253 2099 Quorum
1287 2035 1451 2088 etiam
1489 2032 1820 2105 impudentia

239 2124 393 2169 tanta
422 2124 536 2179 est,
571 2126 631 2173 ut
655 2134 813 2175 suum
845 2129 1054 2176 reatum
1083 2121 1258 2192 palam
1288 2122 1368 2181 sic
1408 2124 1660 2180 omnibus
1686 2142 1823 2195 pra:-

237 2207 444 2266 dicent,
479 2208 747 2264 venditori
786 2212 1070 2266 dicentes:
1109 2212 1366 2268 Dedimus
1410 2212 1503 2267 tibi
1544 2216 1819 2283 pretium,

236 2295 307 2349 da
330 2298 486 2352 nobis
509 2299 791 2367 quiesitum
817 2302 1062 2371 gradum,
1092 2312 1186 2357 aut
1206 2303 1371 2358 redde
1389 2317 1667 2375 acceptum
1694 2323 1818 2378 pre-

237 2388 394 2441 tium.
424 2388 650 2445 Constat
673 2405 819 2457 ergo,
844 2394 1139 2447 secundum
1170 2394 1309 2449 beati
1335 2394 1580 2465 Gregorii
1607 2407 1823 2452 Senten-

236 2475 397 2540 tiam,
446 2478 585 2547 apud
639 2477 982 2535 Simoniauos
1026 2483 1359 2537 remunerari
1415 2483 1584 2547 vitia,
1617 2486 1823 2541 scilicet

235 2566 480 2623 radicem
512 2567 754 2624 omnium
786 2570 1050 2624 malorum
1092 2571 1374 2626 avaritiam
1419 2583 1580 2642 atque
1610 2575 1825 2630 lucreti-

232 2673 361 2711 cam
386 2656 666 2724 pcrlldiam
695 2676 708 2711 τ
732 2673 850 2728 qua:
874 2667 1024 2714 tanto
1048 2660 1292 2728 graviora
1319 2670 1443 2715 sunt
1466 2662 1825 2722 fornicatione

231 2748 323 2802 vel
354 2747 653 2811 adulterio,
682 2756 885 2817 quanto
907 2749 1126 2819 gravius
1155 2749 1494 2821 estaliqucm
1522 2768 1746 2822 peccare
1771 2756 1821 2810 in

235 2838 435 2899 Deum,
463 2852 622 2904 quam
652 2838 703 2893 in
733 2852 930 2907 corpus
964 2855 1117 2895 suum
1157 2852 1248 2896 aut
1279 2842 1332 2896 in
1365 2844 1536 2897 virum
1568 2843 1752 2900 alium.
1779 2848 1823 2900 A

236 2929 440 2998 quibus
485 2928 732 2997 profecto
782 2929 1112 2987 Simonianis
1163 2932 1414 2988 laudatur
1467 2945 1720 3005 peccator
1769 2938 1822 2993 iu

237 3020 528 3076 desideriis
564 3020 761 3078 animm
795 3036 906 3078 sua:
934 3034 988 3079 et
1022 3024 1238 3094 iniquus
1281 3026 1621 3083 benedieitur
1650 3029 1820 3101 (Psal.

237 3126 298 3173 κ.
327 3111 400 3173 3).
437 3111 591 3179 Quod
623 3112 764 3168 absit
794 3123 851 3169 ut
902 3131 932 3170 a
972 3116 1252 3173 catholicis
1278 3118 1665 3190 qualibuslibet
1697 3137 1822 3194 aga-

239 3210 351 3267 tur,
379 3203 544 3259 ctiam
571 3219 694 3261 cum
722 3206 999 3263 criminosi
1030 3209 1099 3264 ab
1124 3209 1206 3265 eis
1234 3214 1643 3280 promoventur!

750 3330 978 3400 carm
1018 3305 1302 3398 sxxvtu.

311 3452 379 3508 In
403 3469 504 3523 quo
533 3454 787 3509 audiendi
816 3455 920 3509 sint
954 3458 1295 3524 mercenarii,
1335 3468 1384 3514 et
1410 3460 1465 3515 in
1494 3477 1597 3532 quo
1625 3479 1749 3519 non.

313 3560 588 3632 llincjam
636 3564 704 3618 ab
752 3564 868 3632 ipso
916 3564 1145 3622 Pastore
1179 3581 1308 3624 oves
1356 3568 1569 3625 discant
1615 3571 1668 3625 in
1716 3587 1822 3641 quo

241 3652 406 3707 etiam
434 3654 803 3710 mercenarios
833 3656 1022 3711 audire
1047 3656 1300 3712 debeant.
1326 3658 1402 3713 De
1424 3658 1530 3714 illis
1554 3661 1819 3729 siquidem

243 3742 295 3794 in
321 3742 611 3811 Evangelia
633 3745 705 3800 ait
733 3763 747 3798 :
782 3764 799 3795 ‹
820 3745 998 3814 Super
1018 3747 1333 3802 cathedram
1365 3747 1532 3821 Moysi
1556 3751 1819 3806 sederunt

243 3830 449 3911 Scriba:
474 3840 527 3888 et
554 3833 835 3890 Pharisaei.
867 3834 1061 3890 Omnia
1110 3852 1242 3907 ergo
1288 3853 1629 3909 quaecunque
1660 3841 1819 3898 dixe-

246 3921 355 3977 rint
385 3923 565 3989 vobis,
593 3934 806 3980 servate
825 3933 881 3980 et
902 3924 1066 3981 facite
1091 3925 1309 3995 (Matth.
1336 3944 1499 3993 nm,
1525 3929 1603 4000 2).
1636 3946 1655 3982 ι
1683 3930 1823 3987 Ecce

242 4022 501 4081 quantum
518 4015 885 4071 obedientiam
903 4017 1018 4071 vult
1039 4017 1275 4087 impendi
1291 4020 1644 4077 mercenariis
1666 4023 1823 4077 malis

240 4101 435 4159 Pastor
446 4120 657 4160 summe
679 4106 872 4173 bonus,
891 4107 1110 4163 utdicta
1124 4123 1312 4164 eorum
1331 4124 1436 4164 non
1452 4109 1625 4165 solum
1640 4124 1822 4168 servet

202 4258 215 4267 ο
242 4195 476 4265 populis
507 4197 560 4252 in
592 4208 802 4264 mente,
836 4199 929 4253 sed
959 4200 1126 4254 etiam
1155 4200 1423 4270 compleat
1466 4217 1652 4272 opere.
1698 4204 1819 4260 Mox

242 4286 302 4344 in
328 4304 437 4358 quo
464 4305 572 4345 non
600 4290 710 4346 sint
737 4291 1051 4346 attendendi
1085 4292 1365 4363 subiungit
1399 4309 1415 4350 :
1453 4313 1470 4345 ι
1511 4295 1817 4353 Secundum

240 4394 408 4451 opera
436 4396 628 4436 eorum
672 4383 841 4438 nolite
870 4383 1051 4440 facere
1083 4384 1269 4455 (lbid.,
1304 4387 1380 4459 5).
1422 4406 1442 4440 ι
1476 4389 1655 4457 Quare
1686 4392 1820 4457 hoc,

1924 1948 2018 1995 aut
2059 1938 2282 2005 sedent,
2327 1952 2423 1993 seu
2479 1936 2815 2002 salutantur,
2870 1935 2953 1992 vel
2991 1934 3162 1990 Rabhi
3211 1943 3499 2003 vocantur,

1924 2032 2019 2089 sed
2047 2031 2172 2102 quia
2197 2031 2310 2085 haec
2339 2037 2545 2085 tantum
2569 2028 2636 2083 ab
2657 2028 2737 2083 eis
2763 2034 3035 2082 amantur.
3064 2025 3130 2080 Et
3154 2024 3500 2091 tamen,licet

1925 2122 2157 2177 ministri
2188 2120 2393 2176 Christi
2428 2119 2562 2175 tales
2587 2118 2697 2173 sint
2720 2125 2779 2172 ut
2799 2117 2871 2172 nil
2898 2116 3124 2180 Christi,
3172 2115 3266 2170 sed
3294 2123 3501 2169 tantum

1923 2214 2107 2270 seaculi
2145 2220 2394 2284 quaerant
2429 2211 2482 2266 in
2528 2208 2827 2265 ministerio
2883 2206 3084 2263 Christi
3136 2206 3277 2274 quod
3332 2204 3503 2259 admi-

1924 2308 2191 2373 nistrant;
2228 2306 2341 2361 vult
2372 2315 2551 2360 tamen
2598 2304 2846 2358 Christus
2877 2308 2935 2354 ut
2968 2316 3063 2355 sua
3112 2299 3217 2353 illis
3266 2296 3502 2351 lidelitcr

1925 2397 2243 2459 reddantur,
2275 2395 2378 2448 hoc
2418 2402 2503 2447 est
2537 2391 2846 2455 audiantur,
2887 2389 3243 2450 houorentur,
3279 2385 3506 2441 decimis

1924 2497 1979 2541 et
2007 2483 2373 2540 oblationibus
2396 2483 2632 2538 lidelium
2656 2490 3089 2535 remunerentur.
3116 2477 3217 2544 Qui
3238 2492 3368 2548 ergo
3395 2486 3502 2529 tam

1923 2575 2076 2647 pravi
2106 2581 2235 2630 sunt
2266 2574 2320 2629 in
2345 2581 2638 2642 conspectu
2664 2571 2970 2627 hominum.
3006 2570 3058 2623 in
3086 2577 3377 2637 conspectu
3409 2567 3502 2621 Dei

1926 2677 2084 2737 putas
2115 2665 2301 2736 quales
2347 2665 2507 2719 sunt?
2536 2665 2601 2719 Et
2634 2671 2811 2717 tamen
2860 2676 2955 2717 eos
2988 2662 3129 2714 Deus
3178 2670 3234 2714 et
3282 2658 3420 2711 clam
3450 2670 3506 2711 Ci

1927 2758 2102 2828 palam
2150 2756 2322 2813 malos
2360 2757 2475 2811 sive
2523 2756 2644 2811 licte
2688 2756 2855 2810 bonos
2888 2753 3104 2813 tolerat.
3147 2760 3203 2806 et
3251 2750 3505 2805 mercc'e

1927 2863 2087 2917 quam
2133 2855 2383 2917 qumruut
2433 2863 2538 2901 non
2584 2843 2820 2900 fraudat.
2880 2843 3016 2912 Quia
3071 2842 3212 2897 enim
3267 2841 3501 2897 ministri

1926 2937 2129 2993 Christi
2153 2945 2301 3002 sunt,
2326 2936 2419 2991 sed
2445 2952 2549 2992 non
2575 2937 2711 2993 bene
2733 2942 2992 3006 prmsuut,
3016 2932 3246 3003 simplici
3277 2933 3501 2991 homre.

1927 3029 2179 3096 praesenti
2206 3027 2445 3092 scilicet,
2473 3027 2618 3098 digni
2648 3025 2876 3080 habendi
2908 3033 3052 3078 sunt.
3077 3023 3211 3077 Nam
3243 3022 3332 3092 qui
3364 3023 3502 3076 bene

1926 3132 2164 3188 praesunt
2179 3119 2504 3190 presbyteri,
2523 3127 2584 3172 ut
2604 3117 2680 3172 ait
2699 3115 3007 3186 Apostolus,
3028 3134 3047 3169 ι
3068 3113 3263 3184 duplici
3294 3113 3503 3167 honoro

1925 3209 2070 3279 digni
2116 3210 2407 3273 habentur,
2443 3207 2678 3263 maxime
2721 3207 2813 3279 qui
2846 3207 3097 3262 laborant
3144 3207 3196 3260 in
3232 3205 3398 3261 verbo
3445 3215 3500 3260 et

1923 3303 2167 3358 doctrina
2192 3302 2242 3369 (Ι
2269 3301 2400 3354 Tim.
2422 3316 2475 3365 ν,
2497 3301 2598 3370 l7).
2623 3320 2641 3353 ι
2673 3300 2814 3355 Dicit
2835 3299 2980 3354 enim
3004 3297 3319 3368 Scriptura:
3341 3294 3495 3351 «Non

1925 3390 2222 3446 infrenahis
2245 3407 2305 3445 os
2333 3391 2451 3445 bovi
2479 3391 2754 3445 trituranti
2781 3388 2970 3461 (fbid.,
3004 3389 3123 3459 13);
3167 3408 3185 3439 ι
3218 3397 3273 3443 et
3300 3402 3320 3445 :
3348 3405 3369 3441 ι
3407 3387 3499 3442 Di-

1922 3500 2059 3554 gnus
2089 3494 2175 3539 est
2203 3484 2485 3554 operarius
2510 3483 2760 3539 mercede
2784 3498 2879 3538 sua
2910 3482 3062 3554 (Luc.
3089 3499 3147 3548 ι.
3167 3482 3244 3553 7).
3280 3501 3301 3538 ι
3336 3480 3503 3552 Cujus

1922 3573 2163 3644 Apostoli
2209 3574 2477 3631 sententia
2509 3573 2576 3629 de
2605 3574 2961 3629 mercenariis
2983 3573 3028 3629 si
3062 3572 3359 3644 requiritur
3380 3587 3501 3642 qua:

1923 3666 2023 3728 sit,
2079 3665 2317 3736 Epistola
2362 3665 2479 3733 ejus
2531 3666 2597 3721 ad
2643 3666 3021 3735 Philippenses
3071 3665 3151 3719 sic
3197 3663 3429 3720 ostendit
3485 3681 3498 3716 :

1929 3779 1947 3811 r
1983 3757 2212 3829 Quidam
2234 3758 2453 3828 quidem
2477 3768 2696 3828 propter
2719 3757 2975 3811 invidiam
3001 3764 3053 3811 et
3075 3756 3501 3819 contentionem,

1922 3850 2141 3918 quidam
2177 3858 2359 3903 autem
2391 3856 2445 3903 et
2475 3856 2694 3918 preptcr
2740 3848 2938 3901 bonam
2986 3845 3316 3900 voluntatem
3347 3844 3501 3899 Chri-

1922 3951 2063 3993 stum
2111 3938 2437 4008 praedicant,
2495 3936 2713 4006 quidam
2789 3953 2853 3991 ett
2909 3935 3209 4001 charitute,
3267 3934 3502 3989 scientes

1922 4032 2180 4101 quoniam
2220 4030 2272 4083 in
2316 4029 2631 4084 defensioue
2659 4028 2933 4098 Evangelii
2964 4028 3172 4098 positus
3198 4041 3337 4079 sum.
3370 4026 3498 4089 Qui-

1920 4118 2045 4174 dam
2076 4129 2255 4174 autem
2278 4134 2343 4172 ex
2366 4118 2715 4175 contentione
2736 4118 3013 4173 Christum
3044 4115 3367 4170 annuutiant
3400 4130 3507 4167 nun

1923 4210 2168 4275 sincere,
2213 4210 2589 4265 existimantes
2618 4224 2928 4279 pressuram
2960 4208 3228 4264 suscitare
3274 4205 3504 4259 vinculis

1923 4302 2081 4358 meis.
2112 4302 2253 4370 Quid
2298 4302 2481 4357 enim?
2507 4301 2633 4356 dum
2660 4300 2806 4356 omni
2852 4300 3043 4365 modo,
3079 4301 3194 4355 sive
3223 4314 3320 4370 per
3346 4314 3504 4353 occa-

1924 4393 2163 4454 sionem,
2212 4392 2327 4448 sive
2370 4407 2468 4461 per
2501 4391 2786 4447 veritatem
2835 4389 3083 4446 Christus
3129 4378 3502 4451 obnuntietur,

240 4470 506 4529 Domine?
533 4472 724 4529 Nonne
752 4475 1058 4545 praecepisti
1091 4479 1199 4534 tuis
1225 4479 1406 4534 omnia
1436 4496 1556 4549 qua:
1586 4482 1821 4539 dixerint
1853 4499 1898 4558 υ
1924 4496 1975 4538 et
2011 4484 2062 4537 in
2099 4484 2201 4540 hoc
2230 4482 2471 4554 gaudeo,
2504 4482 2600 4537 sed
2644 4491 2701 4536 et
2729 4482 2994 4549 gaudebo.
3028 4480 3153 4535 Scio
3199 4481 3341 4534 cnim
3372 4478 3501 4549 quia

241 4577 463 4619 servare
509 4573 567 4618 et
614 4563 831 4620 facere?
874 4566 1132 4636 Adiecit:
1172 4586 1189 4620 ι
1228 4569 1426 4626 Dicunt
1454 4571 1598 4627 enim
1626 4581 1682 4628 et
1713 4590 1820 4630 non

240 4653 452 4712 faciunt
476 4654 687 4726 (ΝΜ).
727 4675 748 4709 ι
777 4661 855 4713 Ac
895 4660 941 4713 si
989 4658 1197 4716 diceret
1225 4678 1239 4716 :
1269 4661 1547 4720 Attendite
1580 4665 1707 4734 quia
1740 4667 1822 4721 di-

240 4755 405 4816 cunt,
446 4755 503 4804 et
531 4748 700 4806 nolite
729 4751 1010 4807 attendere
1042 4752 1166 4821 quia
1197 4769 1303 4809 non
1337 4755 1542 4811 faciunt
1571 4756 1712 4826 quod
1742 4758 1824 4813 di-

239 4844 394 4893 cunt.
437 4835 545 4896 Ubi
593 4840 836 4897 breviter
882 4844 1209 4913 praemonuit
1257 4846 1561 4900 doctrinam
1608 4848 1721 4902 oris
1767 4857 1825 4903 et

244 4929 613 4985 ministerium
642 4946 830 4986 eorum
860 4932 1007 5002 quod
1038 4948 1068 4987 a
1099 4932 1211 4989 Deo
1240 4946 1565 5006 acceperunt
1590 4937 1656 4991 ad
1686 4935 1819 4992 alio-

238 5035 367 5075 rum
393 5020 628 5078 salutem
657 5022 1030 5078 honorandum
1061 5032 1116 5078 et
1141 5025 1544 5095 suscipiendum
1567 5066 1583 5093 ,
1610 5035 1666 5084 et
1699 5043 1817 5084 car-

235 5111 385 5167 nalia
406 5123 596 5170 eorum
627 5126 788 5182 opera
815 5129 935 5184 qua:
978 5130 1009 5168 a
1039 5115 1275 5189 maligno
1304 5116 1507 5172 habent
1551 5119 1617 5175 ad
1665 5135 1818 5176 suam

1926 4576 2029 4631 hoc
2071 4577 2199 4631 mihi
2230 4576 2509 4647 proveniet
2554 4576 2605 4630 in
2650 4575 2879 4630 salutem
2926 4573 3093 4644 (Phil.
3134 4589 3184 4639 ι,
3217 4573 3327 4643 15).
3365 4590 3385 4624 ι
3420 4571 3504 4627 Ex

1924 4682 2029 4736 qua
2064 4667 2321 4722 nimirum
2349 4667 2483 4722 tanti
2515 4666 2755 4722 doctoris
2775 4666 3040 4720 sententia
3063 4672 3323 4734 quantum
3354 4676 3505 4717 mer-

1925 4758 2127 4811 cenarii
2159 4757 2273 4810 sint
2301 4754 2596 4811 necessarii
2645 4755 2936 4810 edocemur
2964 4771 2977 4807 :
3007 4752 3074 4806 de
3102 4752 3298 4820 quibus
3334 4748 3498 4804 etiam

1925 4860 2031 4900 non
2057 4845 2275 4900 sincere
2310 4843 2730 4912 praedicantibus
2754 4842 3028 4896 Christum
3068 4840 3147 4894 sic
3172 4840 3404 4902 laetatur,
3442 4845 3506 4893 ut

1923 4934 2038 4988 sive
2063 4934 2263 4989 invidia
2283 4972 2297 4997 ,
2344 4933 2458 4988 sive
2483 4932 2776 4987 occasione
2800 4929 3144 5001 praedicetur,
3177 4943 3237 4983 se
3262 4925 3506 4994 gaudere

1928 5033 1984 5080 et
2013 5026 2325 5095 gavisurum
2358 5031 2546 5078 tantus
2577 5021 2866 5093 Apostolus
2919 5025 3171 5085 testetur,
3212 5017 3511 5073 dummodo

1925 5114 2174 5172 Christus
2230 5112 2607 5167 annuntictur.
2676 5112 2741 5166 Et
2796 5109 2917 5181 quis
2975 5108 3187 5179 ignorat
3241 5114 3520 5176 quantum
