4064 5394
558 377 702 434 «ξοδ

1614 374 1971 433 IiL'MBEiiTl
2010 376 2068 433 S.
2110 376 2176 431 ii.
2219 377 2281 431 Ε.
2316 366 2727 433 CARDINALIS

3664 374 3800 432 1204

559 486 907 547 muniantur
943 489 1084 546 mala
1116 503 1313 560 opera,
1361 505 1460 545 nec
1507 498 1729 560 propter
1780 485 1917 544 mala
1961 488 2124 559 opera
2157 501 2200 553 Α
2231 486 2438 541 nrmius
2470 487 2709 543 retineri.
2745 486 2809 540 Et
2830 484 2985 556 juxta
3014 486 3251 543 litteram
3285 488 3469 558 itaque
3499 503 3693 545 verum
3720 499 3802 545 est

557 588 968 637 :ontemnantur
1021 583 1224 635 sanctae
1272 576 1791 649 przcdicationiset'
1839 578 2125 633 ministerii

2229 577 2571 642 proverbium
2620 576 2910 642 Veritatis,
2961 586 3017 630 et
3072 578 3420 635 nihilominus
3470 595 3664 634 verum
3721 589 3804 633 est

555 688 712 726 nona.
736 670 891 727 Unde
911 657 1130 728 necesse
1156 680 1260 737 est,
1290 671 1336 726 Si
1362 680 1620 741 carpatur
1639 670 1882 739 pendens
1907 670 1976 725 dc
1997 668 2154 738 sepe'
2220 666 2375 736 juxta
2404 667 2758 721 intentionem
2803 668 3052 723 dicentis.
3100 668 3272 722 Fures
3300 669 3571 739 siquidem
3624 679 3684 724 et
3730 669 3803 722 la-

554 772 738 819 uutrus
765 763 890 819 vitis
908 803 924 830 ,
954 771 1015 819 ut
1043 771 1300 819 caveatur
1325 762 1480 831 spina
1510 761 1677 831 scpis.

1068 871 1298 930 CAPUT
1356 871 1598 927 XXXIX.

553 965 627 1019 De
671 965 824 1020 malis
853 965 1074 1020 scienter
1115 949 1191 1018 vel
1222 964 1504 1017 nescienter
1546 963 1826 1032 promotis,
1857 971 1905 1016 et
1934 962 1998 1016 de
2028 964 2127 1015 mi-

823 1036 1037 1090 nisterio
1064 1050 1244 1088 eorum
1272 1034 1528 1087 sententia
1548 1031 1859 1087 ’Puscltasii.
2036 1046 2037 1049 ‘

619 1125 732 1181 llos
760 1124 905 1181 enim
941 1132 1002 1178 ut
1042 1124 1303 1178 Dominus
1353 1124 1407 1178 in
1454 1121 1697 1178 Ecclesia
1727 1136 1825 1177 sua
1869 1136 2040 1192 usque
2068 1121 2123 1176 in

551 1217 710 1273 tinem
756 1214 938 1271 saeculi
994 1224 1323 1271 monstraret
1374 1213 1617 1280 futuros,
1668 1224 1724 1269 et
1774 1229 1805 1268 a
1851 1214 2124 1286 magistris

551 1307 804 1364 Ecclesia:
832 1305 1151 1375 aliquando,
1170 1315 1231 1361 tit
1276 1291 1370 1361 aut
1413 1308 1835 1378 promoveantur
1883 1315 1978 1362 aut
2022 1306 2123 1361 nii-

551 1392 812 1467 nistrent,
848 1391 1310 1461 ~dissimulaudos,
1356 1397 1550 1453 Judam
1594 1398 1915 1468 sacrilegum
1946 1398 2120 1453 furem

549 1505 867 1560 promovere
898 1489 1064 1546 voluit
1088 1489 1155 1545 ad
1201 1490 1425 1561 gradum
1457 1489 1843 1559 apostolicum,
1873 1490 2122 1559 quamvis

548 1580 617 1635 ab
657 1576 1024 1636 initio‘sciret
1071 1576 1199 1648 quid
1246 1588 1391 1634 esset
1440 1578 1492 1631 in
1542 1578 1779 1632 homine.
1818 1577 1908 1632 Sic
1948 1579 2119 1633 sancti

548 1670 776 1740 apostoli
830 1686 861 1725 a
919 1679 997 1726 tot
1050 1669 1307 1725 miilibns‘
1341 1679 1652 1724 sanctorum
1726 1668 2121 1723 cmiiobitaruiu

546 1761 778 1818 electum
811 1756 1109 1826 Nicolaum,
1128 1759 1342 1829 Epicuri
1370 1758 1434 1813 de
1458 1774 1609 1829 grege
1637 1775 1872 1828 porcum,
1903 1773 2121 1828 promo-

2229 766 2413 812 trones
2441 756 2581 826 apud
2615 757 2863 811 homines
2893 766 3020 813 sunt
3058 760 3148 827 qui
3194 774 3299 813 non
3337 759 3544 812 intrant
3581 758 3639 813 in
3666 759 3806 813 ovile
3840 766 3843 769 ‘

2225 864 2322 919 per
2366 850 2565 904 ostium
2601 850 2696 904 sed
2741 849 2958 904 aliunde
2999 851 3317 915 ascendunt;
3361 858 3418 905 et
3452 849 3811 906 nihilominus

2227 940 2375 995 fures
2405 949 2460 994 et
2487 940 2726 996 latrones
2761 951 2889 997 sunt
2924 942 3064 1011 apud
3113 943 3278 996 Deum
3310 942 3401 1012 qui
3442 956 3550 997 non
3604 942 3814 997 intrant

2226 1027 2279 1082 in
2315 1029 2613 1085 Ecclesiam
2643 1044 2742 1099 per
2768 1029 3072 1093 Christum,
3105 1031 3198 1101 qui
3225 1040 3328 1097 est,
3358 1032 3501 1085 sicut
3527 1030 3808 1099 praedicat,

2225 1121 2478 1176 Ecclesia:
2506 1119 2738 1187 Ostium,
2780 1120 2872 1176 sed
2904 1121 3119 1175 aliunde
3155 1122 3470 1176 ascendunt.
3501 1120 3567 1175 Hi
3619 1118 3813 1191 procul

2226 1210 2390 1266 dubio
2424 1218 2551 1266 sunt
2594 1225 2784 1266 omnes
2814 1211 3089 1276 haeretici,
3124 1208 3291 1265 Judaei
3339 1218 3395 1265 et
3440 1210 3667 1280 pagani.
3702 1208 3813 1278 Ipsi

2225 1301 2370 1357 enim
2394 1302 2600 1371 pariter
2621 1317 2727 1357 non
2752 1301 2959 1355 intrant
2987 1301 3039 1354 in
3061 1300 3359 1355 Ecclesiam
3386 1315 3482 1370 per
3503 1299 3807 1363 Christum,

2231 1407 2392 1461 quem
2419 1399 2618 1462 negant
2645 1391 2698 1446 in
2720 1406 2885 1447 carne
2909 1392 3142 1447 venisse.
3173 1391 3230 1445 Si
3254 1388 3813 1461 quazritur‘quomodo

2224 1498 2413 1538 omnes
2444 1484 2683 1539 haeretici
2713 1493 2911 1557 negent
2940 1482 3217 1538 Christum
3248 1484 3300 1536 in
3340 1497 3506 1537 carne
3555 1482 3808 1547 venisse,

2223 1588 2383 1644 quem
2421 1573 2661 1628 nonnulli
2688 1588 2874 1629 eorum
2908 1574 3236 1628 conﬁtentur
3264 1573 3320 1627 in
3348 1588 3516 1628 carne
3556 1573 3810 1638 venisse,

2224 1662 2490 1718 sententia
2522 1664 2693 1719 sancti
2742 1663 3024 1735 Augustini
3073 1664 3126 1718 in
3160 1663 3323 1718 tertio
3364 1661 3520 1731 bnjus
3557 1660 3812 1732 opusculi

2226 1754 2367 1810 libro
2395 1755 2663 1824 relegatur
2687 1754 2831 1809 inde.
2864 1751 3017 1809 Nunc
3046 1754 3298 1809 videatur
3312 1753 3588 1824 quomodo
3613 1767 3809 1809 ascen-

523 1868 675 1910 vere
704 1853 773 1910 ad
823 1852 1174 1908 diaconatum
1219 1850 1529 1905 nescienter
1572 1859 1632 1903 ut
1675 1850 1756 1903 sic
1801 1849 2029 1903 dicatur.
2060 1848 2116 1903 ln
2150 1830 2195 1889 Β
2225 1848 2359 1902 dunt
2397 1845 2635 1899 aliunde.
2682 1844 2949 1900 Nimirum
2996 1844 3216 1900 aliunde
3262 1844 3598 1911 ascendunt,
3652 1845 3812 1914 verbi

545 1943 742 2017 quibus
765 1938 974 1998 duabus
1000 1938 1283 1996 evidenter
1300 1941 1304 1945 ’
1324 1938 1777 2010 prmﬁgurabatur
1801 1938 1935 1994 alios
1958 1938 2085 1993 sciri
2104 1978 2119 2002 ,

545 2038 680 2093 alios
710 2026 905 2093 nesciri
929 2076 945 2102 ,
974 2032 1101 2089 dum
1151 2033 1204 2088 in
1256 2031 1501 2090 Ecclesia
1543 2040 1949 2103 promoventur,
1980 2045 2149 2101 quur

546 2144 664 2187 rum
699 2137 876 2181 tamen
909 2124 1141 2180 oilicium
1174 2132 1267 2179 aut
1296 2139 1395 2195 pro
1422 2124 1614 2193 scipsis
1640 2122 1989 2193 approbatur,
2020 2135 2123 2190 pro

546 2220 669 2279 aliis
696 2212 913 2276 interim
940 2217 1217 2273 toleratur.
1255 2216 1351 2284 Qui
1383 2216 1641 2287 quidquid
1681 2217 1731 2270 in
1762 2214 2120 2271 sacramentis

544 2310 744 2367 divinis
763 2325 861 2384 pro
877 2308 1055 2363 oilicio
1073 2308 1175 2362 sibi
1202 2308 1411 2362 credito
1428 2307 1643 2362 interim
1669 2314 1852 2377 agunt,
1872 2314 2119 2359 sanctum
2144 2318 2147 2321 '

545 2411 857 2467 esttotum,
889 2401 1027 2456 sicut
1076 2398 1243 2454 Judas
1293 2408 1419 2454 ante
1464 2398 1782 2469 proditionis
1810 2397 2122 2453 conventio-

547 2509 673 2549 nem
692 2533 707 2558 ,
735 2487 789 2548 et
823 2490 1073 2545 Nlcolaus
1098 2498 1223 2544 ante
1251 2505 1361 2544 sua:
1388 2487 1765 2543 abominabitis
1791 2495 1950 2541 εει-ιω
1975 2485 2120 2539 θιίἰη-

544 2583 877 2639 ventionem.
928 2581 1083 2648 Quod
1136 2580 1300 2636 etlam
1358 2595 1423 2635 ex
1481 2579 1662 2634 libello
1722 2577 1997 2633 Paschasii
2046 2577 2121 2633 De

543 2690 772 2747 corpore
816 2674 1027 2730 Domini
1079 2673 1433 2749 approbatur,
1465 2672 1553 2727 ubi
1582 2672 1660 2727 sic
1691 2671 1890 2742 legitur
1922 2689 1933 2724 :
1971 2669 2120 2725 Licet

544 2782 672 2824 reus
713 2767 784 2822 sit
832 2762 1116 2829 sacerdos,
1162 2766 1311 2830 etc.,'
1340 2779 1536 2817 munus
1565 2778 1675 2818 suzt:
1719 2760 2003 2833 largitatis.
2043 2762 2119 2817 De

542 2873 650 2930 qua
678 2857 888 2931 praefati
918 2857 1019 2911 viri
1051 2855 1341 2922 sententia,
1375 2871 1441 2910 ne
1462 2854 1601 2908 forte
1628 2850 1935 2908 rcstruatnr
1965 2853 2120 2908 nobis

543 2946 846 3012 calumnia,
878 2946 1005 3017 quia
1035 2946 1236 3001 dicitur
1260 2946 1348 3001 hic
1377 2945 1431 3000 in
1467 2943 1573 2999 [ine
1615 2959 1713 3013 per
1757 2943 2116 2998 ministerium

543 3037 957 3095 criminosorum
988 3036 1106 3089 dari
1139 3033 1400 3105 Spiritum
1433 3042 1680 3089 sanctum
1701 3074 1715 3097 ,
1743 3032 1990 3104 quamvis
2017 3031 2116 3102 ipsi

540 3144 664 3184 eum
693 3144 797 3183 non
831 3125 1098 3191 habeant,
1132 3127 1276 3194 quod
1305 3125 1628 3195 interposuit
1656 3125 1708 3179 in
1741 3124 1919 3195 capite
1944 3131 2117 3178 atten-

541 3222 693 3289 dant,
724 3221 813 3276 ubi
841 3221 919 3276 sic
986 3219 1331 3293 hypotheti'ce
1367 3219 1482 3273 ait:
1514 3218 1660 3273 Nihil
1715 3219 1895 3273 minus
1949 3217 2116 3271 habet

546 3314 647 3366 hoc
678 3312 992 3387 mysterium
1023 3327 1051 3365 a
1084 3310 1274 3379 quovis
1308 3308 1550 3379 indigno,
1586 3310 1632 3363 si
1678 3318 1855 3363 tamen
1901 3319 2118 3379 aposto-

540 3400 662 3455 lica;
691 3398 1011 3468 propaginis
1032 3399 1371 3453 institutione
1397 3398 1738 3452 consecratio
1771 3398 2109 3459 exhibeatur;

540 3488 667 3560 quia
697 3502 800 3542 non
830 3503 894 3542 ex
922 3502 1016 3551 eo,
1050 3488 1143 3542 sed
1189 3502 1255 3542 ex
1291 3487 1408 3556 ejus
1433 3485 1607 3545 obicio
1634 3501 1664 3540 a
1704 3501 1915 3541 summo
1938 3486 2117 3556 ponti-

539 3583 644 3631 tice
672 3576 850 3648 gratia
877 3591 1039 3648 quam
1073 3577 1187 3647 ipsa
1218 3576 1430 3631 Veritas
1474 3576 1814 3645 repromisit,
1842 3576 2112 3646 impletur.

547 3667 695 3723 Unde
718 3667 888 3740 liquet
910 3683 1004 3723 eos
1029 3668 1230 3722 habere
1251 3667 1510 3737 Spiritum
1541 3675 1784 3721 sanctum
1813 3666 2116 3722 ministerio

540 3760 687 3830 quod
737 3760 1049 3833 apostolicae
1092 3760 1400 3829 propaginis
1436 3759 1776 3814 institutione
1817 3773 2112 3828 accepere,

541 3872 641 3916 nec
670 3864 851 3915 tamen
883 3856 988 3912 sibi
1035 3856 1165 3925 ipsis
1193 3856 1413 3911 habere.
1444 3852 1657 3909 Habent
1686 3851 1829 3907 enim
1858 3852 1923 3905 ad
1953 3851 2113 3905 mini-

538 3947 821 4003 strandum
862 3946 992 4003 aliis
1037 3945 1212 4009 bona,
1251 3959 1350 3998 nec
1398 3943 1599 3999 habent
1627 3941 1693 3995 ad
1737 3938 2141 3995 declinandum:

538 4039 642 4094 sibi
676 4036 839 4094 mala.
890 4035 1103 4093 [labent
1144 4038 1338 4092 deinde
1364 4036 1431 4090 ad
1460 4036 1595 4090 bene
1623 4033 1986 4097 credendum,
2017 4045 2116 4086 nec

539 4127 743 4183 habent
793 4129 860 4183 ad
908 4130 1045 4183 bene
1092 4128 1413 4192 vivendum,
1443 4128 1585 4183 sicut
1627 4126 1876 4196 superius
1903 4130 2115 4179 constat

540 4220 756 4278 abunde
798 4230 1193 4287 monstratum,
1222 4231 1276 4276 et
1307 4221 1447 4291 quod
1491 4218 1853 4276 ministerium
1896 4216 2139 4272 luereti-'

540 4324 730 4365 corum
776 4325 880 4365 non
929 4311 1003 4365 sit
1046 4310 1285 4374 Christi,
1318 4324 1490 4378 neque
1518 4309 1664 4364 enim
1708 4319 1987 4377 acceptum
2033 4314 2116 4360 est

543 4399 885 4456 institutione
910 4396 1219 4468 apostolicae
1242 4397 1576 4468 propaginis.
1636 4400 1639 4403 ’

928 4502 931 4505 ’
1137 4507 1364 4563 CAPUT
1405 4506 1515 4561 XL.

606 4579 687 4635 De
713 4579 927 4653 furibus
945 4578 984 4634 S
1006 4580 1287 4642 monincis,
1312 4588 1359 4631 et
1388 4577 1616 4649 qualiter
1642 4577 1772 4632 ovile
1821 4577 2036 4631 intrent.

613 4671 752 4727 Hinc
784 4672 910 4740 quia
946 4671 1148 4725 dictum
1185 4677 1266 4724 est
1289 4668 1356 4723 de
1384 4668 1732 4723 mercenariis
1761 4668 1897 4723 intra
1928 4666 2112 4723 Eccle—

539 4765 710 4830 siam,
742 4764 960 4819 dicatur
986 4772 1037 4818 et
1069 4761 1136 4817 de
1168 4761 1376 4816 furibus
1405 4771 1559 4815 extra
1613 4760 1933 4816 Ecetcsiam.
1963 4760 2111 4828 Quo-

539 4877 659 4920 rum
685 4860 787 4916 hoc
817 4869 902 4915 est
951 4859 1243 4913 maximum
1273 4868 1328 4912 et
1356 4856 1587 4926 primum
1637 4855 1925 4919 indicium,
1969 4854 2110 4922 quod

540 4969 646 5015 non
680 4953 884 5008 intrant
908 4964 1004 5023 per
1029 4952 1256 5014 ostium,
1289 4950 1382 5004 sed
1408 4947 1621 5002 aliunde
1650 4945 1968 5001 ascendunt.
2006 4931 2111 4998 Pro

2221 1939 2391 2009 gratia
2429 1938 2638 2003 Ariani,
2668 1937 2760 2006 qui
2781 1938 2860 1993 sic
2883 1950 3238 2007 personarum
3272 1936 3574 1993 trinitatem
3596 1936 3812 1993 discere

2221 2037 2391 2096 nunt,
2422 2037 2480 2083 ut
2513 2028 2832 2083 substantia:
2848 2017 3078 2099 'quoque
3108 2027 3308 2083 divina:
3352 2028 3623 2082 unitatem
3670 2027 3814 2082 divi-

2220 2122 2374 2176 dant.
2420 2121 2651 2176 Aliunde
2681 2120 2974 2177 Sabelliani
2998 2162 3012 2188 ,
3047 2122 3139 2192 qui
3189 2120 3272 2177 sic
3318 2123 3583 2177 unitatem
3608 2123 3813 2179 divina:

2221 2213 2538 2269 substantiae
2579 2214 2903 2284 pradicant,
2949 2223 3009 2269 ut
3040 2215 3340 2270 trinitatem
3365 2228 3586 2284 quoque
3610 2230 3811 2284 perso-

2223 2317 2414 2357 narum
2445 2303 2793 2357 confundant.
2833 2303 3071 2372 Longum
3121 2310 3233 2366 εει,
3281 2313 3335 2359 et
3381 2318 3550 2372 supra
3598 2304 3809 2374 ingenii

2223 2396 2392 2450 nostri
2425 2397 2589 2462 vires,
2619 2395 2928 2467 singulatim
2946 2395 3271 2465 reliquarum
3306 2396 3586 2451 haereseon
3622 2405 3810 2467 pestes

2223 2487 2521 2542 revolvere.
2554 2487 3121 2558 Unde,przetermissis
3137 2487 3281 2552 aliis,
3306 2486 3607 2540 Simouiani
3627 2526 3643 2552 ,
3668 2501 3807 2558 quos

2220 2588 2405 2633 noster
2434 2578 2595 2649 pugio
2642 2578 2934 2648 specialius
2979 2578 3223 2648 impetit,
3266 2578 3541 2646 quomodo
3584 2578 3808 2633 aliunde

2220 2668 2515 2723 ascendant
2546 2676 2933 2722 monstremus.
2964 2667 3230 2721 Nimirum
3252 2676 3302 2721 et
3328 2667 3464 2738 ipsi,
3488 2677 3806 2739 contempto

2219 2757 2357 2812 ostio
2379 2757 2598 2813 Christo
2620 2766 2669 2812 et
2697 2759 2923 2812 ostiario
2945 2756 3114 2827 ipsius
3136 2757 3341 2825 Spiritu
3362 2767 3557 2814 sancto
3579 2758 3803 2813 aliunde

2218 2846 2555 2909 ascendunt,
2592 2845 2719 2900 dum
2751 2860 2846 2899 sua
2884 2844 3147 2915 pecunia,
3188 2844 3334 2900 velut
3376 2845 3538 2900 scalis
3582 2855 3640 2901 ct
3684 2863 3801 2902 ma.

2216 2934 2785 3002 chinis,Dominicum
2839 2932 3138 3006 parietem,
3208 2935 3518 2991 unanimem
3588 2932 3803 2989 scilicet

2217 3024 2396 3095 p0puli
2446 3026 2538 3080 Dei
2588 3041 2911 3081 consensum
2954 3035 3011 3080 et
3055 3026 3382 3081 soliditatem
3428 3035 3805 3096 expugnaturi

2217 3116 2556 3182 adoriuntur,
2596 3125 2649 3170 et
2695 3131 2818 3171 eum
2867 3124 2959 3169 aut
3007 3117 3270 3185 reptando
3316 3116 3662 3180 transiliunt,
3695 3126 3796 3166 aut

2217 3208 2510 3279 subigendo
2543 3207 2629 3263 vel
2662 3217 2810 3263 certe
2845 3206 3187 3277 impingendo
3236 3209 3560 3277 irrumpunt.
3607 3206 3802 3273 Neque

2216 3302 2360 3358 enim
2385 3300 2554 3372 legem
2584 3301 2706 3355 ostii
2732 3301 2962 3356 dicentis
2988 3314 3003 3353 :
3035 3317 3054 3350 ι
3075 3299 3255 3355 Gratis
3275 3300 3596 3369 accepistis,
3626 3299 3803 3369 gratis

2217 3395 2340 3450 date
2364 3394 2576 3465 (Matth.
2610 3409 2673 3459 χ,
2698 3394 2788 3463 8),
2828 3410 2847 3444 ι
2882 3401 3219 3458 reverentur,
3252 3406 3352 3446 nec
3391 3391 3799 3461 beneplacitnm

2216 3487 2421 3542 ostiarii
2454 3484 2854 3555 przcstolantur,
2904 3485 2996 3539 sed
3025 3484 3284 3554 principiti
3318 3485 3597 3553 prioratus
3647 3484 3803 3553 cupi-

2216 3579 2341 3634 dine
2372 3580 2512 3642 acti,
2544 3579 2746 3647 pariete
2773 3584 3093 3631 transcenso
3119 3576 3202 3629 vel
3228 3574 3457 3631 suffosso
3481 3583 3579 3628 aut
3612 3584 3794 3643 rupto,

2216 3684 2346 3725 oves
2376 3668 2594 3739 pessimi
2634 3667 2814 3721 furum
2860 3674 2916 3720 et
2945 3665 3214 3720 latroitum
3265 3665 3549 3720 invadunt.
3580 3665 3649 3718 Et
3674 3666 3800 3732 qui-
3827 3678 3832 3682 '

2216 3764 2335 3819 dein
2384 3760 2782 3815 transcenditnr
2825 3760 2893 3812 ab
2941 3758 3045 3813 illis
3085 3759 3266 3829 paries
3310 3759 3471 3814 ovilis
3501 3758 3619 3821 Dei,
3645 3775 3795 3820 rum,

2216 3852 2564 3909 saecularibus
2611 3850 2970 3921 potestatibus
3000 3849 3190 3913 abusi,
3239 3849 3534 3919 praevalent
3581 3857 3795 3918 tempo-

2218 3947 2405 4001 raliter
2434 3943 2625 3999 ovibus
2656 3942 2957 4007 dominari;
2999 3940 3285 3997 suffoditur
3331 3950 3513 3995 autem
3533 3980 3547 4004 ,
3577 3940 3670 3994 ubi
3701 3954 3791 3994 ec-

2214 4036 2547 4092 clesiasticas
2596 4047 2863 4104 personas
2904 4031 3257 4087 fundamento
3304 4029 3562 4086 Ecclesia:
3616 4031 3795 4084 mlite-

2215 4134 2398 4180 rentes
2421 4124 2716 4179 extrahunt
2734 4133 2789 4177 et
2814 4121 2915 4176 sibi
2937 4122 3238 4176 attrahunt.
3264 4121 3554 4191 Rumpitur
3572 4120 3793 4186 deinde,

2222 4216 2312 4269 ubi
2348 4214 2646 4270 mediocres
2670 4222 2723 4268 et
2742 4202 2916 4268 laicas
2942 4200 3204 4284 personas
3231 4228 3261 4267 a
3291 4211 3558 4268 charitate
3587 4211 3796 4267 Christi

2213 4306 2509 4361 dissociant
2539 4314 2594 4360 et
2634 4302 2735 4360 sibi
2766 4307 3098 4360 consociant.
3143 4304 3189 4358 Α
3233 4305 3430 4375 quibus
3474 4313 3531 4359 et
3581 4312 3787 4360 tectum

2213 4396 2496 4461 scinditur,
2544 4397 2632 4451 ubi
2684 4393 3002 4466 prmpositos
3043 4396 3298 4451 Ecclesiae
3343 4394 3661 4466 integritate
3705 4396 3787 4449 sui

2142 4486 2377 4566 Doilicii
2407 4485 2833 4556 depopulantur.
2859 4485 2986 4539 Sive
3010 4500 3139 4556 ergo
3172 4485 3455 4555 reptando,
3484 4485 3598 4538 sive
3627 4482 3791 4539 sulfu-

2213 4577 2442 4641 dieudo,
2487 4576 2602 4632 sive
2648 4577 2995 4647 irrumpe‘ndo
3049 4577 3103 4629 in
3149 4576 3289 4630 ovile
3342 4576 3592 4640 irruant,
3639 4583 3791 4645 patet

2213 4670 2459 4742 profecto
2489 4669 2619 4740 quia
2650 4669 3053 4739 aliunde'qnam
3092 4683 3190 4739 per
3220 4666 3418 4721 ostium
3464 4668 3784 4721 ascendunt.

2214 4763 2459 4832 Denique
2492 4772 2587 4817 aut
2616 4761 2906 4816 szeculares
2929 4755 3225 4830 potestates
3253 4760 3425 4828 pretio
3449 4771 3787 4831 expugnant,

2214 4862 2308 4906 aut
2342 4852 2615 4907 inferioris
2660 4852 2871 4908 ordinis
2911 4849 3312 4904 ecclesiasticas
3360 4864 3654 4918 personas,
3695 4860 3789 4903 aut

2212 4959 2396 4998 earum
2440 4943 2788 5014 praepositos,
2841 4951 2934 4997 aut
2983 4950 3131 4995 certe
3182 4940 3473 4996 mediocris
3532 4941 3789 5011 potentia:
