4064 5394
296 297 321 351 Ι
334 294 435 353 205

929 298 1298 362 ADVERSUS
1339 303 1746 364 SIMONIACOS
1788 304 1967 363 LIBRI
2008 304 2209 368 TRES.
2237 340 2310 353 --
2337 305 2541 368 LIBER
2580 306 2900 372 TERTIUS.

3408 307 3547 362 ι’ροθ

292 411 521 482 neglecti
551 417 607 466 et
635 411 854 469 inutiles
892 411 1079 483 jacent
1122 399 1300 473 extra.
1325 419 1528 474 Christi
1559 417 1869 476 :edillcium.
1905 435 1948 492 Α
1978 425 2190 490 obesse,
2252 425 2346 480 sed
2382 408 2545 495 etiam
2592 408 2871 496 prodesse,
2930 421 3158 480 Domino
3197 400 3546 489 reclamante,

291 500 401 556 Sed
428 513 486 557 et
531 502 630 572 ipsi
662 502 899 572 parietes
935 513 990 559 et
1020 512 1222 559 tectum
1269 507 1575 576 perniciose
1619 508 1871 563 videntur

288 601 467 654 stare,
502 602 595 647 aut
637 609 958 664 superesse,
1009 595 1194 668 fugato
1226 597 1349 652 inde
1398 600 1626 653 ostiario
1647 640 1661 663 ,
1693 607 1747 653 et
1778 615 1871 654 ex-

287 683 509 739 stinctis
535 684 752 750 ovibus,
808 704 928 757 qua:
960 689 1338 759 relinquuntur
1366 690 1640 745 solitudini
1669 682 1721 746 et
1759 691 1871 745 rui-

288 789 402 841 nae,
438 774 629 832 bestiis
672 791 889 847 quoque
914 788 969 834 et
1000 779 1293 836 immundis
1338 782 1545 837 avibus.
1770 768 1774 772 Δ

882 890 1110 947 CAPUT
1149 893 1282 947 XLI.

284 977 533 1045 Qualiter
558 980 857 1036 Simoniam‘
886 986 1154 1039 imitentur
1174 987 1356 1040 swculi
1386 988 1552 1056 fures,
1586 997 1631 1042 et
1660 1005 1777 1059 qua:
1805 989 1869 1043 sit

533 1067 715 1106 eorum
743 1069 862 1118 vox,
887 1071 1043 1124 quam
1068 1073 1169 1109 non
1214 1059 1433 1111 audiunt
1486 1074 1623 1113 oves.
1868 1070 1871 1071 '

359 1139 495 1196 llinc
518 1142 891 1198 consideretur
920 1161 1080 1214 quam
1111 1147 1347 1201 maxime
1391 1159 1655 1219 congruat
1701 1146 1870 1203 latro-

278 1232 431 1287 cinio
458 1232 899 1289 Simonianorum
939 1236 1082 1304 Quod
1128 1236 1264 1291 solet
1322 1237 1435 1292 neri
1488 1253 1871 1309 nonnunquam

279 1342 313 1377 a
342 1326 522 1380 saeculi
555 1325 875 1382 la'tronibus.
910 1327 1129 1398 Nempe,
1154 1328 1418 1384 violenter
1454 1329 1594 1384 ovile
1619 1329 1869 1401 ingressi,

277 1417 436 1483 prius
459 1416 1406 1488 ostiarinmaggrediuntur,eumqne
1430 1434 1525 1473 nec
1538 1434 1687 1473 mora
1711 1418 1873 1475 ευπο-

277 1514 411 1556 cant
439 1504 792 1575 autalligant,
820 1515 879 1558 ut
923 1508 1169 1562 securius
1219 1522 1349 1562 oves
1399 1508 1501 1563 sibi
1552 1508 1772 1579 abigant
1818 1516 1873 1564 et

277 1596 536 1664 perdant.
559 1595 711 1663 Quod
738 1595 889 1651 nefas
909 1598 1224 1668 quotidiana
1252 1601 1628 1671 experimento
1656 1610 1873 1657 constat
1917 1612 1922 1617 '

275 1676 456 1739 tieria
488 1684 841 1754 Simonianis,
868 1699 919 1743 et
952 1699 1101 1745 tanto
1133 1692 1383 1763 nequius,
1430 1702 1635 1764 quanto
1686 1693 1868 1748 ditina

1974 528 2080 568 non
2112 529 2296 568 vemre
2322 513 2470 569 l‘urcs
2500 515 2603 570 nisi
2640 516 2704 570 ad
2736 514 2926 575 furari,
2949 521 3187 567 mactare
3217 521 3269 565 et
3299 509 3552 580 perdere?

1974 601 2125 658 Unde
2147 603 2236 671 qui
2261 603 2374 659 haec
2405 604 2517 657 sola
2550 606 2601 657 in
2634 596 2699 677 se
2724 604 2943 670 habent,
2977 613 3029 658 et
3061 602 3128 658 ad
3164 602 3280 657 lucc
3308 601 3417 655 sola
3449 612 3550 657 ve-

1972 690 2147 755 niunt,
2178 692 2318 761 quod
2350 693 2549 746 bonum
2574 682 2714 747 dare
2744 693 2934 748 saltem
2976 694 3120 747 bono
3166 690 3388 745 cuilibet
3423 702 3553 760 pos»

1972 789 2117 847 sunt,
2156 782 2260 835 nisi
2298 780 2435 836 forte
2485 767 2876 853 'resipiscentes
2908 798 2965 837 se
2995 779 3143 851 prius
3196 776 3551 846 mutaverint,

1970 883 2025 931 et
2048 868 2249 931 bonum
2280 875 2429 941 quod
2452 874 2572 927 aliis
2597 875 2725 927 dare
2771 881 2998 943 possunt
3021 870 3362 940 acceperint?
3404 868 3559 949 Quo-ﬂ

1973 977 2093 1018 rum
2129 978 2195 1017 ne
2218 964 2391 1019 dicam
2423 962 2645 1045 factum,
2673 965 2764 1017 sed
2789 964 2900 1032 ipsa
2948 977 3163 1032 quoque
3205 976 3305 1015 vox
3357 971 3548 1015 eorum

1973 1054 2025 1109 in
2054 1066 2260 1111 tantum
2290 1049 2632 1118 funestaest,
2656 1062 2738 1119 ut,
2769 1054 2813 1108 si
2841 1068 2960 1107 eam
2993 1050 3280 1114 audierint,
3297 1064 3400 1103 non
3426 1063 3554 1118 pos-

1973 1145 2080 1200 sint
2102 1145 2379 1199 non'tnori
2404 1160 2549 1199 oves.
2582 1142 2842 1212 Denique,
2871 1141 2961 1197 ubi
2989 1156 3108 1195 cant
3134 1138 3429 1201 audierint,
3457 1137 3548 1190 dc-

1973 1239 2153 1293 sinunt
2178 1252 2299 1292 esse
2327 1253 2456 1292 oves
2484 1235 2709 1303 Christi,
2748 1237 2863 1307 ipso
2885 1240 3222 1305 protestante
3244 1229 3391 1309 .quia
3442 1244 3549 1283 non

1973 1331 2371 1384 audicrnnteos
2401 1343 2549 1383 oves.
2584 1327 2741 1381 Patet
2771 1342 2900 1396 ergo
2935 1324 3069 1380 tales
3112 1322 3221 1391 jam
3259 1337 3365 1374 non
3421 1319 3563 1395 boni

1973 1422 2204 1494 pastoris
2231 1435 2380 1485 oves,
2412 1434 2531 1490 quae
2554 1419 2845 1474 audierunt
2878 1419 3046 1471 fures.
3106 1415 3174 1469 Et
3206 1413 3336 1483 quid
3391 1408 3554 1467 sunt?

1973 1504 2180 1583 Raptre,
2206 1520 2456 1566 mactata:
2478 1526 2506 1563 a
2538 1510 2745 1565 furibus
2775 1518 2829 1563 ct
2849 1508 3094 1579 perditae,
3139 1518 3194 1561 et
3223 1503 3429 1559 idcirco
3475 1500 3552 1558 nil

1973 1599 2447 1672 aliudjam'quam
2506 1594 2799 1655 latronum
2834 1598 3085 1653 victimm.
3143 1596 3348 1663 Quibus
3398 1589 3555 1647 malis

1977 1693 2189 1747 misera:
2212 1706 2317 1746 non
2344 1689 2777 1753 succumberent,
2804 1687 2847 1743 si
2872 1703 3062 1743 eorum
3107 1699 3265 1740 voces
3317 1698 3421 1738 non
3455 1696 3554 1737 au-

275 1778 495 1849 patiora
533 1789 656 1834 sunt
679 1780 951 1837 humanis.
979 1782 1237 1855 Equidem
1273 1786 1398 1858 ipsi,
1443 1797 1500 1842 ut
1531 1787 1711 1858 plebes
1760 1788 1863 1843 dici
1901 1784 1940 1843 Β
1971 1786 2193 1842 dissent.
2218 1782 2473 1851 Quamvis
2497 1780 2640 1837 enim
2669 1779 2907 1835 latrones
2935 1779 3233 1848 irrumpere
3264 1772 3551 1845 aliquando

275 1871 497 1940 possint
530 1871 589 1925 lil
606 1886 698 1927 ere
720 1873 983 1929 devorare
1007 1884 1061 1932 et
1076 1877 1318 1946 perdere,
1341 1876 1599 1948 Spiritum
1623 1888 1869 1934 sanctum

278 1963 450 2037 iacis
469 1964 620 2035 prius
652 1966 1026 2037 exstinguere,
1075 1977 1167 2022 aut
1197 1969 1435 2024 vinctum
1493 1970 1596 2025 sibi
1647 1981 1871 2025 conten-

278 2056 421 2112 dunt
450 2057 781 2128 mancipare.
813 2056 999 2113 Nonne
1027 2059 1275 2115 videntur
1298 2076 1419 2115 cum
1448 2060 1724 2132 alligatum
1756 2070 1868 2115 tra-

277 2146 443 2214 here,
472 2162 591 2202 cum
623 2148 740 2218 ejus
766 2148 996 2219 gratiam
1029 2136 1309 2204 conﬁdunt
1336 2167 1394 2206 se
1425 2166 1580 2220 posse
1633 2151 1715 2205 cui
1774 2167 1869 2205 vo-

278 2238 485 2294 luerint
516 2248 771 2310 tanquam
805 2241 1072 2312 captivam
1104 2243 1383 2298 vendere?
1441 2243 1628 2298 Nonne
1661 2242 1808 2298 velut
1838 2257 1868 2296 a

280 2344 344 2385 se
370 2331 699 2386 exstinctum
731 2332 1028 2403 regiigunt,
1062 2334 1149 2387 ubi
1180 2349 1275 2389 sua
1304 2333 1525 2404 perﬁdia
1577 2334 1630 2387 in
1679 2335 1870 2390 ovibus

278 2435 425 2486 quas
452 2419 761 2476 viviﬁcabat
807 2422 954 2476 illum
996 2424 1365 2495 exstinguunt.
1398 2426 1680 2495 Exstingui
1722 2428 1867 2480 enim

278 2508 489 2563 dicitur
517 2509 747 2578 Spiritus
776 2519 1013 2574 sanctus,
1050 2529 1169 2566 cum
1210 2513 1364 2575 ﬁdes,
1390 2528 1508 2582 qua:
1548 2516 1731 2584 utique
1774 2517 1869 2569 do-

268 2615 419 2655 1mm
443 2609 547 2664 est,
573 2601 768 2670 cuique
800 2603 910 2671 ipse
941 2602 1465 2670 prtesidet,accessu
1509 2605 1746 2674 perﬁdiae
1773 2621 1870 2661 ex-

280 2691 605 2767 stinguitur.
637 2690 792 2747 Unde
815 2703 868 2747 ct
896 2693 1188 2762 Apostolus
1221 2708 1405 2751 monet
1432 2699 1543 2752 sic:
1570 2718 1586 2749 ι
1609 2698 1871 2768 Spiritum

280 2781 457 2835 nolite
511 2783 898 2853 exstinguere,
952 2771 1265 2853 prophetias
1316 2786 1479 2840 nolite
1534 2789 1873 2860 spernere(!

284 2868 429 2922 Tim.
461 2885 515 2934 ν,
552 2871 659 2941 l0).
699 2890 717 2921 ›
750 2869 1114 2941 Exstinguunt
1149 2873 1307 2941 plane
1337 2874 1598 2943 Spiritum
1625 2885 1872 2931 sanctum

280 2957 441 3013 fures
472 2959 557 3013 isti
591 2961 643 3012 in
681 2960 1007 3026 ovibus,ubi
1053 2961 1430 3017 communione
1480 2963 1561 3018 vel
1606 2980 1871 3021 consensu

281 3050 584 3120 impietatis
614 3049 875 3105 offensum
903 3052 1158 3107 recedere
1187 3053 1255 3107 ab
1278 3053 1357 3108 eis
1390 3062 1445 3108 et
1494 3053 1680 3126 fugere
1720 3071 1871 3112 com—

1974 1879 2039 1932 ad
2068 1892 2197 1931 oves
2229 1873 2574 1945 praevaleant,
2604 1888 2710 1927 non
2741 1880 2920 1926 tamen
2949 1877 3176 1941 possunt
3208 1866 3397 1930 furari,
3437 1881 3552 1918 nta-

1972 1975 2121 2021 ctare
2146 1974 2237 2019 aut
2271 1962 2498 2031 perdere
2520 1978 2639 2027 eas,
2671 1962 2778 2017 nisi
2817 1962 2967 2032 prius
2996 1958 3116 2013 illos
3145 1956 3393 2020 audiant;
3451 1967 3554 2010 nec

1971 2058 2206 2115 clliciunt
2243 2056 2391 2111 fures
2415 2056 2556 2127 quod
2588 2062 2819 2119 tentant,
2854 2052 3094 2125 quandiu
3119 2065 3248 2105 oves
3268 2048 3349 2106 eis
3399 2045 3555 2102 audi-

1973 2161 2084 2207 tum
2110 2167 2264 2205 suum
2297 2163 2401 2204 non
2430 2146 2863 2203 accommodant.
2887 2145 3033 2212 Quas
3064 2145 3205 2198 enim
3246 2156 3408 2197 ncces
3466 2138 3556 2194 Si-

1971 2242 2209 2299 moniani
2245 2241 2604 2312 prmvalercnt
2627 2240 2907 2294 catholicis
2928 2238 3148 2299 inferre.
3179 2237 3222 2291 si
3250 2233 3549 2306 prmmoniti

1973 2352 2000 2390 a
2035 2338 2176 2391 bono
2207 2343 2420 2405 pastore
2451 2349 2550 2387 suo
2573 2333 2813 2397 Christo,
2846 2330 3158 2403 refugerent
3180 2345 3275 2386 eos
3295 2338 3551 2398 tanquam

1971 2437 2218 2498 pastores
2255 2424 2460 2488 audire,
2496 2439 2761 2492 suumque
2821 2421 3061 2476 favorem
3118 2428 3172 2476 et
3224 2430 3549 2475 consensum

1974 2517 2173 2571 talibus
2197 2516 2406 2570 furibus
2435 2515 2712 2586 praebere?
2757 2512 3121 2581 Quamobrem
3176 2504 3577 2579 multiplicatio

1973 2616 2027 2661 et
2055 2606 2280 2660 audacia
2306 2604 2484 2658 furum
2514 2614 2569 2658 ct
2598 2604 2867 2658 latronum
2905 2604 3141 2657 maxime
3191 2602 3439 2673 provenit
3485 2617 3556 2658 ex

1973 2696 2172 2749 misera
2204 2693 2463 2763 patientia
2494 2692 2699 2755 ovium,
2727 2708 2845 2761 quae
2867 2692 3016 2763 justo
3056 2691 3149 2746 Dei
3193 2689 3401 2758 judicio
3432 2705 3558 2762 per-

1974 2794 2129 2850 eunt,
2168 2772 2292 2856 quia
2327 2784 2537 2838 duobus
2583 2784 2798 2838 indiciis
2849 2783 2993 2838 velut
3044 2782 3265 2837 totidem
3325 2776 3577 2838 teStibax'

1974 2888 2262 2950 praeventa:
2284 2887 2336 2933 et
2358 2877 2583 2939 edoctae,
2614 2876 2762 2930 fures
2789 2891 2981 2931 cavere
3004 2884 3098 2930 aut
3144 2874 3431 2944 neglexere
3462 2883 3556 2928 aut

1977 2985 2376 3046 contempsere.
2420 2972 2680 3043 Equidem
2733 2973 2839 3026 duo
2888 2972 3109 3038 indicia,
3162 2971 3358 3039 quibus
3407 2966 3557 3021 fures

1978 3075 2387 3138 cognoscerent,
2418 3052 2530 3120 suis
2558 3056 2741 3119 bonus
2784 3072 2972 3133 pastor
3013 3062 3294 3133 proposuit
3339 3058 3552 3121 ovibus.

280 3144 496 3212 pellunt
528 3162 541 3197 :
573 3160 678 3215 quo
709 3146 999 3210 exstincto,
1030 3160 1220 3202 omnes
1243 3146 1355 3216 jam
1386 3150 1717 3217 prophetias,
1767 3150 1868 3204 hoc

1976 3169 2033 3213 ut
2059 3158 2104 3212 si
2142 3157 2279 3211 forte
2308 3172 2473 3211 unum
2500 3158 2617 3211 sine
2640 3155 2969 3210 conscientia
2998 3169 3181 3209 eorum
3205 3147 3259 3207 et
3281 3139 3576 3205 voluntate

282 3244 371 3291 cst
400 3245 616 3291 sanctas
646 3236 957 3307 Scripturas
979 3247 1359 3308 aspernantur.
1397 3237 1510 3305 Qua
1543 3239 1687 3293 enim
1718 3255 1869 3292 reve-

283 3328 465 3381 rentia
492 3326 606 3397 jam
630 3330 929 3400 suscipient
954 3330 1183 3383 aliorum
1210 3332 1529 3395 sententias,
1574 3332 1665 3401 qui
1709 3334 1870 3385 etiam

287 3421 461 3490 ipsius
494 3421 670 3492 magni
700 3421 979 3490 Propheta:
1007 3430 1062 3477 et
1093 3422 1304 3475 Domini
1354 3423 1739 3492 prephetarum
1781 3422 1873 3477 dc-

284 3505 546 3569 cretalem
569 3512 917 3579 sententiam,
968 3527 1096 3583 qua,
1124 3513 1447 3567 institutioni
1502 3524 1872 3568 sacramento-

289 3621 414 3661 rum
444 3620 666 3662 snormn
722 3607 1088 3670 subscribens,
1140 3606 1255 3662 ait:
1291 3625 1309 3655 ι
1347 3605 1533 3661 Gratis
1564 3605 1871 3675 accepistis,

287 3698 462 3769 gratis
491 3700 615 3755 date
659 3700 877 3768 (Metili.
913 3716 969 3766 κ,
1005 3701 1081 3765 8),
1117 3718 1135 3752 ι
1197 3709 1305 3754 tam
1350 3701 1704 3769 pertinaciter
1742 3715 1875 3756 con-

288 3788 723 3847 culcant?Tales
750 3792 851 3847 etsi
882 3792 1133 3847 videntur
1182 3792 1324 3847 intra
1376 3793 1677 3848 Ecelesiam
1734 3807 1874 3860 esse,

288 3881 416 3948 quia
452 3882 704 3938 nimirum
732 3893 787 3938 et
818 3883 962 3938 fures
992 3900 1111 3940 cum
1146 3883 1421 3950 furantur,
1446 3885 1701 3940 videntur
1732 3885 1875 3939 intra

288 3967 454 4023 ovile.
488 3967 591 4039 Qui
624 3972 810 4041 utique
837 3958 1017 4028 minus
1061 3972 1573 4039 condemnarentur,
1628 3972 1671 4028 si
1724 3983 1877 4028 extra

292 4057 626 4116 furarentur.
656 4061 1033 4119 Nonneludaei
1055 4073 1105 4117 et
1140 4064 1336 4134 pagani
1374 4063 1663 4133 aliquando
1690 4067 1881 4122 viden-

293 4157 384 4203 tur
423 4150 562 4207 intra
596 4153 907 4207 matcriales
961 4154 1216 4209 Ecclesiae
1257 4154 1526 4224 parietes?
1584 4155 1651 4209 Et
1699 4163 1878 4211 tamen

293 4237 481 4306 quales
505 4241 727 4303 intrant,
765 4240 895 4297 tales
923 4252 1150 4305 exeunt;
1197 4243 1303 4297 imo
1334 4242 1547 4313 pejores
1582 4252 1705 4301 sunt
1734 4245 1880 4301 intus

293 4340 358 4380 ex
383 4330 803 4400 praesumptione
835 4345 929 4384 sua
954 4339 1006 4384 et
1028 4340 1493 4387 sacramentorum
1520 4333 1719 4404 injuria
1748 4318 1884 4390 alio-4

294 4430 523 4489 rumque
553 4418 1032 4475 contaminatione.
1073 4420 1203 4488 Quae
1232 4420 1373 4475 enim
1404 4437 1531 4491 pars
1582 4422 1721 4478 ﬁdeli
1756 4439 1879 4479 cum

296 4506 534 4565 inﬁdeli?
559 4508 646 4582 (II
669 4508 791 4564 Cor.
822 4527 897 4576 γι,
928 4511 1037 4582 l5.)
1090 4513 1181 4582 qui
1234 4522 1438 4575 tamen.
1461 4516 1701 4584 quandiu
1736 4516 1880 4573 intus
1910 4499 1958 4557 ί)
1985 4525 2074 4593 qui
2104 4499 2290 4593 procul
2321 4522 2484 4577 dubio
2520 4499 2729 4578 alienus
2754 4531 2835 4577 est

294 4599 577 4667 videntur,
636 4603 877 4673 nunquid
917 4620 1014 4674 pro
1060 4605 1386 4660 Christianis
1439 4607 1744 4663 habentur?
1792 4609 1883 4665 Sic

296 4692 672 4757 proculdubio
700 4690 996 4749 Simoniani
1023 4695 1148 4750 dum
1193 4697 1447 4751 videntur
1502 4700 1642 4753 intra
1697 4700 1884 4756 Eccle-

299 4786 450 4852 siam,
483 4798 612 4845 tunc
636 4791 807 4859 magis
834 4792 1154 4861 reprobandi
1184 4801 1238 4846 ct
1268 4774 1415 4847 fures
1446 4794 1680 4850 habendi
1735 4796 1887 4851 sunt.’

300 4875 400 4943 Qui
432 4881 665 4951 denique
693 4891 818 4938 tunc
880 4884 1130 4938 credendi
1175 4892 1301 4939 sunt
1349 4884 1498 4940 fures
1545 4894 1599 4939 et
1644 4887 1885 4942 latrones

302 4984 405 5024 non
432 4984 576 5038 esse,
603 4974 689 5027 ubi
717 4974 1034 5043 probabitur
1059 4989 1153 5030 eos
1177 4989 1274 5043 per
1297 4976 1496 5029 ostium
1534 4966 1780 5032 intrasse
1824 4978 1879 5031 in

301 5062 461 5131 ovile,
485 5079 587 5119 nec
614 5064 829 5122 aliunde
849 5067 1180 5124 ascendisse.
1243 5068 1338 5123 Sin
1387 5068 1545 5132 alias,
1598 5083 1698 5125 nec
1754 5052 1886 5141 ipsis

302 5154 533 5186 Ωτῆοηιῖπ
586 5168 689 5186 “an
715 5156 1036 5186 nn:'unrl:'\nl
1061 5158 1337 5186 ι-ινι-Λιῖηἶη
1392 5172 1578 5186 Amant.
1655 5168 1885 5186 Ἀι-ΙΑιαίΑ

1974 3249 2331 3318 contingeret,
2366 3246 2953 3321 alterumdevitarent.
2987 3246 3053 3300 Et
3089 3246 3237 3315 prius
3292 3236 3577 3321 indicit:th

1974 3337 2151 3392 furum
2183 3347 2237 3391 et
2274 3336 2541 3390 latronum
2581 3337 2902 3405 proponitur
2930 3349 2997 3390 ex
3042 3335 3263 3389 introitu
3297 3333 3348 3387 in
3392 3331 3573 3395 ovile,

1974 3430 2017 3486 si
2050 3446 2154 3482 non
2189 3430 2245 3483 lit
2274 3444 2370 3498 per
2392 3428 2615 3493 ostium,
2651 3427 2744 3483 sed
2768 3426 3006 3482 aliunde.
3076 3425 3318 3479 Alterum
3372 3418 3579 3483 autem

1975 3537 2037 3575 cx
2065 3520 2335 3591 incognita
2383 3519 2574 3575 ovibus
2617 3535 2771 3587 voce,
2831 3535 2993 3588 quam
3048 3516 3175 3573 hinc
3212 3531 3430 3571 necesse
3474 3524 3560 3571 est

1974 3632 2093 3685 qum
2123 3614 2191 3668 sit
2219 3613 2457 3667 breviter
2484 3604 2843 3677 inculcemus,
2878 3611 3003 3682 quia
3061 3610 3128 3663 de
3166 3621 3421 3679 perverso
3474 3606 3564 3663 inc

1976 3704 2136 3757 troitn
2173 3690 2522 3759 sufﬁcienter
2555 3692 2885 3757 inculcatum
2942 3709 3185 3771 putatur.
3234 3698 3388 3754 Sicut
3431 3710 3559 3762 vox,

1975 3794 2124 3847 verbi
2156 3794 2348 3862 gratia,
2385 3786 2712 3847 Arianorum
2747 3780 2831 3846 est
2857 3790 3050 3844 Filium
3084 3788 3349 3842 minorem
3394 3785 3561 3843 Patre

1977 3899 2244 3948 asserere,
2277 3884 2393 3954 ipso
2408 3882 2547 3937 Filio
2578 3881 2906 3938 reclamante
2924 3897 2948 3953 1:
2975 3899 2995 3930 ι
3017 3879 3126 3950 Ego
3146 3888 3201 3932 ct
3220 3878 3377 3946 Pater
3393 3891 3563 3946 unum

1977 3988 2169 4028 sumus
2200 3972 2383 4043 (Joau.
2426 3989 2479 4038 κ,
2508 3972 2593 4042 7);
2627 3990 2644 4023 ι
2696 3965 2781 4025 εἰς’
2818 3968 3167 4023 nihilominus
3212 3965 3559 4023 Simonianoo

1979 4081 2100 4120 rum
2148 4080 2247 4119 vox
2276 4062 2691 4134 est:Spiritum
2738 4071 2986 4116 sanctum
3044 4059 3285 4114 venalem
3335 4058 3559 4125 habere,

1979 4154 2310 4210 reclamante
2337 4155 2527 4210 eodem
2549 4152 2704 4229 cuius
2724 4148 2956 4223 'spiritus
2976 4160 3059 4206 est
3087 4150 3305 4206 Christo
3337 4167 3351 4203 :
3380 4166 3401 4199 ι
3428 4145 3565 4205 (ἔτει.-

1983 4247 2050 4302 tis
2072 4246 2379 4316 accepistis,
2411 4246 2579 4318 gratis
2602 4245 2726 4299 date
2750 4243 2965 4317 (Matth.
3002 4260 3056 4310 χ,
3079 4243 3155 4313 8).
3188 4261 3205 4293 ι
3258 4243 3431 4309 Quam
3459 4236 3569 4296 ve-

1982 4355 2099 4395 cem
2126 4338 2324 4395 Christi
2349 4339 2392 4393 si
2418 4346 2750 4409 cognoscunt
2802 4346 2857 4392 et
2886 4336 3066 4391 sciunt
3112 4332 3227 4404 ejus
3270 4348 3421 4397 oves,
3473 4345 3570 4386 ne-

1983 4446 2135 4486 cessc
2158 4439 2241 4485 est
2272 4437 2546 4503 pastorem
2569 4445 2725 4484 suum
2758 4439 3059 4498 sequantur
3111 4438 3165 4483 et
3212 4444 3315 4482 non
3369 4424 3564 4487 furem,

2880 4535 2895 4574 :
2947 4535 3104 4590 quem
3158 4518 3278 4575 ideo
3328 4533 3433 4571 non
3480 4530 3569 4571 se-

1984 4625 2224 4687 quuntur
2251 4630 2398 4678 oves,
2428 4614 2519 4669 sed
2544 4613 2840 4683 fugiuntab
2866 4629 2952 4677 eo,
2985 4613 3110 4682 quia
3149 4628 3252 4665 non
3291 4617 3566 4665 noverunt

1987 4721 2173 4760 vocem
2207 4703 2534 4769 alienorum,
2566 4718 2796 4772 quorum
2824 4718 2886 4756 os
2908 4702 3148 4769 loquitur
3199 4700 3492 4752 vanitatem
3515 4705 3573 4755 et

1985 4797 2206 4850 dextera
2246 4810 2434 4848 eorum
2467 4796 2688 4849 dextera
2715 4791 3017 4863 iniquitatis
3045 4790 3217 4861 (Psal.
3250 4804 3431 4851 cxun,
3455 4789 3567 4858 8).»

1989 4884 2141 4948 Unde
2191 4897 2353 4937 nemo
2405 4898 2463 4938 se
2515 4882 2717 4952 palpet,
2776 4897 2936 4937 nemo
2991 4882 3090 4936 sibi
3121 4883 3188 4937 ad
3237 4880 3578 4934 excusandas

1986 4972 2369 5029 excusationes
2399 4971 2449 5025 in
2475 4971 2712 5041 peccatis
2743 4981 3002 5043 tanquam
3028 4968 3155 5028 folia
3189 4968 3431 5024 ﬁculnea:
3467 4969 3584 5025 suis

1989 5062 2255 5135 pudendis
2284 5071 2450 5133 aptet.
2481 5061 2801 5130 Quicunque
2828 5061 2981 5116 audit
3011 5077 3203 5120 vocem
3231 5059 3588 5118 Simoniand—

1993 5175 2110 5186 unum
2147 5156 2438 5186 .':nnln.:llm
2478 5171 2491 5185 ο
2525 5173 2541 5186 ι
2575 5152 2690 5186 NA"
2719 5155 2786 5186 ['1‘
2818 5154 2913 5186 εἶιιῖ
2971 5151 3304 5186 hnni:~mnn\
3369 5164 3478 5186 ῘὶΙὶΙὶ
3525 5158 3592 5186 Δία
