4064 5394
503 258 525 312 1
538 256 639 312 207

1560 261 1916 319 lllillBEllTl
1958 250 2133 320 sin.
2173 266 2237 321 Ε.
2279 266 2688 324 CAltDlNAlJS

3613 273 3749 331 i313

498 361 584 422 ius
602 377 815 435 vocem,
842 379 1029 425 vocem
1063 369 1361 428 alienorum
1419 373 1571 428 audit
1614 382 1667 430 et
1718 363 2016 447 cognoscit.
2047 396 2069 432 ι
2104 382 2146 438 Α
2176 379 2316 447 apud
2343 382 2429 434 sel
2472 379 2659 447 Qualis
2691 379 2815 443 fuit_
2837 380 3102 439 Eusebius
3131 382 3497 449 Caesariensis,
3551 388 3753 442 acerri-

496 460 861 528 Quamobrem
898 463 1132 527 alienum
1182 468 1371 538 procul
1427 469 1591 527 dubio
1637 470 1751 540 jam
1805 475 2074 544 sequitur,

497 552 602 615 nisi
623 552 924 624 Christum,
962 573 992 612 a
1021 564 1130 629 quo
1155 557 1271 630 jam
1299 574 1404 617 non
1433 563 1798 633 cognoscitur,
1843 566 2008 621 etiam
2028 566 2075 622 si

492 641 544 697 ei
575 642 729 712 cujus
764 660 951 703 vocem
978 662 1309 719 cognoscere
1330 651 1509 714 desiit,
1540 652 1779 711 clamare
1825 657 2078 714 audiatur

492 733 747 802 Domine,
808 737 1052 795 Domine.
1124 740 1289 815 Cujus
1339 758 1526 800 vocem
1555 746 1600 801 si
1637 747 1968 816 retinuisset,
2008 750 2077 805 ab

494 822 667 893 alieno
715 827 1046 900 incognitam
1090 831 1195 889 sibi
1253 848 1443 899 vocem
1489 836 1691 901 edenti,
1754 842 2079 905 quantocius

488 911 719 986 fugeret.

1069 1012 1298 1084 CAPUT
1336 1014 1496 1072 XLII.

488 1119 703 1186 Quanta
727 1122 999 1195 vigilantia
1043 1142 1159 1181 oves
1208 1127 1413 1196 furibus
1459 1128 1680 1185 debeant
1723 1130 1970 1187 obsistere
1997 1149 2075 1188 m-

1092 1199 1282 1267 gressis
1305 1199 1456 1254 ovile.

558 1281 745 1352 Itaque
772 1284 818 1340 si
852 1298 980 1342 oves
1013 1297 1291 1358 nequeunt
1315 1289 1650 1348 Sitnonianis
1691 1292 1905 1350 furibus
1934 1294 2077 1351 ovile

487 1370 915 1440 irrumpentibus
936 1376 1222 1442 obsistere,
1247 1379 1521 1436 obsistant
1567 1380 1762 1437 saltem
1810 1382 2075 1454 ingressis

486 1457 540 1513 in
571 1460 674 1517 hoc
698 1463 842 1532 quod
892 1464 1068 1527 solum
1115 1476 1364 1540 possunt,
1412 1470 1621 1528 scilicet
1667 1486 1738 1527 ne
1768 1472 1935 1528 velint
1982 1484 2076 1532 aut

483 1558 750 1622 cogantur
772 1567 866 1609 eos
896 1554 976 1611 sic
1003 1556 1216 1627 audire,
1247 1567 1308 1614 ut
1337 1559 1483 1617 velut
1521 1568 1798 1633 pastorem
1839 1576 2074 1633 sequan-

485 1651 591 1705 tur,
620 1652 711 1700 aut
727 1655 876 1700 certe
896 1649 1043 1702 velut
1069 1653 1471 1709 mercenarium
1493 1655 1720 1713 audiant
1744 1653 1882 1712 tales
1915 1660 2070 1721 :sed,

2178 485 2298 525 tuus
2322 481 2690 541 propugnator
2712 472 2850 539 Arii,
2879 473 3038 529 beato
3076 473 3403 548 Hieronymo
3424 478 3744 547 proﬁtente:

2182 579 2201 614 ε
2233 562 2416 632 Qualis
2436 564 2535 619 fuit
2564 565 2837 637 Didymus,
2866 576 2920 622 et
2949 566 3234 640 Eutycbes,
3268 581 3321 629 et
3343 569 3433 624 alii
3470 569 3750 640 quamplu-

2178 654 2299 710 rimi
2347 665 2454 721 tam
2489 671 2555 711 ex
2610 656 2835 712 urbibus
2874 673 3036 728 quam
3079 667 3135 713 et
3174 673 3242 713 ex
3290 659 3695 717 solitudinibus.
3726 678 3746 711 ι

2176 745 2326 811 Quod
2353 760 2485 816 ergo
2513 747 2577 802 de
2605 746 2824 815 pra-fata
2860 748 3074 811 hazresi,
3099 748 3200 803 hoc
3230 759 3283 803 et
3312 750 3378 804 de
3402 749 3521 805 aliis
3547 751 3753 806 dictum

2177 848 2413 907 putetur.
2444 839 2595 906 Quod
2621 841 2663 893 si
2688 840 2965 909 prtemissa
2991 841 3196 896 Domini
3230 840 3392 895 verba
3420 843 3545 911 quis
3573 841 3757 897 censio

2176 929 2350 992 deret,
2375 930 2521 984 fures
2546 939 2597 985 el
2625 929 2864 985 latrones
2893 932 3319 988 evidentiorihus
3360 933 3633 1001 periochis
3661 946 3755 988 ze-

2176 1021 2410 1075 cunduut
2437 1019 2697 1085 Joannem
2728 1037 3015 1093 expressos
3047 1040 3209 1095 quam
3253 1026 3760 1095 pseudoprophetis

2175 1123 2230 1168 et
2260 1116 2700 1187 pseudocbristos
2737 1119 3032 1174 secundum
3068 1120 3203 1175 alios
3222 1121 3584 1189 evangelistas
3604 1119 3757 1174 inve-

2175 1205 2286 1260 niet
2314 1247 2329 1272 ,
2378 1209 2626 1276 quamvis
2681 1210 2894 1265 eosdem
2961 1210 3047 1265 isti
3111 1210 3605 1287 pseudOprophetas
3672 1209 3758 1266 vel

2176 1297 2617 1365 pseudochrislos
2641 1299 2902 1364 vocitent,
2930 1314 3066 1370 quos
3092 1301 3180 1356 ille
3228 1301 3374 1358 l‘ures
3403 1311 3458 1356 et
3489 1302 3759 1358 latrones.

2174 1390 2413 1456 Quorum
2442 1406 2566 1445 cum
2607 1390 2809 1448 nullam
2857 1392 2950 1447 alii
3007 1393 3350 1464 evangelistzc
3406 1392 3764 1464 prtedixerint

2173 1478 2619 1549 dignoscentiam,
2652 1481 2754 1536 nisi
2781 1483 2923 1554 quod
2952 1482 3106 1552 signa
3162 1492 3218 1540 et
3264 1485 3507 1556 prodigia
3557 1497 3761 1557 magna

2170 1572 2382 1637 darent,
2407 1571 2550 1643 quod
2576 1572 2764 1644 utique
2793 1589 2899 1629 non
2932 1575 3105 1631 solum
3160 1575 3407 1633 incautos
3449 1574 3521 1632 ab
3566 1588 3764 1631 errore

2171 1662 2442 1729 subducit,
2474 1664 2569 1719 sed
2596 1664 2759 1719 etiam
2790 1676 2980 1723 cautos
3003 1666 3056 1722 in
3084 1682 3325 1723 errorem
3347 1666 3762 1722 inducitJoan-

482 1739 543 1785 ut
572 1731 777 1801 dictum
803 1744 906 1800 est,
929 1738 1074 1807 quod
1109 1739 1287 1796 solum
1331 1743 1531 1806 valent,
1587 1747 1796 1820 fugiant
1843 1751 1914 1806 ab
1965 1751 2067 1821 eis,
2105 1735 2146 1793 Β
2176 1766 2271 1807 nes
2319 1761 2500 1807 tamen
2559 1768 2623 1808 ex
2679 1754 2903 1810 introitu
2954 1764 3192 1839 etnvoce
3245 1756 3453 1812 illorum
3500 1755 3760 1811 omnibus

479 1822 782 1881 devitantcs
806 1840 994 1882 eorum
1044 1834 1504 1902 communionem,
1534 1838 1707 1897 cilicia
1748 1850 1802 1895 et
1830 1841 2070 1900 officinas

478 1923 837 1990 congregatas
864 1918 932 1972 de
959 1922 1317 1991 sanguinibus
1341 1927 1547 1993 ovium,
1595 1944 1734 2005 quas
1753 1940 1995 1995 mactant
2016 1942 2071 1988 et

479 2002 731 2075 perdunt.
763 2003 1111 2073 Quibuslibet
1157 2028 1289 2084 ergo
1334 2016 1634 2074 terroribus
1663 2002 1943 2076 hominum
1981 2022 2067 2077 vel

478 2095 691 2163 damnis
716 2113 1002 2168 corporum
1033 2118 1253 2161 suormn
1281 2107 1365 2163 vel
1394 2107 1735 2179 facultatum,
1760 2128 1891 2170 oves
1912 2114 2069 2172 Chri-

478 2187 548 2265 sti
582 2188 817 2246 obsessa:
846 2192 930 2249 vel
953 2210 1248 2266 oppressae,
1278 2207 1531 2271 satagant
1554 2213 1685 2259 ante
1730 2207 1915 2261 omnia
1944 2208 2063 2263 aui-

475 2291 689 2337 tnarum
718 2294 939 2337 suarum
965 2282 1260 2352 ltesiouem,
1298 2304 1368 2344 ne
1397 2305 1429 2343 a
1458 2290 1760 2351 latronibus
1796 2296 1930 2352 viva
1972 2298 2067 2354 ab-

476 2366 823 2443 sorbeantur,
852 2371 1129 2444 ell‘ugere;
1162 2393 1263 2457 nec
1293 2379 1635 2441 timeauteos
1665 2385 1756 2454 qui
1809 2387 2068 2444 occidunt

474 2474 694 2533 corpus,
723 2478 823 2535 nec
850 2466 1086 2522 animam
1119 2480 1348 2541 possunt
1381 2474 1654 2543 occidere,
1689 2478 1784 2533 scd
1812 2497 1937 2535 eum
1970 2483 2062 2552 qui

475 2562 766 2622 utrumque
795 2564 974 2624 potest
1003 2558 1055 2613 in
1088 2561 1389 2629 gehennam
1423 2564 1564 2637 ignis
1606 2567 2064 2640 iuexstinguibilis

475 2641 706 2709 perdere
734 2642 930 2712 (Marc.
959 2663 1040 2711 ιχ.
1067 2649 1178 2722 44).
1205 2652 1563 2713 Considereut
1583 2672 1712 2714 vero
1736 2661 1942 2731 quia,si
1977 2663 2059 2718 iu-

472 2735 817 2792 excusabiles
833 2750 995 2796 erunt
1030 2751 1293 2815 quotquot
1308 2745 1358 2801 in
1375 2746 1480 2803 line
1494 2750 1699 2817 mundi,
1714 2751 1813 2807 sub
1824 2754 2062 2811 maximo

472 2818 687 2906 delectu
702 2826 1023 2888 Christiante
1048 2832 1191 2898 fidei,
1215 2837 1611 2896 Antichristum
1633 2853 1947 2913 sequentur,
1972 2861 2058 2903 se-

472 2916 619 2977 ducti
665 2935 770 2984 non
800 2922 977 2992 solum,
1019 2926 1190 2997 signis
1216 2937 1271 2982 et
1304 2931 1562 3002 prodigiis
1614 2937 1846 3006 magnis,
1877 2939 1970 2993 sed
2005 2949 2061 2994 et

472 3015 762 3093 tormentis
822 3018 1148 3100 omnimodae
1196 3025 1588 3102 persecutionis
1635 3031 1843 3098 coacti;
1891 3032 2059 3090 multo

469 3106 645 3175 magis
664 3105 1059 3168 iuexcusabiles
1085 3123 1213 3169 sunt
1236 3116 1329 3184 qui
1359 3131 1521 3183 nunc,
1546 3119 1600 3175 in
1629 3122 1863 3181 maxima
1892 3126 2062 3197 gloria

470 3194 765 3253 Christiani
795 3201 1052 3267 nominis,
1084 3203 1233 3261 fures
1253 3215 1307 3262 et
1334 3207 1577 3283 latrones
1606 3194 1991 3275 blandimentis
2011 3229 2068 3275 et

471 3286 770 3343 terroribus
793 3293 997 3347 seducti
1025 3306 1343 3367 sequuntur.
1402 3300 1471 3356 Ut
1523 3302 1667 3357 enim
1721 3305 1827 3361 illis
1866 3310 2063 3378 praedi-

471 3384 617 3429 ctum
645 3386 729 3432 est
764 3383 1265 3463 pseudOprophetas
1284 3398 1340 3444 et
1387 3392 1831 3460 pseudochristos
1875 3414 2065 3457 surre—

472 3473 681 3529 cturus,
712 3468 795 3524 sic
819 3478 875 3524 ct
908 3471 1027 3535 istis
1050 3474 1200 3531 fures
1229 3488 1283 3533 et
1311 3479 1548 3538 latrones
1575 3495 1852 3554 venturos,
1902 3498 1958 3545 et
2010 3492 2062 3547 in

470 3559 614 3633 ovile
642 3560 965 3633 intraturos,
996 3566 1224 3624 Domino
1243 3571 1395 3627 sicin
1421 3575 1677 3646 apostolis
1699 3591 2063 3650 prmmoncnte

469 3666 638 3707 suos:
675 3670 695 3703 ι
730 3652 922 3709 Videte
953 3669 1024 3712 ne
1053 3657 1175 3726 quis
1202 3673 1299 3713 vos
1324 3661 1564 3718 seducet.
1622 3663 1771 3722 Multi
1799 3669 1941 3724 enim
1966 3686 2061 3727 ve-

470 3742 624 3798 nient
644 3743 698 3799 in
721 3744 940 3823 nomine
962 3761 1083 3807 meo
1109 3747 1488 3821 dicentesquia
1515 3768 1616 3827 ego
1639 3770 1779 3822 sum,
1795 3760 2063 3816 etmultos

471 3835 755 3891 seducent.
770 3834 921 3893 Tunc
932 3837 976 3893 si
990 3839 1113 3908 quis
1125 3840 1279 3909 vobis
1290 3842 1486 3900 dixerit
1502 3864 1516 3900 ε
1534 3846 1675 3904 Ecce
1694 3848 2059 3919 hicChristus,

466 3937 524 3995 et
544 3930 811 3996 ecceillic,
832 3932 996 3989 nolite
1007 3927 1253 4004 credere,
1267 3937 1542 4006 uoliteire,
1559 3956 1735 4013 neque
1753 3948 2057 4013 sectemini.

467 4016 611 4074 Ecce
637 4019 860 4088 praedixi
892 4021 1065 4076 vobis.
1090 4021 1146 4076 Si
1179 4038 1310 4096 ergo
1338 4026 1576 4085 dixerint
1601 4031 1754 4087 vobis
1786 4050 1798 4086 :
1840 4034 1976 4091 Ecce
2004 4037 2063 4105 in,

468 4107 687 4163 deserto
715 4118 821 4173 est,
847 4110 1015 4167 nolite
1033 4112 1213 4180 exine;
1238 4130 1368 4172 ecce
1395 4118 1447 4171 in
1477 4122 1866 4187 penetralibus,
1894 4125 2061 4182 nolite

470 4198 715 4253 credere.
748 4198 889 4256 Ecce
919 4203 1064 4258 enim
1098 4219 1322 4272 regnum
1355 4207 1444 4263 Dei
1477 4210 1617 4265 intra
1640 4220 1760 4268 'vos
1799 4226 1901 4269 est.
1954 4215 2057 4273 Vos

469 4301 600 4356 ergo
625 4286 835 4363 videte;
888 4306 1016 4347 ecce
1049 4296 1269 4363 praedixi
1303 4298 1482 4353 omnia
1526 4300 1741 4368 (Matth.
1773 4321 1883 4370 xw,
1914 4307 1991 4375 ι).
2031 4328 2049 4359 ι

2170 1856 2264 1897 eos
2285 1841 2431 1896 velut
2451 1841 2618 1914 digito
2641 1830 3092 1914 prtenmnstravit,
3118 1860 3185 1900 ne
3197 1846 3575 1917 quoquomodo
3595 1845 3760 1918 quis-

2170 1935 2315 2005 piam
2364 1949 2423 1991 se
2458 1935 2525 1990 de
2560 1934 2861 2005 ignorantia
2894 1952 3004 1991 sua:
3035 1936 3350 2006 perditionis
3375 1937 3636 2008 deinceps
3659 1952 3763 1991 cx-

2168 2041 2364 2081 ousare
2389 2025 2579 2094 possit,
2606 2027 2649 2080 si
2673 2028 2860 2081 audire
2890 2035 2943 2081 et
2968 2028 3117 2097 sequi
3170 2028 3318 2084 fures
3347 2028 3448 2084 sibi
3499 2029 3759 2100 designa-

2170 2127 2254 2172 tos
2292 2131 2397 2172 non
2434 2117 2693 2173 timuerit.
2750 2117 3014 2189 Denique,
3039 2120 3083 2174 si
3133 2118 3364 2175 liberum
3408 2119 3477 2174 de
3526 2119 3761 2181 introitu

2168 2208 2282 2271 eius
2309 2209 2400 2279 qui
2426 2224 2520 2264 eas
2552 2218 2802 2265 recturus
2845 2218 2927 2265 est
2953 2210 3247 2281 aliquando
3270 2210 3519 2275 aufertur
3545 2208 3617 2265 ab
3640 2208 3764 2265 ovi-

2168 2301 2266 2353 bus
2295 2299 2592 2368 judicium,
2649 2311 2874 2370 possunt
2928 2311 3105 2365 tamen
3155 2318 3260 2356 non
3310 2303 3499 2358 audire
3561 2315 3760 2356 vocem

2166 2392 2487 2456 alienorum,
2510 2402 2569 2449 et
2595 2409 2701 2447 non
2726 2394 2879 2463 sequi
2904 2395 2999 2449 sed
3045 2393 3232 2465 fugere
3288 2394 3543 2449 alienum.
3593 2391 3758 2460 Quod

2160 2485 2206 2537 si
2233 2483 2399 2537 etiam
2421 2482 2534 2537 veri
2562 2482 2797 2552 pastoris
2840 2482 3022 2540 habitu
3072 2484 3377 2554 quempiam
3429 2482 3755 2551 insignitum

2164 2575 2423 2639 viderint,
2453 2590 2556 2629 non
2589 2576 2739 2645 prius
2766 2591 2889 2632 eum
2930 2577 3119 2633 audire
3171 2585 3226 2629 et
3280 2575 3433 2649 sequi
3490 2576 3753 2637 audeant,

2162 2681 2324 2737 quau
2355 2681 2420 2722 ex
2448 2665 2617 2735 ipsius
2648 2665 2871 2721 introitu
2894 2676 2950 2722 et
3000 2682 3129 2721 voce
3158 2675 3344 2735 pastor
3390 2680 3457 2721 an
3492 2665 3630 2718 latro
3682 2664 3758 2716 sit

2163 2758 2483 2821 resciscant,
2515 2758 2675 2826 eique
2706 2773 2830 2813 cum
2858 2758 2984 2815 Jesu
3017 2757 3162 2815 Nave
3183 2760 3502 2815 curiositate
3556 2758 3752 2812 lauda-

2162 2849 2251 2903 bili
2279 2850 2463 2904 dicant
2488 2863 2502 2903 :
2537 2868 2554 2903 ι
2587 2849 2783 2907 Noster
2810 2866 2890 2916 cs,
2922 2867 2988 2905 an
3011 2850 3513 2907 adversariorumh
3543 2849 3754 2920 (Iosue.

2161 2952 2239 3004 ’δ’
2268 2939 2380 3010 1³)
2735 3009 2965 3069 CAPU'l‘
2992 3009 3175 3065 XLlll.

2092 3082 2136 3151 C
2168 3077 2246 3134 De
2276 3078 2574 3149 differentia
2598 3082 3037 3151 mercenariorum
3067 3090 3113 3135 et
3143 3081 3345 3149 furum,
3396 3088 3444 3133 et
3466 3078 3616 3151 quod
3644 3078 3762 3151 Ine-

2238 3151 2387 3204 retici
2415 3168 2516 3205 non
2565 3154 2668 3206 sint
2720 3170 2752 3205 η
2802 3150 3070 3205 catholicis
3119 3151 3375 3205 tolerandi
3427 3150 3565 3204 sicut
3615 3149 3761 3203 male

2238 3222 2461 3277 uiuentes
2490 3222 2759 3277 catholici.

2238 3310 2377 3367 lliuc
2399 3310 2512 3379 jam
2546 3329 2612 3370 ex
2647 3312 3067 3384 procedentibus
3091 3314 3225 3368 satis
3264 3312 3434 3384 liquet
3482 3318 3757 3382 quantum

2167 3401 2314 3459 fures
2335 3414 2389 3461 et
2411 3404 2651 3462 latrones
2706 3421 2736 3460 a
2794 3405 3148 3461 mercenariis
3194 3405 3414 3460 disaent.
3468 3399 3758 3472 Siquidem

2165 3496 2483 3548 mercenarii
2518 3494 2570 3549 in
2601 3494 2854 3550 omnibus
2874 3510 2994 3564 quae
3022 3494 3261 3549 dixerint
3301 3504 3427 3551 sunt
3469 3491 3755 3556 audiendi,

2166 3582 2394 3638 Domino
2415 3583 2494 3641 sic
2529 3583 2877 3654 praecipiente
2904 3600 3003 3655 pro
3030 3584 3112 3640 eis
3144 3603 3157 3637 :
3192 3602 3209 3636 ι
3243 3583 3434 3639 Omnia
3484 3598 3752 3653 qumcun-

2163 3690 2270 3745 que
2296 3675 2534 3731 dixerint
2563 3676 2714 3732 vobis
2736 3684 2947 3731 servate
2976 3686 3031 3731 et
3056 3675 3215 3730 facile
3240 3675 3390 3744 (an.
3414 3691 3551 3739 xvtt,
3584 3673 3709 3740 10);
3732 3691 3751 3722 ι

2163 3765 2314 3821 fures
2345 3774 2523 3820 autem
2562 3775 2615 3819 ct
2666 3765 2908 3820 latrones
2957 3765 3281 3831 necqaudiri
3337 3766 3755 3834 permittuntur,

2162 3854 2315 3924 quia,
2343 3869 2465 3909 mox
2520 3864 2579 3908 ut
2634 3855 2963 3921 audiuntur,
3018 3854 3246 3925 peritur.
3305 3854 3371 3909 Et
3423 3851 3756 3910 mercenarii

2162 3944 2377 4014 quidem
2422 3944 2555 3999 tales
2583 3955 2708 4000 sunt
2749 3953 2806 3999 ut
2855 3944 3143 4014 Apostolus
3191 3958 3404 4014 quoque
3437 3944 3504 3997 de
3536 3940 3757 3998 illorum

2162 4033 2544 4103 praedicatione
2588 4034 2846 4104 gaudeat;
2897 4034 3042 4087 iures
3083 4043 3260 4089 autem
3300 4041 3356 4087 et
3394 4032 3633 4086 latrones
3673 4038 3756 4085 ως

2163 4124 2239 4193 les
2278 4131 2406 4180 sunt
2460 4133 2519 4178 ut
2558 4139 2652 4180 eos
2691 4123 2828 4178 idem
2889 4124 3173 4194 Apostolus
3215 4122 3580 4177 adulterantes
3627 4137 3754 4175 ver-

2161 4215 2467 4285 bum'Dei,
2517 4222 2573 4270 et
2620 4215 2867 4270 inimicos
2920 4216 3095 4269 erucis
3146 4213 3345 4269 Christi
3396 4211 3530 4267 ﬂens
3581 4212 3751 4267 dicat.

2165 4305 2480 4361 Merceuarii
2544 4321 2759 4376 quoque
2831 4304 3074 4374 quamvis
3135 4312 3382 4373 ψιευιυιιι
3447 4317 3578 4367 sua,
3641 4316 3751 4356 non

469 4375 633 4465 Quasi
660 4377 900 4434 diceret:
928 4381 986 4435 lu
1015 4384 1166 4438 vobis
1194 4396 1277 4440 est
1291 4384 1406 4452 jam
1427 4389 1607 4444 seduci
1634 4402 1688 4446 et
1718 4407 1823 4448 non
1849 4396 2053 4464 seduci,
2090 4423 2135 4481 υ
2164 4396 2398 4461 Christi,
2452 4375 2576 4450 non
2599 4404 2778 4449 tamen
2819 4402 3072 4463 quzeruut
3129 4394 3229 4448 sibi
3280 4392 3383 4448 alia
3418 4408 3581 4463 quam
3617 4406 3741 4462 quae

472 4454 537 4537 ac
578 4485 678 4541 per
706 4471 808 4543 hoc
844 4472 1240 4532 inexcusabiles
1264 4478 1442 4541 eritis,
1486 4480 1530 4533 si
1557 4497 1753 4537 cavere
1806 4486 2054 4556 neglexe-

472 4561 595 4619 ritis
620 4571 713 4616 aut
738 4568 1199 4635 contempseritis,
1233 4570 1357 4639 quia
1384 4572 1606 4640 przedixi
1653 4575 1833 4628 omnia
1881 4579 2053 4633 vobis.

471 4648 752 4722 Siquidem
788 4657 1197 4723 praemonstravi
1228 4673 1450 4728 regnum
1485 4661 1579 4717 Dei
1611 4662 1699 4717 ubi
1726 4664 1819 4731 sit,
1867 4668 2057 4723 catho-

469 4739 574 4797 lica
611 4740 821 4798 scilicet
846 4743 1111 4809 Ecclesia,
1143 4745 1194 4800 id
1221 4757 1304 4802 est
1330 4747 1471 4803 intra
1497 4764 1613 4815 vos,
1658 4752 1751 4822 qui
1801 4755 2059 4823 apostoli.

470 4843 588 4893 cam
618 4833 779 4888 tidem
810 4842 864 4890 et
890 4834 1192 4891 doctrinam
1224 4841 1389 4893 corde
1414 4848 1468 4894 et
1497 4855 1592 4895 ore
1640 4846 1979 4900 conservatis
2004 4855 2059 4902 ct

472 4907 743 4983 retinetis.
774 4925 925 4983 Unde
954 4927 1044 4982 ubi
1093 4929 1208 4985 haec
1239 4930 1649 5003 naufragabitur
1672 4944 1767 4993 aut
1809 4952 2060 4993 corrum-

475 5027 655 5085 petur,
678 5018 947 5099 Christus,
980 5036 1083 5077 nec
1108 5037 1334 5094 regnum
1360 5024 1477 5093 eius
1508 5026 1579 5081 ibi
1608 5042 1729 5084 esse
1784 5031 2060 5101 credatur,

478 5106 643 5161 etiam
673 5094 718 5186 si
745 5109 1020 5168 desertum
1045 5122 1139 5169 aut
1172 5116 1446 5186 penetrale
1475 5118 1692 5175 dicatur
1715 5128 1771 5175 et
1794 5121 2061 5181 videatur.

478 5198 523 5251 Ο
563 5184 696 5268 quot
728 5210 783 5254 et
809 5188 972 5270 quam
993 5184 1234 5259 eremitae
1265 5213 1507 5276 tempore
1534 5208 1863 5265 Arianorum
1910 5212 2059 5280 diee-

478 5290 612 5343 bant
640 5280 694 5343 in
723 5304 821 5345 suo
853 5292 1068 5348 deserto
1095 5293 1369 5352 Christum
1396 5312 1542 5364 esse,
1566 5316 1690 5357 cum
1724 5302 1923 5357 Ariana
1972 5304 2058 5358 in-

2163 4487 2428 4555 dcbentur
2506 4493 2560 4541 et
2633 4484 2893 4554 iubentur
2965 4483 3112 4540 reddi
3195 4482 3539 4554 pascentibus
3621 4486 3778 4536 oves‘

2162 4578 2403 4640 Christi,
2454 4575 2702 4632 videl.’cet
2747 4577 2986 4633 decimas
3026 4575 3341 4643 dcbitasque
3384 4570 3750 4634 reverentias,

2162 4684 2298 4739 quas
2350 4667 2671 4738 requirendo
2727 4684 2834 4723 non
2886 4667 3239 4738 delinquunt,
3299 4665 3422 4737 quia
3475 4680 3598 4735 qua:
3654 4664 3749 4727 Dei

2163 4768 2291 4815 sunt
2338 4758 2447 4816 Deo
2492 4759 2643 4815 reddi
2704 4768 2987 4829 quzeruut.-
3028 4759 3353 4832 Delinquuut
3401 4770 3579 4813 autem
3631 4757 3750 4811 haec

2163 4850 2278 4906 sola
2326 4850 2426 4907 sibi
2475 4851 2797 4924 quaerendo,
2847 4851 2973 4921 quia
3026 4852 3139 4907 haec
3186 4853 3301 4905 sola
3350 4866 3446 4904 sua
3500 4864 3622 4904 esse
3668 4849 3753 4901 di-

2162 4948 2320 5009 cunt;
2375 4941 2464 5010 qui
2507 4950 2710 5005 tamen,
2757 4942 2883 4996 dum
2920 4950 3142 5013 propter
3180 4942 3294 4996 hate
3345 4954 3475 4995 oves
3529 4954 3747 5008 paseure

2166 5032 2258 5087 Dei
2304 5032 2369 5087 ad
2415 5041 2625 5102 tempus
2665 5040 2932 5101 pascunt,
2973 5031 3086 5086 Deo
3128 5032 3293 5086 etiam
3323 5045 3443 5101 quae
3470 5030 3566 5084 Dei
3614 5037 3749 5083 sunt

2166 5124 2218 5179 in
2265 5124 2367 5179 hac
2404 5132 2558 5193 parte
2599 5125 2848 5179 reddunt.
2896 5124 3032 5179 Nam
3079 5125 3224 5194 quod
3267 5123 3493 5180 decimae
3534 5132 3593 5178 et
3631 5139 3742 5178 ca:-

2165 5223 2296 5270 tcrm
2327 5214 2564 5270 fidelium
2594 5215 2898 5271 oblationes
2927 5216 3158 5272 Domino
3191 5224 3397 5270 tantum
3433 5215 3745 5270 debeantur

2165 5315 2221 5359 et
2276 5305 2590 5371 reddantur,
2657 5314 2713 5363 et
2765 5306 2906 5376 quod
2951 5306 3419 5377 qualibuseunque
3469 5304 3747 5362 ministris
