4064 5394
188 318 329 374 ηοξ)

825 310 1194 368 ADVERSUS
1232 307 1643 367 SIMONIACOS
1682 308 1857 365 LIBRI
1897 308 2095 365 TRES.
2123 340 2188 350 --
2225 308 2428 366 LIBER
2469 308 2790 367 TERTIUS.

3294 306 3430 365 Hii)

187 443 370 484 meum
415 424 694 498 gratuito?
734 422 924 480 Nullus
968 423 1114 479 enim
1160 424 1216 477 in
1256 421 1410 477 vobis
1458 428 1542 476 est
1588 433 1757 490 usque
1787 438 1832 494 Α
1861 422 2072 475 terdum
2105 422 2252 488 fieri;
2288 424 2664 480 hanctieorum
2695 432 2875 479 autem
2921 439 3019 479 nec
3050 437 3145 494 pro
3190 432 3432 491 tempore

187 518 259 572 ad
288 525 588 573 extremum
624 514 1035 574 ministrorum,
1078 526 1182 566 non
1235 509 1357 566 dico
1406 509 1659 563 sacerdos
1705 514 1761 560 et

185 608 372 663 caeteri
398 647 413 671 ,
460 605 553 661 sed
590 619 657 660 ne
691 604 891 675 ianitor
934 603 1185 674 quidem.
1214 612 1270 658 et
1304 603 1394 673 qui
1432 603 1606 675 ignem
1634 614 1761 670 snp-

187 699 343 768 ponit
389 697 546 750 altari
596 697 662 750 ad
708 698 993 750 cremanda
1043 695 1396 758 holocausta,
1446 693 1537 762 qui
1594 706 1699 744 non
1730 704 1761 743 ει

188 801 277 839 me
307 786 607 840 mercedem
638 786 867 854 accipiat
898 784 1101 838 laboris
1129 784 1239 837 sui.
1272 802 1291 834 ι
1321 782 1433 837 lloc
1460 790 1642 836 autem
1675 779 1757 833 di-

188 876 295 937 cit,
326 875 565 929 decimas
592 875 906 946 signiﬁcans
937 875 1180 929 omnium
1216 874 1424 944 frugum
1459 887 1579 939 qua:
1625 869 1763 923 olfe-

192 974 385 1018 runtnr
412 979 442 1017 a
473 963 715 1033 pupulis,
748 979 886 1032 quas
923 964 1167 1035 profecto
1204 964 1328 1018 dum
1369 963 1607 1015 latrones
1643 959 1760 1013 cxi-

189 1058 356 1121 gunt,
384 1064 490 1104 non
517 1066 611 1105 sua
643 1053 948 1122 requirunt.
977 1053 1185 1123 Quippe
1212 1052 1406 1121 quibus
1434 1050 1638 1104 nullum
1665 1063 1764 1119 pro

191 1142 493 1196 ministerio
530 1141 715 1197 divino
751 1158 860 1213 quo
897 1145 1118 1212 penitus
1159 1149 1348 1196 carent
1394 1140 1624 1195 debetur
1668 1139 1765 1193 sti—

190 1232 476 1301 pendium,
509 1233 602 1287 sed
638 1234 810 1288 solum
847 1250 945 1303 pro
981 1249 1082 1288 suo
1116 1232 1429 1293 latrocinio,
1462 1229 1763 1301 patibulum

192 1321 276 1375 vel
303 1331 608 1377 extremum
639 1324 980 1394 supplicium.
1013 1322 1113 1390 Qui
1146 1333 1357 1386 tamen,
1398 1304 1531 1391 proh
1566 1320 1720 1375 dolor
1747 1322 1759 1373 ι

191 1411 473 1467 multoties
507 1414 778 1482 accipiunt
815 1428 921 1468 non
962 1414 1137 1469 solum
1174 1413 1318 1483 quod
1354 1412 1556 1466 Christi
1598 1411 1761 1466 mini-

192 1504 324 1557 stris
358 1504 637 1575 reperiunt
663 1504 1011 1575 deputatum,
1042 1504 1137 1557 sed
1172 1504 1396 1573 insuper
1425 1501 1568 1572 quod
1601 1500 1767 1554 inter-

192 1597 399 1651 dictum
424 1634 437 1657 ,
476 1610 598 1650 cum
630 1596 696 1650 ad
735 1596 809 1650 nil
846 1595 991 1649 aliud
1030 1595 1251 1649 veniant
1288 1604 1345 1649 et
1378 1593 1619 1657 valeant,
1660 1590 1764 1646 nisi

192 1694 253 1737 ut
287 1682 536 1739 furentur
568 1693 624 1739 et
660 1693 897 1743 mactem
931 1694 989 1739 et
1022 1684 1271 1752 perdant.
1308 1683 1376 1738 Et
1406 1685 1530 1753 quis
1564 1695 1763 1737 sarium

1874 524 1974 563 nec
2006 525 2063 564 re
2096 511 2407 580 aliquandiu
2439 512 2677 576 diﬂ‘crri,
2727 513 2819 568 sed
2866 526 2987 567 mox
3017 520 3074 565 nt
3105 510 3431 567 innutuerint

1865 600 2003 654 ﬁeri.
2041 599 2195 655 Unde
2223 618 2387 671 super
2417 603 2555 657 male
2585 603 2887 657 viventibus
2915 601 3118 656 Christi
3164 601 3429 656 ministri!

1864 689 2131 744 catholica
2163 690 2313 759 plebs
2340 691 2497 747 debet
2541 692 2942 749 Catholicorum
2986 702 3300 763 exspectare
3345 706 3429 748 sv-

1867 781 2064 833 nodum
2084 821 2098 842 ,
2135 795 2232 832 nec
2271 780 2541 849 abjicere,
2570 784 2740 836 donec
2765 797 2860 837 eos
2904 784 3119 853 abjiciat
3149 782 3436 839 commini-

1864 884 2100 929 strornm
2132 875 2214 931 vel
2246 878 2626 949 magistrorum
2665 893 2883 947 suorum
2921 880 3240 943 arbitrium,
3275 878 3431 950 juxta

1868 965 2008 1031 quoi
2043 967 2200 1019 deret
2243 966 2498 1021 Salomon
2533 985 2546 1022 :
2578 986 2597 1018 ι
2628 968 2816 1033 Οριιιί,
2863 968 3140 1038 inquiens,
3176 970 3249 1022 tui
3290 977 3435 1025 recta

1866 1053 2115 1118 videant,
2159 1063 2215 1108 et
2258 1055 2526 1128 palpebra:
2577 1065 2680 1110 tua:
2723 1056 3026 1127 praaredant
3068 1070 3288 1125 gressus
3317 1065 3438 1112 tuos

1870 1141 2073 1210 (Prov.
2107 1160 2191 1209 tv,
2221 1145 2355 1216 25).
2390 1167 2408 1200 ι
2467 1145 2619 1202 Solet
2665 1163 2857 1217 nempe
2908 1149 3126 1203 evenire
3186 1156 3245 1202 ut
3292 1149 3436 1216 quod

1869 1234 2203 1303 imperfectis
2242 1237 2457 1292 videtur
2488 1238 2857 1303 intolerabile,
2901 1238 3156 1312 perfectis
3194 1238 3440 1293 videatur

1868 1323 2147 1381 tolerabile
2167 1370 2181 1391 ,
2213 1336 2266 1381 et
2295 1346 2325 1381 c
2356 1331 2630 1383 contrario
2660 1329 2914 1400 periretis
2953 1331 3217 1387 habeatur
3246 1331 3440 1385 intole-

1869 1416 2039 1472 rabile
2069 1418 2209 1487 quod
2243 1419 2574 1488 imperfectis
2606 1421 2902 1478 tolerabile.
2947 1422 3065 1491 Quo
3092 1424 3343 1490 ambiguo
3374 1437 3440 1477 ne

1871 1504 2012 1561 forte
2053 1507 2271 1561 fallatur
2303 1520 2398 1564 ant
2449 1510 2845 1565 scandalizetur
2874 1512 3143 1578 Ecclesia,
3176 1506 3434 1582 patienter

1868 1595 2291 1662 exspectandum
2345 1605 2429 1651 est
2482 1605 2535 1651 et
2591 1599 2888 1668 sapienter,
2946 1600 3118 1655 donec
3170 1598 3441 1671 synodalis

1872 1682 2000 1736 illud
2029 1683 2305 1737 discernat
2333 1693 2387 1738 et
2428 1685 2754 1743 determinet
2791 1689 3079 1743 sententia.
3126 1687 3301 1757 Quam
3344 1688 3437 1758 qui

189 1773 411 1843 sapiens
439 1784 624 1830 censet
650 1774 956 1847 huiusmodi
987 1773 1134 1830 {uires
1163 1784 1221 1830 et
1249 1774 1487 1830 latrones
1511 1788 1543 1828 ι
1570 1773 1765 1831 catho-
1797 1785 1840 1844 υ
1870 1781 2055 1827 censet
2094 1776 2516 1844 exspectandam
2553 1786 2608 1833 et
2653 1778 2707 1832 in
2751 1778 3022 1834 hazreticis
3060 1788 3180 1846 post
3211 1778 3441 1834 concilia

188 1865 310 1921 licis
344 1865 682 1930 tolerandos,
719 1883 857 1938 quos
890 1867 1150 1927 Dominus
1197 1875 1389 1922 censet
1433 1866 1513 1922 sic
1554 1864 1768 1937 fugien-

190 1960 320 2024 dos,
369 1968 428 2014 ut
478 1969 706 2019 testetur
750 1974 858 2014 non
893 1973 1013 2014 esse
1046 1973 1176 2014 oves
1210 1973 1332 2028 quae
1366 1955 1450 2013 vel
1491 1955 1766 2011 audierint

197 2049 362 2106 illos?
388 2049 458 2107 Et
486 2066 593 2122 qua
624 2050 803 2105 fronte
832 2050 1094 2120 praedicat
1118 2050 1242 2120 quis
1271 2048 1632 2104 ministerium
1664 2046 1765 2103 ho-

194 2155 314 2195 rum
347 2141 687 2196 tolerandum
715 2151 769 2196 et
800 2142 1205 2217 recipiendum,
1236 2140 1410 2196 donec
1435 2139 1767 2213 synodaliter

204 2234 563 2302 deponantur,
595 2242 877 2303 totumque
903 2233 1046 2302 quod
1076 2246 1264 2287 eorum
1295 2231 1599 2287 ministerio
1628 2229 1765 2285 inte.

194 2322 298 2375 riui
332 2321 390 2377 fit
422 2324 474 2375 in
504 2321 654 2386 ovili,
687 2323 883 2377 bonum
924 2337 1044 2377 esse
1070 2331 1127 2377 et
1154 2330 1435 2385 sanctum,
1467 2319 1559 2389 qui
1587 2319 1783 2374 solum.

195 2411 440 2477 furandi,
472 2414 742 2468 mactandi
772 2423 826 2467 et
857 2414 1111 2483 perdendi
1145 2414 1343 2469 habent
1374 2409 1768 2466 ministerium?

194 2499 254 2553 Si
289 2516 421 2566 ergo
455 2502 651 2556 bonum
680 2512 731 2557 et
760 2511 1007 2557 sanctum
1037 2510 1119 2558 est
1151 2518 1280 2557 oves
1312 2501 1514 2557 Christi
1551 2500 1724 2555 furari
1753 2541 1768 2567 ,

194 2589 438 2648 mactare
473 2603 527 2647 ct
556 2594 780 2662 perdere
805 2633 820 2658 ,
850 2594 1183 2649 sufferantur
1220 2594 1367 2647 fures
1402 2603 1455 2648 et
1484 2593 1726 2647 latrones
1751 2630 1766 2656 ,

192 2683 288 2752 qui
337 2681 412 2737 nil
452 2682 597 2737 aliud
641 2690 839 2736 norunt
886 2698 987 2738 nec
1033 2691 1255 2753 possunt
1296 2682 1504 2745 facere,
1546 2680 1771 2736 Domino

192 2781 580 2843 protestante;
619 2773 704 2826 cui
741 2773 786 2827 si
821 2774 942 2843 quis
980 2774 1141 2827 audet
1175 2770 1573 2834 contradicere,
1620 2783 1771 2824 assc-

194 2878 323 2918 rcns
354 2864 503 2919 fures
532 2873 585 2917 et
622 2864 861 2918 latrones
892 2865 1094 2934 aliquid
1130 2863 1276 2917 aliud
1319 2862 1444 2917 boni
1485 2876 1645 2917 nosse
1680 2869 1774 2915 aut

195 2969 357 3025 posse
385 2953 588 3016 facere,
621 2954 924 3023 disceptare
954 2953 1121 3007 etiam
1152 2963 1206 3007 et
1238 2951 1288 3006 in
1313 2949 1523 3021 judicio
1551 2957 1773 3005 conten-

195 3047 328 3102 dere
366 3061 488 3100 cum
525 3045 752 3099 Domino
779 3044 1005 3110 audeat,
1037 3054 1123 3109 et,
1153 3045 1196 3099 si
1231 3050 1439 3113 potest,
1473 3056 1594 3097 eum
1622 3056 1776 3095 men-

1868 1861 2038 1917 semel
2071 1863 2253 1919 habita
2288 1865 2353 1922 de
2384 1866 2521 1931 illis,
2550 1869 2734 1924 nescio
2759 1882 2825 1922 an
2853 1867 3162 1923 Catholicus
3185 1882 3313 1923 vere
3336 1867 3444 1923 diei

1867 1961 2088 2022 posset;
2124 1969 2248 2009 nam
2282 1956 2590 2026 cuicunque
2630 1958 2884 2030 quielihct
2923 1959 3146 2013 ba'resis
3176 1958 3229 2013 in
3259 1956 3448 2014 Eccle-

1866 2043 1945 2096 sia
1977 2043 2193 2098 videtur
2225 2045 2549 2113 tolerabilis,
2586 2048 2727 2102 haud
2771 2048 2984 2105 dubiea
3027 2047 3296 2105 catholica
3337 2045 3445 2103 ﬁde

1867 2134 2209 2206 naufragavit
2239 2147 2331 2191 ant
2362 2139 2583 2193 excidit.

2433 2249 2659 2306 CAPUT
2695 2250 2874 2308 XLIV.

1871 2335 2138 2407 Exemplis
2175 2341 2454 2409 propositis
2491 2344 2785 2395 extruditur
2821 2345 3092 2397 lui-retices
3132 2360 3225 2397 mc
3252 2343 3323 2396 aa’
3347 2349 3446 2399 Ito-

1942 2423 2054 2479 mm
2090 2427 2121 2463 ιι
2153 2410 2424 2465 cathedris
2454 2413 2683 2479 antiquis
2717 2411 2988 2474 toleratae.
3017 2424 3063 2468 et
3095 2413 3450 2473 mercenaria:

1942 2478 2215 2534 toleratae.

1941 2588 2193 2661 Nunquid
2221 2598 2463 2662 tempere
2492 2594 2817 2647 Arianorum
2846 2610 2940 2649 seu
2969 2594 3197 2649 aliorum
3230 2594 3447 2651 lucreti-

1872 2696 2061 2736 corum
2092 2682 2263 2737 sicubi
2295 2683 2595 2742 Catholicis
2625 2685 2912 2739 haereticus
2938 2685 3165 2754 quilibet
3183 2686 3340 2738 datus
3366 2694 3452 2738 est

1874 2772 2190 2843 episcopus.
2222 2774 2581 2831 ministerium
2613 2776 2730 2846 ejus
2761 2773 3060 2831 toleravere
3087 2782 3177 2826 aut
3202 2781 3446 2827 sanctum

1875 2861 2114 2918 habuere
2142 2864 2425 2927 catholici,
2472 2881 2752 2935 quousque
2792 2862 3125 2938 synodaliter
3149 2862 3448 2936 deponere—

1878 2952 1995 3005 tur?
2025 2953 2176 3019 Quod
2208 2969 2313 3008 non
2346 2953 2512 3010 fuisse
2542 2952 2827 3025 aliquando
2862 2957 3146 3012 tolet'alttm
3174 2973 3202 3010 a
3232 2956 3438 3010 Ωιιιιιοο

1879 3040 1997 3096 licis
2040 3058 2161 3097 cum
2204 3059 2270 3097 ex
2317 3043 2502 3098 multis
2541 3044 2747 3100 elareat
2789 3047 3063 3111 historiis,
3096 3055 3206 3100 tum
3235 3059 3302 3099 ex
3331 3043 3451 3097 Tri-

200 3139 357 3194 titum
393 3149 601 3207 arguat.
642 3137 695 3192 Si
748 3145 929 3192 autem
979 3150 1140 3191 nemo
1184 3135 1624 3191 Christianorum
1674 3135 1777 3187 hoc
1804 3136 1849 3198 ο
1881 3131 2114 3199 pertita,
2146 3147 2267 3201 qua:
2297 3144 2487 3188 narrat
2517 3149 2712 3203 pueros
2739 3134 2902 3204 pilam
2934 3135 3191 3189 lusoriam
3218 3133 3452 3188 ﬂaminis

198 3229 395 3292 audet,
433 3229 695 3283 concedat
750 3241 974 3283 necesse
1027 3234 1111 3281 est
1165 3224 1472 3293 huiusmodi
1518 3223 1669 3279 fures
1718 3234 1775 3278 et

200 3319 442 3374 latrones
475 3335 580 3374 non
629 3318 731 3373 nisi
776 3318 973 3372 malum
1004 3318 1105 3372 sibi
1136 3328 1190 3372 et
1220 3317 1342 3371 aliis
1389 3315 1593 3371 facere.
1632 3316 1776 3383 Qua-

201 3420 424 3482 propter
455 3426 552 3464 eur
583 3419 844 3480 putantur
884 3409 1183 3463 Simoniani
1234 3410 1505 3464 mulioties
1542 3418 1598 3463 et
1639 3421 1775 3479 pene

204 3502 448 3573 quotidie
478 3501 807 3572 synodalitcr
834 3501 1171 3571 deponendi,
1203 3502 1291 3573 qui
1324 3501 1391 3556 ab
1421 3501 1575 3555 initio
1606 3500 1773 3555 semel

205 3576 363 3646 simul
393 3599 449 3644 et
481 3590 950 3645 irrctractabiiitcr
994 3592 1062 3646 ab
1107 3590 1468 3660 apostolorum
1514 3590 1774 3661 principi-

206 3679 304 3732 bus
334 3678 485 3735 luere
512 3680 778 3750 depositi,
811 3682 950 3737 sicut
978 3691 1033 3737 ct
1063 3691 1246 3751 postea
1280 3681 1348 3736 ab
1378 3681 1694 3736 ortholoxis
1723 3689 1776 3734 et

205 3769 489 3824 catholicis
532 3763 782 3826 Patribu’s
825 3771 915 3826 alii
962 3772 1017 3825 in
1061 3772 1175 3840 ipso
1215 3782 1333 3825 ortu
1365 3786 1461 3825 suo
1493 3770 1778 3826 haeretici?

206 3861 472 3931 siquidem
502 3861 714 3931 quoties
742 3876 957 3932 quoque
988 3864 1125 3915 mala
1154 3863 1317 3913 arimr
1347 3861 1604 3915 radicitus
1636 3860 1777 3915 evel-

210 3949 361 4016 litur,
395 3952 665 4005 incassum
696 3953 989 4007 creduntur
1019 3950 1153 4005 rami
1184 3948 1313 4018 ejus
1354 3951 1536 4005 vivere
1575 3960 1668 4004 aut
1698 3952 1777 4004 vi-

207 4043 345 4098 cturi
401 4043 503 4097 nisi
551 4051 602 4097 et
645 4043 746 4112 ipsi
787 4042 1111 4106 evelluntur,
1155 4057 1278 4095 cum
1325 4042 1377 4095 in
1422 4057 1531 4095 sua:
1588 4041 1778 4094 matris

209 4132 487 4187 evulsionc
514 4141 571 4187 et
600 4133 700 4202 ipsi
731 4132 907 4189 evulsi
937 4140 1337 4201 computentur.
1383 4132 1473 4188 Sic
1507 4140 1560 4187 et
1591 4131 1777 4200 cujus-

210 4224 340 4281 libet
371 4227 609 4281 haeretici
643 4224 911 4294 depositio
955 4232 1208 4292 tanquam
1242 4223 1502 4277 abscissio
1544 4238 1649 4281 non
1696 4231 1782 4277 est

212 4318 265 4371 in
311 4319 542 4390 singulis
594 4318 840 4393 personis
883 4334 979 4372 ceu
1029 4317 1081 4370 in
1124 4316 1350 4384 singulis
1393 4314 1557 4370 ramis
1603 4316 1782 4383 requi-

212 4412 410 4478 renda,
461 4413 503 4467 si
550 4419 824 4467 auctorem
865 4412 1131 4469 haereseos
1176 4408 1320 4464 velut
1369 4407 1521 4462 mala:
1570 4406 1780 4462 arboris

1881 3220 2127 3292 expiasse
2148 3264 2160 3283 ,
2194 3222 2319 3292 quia
2357 3222 2440 3277 vel
2473 3224 2524 3276 in
2556 3226 2720 3294 pedes
2750 3225 2900 3280 aselli
2929 3239 3036 3293 quo
3068 3226 3354 3280 haereticus
3382 3223 3448 3276 il-

1881 3313 1983 3368 lius
2013 3322 2142 3368 tunc
2166 3314 2402 3370 civitatis
2428 3316 2713 3385 episcopus
2740 3317 3076 3383 vectabatur,
3105 3330 3232 3371 casu
3260 3329 3453 3370 excur-

1880 3404 2057 3457 risset.
2083 3402 2246 3473 Cujus
2267 3421 2479 3475 ipsoque
2501 3405 2718 3461 balneas
2743 3406 2817 3460 sic
2840 3406 3185 3460 cxhorruisse
3207 3404 3457 3460 feruntur

1878 3493 2165 3559 Catholici,
2195 3495 2336 3563 quod
2367 3510 2472 3550 non
2503 3495 2674 3549 solum
2705 3512 2828 3550 cmn
2861 3492 2986 3559 illo,
3016 3496 3112 3551 sed
3137 3502 3192 3550 et
3221 3494 3338 3550 sine
3365 3493 3455 3549 illo

1881 3583 1952 3636 ibi
1986 3583 2152 3638 lavari
2205 3597 2575 3651 recusassent,
2618 3587 2932 3655 priusquam
2973 3587 3137 3642 etiam
3177 3586 3294 3641 loca
3337 3587 3453 3655 ipsa

1882 3675 2188 3731 recentibus
2218 3675 2446 3747 lymphis
2474 3678 2804 3746 expiassent.
2849 3677 3018 3743 Quem
3051 3676 3453 3732 Catholicorum

1882 3763 2080 3826 zelum,
2114 3765 2337 3827 bonum,
2369 3764 2664 3820 Catholieis
2712 3766 2962 3819 omnibus
2982 3766 3048 3818 ad
3100 3765 3455 3818 imitationem

1880 3853 2217 3923 propositum
2237 3895 2249 3917 ,
2282 3868 2350 3905 ne
2378 3853 2502 3923 quis
2535 3862 2685 3923 putet
2713 3854 2764 3908 in
2792 3869 2921 3923 pace
2946 3861 2999 3906 et
3023 3852 3076 3905 in
3109 3852 3284 3920 aliqua
3316 3860 3456 3906 tem-

1882 3942 2051 4011 porali
2099 3941 2528 3997 Christianitatis
2572 3941 2807 4010 potentia
2851 3940 3309 4004 demonstratum,
3356 3954 3455 3993 no-

1882 4035 2021 4088 verit
2072 4042 2314 4104 tempore
2362 4033 2687 4105 Arianorum
2741 4031 3132 4102 imperatorum
3158 4039 3215 4084 et
3254 4030 3459 4101 princi-

1881 4139 2009 4193 pum
2045 4124 2147 4178 hoc
2177 4122 2377 4177 factum
2399 4162 2414 4187 ,
2447 4137 2475 4174 a
2507 4120 2703 4190 quibus
2734 4130 2954 4192 propter
2984 4122 3086 4176 hoc
3118 4122 3231 4192 ipsa
3264 4121 3457 4175 civitas

1882 4217 2006 4271 data
2032 4216 2132 4271 fuit
2162 4215 2374 4285 gladio,
2405 4223 2459 4270 et
2500 4215 2763 4270 trucidata
2805 4216 3037 4270 maxima
3074 4231 3202 4285 pars
3239 4215 3454 4271 civium.

1883 4308 1983 4376 Qui
2017 4317 2217 4376 quanta
2245 4307 2525 4361 alacritate
2579 4307 2646 4360 ad
2698 4314 2925 4361 mortem
2955 4322 3054 4376 pro
3096 4304 3218 4360 ﬁdei
3269 4306 3458 4360 catho-

1886 4399 2003 4453 lica:
2028 4398 2364 4453 confessione
2389 4408 2843 4470 properaverunt,
2888 4399 3139 4469 quodque
3176 4400 3461 4454 earniliees

215 4505 453 4561 radicem
486 4504 702 4574 penitus
736 4503 984 4558 evulsum
1028 4510 1245 4557 constat
1269 4518 1282 4532 °
1313 4500 1459 4571 quod
1500 4500 1772 4555 catholicis

1889 4491 2039 4563 prius
2067 4490 2383 4548 defecerunt
2405 4489 2737 4564 jugulando,
2768 4502 2929 4561 quam
2962 4493 3138 4549 devoti
3167 4493 3312 4548 cives
3342 4507 3462 4547 sese

215 4594 463 4665 quamvis
508 4592 648 4647 male
689 4592 995 4646 viventibus
1044 4601 1252 4646 certum
1297 4600 1379 4644 est
1420 4606 1525 4644 non
1574 4588 1787 4643 contin-

216 4697 369 4754 gere,
421 4699 650 4753 quorum
699 4684 885 4746 radix,
932 4682 1173 4738 Ecclesia
1224 4682 1433 4735 scilicet
1483 4680 1785 4743 catholica,

222 4790 327 4839 non
355 4773 667 4828 eradicatur
693 4773 1016 4843 aliquando,
1048 4771 1215 4827 etiam
1248 4786 1370 4826 eum
1412 4771 1653 4827 nonnulli
1696 4786 1785 4827 ra-

219 4878 432 4918 morum
460 4862 581 4931 ejus
605 4879 706 4933 pro
733 4878 844 4917 suae
873 4862 1175 4918 sterilitatis
1203 4870 1297 4915 aut
1325 4860 1787 4929 incompositionis

218 4963 573 5024 amputantur
601 4955 755 5012 vitio.
788 4954 890 5022 Qui
923 4953 1162 5024 quandiu
1195 4968 1225 5007 a
1258 4968 1353 5008 sua
1387 4960 1560 5007 matre
1590 4953 1786 5007 arbore

218 5053 524 5114 portantur,
558 5052 647 5097 aut
683 5043 1055 5111 meliorantur,
1100 5051 1192 5097 aut
1232 5043 1297 5096 ad
1341 5041 1585 5099 umbram
1618 5041 1790 5097 homi—

1884 4583 2260 4654 jugulantibns
2287 4581 2561 4638 olfercndo
2591 4594 2646 4638 et
2672 4583 3000 4654 ingerendo,
3048 4583 3291 4653 quisquis
3327 4598 3462 4636 enn-

1886 4676 2111 4731 cleatius
2158 4689 2318 4731 nosse
2363 4675 2666 4740 desiderat,
2715 4674 2994 4744 prmfatam
3041 4676 3319 4735 historiam
3371 4688 3459 4726 rc-

1887 4769 2086 4827 vulvat.
2116 4767 2186 4821 Ibi
2215 4767 2358 4823 enim
2389 4781 2494 4822 non
2524 4775 2734 4823 tantum
2764 4767 2912 4830 haec,
2943 4766 3036 4821 sed
3064 4776 3118 4820 et
3144 4765 3247 4819 alia
3274 4779 3464 4832 quam-

1888 4858 2118 4927 plurima
2160 4857 2391 4913 ludibria
2414 4895 2429 4919 ,
2475 4856 2721 4918 verbera.
2754 4856 2991 4926 pericula
3030 4866 3086 4913 et
3127 4858 3321 4913 damna
3356 4855 3461 4910 Ca-

1891 4945 2118 5000 tholicos
2160 4945 2229 5000 ab
2269 4944 2544 4999 haereticis
2584 4935 2868 5016 perpessos
2900 4946 3156 5003 inveniet.
3187 4946 3320 5002 Post
3345 4962 3468 5019 qua:

1891 5039 2052 5103 mala,
2067 5037 2189 5108 quis
2209 5050 2531 5095 enumerare
2551 5035 2774 5093 sufficiet
2800 5046 2996 5106 quanta
3017 5039 3322 5099 constantia
3348 5057 3471 5097 cru-

219 5151 347 5191 mun
373 5136 456 5189 vel
487 5134 553 5189 ad
585 5135 1018 5204 repansationem
1048 5133 1227 5188 avium
1273 5134 1561 5188 habentur.
1607 5132 1698 5189 Sic
1735 5141 1793 5188 et
1884 5134 2180 5193 delioribus
2201 5131 2348 5192 enini
2379 5131 2556 5191 bestia
2585 5132 2884 5195 Guandalis
2910 5132 2966 5191 in
2992 5134 3176 5195 Africa
3206 5132 3483 5191 catholica

214 5314 320 5342 n:.\:
415 5322 591 5342 Ihm-“
640 5313 805 5342 4|"...sn
848 5311 1165 5344 δίκη-πεπυ...
1212 5312 1510 5344 ᾹΛηΛΑἶοιιηι
1701 5322 1789 5344 ιιι-ο

218 5226 352 5280 mali
376 5224 531 5280 bona;
558 5225 837 5280 catholica:
865 5223 1117 5285 ministri,
1162 5222 1412 5294 quamvis
1432 5222 1571 5278 male
1608 5224 1794 5278 vivant
1883 5225 2151 5281 restiterit
2178 5224 2438 5287 Ecclesia,
2465 5224 2633 5282 etiam
2655 5230 2758 5284 sub
2782 5225 3087 5285 innumeris
3108 5240 3164 5285 et
3189 5226 3479 5294 estpiisiti.

1883 5317 2160 5346 αιικοιιῖηἶῗη
2187 5316 2388 5346 ιΙῖιιΙειι.
2417 5316 2600 5346 υἷι-ΔιιΑ
2633 5316 2906 5346 ΑΔ-Διι“111ῆη
2956 5320 3149 5346 ..ξε-,ηρ
3186 5334 3308 5346 ..Α-ιῆ
3343 5324 3480 5346 ...ο-ε

2956 5334 3041 5346 .“.“
3056 5340 3149 5346 .---.~
