4064 5394
560 310 693 403 tell

1637 358 1979 439 Al’PENDiX
2014 362 2105 419 AD
2144 364 2363 421 ΟΡΕΡΑ
2404 367 2762 426 IIUMBERTI

3684 374 3814 429 i‘lli’.

554 459 738 523 s'mis,
778 476 938 530 quam
970 465 1405 556 antecessoribus
1435 468 1637 523 nostris
1688 486 1785 525 nec
1834 472 2135 528 subducere
2163 482 2211 539 Α
2240 480 2330 549 qui
2392 481 2463 536 sit
2504 491 2690 552 pastor
2729 484 2937 550 bonus,
2978 492 3034 540 et
3075 486 3532 556 quemadmodum
3573 497 3815 556 pastores

554 563 657 605 nec
679 561 1004 623 extorquere
1031 548 1697 613 indieihilesadversitates
1713 560 1951 627 valuere,
1972 563 2134 616 etiam

553 640 655 695 sub
684 643 925 711 tyrannis
950 642 1250 715 sacrilegis!
1282 645 1527 714 Quandin
1555 663 1685 716 ergo
1715 649 1952 705 lneretici
1978 651 2138 706 suﬂ‘e-

558 744 769 798 rantnr,
801 734 883 786 vel
909 734 1141 803 qualiter
1182 734 1540 804 deponantur,
1588 749 1643 792 et
1685 740 1942 794 Dominus
1988 743 2138 811 prius

554 824 866 883 cutistitnit.
900 825 985 879 ubi
1019 840 1119 880 nec
1149 827 1446 882 audiendos
1472 828 1539 884 ab
1566 830 1779 896 ovibus,
1805 832 1897 885 sed
1925 818 2135 903 fugien-

554 911 651 969 dos
674 910 942 978 innotuit,
983 924 1037 968 et
1078 916 1369 986 Deiloquns
1411 917 1609 972 Paulus
1649 920 1842 974 deinde
1882 920 2040 976 factis
2082 933 2137 978 et

554 1002 586 1057 d
611 1011 712 1057 ets
745 1004 1084 1074 approbavit.
1127 1005 1228 1072 Qui
1273 1007 1930 1077 quamvismerrenarios
1970 1011 2134 1066 etiam

551 1107 617 1151 co
642 1098 941 1161 dentiOsos,
972 1108 1352 1165 contumaces,
1384 1116 1604 1164 avaros,
1646 1101 1873 1169 Cupidos
1912 1111 1968 1157 et
1998 1102 2135 1156 invi-

558 1188 657 1241 dos
686 1186 764 1242 sic
792 1188 1048 1254 sufferat,
1081 1199 1140 1243 ut
1170 1190 1236 1245 de
1277 1191 1659 1261 prmdicatione
1702 1207 1915 1262 quoque
1946 1208 2132 1247 eorum

557 1291 617 1330 se
662 1278 899 1347 gaudere
936 1288 990 1332 et
1034 1279 1344 1350 gavisurum
1390 1291 1638 1344 asserat;
1687 1280 1838 1335 fures
1879 1290 2054 1337 tamen
2081 1293 2138 1338 et

553 1364 834 1431 latrones,
878 1368 1167 1424 haereticos
1197 1371 1445 1425 videlicet
1475 1372 1722 1427 homines
1748 1383 1868 1442 pcst
1892 1389 2051 1426 uuam
2080 1383 2136 1428 et

551 1460 845 1513 secninfam
877 1462 1278 1531 correptionem
1311 1462 1632 1517 devitandas
1677 1463 1936 1517 insinuat.
1981 1465 2132 1531 Quod

550 1559 608 1606 et
647 1566 706 1606 se
745 1551 948 1609 fecisse
989 1554 1273 1608 evidenter
1302 1556 1573 1619 ostendit,
1608 1555 1695 1609 ubi
1728 1555 2127 1618 Alexandrum,

550 1638 895 1710 Hymenaeum
920 1651 973 1696 et
994 1642 1258 1697 Phile-tam
1285 1644 1523 1698 dicentes
1549 1644 1999 1698 resurrectionem
2022 1644 2130 1713 iam

550 1730 749 1787 factam
785 1734 1002 1790 Satante
1031 1738 1287 1800 tradidit,
1320 1748 1380 1790 ut
1419 1738 1692 1793 discerent
1737 1755 1841 1792 non
1880 1739 2130 1809 blasphe-

550 1837 722 1877 mare.
756 1822 954 1880 Beatus
985 1840 1196 1896 quoque
1222 1827 1552 1897 Augustinus
1593 1828 1646 1882 in
1683 1836 1914 1883 tractatu
1959 1828 2135 1881 Evau-
2162 1838 2206 1897 Β

547 1912 676 1986 gelii
721 1912 951 1971 Joannis
993 1926 1242 1971 astruens
1281 1919 1644 1973 mercenaries
1689 1919 1741 1972 in
1787 1918 1971 1995 aliquo.
2006 1932 2128 1973 esse
2196 1934 2200 1943 '

545 2009 886 2062 necessarios
934 2017 990 2063 et
1036 2007 1225 2072 utiles,
1275 2008 1401 2062 licet
1450 2009 1503 2063 in
1557 2008 1739 2064 mults
1792 2008 2125 2078 culpabiles,

545 2099 861 2153 cancessivo
889 2098 1046 2153 modo
1074 2099 1249 2168 inquit
1274 2117 1287 2152 :
1318 2119 1336 2150 ι
1367 2099 1571 2156 lla'ocat
1594 2102 1732 2156 ovile
1761 2102 1969 2156 Durnini
1998 2116 2129 2171 prm-

546 2187 753 2257 positos
779 2198 834 2243 et
865 2188 1003 2245 filios
1030 2199 1084 2245 et
1113 2176 1496 2247 merccnarios.
1524 2193 1803 2263 Pra'positi
1831 2200 2010 2246 autem
2035 2193 2127 2261 qui

547 2280 645 2333 filii
676 2291 839 2347 sunt,
870 2294 1118 2351 pastores
1149 2293 1295 2338 sunt.
1332 2284 1613 2354 Prmpositi
1643 2297 1820 2341 autem
1849 2303 1944 2340 sua
1977 2300 2126 2356 qua:-

549 2378 755 2437 rentes,
790 2386 895 2425 non
925 2371 1051 2428 Jesu
1083 2373 1643 2436 Cluistimnetccnarii
1671 2386 1817 2432 sunt.
1850 2396 1868 2428 ι
1903 2375 2045 2430 Idem
2076 2375 2127 2429 in

546 2458 1047 2529 subsequentibus:
1082 2480 1100 2513 ι
1133 2462 1316 2518 Nostis
1360 2464 1473 2535 jam
1528 2468 1581 2521 in
1637 2468 1854 2524 nomine
1913 2466 2126 2521 Domini

2240 573 2367 630 boni
2400 575 2639 631 membra
2670 576 2777 630 sint
2801 575 2952 643 ejus,
2979 584 3036 630 et
3063 576 3186 631 ideo
3211 577 3281 632 sit
3321 593 3459 632 unus
3500 588 3691 648 pastor
3725 579 3816 635 be-

2241 652 2362 721 nus.
2393 666 2577 722 Nostis
2597 669 2720 737 quis
2746 668 2817 723 sit
2841 670 3212 724 mercenarius
3235 668 3515 734 ferendus,
3541 672 3636 739 qui
3664 670 3817 741 lupus

2239 765 2295 812 et
2338 755 2489 811 fures
2531 766 2586 814 et
2615 758 2854 815 latrones
2883 760 3145 823 cavendi,
3177 774 3298 829 qnze
3342 759 3452 814 sint
3480 775 3645 822 ores,
3676 758 3818 832 quod

2239 849 2310 901 sit
2348 847 2548 902 ostium
2578 864 2687 917 quo
2717 858 2774 904 et
2800 865 2930 904 oves
2960 850 3339 919 ingrediuntur
3362 859 3419 902 et
3446 860 3659 917 pastor,
3686 864 3822 921 ςιιο-

2238 940 2398 994 modo
2427 939 2500 995 sit
2526 940 2905 1010 intelligendus
2933 940 3212 996 ostiarius.
3242 939 3424 997 Nostis
3450 942 3619 994 etiam
3652 955 3822 1011 quae-

2237 1032 2307 1086 do
2333 1031 2564 1102 quisque
2596 1047 2702 1087 non
2733 1047 2831 1102 per
2855 1032 3053 1086 ostium
3086 1032 3403 1095 intraverit,
3431 1030 3521 1084 fur
3549 1041 3635 1085 est
3661 1041 3720 1087 ει
3744 1031 3821 1085 la-

2239 1133 2321 1178 tro
2343 1165 2357 1188 ,
2407 1140 2507 1177 nec
2557 1124 2706 1177 venit
2734 1124 2835 1178 nisi
2864 1132 2925 1178 ut
2952 1123 3163 1178 foretur
3206 1132 3261 1179 et
3304 1122 3518 1177 occidat
3543 1132 3598 1177 et
3627 1123 3820 1193 perdat

2236 1215 2440 1285 (Joan.
2471 1230 2539 1279 x,
2572 1214 2639 1268 l0
2665 1214 2703 1285 ).
2746 1233 2777 1281 ι,
2795 1214 2936 1269 Ecce
2982 1221 3164 1268 tantus
3209 1214 3402 1269 doctor
3444 1213 3571 1268 licet
3618 1213 3821 1269 dixerit

2236 1307 2634 1362 mercenarium
2667 1305 2985 1370 ferendum,
3020 1314 3073 1360 et
3103 1305 3303 1360 haheat
3335 1304 3578 1359 Ecclesia
3611 1319 3819 1360 nterce-

2235 1398 2419 1451 narios
2445 1397 2788 1467 prmpositos,
2817 1394 3061 1465 nunquid
3088 1394 3285 1450 alicubi
3314 1394 3593 1449 invenitur
3615 1391 3826 1447 dixisse

2237 1489 2386 1543 fures
2423 1499 2476 1542 et
2519 1488 2757 1543 latrones
2798 1487 3075 1549 ferendos,
3116 1496 3172 1541 et
3210 1486 3403 1541 habeat
3442 1485 3686 1540 Ecclesia
3730 1501 3823 1539 eos

2232 1581 2597 1651 prmpnsitos'!
2646 1581 2700 1634 In
2750 1578 2904 1648 Cujus
2953 1588 3186 1633 tractatu
3227 1577 3538 1648 diligentius
3579 1576 3825 1630 inveniet

2234 1674 2553 1743 designatos
2583 1670 2949 1725 mercenaries
2980 1669 3127 1729 fures
3156 1678 3209 1723 et
3235 1668 3477 1723 latrones
3503 1678 3561 1722 et
3586 1676 3784 1722 uetera
3803 1706 3821 1731 ,

2233 1764 2483 1835 quisquis
2520 1762 2611 1818 hic
2635 1762 2739 1817 sibi
2775 1762 2912 1817 inde.
2930 1777 3037 1815 non
3071 1759 3407 1816 satisfactum
3439 1765 3713 1813 autumat.

2822 1869 3051 1926 CAPUT
3089 1869 3244 1925 ΜΝ.

2236 1983 2312 2038 De
2338 1999 2396 2050 eo
2425 1983 2564 2051 quod
2592 1991 2804 2036 sanctus
2832 1980 3116 2049 Gregorius
3146 1978 3612 2051 adlmcjiaconus
3643 1974 3819 2044 Euly-

2304 2048 2479 2108 cltiuin
2517 2054 2760 2107 devitavit
2780 2093 2795 2114 ,
2827 2063 2873 2105 et
2903 2052 3047 2121 qttod
3073 2048 3682 2121 sanctusﬂieronymug
3718 2062 3826 2100 non

2307 2127 2711 2193 exspectandae:
2741 2123 2797 2175 in
2827 2115 3188 2191 eis'publicum
3209 2119 3475 2188 judicium
3502 2115 3715 2171 asserit.

2310 2239 2451 2310 (llic
2505 2236 2705 2310 desinit
2756 2209 3239 2310 codex_tnutilus,
3295 2209 3825 2310 scriptusZauctqris

2238 2301 2398 2363 actate
2426 2319 2481 2363 et
2504 2309 2724 2371 optimm
2753 2316 2918 2368 notae,
2948 2305 3001 2359 in
3030 2322 3137 2374 quo
3165 2306 3363 2359 desunt
3389 2301 3516 2357 octo
3543 2301 3823 2374 capitula,

2240 2381 2294 2434 in
2328 2380 2507 2436 indice
2541 2378 2698 2434 initio
2726 2377 2849 2432 libri
2882 2371 3296 2445 hujus'practixo
3324 2371 3581 2447 notata.)

542 2651 3779 2684 mw

1135 2822 1724 2977 APPENDIX
1833 2825 1993 2975 ΑΙ)
2113 2823 2138 2977 1

2237 2819 2487 2976 ιιιιιι
2594 2816 3235 3027 ιιιιιιιιιιιιιτι.

2046 3097 2321 3116 —-—

1682 3247 1758 3357 F
1772 3246 2351 3359 RAGMEN
2366 3243 2665 3358 TUM

1101 3442 2034 3576 DISPUTATIONIS
2086 3481 2687 3573 onensus
2726 3472 3253 3570 GRAECOS.

942 3641 1121 3723 (Apud
1155 3650 1410 3720 Martem,
1440 3624 1740 3709 T'Itesaurus
1766 3652 1992 3718 Anecd.,
2018 3659 2150 3705 tom.
2193 3648 2253 3714 V,
2279 3664 2404 3719 pag.
2433 3647 2560 3721 815,
2590 3661 2656 3703 ex
2693 3663 2796 3705 ms.
2826 3647 3015 3707 codice
3039 3640 3425 3717 Floriacensi.)

1822 3850 2203 3909 ADMONITIO
2231 3850 2535 3906 PRIEVIA.

619 4021 865 4093 Sequens
893 4019 1274 4093 disputationis
1312 4020 1570 4093 adversus
1590 4019 1809 4093 Graecos
1839 4019 2202 4093 fragmentum
2230 4020 2601 4093 suppeditavit
2626 4021 2786 4076 nobis
2812 4021 2983 4093 codex
3011 4019 3378 4093 Floriacensis
3403 4021 3471 4093 ab
3504 4021 3670 4079 annis
3704 4023 3847 4079 eir-.

552 4091 694 4162 clter
713 4090 996 4147 sexcentis
1026 4106 1189 4145 manu
1214 4099 1486 4146 exaratos.
1512 4090 1645 4156 Quis
1674 4102 1854 4146 autem
1894 4092 2056 4162 fuerit
2085 4090 2227 4145 illius
2253 4101 2444 4145 auctor
2474 4092 2700 4144 necdum
2727 4092 2929 4145 rescire
2953 4090 3244 4162 potuimus.
3275 4091 3819 4162 cumdisputationis

549 4160 765 4231 initium
795 4170 849 4231 et
881 4161 1003 4215 finis
1040 4162 1093 4214 in
1134 4162 1502 4231 manuscripto
1530 4162 1926 4216 desiderentur.
1966 4160 2040 4216 De
2078 4170 2321 4231 tempore
2359 4172 2535 4231 tamen
2576 4176 2682 4228 quo
2712 4161 2911 4216 vixerit
2944 4160 3035 4215 aut
3062 4161 3350 4231 scripserit
3383 4161 3491 4224 ille,
3512 4160 3680 4215 certo
3713 4163 3817 4215 ali-

549 4230 683 4302 quid
709 4230 937 4302 definire
966 4246 1270 4302 possumus.
1314 4230 1496 4299 Neque
1539 4233 1683 4286 enim
1726 4243 1855 4286 ante
1896 4243 2139 4301 tempora
2182 4230 2460 4285 Michaelis
2489 4230 2767 4285 Caerularii
2818 4230 3142 4302 patriarchae
3182 4230 3675 4301 Constantinopoli,
3720 4233 3817 4302 qui

547 4299 783 4368 sopitum
813 4300 1072 4370 adversus
1102 4299 1329 4354 Latinos
1365 4302 1600 4354 schisma
1642 4317 1747 4355 non
1788 4303 1907 4356 sine
1939 4299 2120 4354 furore
2161 4302 2467 4362 suscitavit,
2500 4302 2758 4370 scriptum
2791 4299 3094 4370 composuit
3123 4315 3299 4365 suum,
3332 4302 3428 4355 sed
3468 4299 3652 4370 neque
3684 4299 3817 4356 ante

554 4371 790 4441 Leonem
820 4368 1149 4441 Acridanum
1176 4369 1486 4441 episcopum
1535 4379 1627 4424 aut
1674 4370 1919 4441 Nieetam
1957 4372 2208 4425 abbatem
2252 4370 2578 4425 Studensem
2612 4368 2928 4426 acerrimos
2967 4371 3286 4424 Latinorum
3331 4368 3712 4441 hostes.un
3750 4370 3810 4441 in

548 4437 821 4510 diptychis
848 4440 1018 4510 sacris
1044 4453 1073 4491 a
1104 4436 1308 4510 Geticis
1337 4436 1675 4510 conscriptos
1700 4438 1823 4494 esse
1848 4441 2144 4508 improbat;
2178 4456 2363 4495 verum
2391 4450 2517 4494 ante
2547 4443 2703 4494 finem
2734 4441 2915 4495 seaculi
2942 4456 2993 4494 xl
3022 4455 3157 4509 Opus
3183 4454 3338 4495 suum
3371 4440 3423 4494 in
3467 4436 3645 4495 lucem
3666 4440 3809 4496 emi-

550 4508 688 4564 εἰς-ιε
716 4508 821 4561 duo
845 4508 977 4562 mihi
1011 4509 1358 4580 persuadent.
1407 4508 1583 4563 Unum
1634 4525 1820 4580 repeto
1866 4526 1932 4563 ex
1970 4511 2291 4580 antiquitate
2331 4511 2534 4565 codicis
2577 4510 2963 4575 Floriaceusis,
3005 4508 3163 4577 cuius
3199 4511 3490 4565 character
3520 4510 3588 4563 ad
3626 4525 3806 4580 annos

547 4587 837 4651 sexcentos
864 4577 1123 4651 accedere
1150 4577 1388 4641 videtur,
1418 4580 1647 4633 alterum
1673 4577 1739 4634 ex
1779 4598 1845 4634 eo
1874 4581 2016 4650 quod
2041 4577 2476 4651 auctora-meos
2505 4596 2608 4651 non
2636 4582 2864 4651 obscure
2893 4590 3085 4651 arguat
3109 4581 3251 4649 quod
3276 4581 3563 4634 intinctam
3594 4579 3809 4634 eucha-

553 4648 767 4705 ristiam
810 4648 1089 4720 porrigant
1131 4651 1683 4714 comnnmicantibns,
1725 4648 1911 4705 contra
1962 4665 2167 4705 morem
2211 4650 2467 4704 Ecclesiae
2506 4649 2733 4705 Latium.
2784 4669 2803 4701 ι
2844 4648 2980 4720 Sed,
3008 4651 3204 4720 inquit,
3241 4664 3489 4704 seorsum
3521 4664 3727 4720 corpus
3754 4660 3814 4703 et

549 4733 799 4789 seorsum
841 4719 1158 4789 sanguinem
1195 4721 1486 4784 sumimus,
1530 4737 1632 4774 nec
1678 4722 1964 4775 intinctum
2008 4735 2202 4788 panem
2235 4720 2419 4773 datum
2460 4723 2710 4788 ctriquam
2748 4721 2850 4775 nisi
2880 4719 3033 4775 Judre
3075 4720 3325 4774 tradituri
3360 4719 3744 4789 cognovimus.
3785 4738 3806 4771 ι

557 4785 719 4853 Nam,
753 4788 880 4844 licet
898 4785 974 4860 ex
1012 4788 1232 4844 decreto
1259 4791 1474 4846 concilii
1501 4791 1857 4852 Turonensis,
1891 4785 2033 4860 quod
2067 4789 2234 4843 refert
2261 4785 2607 4845 Burchardus
2635 4790 2726 4844 lib.
2758 4806 2810 4853 ν,
2848 4805 2967 4859 cap.
3007 4789 3061 4855 9,
3097 4805 3289 4845 «sacra
3324 4785 3532 4843 oblatio
3570 4788 3806 4860 intincta

557 4860 716 4916 debet
744 4873 863 4913 esse
891 4859 944 4914 in
987 4861 1249 4928 sanguine
1285 4861 1512 4923 Christi,
1547 4871 1597 4915 nt
1624 4859 1918 4916 veraciter
1946 4861 2229 4930 presbyter
2256 4860 2424 4928 possit
2454 4861 2636 4914 dicere
2667 4861 2879 4914 infirmo
2921 4874 2935 4913 :

2978 4860 3190 4928 Corpus
3227 4868 3284 4914 et
3322 4861 3547 4928 sanguis
3596 4859 3811 4912 Domini

553 4933 647 4983 tiln
696 4930 972 4997 proficiat;
1026 4949 1045 4983 ι
1090 4933 1215 4985 huic
1251 4940 1428 4987 tamen
1478 4933 1699 4987 decreto
1739 4928 2033 4999 derogahat
2073 4928 2247 4984 canon
2285 4931 2307 4982 1
2345 4931 2557 4985 concilii
2595 4948 2653 4985 ιιι
2687 4930 3056 4992 Braearensis.
3088 4929 3321 4984 vetantis
3354 4947 3374 4980 ι
3412 4928 3811 4999 eucharistiam

555 4999 684 5053 vino
714 5001 983 5054 madidam
1015 5015 1113 5054 oro
1142 5002 1535 5054 conmlemento
1562 4997 1959 5054 communionis
1990 5000 2290 5054 norritzere.
2327 5019 2342 5051 ι
2379 5000 2509 5054 Ouze
2538 5001 2831 5054 Drohibilio
2866 5001 2975 5053 vim
3010 5000 3197 5053 hahuit
3229 4998 3365 5054 legis
3396 4999 3537 5054 apud
3576 4997 3812 5052 Latinos
