4064 5394
254 266 411 322 12ιό
448 302 453 311 -

1167 265 1437 345 ι-ΊιΑαΜη
1464 266 1995 345 ηεερυτλτιοκιε
2018 266 2304 328 CONTRA
2339 267 2663 353 GRAECOS.

3404 269 3542 329 12H

676 441 1359 546 FRAGMENTUM
1432 410 2170 546 DISPUTATIONIS
2226 386 2672 546 CONTRA“
2692 445 3127 548 GRAECOS.

342 657 454 715 Vos
478 656 633 712 fidem
656 655 869 711 illorum
893 655 1144 725 ignorare
1165 652 1375 708 dicetis.
1404 650 1654 721 Nunquid
1669 650 1857 704 ortho-
1886 657 1929 714 Α
1959 650 2102 704 enim
2131 649 2186 703 in
2219 648 2329 705 Deo
2360 666 2465 704 non
2495 658 2596 706 est.
2632 649 2859 721 Semper
2884 651 3029 706 enim
3054 660 3135 706 est
3165 652 3306 722 quod
3336 652 3541 719 τεμεῖ,

257 747 431 803 doxis
467 747 717 802 Pali-ibus
758 742 1061 814 ignorantia
1103 752 1282 798 vestra
1325 741 1672 813 prmjudieat?
1708 739 1855 794 Non-

259 839 406 910 quid
448 854 556 892 non
604 836 779 907 magis
835 850 930 889 vos
985 833 1141 902 culpa
1201 832 1543 902 negligentim
1594 828 1858 885 damnat?

259 928 420 1001 quod
454 930 497 983 si
541 938 758 984 sanctos
803 926 993 982 Patres
1046 926 1206 980 fidem
1252 925 1397 981 illam
1448 940 1555 979 non
1604 922 1858 978 habuisse

258 1018 628 1093 contenditis,
665 1026 720 1073 et
755 1017 923 1071 libros
950 1031 1138 1071 eorum
1177 1014 1399 1070 falsatos
1425 1013 1692 1078 asseritis,
1721 1021 1773 1067 et
1803 1012 1856 1067 iu

263 1111 380 1165 hoc
433 1122 646 1179 quoque
703 1108 1001 1177 recipiendi
1064 1105 1373 1160 nullatenus
1422 1104 1557 1158 estis
1600 1103 1857 1173 quoniam

263 1200 619 1255 causationes
653 1196 955 1267 hujusmodi
993 1196 1153 1251 nullis
1188 1195 1582 1251 assertionibus
1629 1194 1860 1264 probare

264 1293 517 1362 putastis.
553 1290 609 1346 lu
658 1290 801 1344 nulla
850 1304 1085 1358 namque
1124 1288 1332 1359 synodo
1372 1287 1476 1341 tale
1514 1286 1857 1356 sacrilegium

267 1380 475 1435 nostris
506 1382 815 1449 opponitur,
847 1380 989 1450 quod
1023 1389 1202 1434 tamen
1229 1388 1440 1433 vestros
1472 1377 1667 1432 feci-se
1700 1391 1862 1447 syno—

266 1471 377 1527 dus
397 1483 456 1527 τι
483 1479 731 1525 testatur.
763 1470 868 1524 Sed
905 1468 971 1524 ad
1005 1483 1117 1523 rem
1152 1467 1455 1530 veniamus,
1489 1475 1542 1520 et
1581 1464 1859 1518 videamus

266 1561 404 1631 quid
437 1561 599 1617 etiam
632 1560 685 1614 in
716 1569 958 1615 sanetam
993 1556 1352 1627 Scripturam,
1388 1564 1443 1610 et
1474 1555 1529 1608 in
1561 1554 1734 1623 ipsam
1764 1567 1860 1606 ea-

272 1649 534 1707 tholicam
556 1650 716 1705 fidem
743 1648 998 1718 peccetis.
1033 1648 1166 1703 Cum
1195 1648 1340 1702 enim
1369 1647 1607 1716 Spiritus
1636 1655 1861 1700 sanctus

270 1742 473 1814 plenus
509 1749 562 1797 et
595 1740 867 1812 perfecms
902 1742 973 1794 sit
1009 1740 1172 1802 Deus,
1212 1748 1267 1794 et
1291 1738 1527 1808 aequalis
1549 1754 1647 1808 per
1681 1737 1859 1791 omnia

269 1834 424 1889 Patri
458 1843 512 1887 et
546 1832 685 1889 Filio
718 1834 858 1903 quod
894 1832 1097 1887 dicitur
1125 1831 1362 1901 Spiritus
1391 1830 1591 1896 Patris,
1625 1840 1681 1886 et
1716 1830 1860 1901 quod

268 1923 436 1980 Pater
464 1940 588 1983 eum
620 1912 713 1979 dat
748 1934 801 1979 et
841 1924 1009 1978 mittit
1036 1930 1091 1977 et
1121 1921 1367 1988 effundit,
1411 1922 1495 1978 vel
1529 1922 1573 1977 si
1605 1908 1733 1991 quid
1765 1922 1863 1974 hu-

265 2017 506 2089 iusmodi
541 2016 760 2085 legitur,
811 2016 1013 2069 nullam
1052 2016 1369 2070 servitutem
1411 2015 1495 2069 vel
1540 2014 1858 2070 tniuoratio-
1898 1995 1938 2055 η

274 2126 400 2167 nem
423 2110 710 2181 significat.
745 2108 931 2179 Neque
970 2108 1111 2160 enim
1147 2103 1311 2160 Pater
1338 2106 1420 2162 vel
1449 2108 1591 2162 Deus
1616 2105 1733 2176 ejus
1756 2115 1855 2168 est,

271 2199 360 2255 vel
405 2198 666 2256 Dominus
708 2199 826 2267 ejus
868 2206 971 2261 est,
1017 2196 1142 2266 quia
1178 2196 1351 2266 major
1391 2212 1496 2251 non
1538 2206 1641 2252 est.
1690 2194 1860 2264 Majus

272 2290 423 2344 enim
457 2289 540 2343 vel
564 2289 745 2346 minus
776 2288 829 2343 in
864 2289 972 2342 Deo
995 2303 1101 2342 non
1125 2298 1225 2341 est.
1252 2286 1353 2353 Qui
1378 2286 1523 2341 enim
1556 2288 1733 2342 minor
1754 2297 1857 2352 est,

276 2379 549 2448 perfectus
586 2380 727 2434 Deus
759 2396 864 2433 non
894 2388 1003 2444 est,
1036 2384 1121 2448 qui
1153 2396 1282 2435 vero
1312 2380 1587 2451 perfectus
1618 2397 1721 2436 non
1754 2389 1859 2446 est,

277 2486 384 2526 nec
406 2473 627 2524 omnino
658 2471 799 2524 Deus
828 2482 930 2531 est,
963 2472 1088 2540 quia
1119 2474 1260 2528 Deus
1291 2474 1563 2542 perfectas
1589 2482 1693 2529 est.
1734 2472 1861 2542 Spi-

275 2562 421 2615 ritus
444 2572 624 2614 auzem
655 2571 877 2615 sanctus
900 2564 1019 2615 ideo
1056 2563 1196 2617 Deus
1234 2577 1334 2626 est,
1373 2566 1497 2633 quia
1525 2566 1592 2620 de
1622 2565 1729 2619 Deo
1756 2574 1860 2620 est.

278 2653 427 2709 Nihil
456 2653 599 2710 enim
628 2653 695 2708 de
730 2654 840 2707 Deo
877 2662 980 2709 est.
1021 2654 1121 2707 nisi
1161 2656 1303 2723 quod
1336 2656 1475 2711 Deus
1512 2665 1617 2719 est,
1658 2655 1747 2724 qui
1793 2655 1862 2707 ob

278 2745 386 2801 hoc
426 2746 600 2799 solum
644 2743 883 2814 Spiritus
923 2744 1103 2799 Patris
1145 2756 1247 2809 est,
1277 2745 1404 2816 quia
1433 2746 1497 2799 de
1528 2745 1688 2800 Patre
1717 2754 1800 2799 est
1845 2762 1858 2799 ε

281 2835 408 2906 quia
452 2835 497 2889 si
536 2835 604 2890 de
646 2852 711 2890 eo
754 2841 860 2891 non
901 2848 1068 2903 esset,
1112 2838 1421 2894 nullatenus
1467 2838 1705 2908 Spiritus
1746 2838 1864 2905 ejus

282 2936 458 2994 esset;
506 2936 583 2994 et,
625 2928 764 2983 sicut
796 2928 965 2985 Filius
993 2932 1285 2986 essentiam
1319 2930 1481 2985 habet
1508 2947 1537 2986 a
1575 2930 1732 2986 Patre
1769 2948 1864 2985 na-

287 3020 504 3080 scendo,
546 3019 617 3072 ita
647 3018 890 3089 Spiritus
921 3022 1284 3088 procedendo.
1309 3021 1597 3077 Proeessio
1632 3037 1863 3092 namque

285 3108 570 3182 significat
600 3110 893 3164 essentiam
939 3110 1175 3181 Spiritus
1212 3112 1427 3167 saucti.‘
1458 3110 1603 3167 Nihil
1632 3112 1774 3165 enim
1809 3112 1864 3165 iu

286 3200 510 3270 simplici
552 3200 669 3271 ejus
712 3212 905 3256 natura
953 3203 1096 3259 aliud
1129 3204 1330 3273 aliquid
1373 3212 1476 3266 est,
1519 3220 1681 3273 quam
1722 3205 1866 3272 quod

288 3298 386 3346 cst.
418 3290 587 3362 Igitur
616 3293 732 3347 sive
764 3292 1000 3365 Spiritus
1038 3306 1262 3351 sanctus
1303 3298 1604 3367 procedens
1636 3313 1663 3350 a
1704 3296 1863 3350 Patre

289 3380 519 3446 dicatur,
557 3383 672 3438 sive
701 3384 899 3440 missus
931 3402 960 3440 a
1001 3386 1182 3449 Patre,
1215 3389 1330 3442 sive
1361 3388 1540 3451 datus,
1573 3388 1689 3442 sive
1726 3386 1864 3443 ellu-

290 3485 399 3539 sus,
425 3472 539 3529 sive
570 3475 806 3542 Spiritus
836 3476 1036 3541 Patris,
1068 3495 1234 3533 unum
1269 3489 1374 3543 est,
1404 3490 1459 3534 et
1501 3496 1664 3533 unum
1701 3478 1868 3550 signi-

292 3563 436 3632 ficat,
465 3565 517 3620 id
542 3576 625 3621 est
645 3571 941 3623 essentiam
967 3569 1222 3641 Spiritus,
1248 3573 1375 3642 quia
1400 3572 1531 3626 nihil
1558 3572 1610 3626 in
1636 3571 1867 3642 simplici

291 3661 481 3709 natura
507 3654 778 3728 diversum
812 3670 912 3712 est.
948 3659 1102 3725 Quod
1134 3676 1261 3732 ergo
1286 3661 1521 3731 Spiritus
1553 3661 1734 3716 Patris
1759 3670 1864 3728 est,

291 3744 522 3800 essentia
550 3745 675 3816 ejus
730 3756 833 3803 est.
892 3750 1043 3816 Quod
1090 3752 1143 3804 a‘
1172 3751 1331 3806 Patre
1397 3752 1678 3823 procedit,
1724 3754 1866 3822 quod

294 3832 467 3898 datur,
495 3837 638 3905 quod
679 3837 932 3909 mittitur,
957 3840 1100 3909 quod
1130 3839 1445 3905 effunditur,
1478 3843 1718 3897 essentia
1748 3844 1868 3914 ejus

294 3931 400 3994 est;
422 3934 479 3982 et
503 3927 637 3982 nihil
670 3928 834 3986 habet
864 3948 892 3983 a
929 3929 1111 3996 Patre,
1147 3933 1249 3987 nisi
1282 3934 1425 4003 quod
1454 3945 1555 3988 est.
1587 3933 1863 4003 Quidquid

293 4017 432 4073 enim
473 4018 740 4082 est,Deus
787 4027 893 4084 est,
940 4037 1039 4075 nec
1079 4022 1241 4075 aliam
1281 4030 1531 4077 naturam
1579 4024 1762 4088 habet,
1810 4030 1869 4076 ut

294 4108 480 4177 Filius,
525 4111 576 4166 in
625 4101 728 4182 qua
763 4113 907 4166 aliud
953 4113 1150 4168 haheat
1186 4128 1348 4182 quam
1391 4116 1536 4185 quod
1580 4113 1724 4168 Deus
1762 4122 1865 4168 est.

298 4200 528 4271 Spiritus
550 4211 636 4257 est
663 4200 842 4257 Patris
864 4211 922 4256 ut
951 4203 1118 4268 Deus,
1148 4205 1394 4274 procedit
1427 4214 1485 4257 ut
1517 4205 1675 4267 Deus,
1709 4204 1870 4258 datur

296 4297 354 4345 ut
380 4290 539 4355 Deus,
572 4293 805 4348 mittitur
835 4302 892 4346 ut
924 4292 1083 4359 Deus,
1120 4294 1413 4349 ell'unditur
1450 4304 1511 4349 ut
1542 4295 1701 4359 Deus,
1741 4297 1867 4364 quia

296 4388 435 4438 totus
462 4392 546 4438 est
588 4382 745 4438 Deus.
776 4376 952 4437 Unum
979 4393 1064 4440 est
1090 4400 1212 4440 cum
1240 4385 1423 4450 Patre,
1456 4388 1580 4456 quia
1614 4389 1678 4441 de
1708 4386 1870 4443 Patre

296 4480 395 4530 est.
420 4474 913 4531 Consubstantialis
951 4486 1036 4531 est
1064 4476 1165 4542 illi,
1196 4479 1441 4544 procedit
1475 4480 1544 4533 ab
1576 4494 1660 4542 eo,
1700 4480 1870 4534 mitti-

298 4574 382 4622 tnr
405 4565 475 4621 ab
505 4581 593 4632 eo,
622 4567 781 4621 datur
807 4568 876 4621 ab
905 4583 990 4631 eo,
1017 4567 1309 4622 elfunditnr
1338 4571 1407 4623 ab
1437 4584 1527 4635 eo,
1558 4572 1683 4640 quia
1716 4570 1781 4625 de
1803 4586 1869 4625 eo

1960 741 2103 796 sicut
2128 740 2292 795 Pater
2315 756 2531 810 semper
2557 751 2802 811 generat,
2834 752 2888 796 et
2928 742 3098 797 Filius
3133 758 3347 814 semper
3370 745 3546 817 gigni-

1960 840 2068 898 tur,
2108 841 2161 886 et
2200 832 2334 886 nihil
2366 839 2448 885 est
2482 831 2643 885 Pater
2672 832 2753 885 vel
2798 831 2966 886 Filius
2997 833 3139 901 quod
3180 848 3396 904 semper
3433 849 3544 891 non

1958 924 2059 987 sit;
2107 924 2187 978 sic
2219 922 2455 993 Spiritus
2494 930 2716 978 sanctus
2757 937 2974 992 semper
3013 923 3278 992 procedit,
3323 937 3546 996 semper

1958 1015 2215 1079 mittitur,
2248 1030 2463 1084 semper
2504 1016 2682 1081 datur,
2724 1029 2941 1083 semper
2972 1012 3286 1079 effunditur,
3328 1030 3546 1085 semper

1959 1108 2219 1176 spiratur,
2243 1122 2458 1176 semper
2484 1104 2780 1176 profertur,
2809 1118 3025 1174 semper
3046 1103 3370 1169 insuf'fiatur,
3402 1120 3543 1159 scm-

1957 1213 2056 1268 per
2084 1198 2218 1263 exit,
2244 1212 2460 1267 semper
2490 1196 2691 1267 accipit
2716 1196 2860 1265 quod
2890 1196 3194 1259 annuntiat,
3221 1210 3437 1265 semper
3462 1203 3547 1248 est

1962 1288 2199 1359 Spiritus
2228 1288 2408 1344 Patris
2435 1296 2488 1364 et
2513 1287 2657 1342 Filii.
2686 1285 2751 1340 Et
2772 1286 2915 1340 sicut
2940 1285 3082 1353 quod
3112 1284 3284 1339 Filius
3314 1297 3546 1354 genera-

1962 1388 2069 1441 tur,
2090 1379 2233 1448 quod
2265 1378 2524 1442 nascitur,
2548 1377 2693 1447 quod
2719 1375 2954 1430 mittitur
2983 1375 3035 1428 iu
3062 1374 3232 1428 forma
3260 1374 3377 1440 Dei,
3400 1373 3549 1444 quod

1960 1470 2140 1540 prodit
2175 1484 2242 1524 ex
2285 1483 2383 1523 ore
2420 1467 2706 1529 Altissimi,
2747 1466 2888 1536 quod
2920 1464 3033 1519 exit
3082 1480 3112 1518 a
3156 1464 3342 1528 Patre,
3379 1477 3548 1520 unum

1961 1559 2255 1613 essentiam
2289 1557 2405 1626 ejus
2437 1557 2731 1625 significat,
2766 1570 2930 1625 quam
2963 1554 3126 1609 habet
3162 1571 3191 1607 a
3232 1553 3424 1620 Patre;
3465 1554 3548 1613 sic

1961 1631 2142 1704 omnia
2190 1666 2311 1719 qua}
2366 1648 2433 1703 de
2486 1647 2694 1718 Spiritu
2734 1655 2923 1725 sancto
2972 1645 3222 1700 dicuntur
3271 1661 3434 1700 unam
3487 1653 3548 1703 et

1961 1739 2209 1795 eamdem
2238 1739 2355 1808 ejus
2382 1740 2760 1794 demonstrant
2783 1738 3102 1801 essentiam,
3136 1752 3298 1807 quam
3326 1737 3491 1792 habet
3511 1750 3547 1793 a

1963 1830 2124 1885 Patre
2152 1839 2205 1884 et
2235 1830 2372 1884 Filio
2412 1847 2426 1883 :
2470 1846 2576 1885 non
2606 1829 2751 1884 enim
2794 1829 2939 1884 aliud
2980 1838 3034 1883 et
3061 1828 3204 1906 aliud
3237 1826 3551 1896 significant

1964 1921 2017 1975 in
2041 1939 2104 1977 eo
2132 1923 2361 1978 diversa:
2389 1921 2741 1993 prolationes,
2775 1922 2826 1975 in
2859 1937 2965 1992 quo
2996 1922 3125 1975 nihil
3154 1929 3236 1975 est
3263 1921 3366 1985 nisi
3392 1918 3541 1990 quod

1965 2021 2067 2066 est.
2100 2011 2206 2067 Sed
2236 2013 2351 2066 sive
2380 2013 2680 2081 processio,
2713 2012 2827 2066 sive
2882 2012 3092 2077 missio,
3124 2012 3237 2066 sive
3270 2012 3551 2081 quodlibet

1962 2102 2130 2167 aliud,
2162 2102 2307 2172 quod
2338 2103 2500 2158 habet
2535 2119 2565 2156 a
2603 2102 2765 2157 Patre
2794 2114 2850 2157 et
2878 2102 3041 2170 Filio,
3087 2119 3299 2173 puram,
3341 2102 3550 2174 simpli-

1963 2210 2102 2260 cem,
2143 2210 2306 2248 unam
2345 2203 2401 2251 et
2440 2196 2687 2250 eamdem
2725 2194 3005 2264 Solamque
3039 2194 3313 2266 significat
3352 2208 3546 2250 essen-

1963 2290 2116 2354 tiam,
2145 2304 2306 2359 quam
2337 2289 2504 2344 habet
2530 2305 2560 2343 a
2593 2287 2752 2344 Patre
2778 2296 2834 2343 et
2868 2288 3027 2344 Filio.
3059 2288 3115 2343 Si
3155 2288 3301 2342 enim
3331 2288 3546 2345 diversa

1962 2379 2253 2450 significat,
2305 2387 2400 2434 aut
2443 2378 2690 2434 diversas
2732 2382 2999 2436 essentias
3053 2382 3272 2436 habebit
3312 2383 3546 2453 simplex

1964 2458 2192 2535 natura;
2223 2478 2316 2523 aut
2352 2470 2557 2540 aliquid
2595 2471 2701 2524 erit
2744 2471 2796 2525 in
2846 2472 2956 2525 Deo
2988 2482 3186 2541 prreter
3236 2473 3363 2528 illud
3400 2475 3546 2543 quod

1964 2571 2067 2626 est,
2096 2562 2239 2632 quod
2267 2562 2530 2617 catholica
2559 2578 2667 2616 non
2697 2564 2890 2633 recipit
2919 2564 3068 2621 fides.
3101 2564 3231 2619 ltezu
3265 2582 3388 2621 eum
3410 2566 3545 2638 Spi-

1967 2655 2101 2707 ritus
2129 2662 2349 2709 sanctus
2391 2669 2558 2707 unum
2601 2670 2723 2709 eum
2769 2656 2927 2712 Patre
2967 2659 3056 2719 sit,
3091 2670 3147 2712 et
3185 2660 3543 2715 consubstan-

1967 2746 2106 2801 tialis
2150 2746 2246 2810 illi,
2285 2761 2383 2816 pro
2422 2763 2487 2801 eo
2527 2747 2670 2815 quod
2720 2748 2789 2803 ab
2829 2764 2895 2804 eo
2930 2757 3034 2811 est,
3071 2751 3122 2804 id
3154 2760 3238 2804 est
3270 2752 3543 2819 procedit;

1967 2839 2107 2894 idem
2149 2838 2388 2910 Spiritus
2420 2840 2903 2896 consubstantialis
2946 2843 3081 2898 Filio
3113 2861 3217 2898 non
3260 2852 3364 2910 est,
3405 2846 3550 2900 sicut

1967 2929 2135 2994 Patri,
2183 2945 2282 2986 nec
2321 2946 2485 2985 unum
2522 2947 2642 2985 cum
2683 2930 2818 2986 Filio
2859 2932 3000 2987 sicut
3036 2949 3159 2987 cum
3197 2932 3378 2996 Patre,
3419 2934 3547 3005 quia

1968 3037 2073 3076 non
2099 3031 2183 3075 est
2208 3038 2307 3075 nec
2349 3024 2593 3092 procedit
2619 3024 2685 3078 ab
2709 3039 2793 3087 eo,
2821 3024 2963 3093 quod
2984 3024 3249 3080 catholica
3277 3025 3413 3081 fides
3437 3041 3543 3081 non

1928 3154 1931 3157 η
1970 3116 2181 3185 recipit,
2212 3116 2335 3185 quia
2366 3131 2472 3169 non
2505 3116 2665 3169 aliter
2693 3127 2744 3171 et
2773 3118 2956 3181 aliter,
2986 3120 3077 3173 sed
3109 3135 3220 3173 uno
3258 3129 3313 3174 et
3350 3120 3545 3174 indivi-

1969 3206 2075 3261 duo
2108 3210 2268 3261 modo
2299 3224 2462 3260 tunnn
2490 3217 2572 3261 est
2607 3206 2769 3262 Pater
2796 3220 2851 3262 et
2880 3209 3047 3263 Filius
3070 3217 3124 3263 et
3150 3208 3391 3279 Spiritus
3421 3226 3549 3266 saa-

1969 3306 2111 3351 ctns.
2151 3295 2283 3350 Item
2313 3295 2358 3349 si
2398 3295 2633 3363 Spiritus
2660 3305 2881 3352 sanctus
2913 3313 3016 3352 non
3045 3299 3286 3369 procedit
3319 3315 3347 3353 a
3387 3298 3546 3363 Filio,

1968 3387 2260 3457 quomodo.
2318 3389 2460 3441 sicut
2512 3403 2583 3441 vn
2635 3388 2875 3459 synodus
2931 3389 3111 3452 habet,
3165 3390 3411 3458 procedit
3456 3404 3553 3457 per

1970 3481 2180 3550 ipsum?
2215 3479 2353 3547 Quid
2388 3491 2472 3535 est
2511 3482 2655 3535 enim
2684 3498 2781 3552 per
2823 3482 3041 3536 domum
3081 3482 3401 3552 procedere,
3447 3483 3552 3537 nisi

1970 3572 2035 3631 de
2057 3571 2215 3625 domo
2245 3573 2574 3641 procedere?
2597 3573 2703 3627 Aut
2729 3574 2964 3644 qualiter
2985 3574 3097 3629 exit
3130 3591 3159 3629 a
3199 3574 3338 3630 Filio
3374 3574 3550 3644 Spiri-

1972 3670 2079 3727 tus,
2117 3663 2161 3717 si
2200 3679 2306 3717 nou
2346 3664 2590 3732 procedit
2635 3663 2705 3719 ab
2738 3665 2842 3719 eo?
2875 3664 3014 3730 Quid
3058 3674 3141 3719 est
3185 3666 3330 3720 enim
3373 3665 3549 3727 exire,

1969 3751 2072 3805 nisi
2102 3752 2430 3820 procedere?
2455 3754 2536 3806 vel
2559 3753 2829 3821 quomodo
2852 3754 3110 3822 spiratur,
3142 3752 3467 3820 insuﬂ'latur,
3494 3765 3552 3809 et

1967 3840 2276 3907 effunditur,
2314 3842 2586 3912 profertur
2628 3844 2696 3897 ab
2732 3859 2817 3907 eo,
2860 3844 2905 3897 si
2939 3859 3042 3896 non
3087 3844 3330 3913 procedit
3356 3844 3426 3899 ab
3452 3844 3553 3899 eo?

1969 3928 2225 4000 Nunquid
2253 3931 2413 3997 aliter
2438 3931 2677 4000 Spiritus
2708 3931 2888 3985 Patris
2919 3940 3005 3986 est
3035 3941 3092 3986 et
3130 3931 3291 3986 aliter
3316 3930 3465 3997 Filii,
3491 3941 3552 3987 ut

1970 4019 2129 4089 hujus
2167 4020 2238 4074 sit
2284 4018 2521 4090 Spiritus
2554 4021 2920 4091 procedendo,
2963 4019 3122 4089 hujus
3165 4036 3297 4078 vero
3341 4020 3549 4094 nequa-

1970 4108 2166 4176 quam?
2216 4108 2497 4174 Quomodo
2531 4116 2656 4163 ‘non
2707 4112 2951 4179 procedit
3002 4113 3092 4181 qui
3145 4113 3406 4181 spiratur,
3457 4115 3550 4185 qui

1970 4199 2224 4261 mittitur,
2270 4200 2360 4268 qui
2404 4198 2586 4264 datur,
2629 4201 2721 4270 qui
2768 4200 3085 4268 eﬂ’unditur,
3118 4205 3207 4275 qui
3251 4204 3546 4275 profertur,

1969 4291 2061 4360 qui
2094 4288 2414 4357 insulliatnr,
2443 4291 2535 4359 qui
2568 4288 2803 4359 Spiritus
2832 4301 2917 4345 est
2940 4292 3078 4362 ejus,
3107 4294 3196 4363 qui
3222 4294 3334 4349 exit
3362 4292 3549 4358 abeo,

1968 4390 2024 4436 et
2056 4383 2254 4451 accipit
2288 4382 2430 4449 quod
2467 4382 2789 4435 annuntiat?
2814 4383 2951 4449 Quid
2985 4386 3127 4440 enim
3160 4386 3303 4442 Deus
3339 4387 3407 4441 de
3437 4386 3551 4443 Deo

1928 4468 1943 4517 ζ
1968 4481 2148 4542 potest
2196 4474 2444 4542 accipere
2489 4474 2592 4528 nisi
2633 4475 2775 4544 quod
2814 4476 2959 4530 est?
3004 4475 3255 4548 Nunquid
3303 4478 3553 4549 indigens

1972 4566 2115 4620 Deus
2160 4576 2242 4620 est
2285 4576 2342 4619 et
2381 4566 2680 4622 minoratus
2715 4576 2799 4622 est
2844 4568 2896 4621 iu
2937 4568 3141 4637 aliquo,
3188 4582 3245 4622 ut
3276 4572 3554 4638 potentior

298 4662 397 4722 est,
429 4666 482 4711 et
509 4657 643 4711 nihil
671 4657 724 4711 in
751 4672 817 4711 eo
845 4656 954 4722 est,
981 4658 1085 4712 nisi
1120 4660 1261 4729 quod
1292 4668 1394 4713 est.
1431 4660 1696 4714 Similiter
1724 4661 1866 4730 quod
1899 4675 1944 4734 υ
1973 4658 2113 4712 Deus
2148 4657 2265 4725 ejus
2303 4657 2657 4727 indigentiam
2706 4658 2953 4726 suppleat
3000 4670 3093 4713 aut
3135 4659 3366 4713 formam
3408 4661 3552 4715 servi

298 4744 526 4817 Spiritus
563 4746 702 4802 Filii
729 4748 951 4813 dicitur,
989 4751 1132 4818 quod
1175 4750 1244 4803 ab
1286 4763 1353 4802 eo
1391 4748 1571 4814 datur,
1610 4750 1863 4815 mittitur,
1969 4751 2227 4819 suscepit,
2282 4751 2336 4802 in
2381 4765 2483 4819 qua
2521 4750 2664 4817 quod
2704 4765 2810 4803 nou
2860 4750 3024 4805 habet
3065 4748 3334 4821 accipiat?
3381 4750 3426 4803 si
3473 4750 3556 4806 sie

298 4833 604 4900 cli'nnditur,
634 4837 956 4903 insufﬂatur,
999 4837 1257 4906 spiratur,
1286 4839 1580 4908 profertur,
1612 4838 1746 4904 exit,
1776 4854 1870 4894 ac-
1969 4839 2167 4908 sapias,
2220 4837 2366 4891 male
2403 4837 2615 4906 sapias;
2659 4848 2846 4892 contra
2887 4839 3052 4892 Deum
3100 4839 3311 4911 sapitis,
3362 4846 3558 4897 contra

290 4926 424 5003 cipit
452 4928 520 4983 ab
546 4942 611 4983 eo
651 4927 794 5001 quod
821 4928 1127 4992 annuntiat,
1158 4932 1404 4985 eamdem
1437 4930 1861 4998 proceSsionem,
1970 4932 2128 4987 fidem
2156 4928 2381 4998 ‘sapitis.
2427 4929 2708 4985 Postremo
2752 4930 2798 4985 si
2838 4919 2957 5001 qure
2999 4931 3067 4986 de
3114 4931 3321 5005 Spiritu
3366 4941 3566 4992 sancto

287 5009 347 5078 iid
367 5032 471 5088 est,
495 5023 743 5077 eamdem
771 5024 1061 5079 essentiam
1085 5019 1202 5091 ejus
1231 5037 1424 5094 puram
1455 5023 1713 5078 insinuat.
1747 5023 1861 5079 Non
1968 5025 2221 5080 dicuntur
2251 5037 2357 5076 non
2387 5022 2679 5077 essentiam
2710 5023 2828 5093 ejus
2869 5014 3031 5091 quam
3064 5024 3227 5082 habet
3258 5018 3482 5077 a‘Patre
3513 5038 3580 5090 (ει

296 5114 432 5169 enim
465 5122 572 5168 est
607 5114 766 5168 aliter
807 5113 1045 5185 Spiritus
1080 5112 1222 5175 Filii,
1252 5124 1321 5173 et
1353 5110 1512 5168 aliter
1532 5113 1730 5179 Patris,
1764 5131 1864 5170 nec
1967 5118 2127 5182 Filio,
2174 5115 2269 5170 sed
2313 5114 2513 5183 aliquid
2557 5128 2783 5187 propter
2821 5114 2962 5187 quod
3003 5118 3260 5192 accipitis
3293 5113 3587 5184 minorem

297 5203 447 5260 aliter
470 5205 565 5259 dat
596 5216 721 5257 eum
756 5203 942 5269 Filius,
979 5214 1072 5255 aut
1111 5204 1297 5272 mittit,
1342 5202 1451 5257 aut
1477 5202 1724 5269 effundit,
1769 5216 1864 5261 aut
1976 5227 2099 5267 eum
2126 5210 2289 5264 Patre
2314 5216 2367 5261 et
2392 5207 2693 5276 Filio,cutn
2721 5212 3228 5271 Pneumatomatico
3251 5207 3589 5279 Macedonia

295 5294 478 5364 spirat,
521 5307 684 5363 quam
719 5294 904 5358 Pater;
957 5307 1059 5347 nec
1101 5292 1259 5350 aliter
1308 5293 1555 5366 procedit
1600 5295 1632 5348 α’
1676 5292 1857 5361 Patre,
1967 5298 2164 5355 facitis.
2646 5322 2649 5323 ν
2919 5318 2923 5320 '
