4064 5394
538 356 679 411 1215

1589 350 1931 410 APPENDlX
1968 347 2060 406 AD
2095 349 2325 408 OPERA
2364 349 2738 409 ilUlillEllTl.

3648 356 3780 411 1118

536 479 738 524 terram
794 481 918 521 cum
975 444 1453 538 exprobatiouibus
1478 464 1665 523 multis
1689 462 2191 538 projecerint,etA
2216 461 2577 519 iudiscussum
2631 463 2933 535 relinquitis
2989 465 3133 536 quod
3182 465 3485 537 ignoratis?
3521 466 3633 523 Cur
3673 484 3785 524 rem

533 572 699 627 super
748 557 1063 626 sanguinem
1095 556 1480 627 redemptionis
1506 565 1710 611 nostra
1748 554 1977 625 pedibus
2004 553 2109 608 int-

538 645 752 701 mundis
784 645 1138 700 calcaverint.
1164 644 1316 712 Quod
1346 644 1672 700 horrendum
1697 642 1907 699 facinus
1936 643 2111 713 ipsum

536 734 806 790 diabolum
837 735 1021 792 debuit
1041 736 1335 792 deterrere.
1368 733 1544 791 Minus
1577 735 1720 790 enim
1750 742 2112 805 peccaverunt

531 822 701 879 Jndtei
733 840 923 878 manus
946 824 1138 894 impias
1168 826 1220 879 in
1244 824 1427 879 Jesum
1441 825 1739 889 mittentes,
1760 833 1818 879 et
1840 824 2112 879 daemones

536 915 892 984 impellentcs,
914 924 970 969 et
991 915 1189 971 milites
1208 914 1605 985 crucifigentes.
1629 914 1733 969 Per
1753 914 2109 984 ignorantiam

2212 564 2374 620 quam
2406 553 2630 608 nescitis
2658 562 2861 609 temere
2883 547 3244 608 conﬁrmatis?

2281 642 2559 699 Advortite
2595 642 2786 699 saltem
2824 645 2968 713 quod
2992 653 3337 700 accusatores
3375 660 3470 700 vos
3496 655 3552 699 et
3575 644 3788 716 judice:

2210 744 2330 786 esse
2358 731 2409 785 in
2440 733 2627 788 eadem
2654 748 2818 788 causa
2860 748 2964 789 non
2986 734 3163 800 liceat,
3187 733 3407 805 etquod
3435 744 3563 789 ante
3587 734 3788 806 proba-

2213 822 2409 875 tionem
2441 821 2703 890 judicium
2753 824 2869 895 lege
2904 841 3010 880 non
3058 826 3173 889 fiat.
3207 835 3262 880 et
3311 827 3365 879 In
3409 840 3575 882 causa
3603 836 3786 884 vestra

2212 911 2345 967 alios
2392 913 2638 983 judicare
2692 916 3010 986 permittite,
3065 922 3119 970 et
3174 914 3387 971 Domini
3416 930 3620 984 corpus
3659 926 3789 973 ante

536 1004 682 1058 enim
734 1002 978 1059 fecerunt
1015 1021 1029 1056 :
1062 1003 1105 1058 si
1179 1004 1324 1059 enim
1376 1003 1775 1072 cognovissent,
1830 1017 2109 1072 nunquam
2204 998 2465 1067 judicium
2501 1004 2863 1059 condemnare
2892 1004 3077 1059 nolite.

539 1093 826 1148 Dominmn
867 1093 1053 1163 gloria:
1097 1093 1495 1149 crucifixissent
1547 1093 1596 1163 (Ι
1629 1091 1752 1147 Cor.
1785 1108 1843 1156 tt,
1877 1094 1932 1155 8)
1964 1108 1979 1147 :
2014 1107 2112 1148 vos

538 1196 719 1239 autem
740 1194 794 1238 et
824 1184 1031 1238 vidistis
1057 1194 1111 1238 et
1134 1183 1342 1246 odistis,
1369 1193 1445 1248 et,
1462 1183 1754 1238 secundum
1770 1185 2109 1254 prophetam,

539 1275 665 1329 odio
713 1274 995 1329 Dominum
1034 1274 1201 1345 gratis
1228 1274 1510 1330 habuistis.
1546 1273 1653 1331 Sed
1677 1284 1816 1340 esto,
1849 1276 1962 1330 luat
1992 1291 2112 1331 cor-

540 1380 640 1433 pus
695 1364 1264 1436 Domini,quod,cum
1312 1365 1466 1433 panis
1490 1375 1655 1430 esset,
1702 1379 1929 1436 azymus
1979 1364 2107 1428 fuit;

541 1456 757 1525 sanguis
793 1455 909 1525 ejus
955 1455 1081 1524 quid
1124 1456 1321 1510 meruit
1363 1464 1423 1510 ut
1449 1454 1818 1511 effunderetur
1860 1465 1915 1510 et
1939 1455 2111 1510 calea-

543 1546 819 1610 retur.cui
863 1546 1096 1601 nondum
1145 1545 1443 1602 auctoritas
1483 1556 1663 1603 vestra
1709 1547 2116 1603 condemnatio-

542 1636 624 1692 uis
661 1637 985 1692 sententiam
1016 1636 1195 1692 dedit?

608 1727 716 1786 Sed
750 1728 978 1785 forsitan
1006 1746 1111 1787 non
1146 1731 1516 1787 consensistis.
1543 1731 1653 1786 Cur
1686 1730 1851 1803 igitur
1876 1729 2114 1785 Michae-

2283 1090 2436 1156 Quod
2464 1090 2724 1148 Christum
2749 1095 2804 1149 in
2832 1094 3138 1163 fermentata
3161 1096 3354 1165 pascha
3386 1097 3675 1152 celebrasse
3698 1114 3792 1151 as-

2212 1192 2409 1237 serunt.
2460 1183 2750 1255 Arguimus
2794 1187 2936 1256 quod
2983 1187 3265 1242 Dominum
3291 1198 3417 1243 ante
3438 1189 3793 1258 quartamde-

2212 1273 2406 1329 cimam
2466 1274 2647 1331 lunam
2692 1279 2891 1347 pascha
2942 1290 3130 1333 contra
3173 1278 3342 1349 legem
3367 1279 3583 1345 fecisse,
3615 1280 3701 1335 vel
3737 1283 3788 1334 In

2213 1366 2615 1434 quartadecima
2655 1367 2975 1423 fermentum
3029 1371 3355 1426 comedenda
3390 1372 3622 1427 violasse
3648 1387 3789 1425 can-

2217 1457 2475 1522 tenditis,
2534 1466 2587 1512 et
2634 1459 2713 1513 sic
2765 1468 3219 1530 transgressorem
3256 1460 3409 1530 legis,
3447 1471 3503 1516 et
3557 1461 3792 1515 solvisse

2214 1547 2384 1616 legem
2426 1555 2714 1616 antequam
2760 1549 3095 1619 impleretur,
3120 1551 3402 1618 astruitis;
3439 1553 3584 1622 quod
3613 1552 3789 1606 Evan-

2215 1637 2411 1709 gelium
2458 1638 2630 1710 prima
2659 1639 2748 1696 die
2776 1655 3109 1713 azymorum,
3139 1643 3283 1714 quod
3322 1642 3521 1698 dicitur
3555 1644 3789 1713 pascha,

2216 1727 2379 1784 fuisse
2404 1739 2818 1796 commemorat,
2841 1741 2898 1788 et
2932 1731 3180 1788 Christus
3210 1748 3315 1787 non
3337 1735 3402 1788 ad
3439 1736 3788 1795 solvendam.

541 1818 646 1874 lem
696 1820 1060 1889 patriarcham
1113 1820 1257 1876 inter
1315 1836 1473 1877 sacra
1519 1821 1806 1876 missarum
1855 1818 2113 1875 solemnia
2144 1814 2189 1875 Β
2216 1819 2310 1874 sed
2336 1820 2403 1876 ad
2435 1820 2756 1889 implendam
2790 1821 2960 1892 legem
2985 1835 3044 1877 se
3060 1824 3277 1880 venisse
3296 1823 3607 1897 confirmat.
3632 1821 3792 1893 Quod

538 1911 1014 1966 commemoratis?
1036 1912 1147 1967 Cur
1174 1911 1405 1968 Leonem
1444 1912 1774 1967 Aeridanum
1805 1913 2110 1984 episcopum

537 2008 594 2055 et
643 1998 883 2055 Nicetam
924 2001 1173 2056 abbatem
1209 2004 1276 2057 de
1305 2001 1494 2057 Studia
1538 2003 1607 2058 de
1636 2003 1905 2074 diptycbis
1943 2002 2115 2058 sacris

541 2106 646 2145 non
673 2092 904 2148 deletis?
926 2093 1036 2149 Cur
1056 2094 1233 2149 adhuc
1259 2096 1311 2149 in
1340 2096 1610 2150 sacriﬁcio
1625 2106 1809 2151 nostra
1837 2096 2114 2151 Dominico

539 2184 787 2253 sanguini
832 2199 936 2238 non
981 2186 1431 2241 communicatis?
1462 2186 1567 2241 Sed
1612 2202 1676 2239 ex
1710 2196 1959 2241 contactu
1990 2202 2111 2239 cor-

539 2274 687 2342 poris
710 2274 927 2341 sanguis
967 2273 1193 2327 fortasse
1224 2274 1497 2342 polluitur;
1532 2274 1723 2343 legitur
1748 2276 1890 2328 enim
1923 2291 1937 2328 :
1963 2275 2113 2342 Quod

545 2362 878 2414 immundum
910 2362 1165 2430 tetigerit,
1206 2363 1540 2416 immundum
1564 2362 1789 2416 edicitur
1818 2362 2003 2433 (Leuit.
2035 2379 2114 2428 XI,

538 2450 656 2518 26).
687 2452 792 2505 Sed
829 2466 923 2505 nos
949 2466 1191 2505 seorsum
1216 2467 1411 2523 corpus
1430 2456 1489 2508 et
1523 2469 1769 2509 seorsum
1799 2455 2113 2524 sanguinem

542 2542 823 2605 sumimus,
862 2559 957 2596 nec
988 2543 1269 2596 intinctum
1299 2558 1487 2611 panem
1524 2545 1707 2599 datttm
1736 2546 1982 2614 cuiquam
2014 2546 2115 2624 nisi

540 2630 691 2686 Juthe
747 2633 992 2685 tradituri
1053 2634 1448 2704 cognoscimus.
1500 2634 1575 2690 De
1623 2650 1849 2704 corpore
1900 2651 2116 2705 quoque

540 2722 743 2777 Christi
768 2734 969 2792 quanta
1021 2726 1345 2779 sententiain
1389 2738 1624 2781 vestram
1669 2729 1975 2783 absurdilas
2026 2744 2114 2784 se-

542 2824 764 2884 quatur,
825 2816 1023 2871 videte.
1073 2817 1128 2872 Si
1174 2818 1318 2871 enim
1389 2834 1586 2890 corpus
1634 2819 1845 2875 Domini
1895 2822 2117 2877 creditis

542 2905 683 2975 quod
703 2921 765 2959 ex
800 2920 992 2976 azyma
1045 2922 1182 2974 pane
1217 2909 1522 2973 coniicitur,
1552 2927 1651 2964 cur
1684 2927 1789 2965 non
1822 2911 2115 2981 recipitur?

543 3011 640 3049 cur
669 3011 774 3049 non
823 3006 882 3049 ttt
908 2996 1243 3053 Dominicum
1276 2999 1567 3055 adorator?
1600 3017 1698 3055 cur
1729 3017 1795 3056 ne
1829 3002 1923 3054 fiat
1954 3003 2119 3059 inter-

543 3085 781 3140 dicitur?
809 3102 907 3141 cur
942 3085 1154 3155 injuriis
1198 3088 1515 3144 lacessitur?
1537 3108 1633 3145 cur
1669 3091 2039 3158 imperfectum
2065 3104 2118 3149 et

2217 1908 2404 1978 utique
2454 1925 2560 1964 non
2595 1910 2832 1975 fecisset,
2877 1914 2955 1975 si.
2982 1925 3271 1984 antequam
3318 1913 3656 1984 impleretur,
3682 1914 3795 1971 fer—

2216 2009 2455 2054 mentum
2513 2003 2847 2057 comedenda
2919 2004 3189 2059 solvisset.
3250 2006 3401 2061 Unde
3438 2006 3795 2076 consequitur

2214 2090 2358 2158 quod
2388 2099 2667 2159 peccatum
2718 2090 2977 2147 Dominus
3008 2091 3219 2158 fecerit,
3250 2102 3304 2148 et
3333 2095 3386 2147 in
3425 2107 3522 2148 ore
3543 2093 3664 2162 ejus
3688 2096 3794 2149 do~

2217 2180 2298 2230 lus
2328 2178 2507 2243 fuerit,
2547 2177 2704 2247 juxta
2744 2182 3064 2237 sententiam
3112 2198 3290 2249 suam,
3332 2192 3391 2239 ut
3416 2193 3795 2255 transgressor

2215 2265 2347 2335 legis
2369 2268 2612 2335 petierit.

2289 2356 2443 2422 Quod
2496 2358 2865 2425 fermentatum
2907 2362 3196 2416 animatum
3247 2364 3447 2418 ditant.
3499 2365 3795 2435 Argntmns

2215 2447 2356 2514 quod
2407 2447 2788 2503 fermentatum
2847 2466 3038 2519 panem
3076 2455 3371 2507 animatum
3407 2455 3687 2521 asseritis;
3739 2457 3793 2511 in

2214 2553 2320 2606 qua
2364 2540 2627 2593 sententia
2659 2555 2758 2595 nec
2799 2540 2967 2596 Vetus
2996 2545 3165 2610 vobis,
3207 2558 3305 2599 nec
3348 2543 3557 2600 Novum
3602 2547 3795 2603 Tecta-

2217 2638 2454 2683 mentum
2506 2634 2813 2694 consentit;
2849 2649 2947 2688 nec
2980 2634 3175 2704 aliquis
3200 2638 3549 2707 physicorum
3588 2650 3791 2693 novum

2216 2718 2319 2773 hoc
2359 2720 2581 2780 animal.
2632 2722 2742 2776 imo
2774 2739 2969 2777 novmn
3026 2734 3357 2794 portentum,
3397 2736 3599 2796 printer
3648 2730 3794 2783 solos

2219 2805 2559 2873 hiauit-lucos,
2586 2811 2844 2866 conﬁnxit
2887 2812 3447 2884 Quaminopinabilem
3477 2817 3791 2885 opinionem

2218 2898 2358 2953 inter
2388 2899 2619 2956 lirerescs
2641 2901 3052 2959 Manichaeorum
3081 2916 3269 2961 sancta
3284 2905 3397 2976 jam
3430 2908 3632 2963 dudum
3661 2927 3797 2965 con-

2218 2987 2490 3044 demnavit
2520 2991 2776 3049 Ecclesia.

2290 3076 2442 3143 Quod
2467 3082 2695 3135 animum
2711 3084 2862 3153 panis
2886 3082 3151 3140 Christum
3166 3087 3426 3157 viriﬁcnre
3446 3093 3794 3146 contendant.

544 3173 896 3230 inanimatum
927 3178 1181 3230 vocatur?
1221 3194 1319 3231 cur
1362 3194 1485 3233 cum
1527 3179 1979 3233 saerilicatoribus
2008 3182 2120 3236 suis
2148 3182 2190 3243 ς
2225 3171 2510 3238 Ariillimm’o
2536 3175 2679 3243 quod
2725 3178 2963 3231 animum
2998 3180 3155 3248 panis
3194 3180 3393 3237 Christi
3421 3197 3623 3252 corpus
3654 3185 3795 3237 vivi-

543 3265 613 3321 ab
646 3266 892 3321 ecclesiis
914 3267 1173 3336 pellitur?
1203 3285 1299 3323 cur
1320 3279 1374 3324 et
1404 3270 1724 3325 fermentum
1757 3273 2117 3342 praeponitur?

542 3368 642 3411 cur
670 3356 904 3412 cultores
945 3359 1060 3427 ejus
1108 3375 1139 3414 a
1187 3362 1571 3417 communione
1621 3364 1993 3433 suspenditis?
2020 3382 2119 3420 cur

543 3445 807 3514 azymitas
864 3448 1101 3501 vocatis?
1148 3447 1399 3519 Nunquid
1463 3452 1653 3506 habuit
1722 3454 1829 3507 dtto
1886 3469 2113 3524 corpora

544 3532 826 3590 Christus?
892 3553 1056 3593 unum
1128 3541 1446 3609 perfectum,
1506 3542 1649 3596 aliud
1710 3542 2115 3613 imperfectum;

543 3643 709 3682 unum
742 3628 1055 3694 animatum,
1082 3629 1226 3686 aliud
1251 3632 1602 3687 inanimatam
1624 3650 1819 3697 ;nnum
1844 3649 2115 3707 azymum,

542 3716 688 3772 aliud
713 3716 1122 3787 fermentatum;
1152 3739 1315 3778 unum
1340 3724 1672 3793 signiﬁcans,
1699 3734 1756 3780 ct
1781 3726 1925 3781 aliud
1950 3726 2118 3797 signi-

543 3805 807 3863 Gnatum?
834 3809 965 3878 Quis
993 3813 1106 3867 lucc
1134 3813 1200 3868 de
1229 3830 1457 3884 corpore
1482 3816 1686 3871 Christi
1719 3817 1957 3887 cogitare
1979 3834 2118 3886 pra:-

542 3899 728 3963 sumit,
753 3900 852 3954 nisi
882 3901 968 3968 qui
1014 3902 1290 3960 Christum
1338 3920 1441 3959 nec
1486 3917 1764 3961 reveretur
1790 3923 1889 3961 nec
1917 3908 2115 3963 credit?

542 3988 647 4043 nisi
690 3989 781 4059 qui
827 3991 1109 4047 manifeste
1155 3992 1517 4062 blasphemat?
1566 3994 1667 4048 nisi
1716 3996 1806 4064 qui
1838 3995 2119 4051 Christum

540 4075 720 4131 sciens
739 4084 795 4130 et
820 4079 1053 4146 prudens
1078 4079 1547 4149 itnpuguat?Qnad
1574 4082 1618 4136 si
1644 4098 1835 4151 panem
1864 4099 2117 4156 azymutn

542 4161 663 4222 ﬁeri
699 4181 894 4234 corpus
936 4168 1136 4224 Christi
1168 4171 1397 4239 negatis,
1425 4187 1523 4228 cur
1554 4175 1923 4244 imperfectum
1952 4190 2117 4248 nega-

543 4254 660 4311 tis?
688 4254 800 4309 Non
823 4257 965 4310 enim
992 4259 1365 4328 imperfectum
1388 4262 1590 4319 Christi
1619 4279 1816 4334 corpus
1840 4275 1942 4331 est,
1970 4269 2113 4336 quod

546 4343 694 4402 nullo
723 4344 882 4401 modo
906 4361 1103 4416 corpus
1131 4346 1247 4416 ejus
1270 4350 1386 4403 est?
1433 4353 1543 4405 Cur
1569 4354 1800 4422 denique
1831 4370 1931 4410 nos
1956 4355 2115 4410 Chri-

544 4432 756 4489 stianos
783 4434 1023 4490 habetis?
1047 4449 1145 4490 cur
1173 4451 1277 4492 non
1309 4436 1686 4495 utidololatras
1709 4442 2112 4498 condemnatis?

2219 3262 2382 3319 dearc
2455 3266 2798 3322 contenditis.
2864 3267 3119 3340 Nunquid
3167 3271 3301 3326 duas
3362 3273 3576 3329 animas
3631 3275 3798 3329 habet

2219 3353 2495 3421 Christus,
2549 3358 2774 3414 alteram
2820 3361 3053 3416 hominis
3101 3372 3157 3416 et
3196 3362 3423 3418 alteram
3476 3366 3671 3435 panis?
3698 3375 3801 3419 aut

2217 3444 2531 3516 sicutpanis
2580 3447 2632 3502 in
2672 3465 2894 3503 carnem
2943 3451 3143 3508 Christi
3193 3462 3452 3516 mutatur,
3500 3454 3586 3509 sic
3606 3455 3793 3510 anima

2218 3537 2375 3606 panis
2426 3538 2477 3593 in
2507 3539 2740 3595 animam
2769 3539 2968 3596 Christi
3010 3544 3381 3599 convertitur?
3421 3559 3490 3598 an
3546 3545 3797 3602 animam

2216 3643 2368 3687 suam
2397 3627 2644 3686 Christus
2690 3631 2935 3698 dimittit,
2974 3643 3029 3687 et
3059 3633 3290 3687 animam
3321 3635 3479 3703 panis
3515 3635 3795 3692 admittit?

2216 3720 2478 3791 nunquid,
2501 3721 2544 3775 si
2578 3722 2735 3790 panis
2763 3724 2940 3778 anima
2984 3726 3178 3791 deerit,
3222 3725 3422 3781 Christi
3449 3742 3651 3798 corpus
3673 3730 3794 3783 ani-

2216 3822 2419 3867 matum
2448 3829 2552 3867 non
2573 3814 2717 3869 erit?
2745 3831 2843 3871 cur
2870 3831 2976 3870 non
2998 3817 3276 3873 advertitis
3301 3821 3464 3889 quod,
3491 3829 3788 3889 antequam

2215 3901 2454 3957 offeratis
2503 3918 2648 3969 eum,
2672 3906 2959 3972 occiditur,
3010 3907 3196 3964 lancea
3234 3910 3564 3979 perforatur,
3599 3927 3631 3965 a
3673 3922 3790 3967 tota

2214 4006 2312 4046 suo
2338 3991 2598 4061 particula
2623 4009 2743 4063 quin
2771 3998 3083 4051 consecrari
3125 3998 3284 4054 debet
3326 4000 3684 4064 abscinditur.
3733 4012 3791 4055 et

2215 4078 2564 4135 detruncatus
2594 4081 2708 4149 jam
2753 4092 2810 4138 et
2849 4086 3188 4142 exanimatus
3214 4091 3281 4143 ad
3306 4089 3476 4145 altare
3505 4092 3791 4161 portatur?

2214 4182 2320 4223 non
2350 4170 2493 4224 enim
2525 4172 2701 4226 anima
2746 4172 2907 4229 dividi
2938 4184 3134 4245 potest,
3157 4185 3214 4232 ut
3237 4178 3420 4234 divisa:
3448 4190 3627 4250 partes
3648 4182 3787 4237 divi-

2214 4259 2395 4314 siones
2435 4274 2649 4329 quoque
2678 4264 2968 4320 retineant
3020 4267 3236 4323 animai.
3282 4268 3385 4325 Sed
3415 4280 3553 4336 esto,
3601 4284 3783 4341 partes

2213 4349 2376 4403 etiam
2430 4360 2647 4420 propter
2695 4351 3019 4410 fermentum
3046 4358 3280 4413 habeant
3313 4361 3569 4414 animam.
3620 4360 3782 4428 Quid,

2215 4452 2338 4493 cum
2366 4441 2524 4509 panis
2572 4452 2863 4500 evacuatus
2891 4445 3071 4511 fuerit,
3101 4457 3157 4503 et
3197 4450 3416 4504 omnino
3456 4450 3781 4507 fermentum

548 4520 748 4578 idolum
797 4523 940 4576 enim
990 4532 1113 4590 est,
1152 4525 1198 4579 si
1270 4526 1426 4595 panis
1480 4543 1704 4600 azymus
1754 4532 2007 4588 adoretur
2055 4544 2115 4590 ut
2137 4521 2192 4584 D
2215 4529 2409 4585 anima:
2446 4530 2687 4598 desierit,
2716 4536 2956 4604 nunquid
2985 4538 3296 4593 etiamtunc
3324 4540 3501 4594 anima
3530 4555 3630 4596 sua
3667 4556 3783 4597 ma-

548 4609 709 4671 Deus.
734 4610 846 4665 Cur
890 4611 1029 4668 hanc
1071 4613 1444 4685 impiissimum
1486 4617 1734 4675 hteresim
1764 4619 1976 4689 publice
2003 4638 2112 4679 non

546 4701 875 4757 confutatis?
899 4717 996 4757 cur
1038 4718 1159 4757 cum
1190 4704 1405 4760 czeteris
1449 4705 1722 4764 haereticis
1754 4710 2024 4769 llomanos
2057 4714 2111 4771 in

548 4790 783 4849 Ecclesia
823 4809 929 4847 non
980 4795 1495 4851 anathematizatis?
1520 4796 1664 4855 Nihil
1689 4800 1835 4855 enim
1879 4810 1965 4857 est
1995 4819 2112 4859 me-

548 4879 693 4935 dium
726 4901 737 4937 :
767 4891 858 4938 aut
902 4900 1096 4955 corpus
1120 4894 1205 4941 est
1231 4885 1453 4953 Christi,
1499 4898 1554 4943 et
1602 4892 1851 4947 omnibus
1880 4895 2115 4950 adoran-

544 4972 703 5039 dum;
742 4984 834 5029 aut
878 4990 1076 5042 corpus
1110 4976 1229 5042 ejus
1255 4992 1361 5033 non
1405 4988 1506 5042 est,
1543 4989 1597 5035 et
1634 4989 1693 5035 ut
1740 4982 1938 5040 idolum
1980 5001 2115 5042 con-

2212 4620 2383 4705 nebit,
2410 4630 2465 4676 et
2496 4636 2690 4693 corpus
2745 4625 2952 4681 Domini
2996 4627 3387 4685 viviﬁcabitur?
3430 4631 3588 4700 panis
3631 4632 3779 4688 enim

2211 4710 2399 4767 altaris
2433 4719 2579 4767 totus
2607 4712 2662 4768 in
2709 4729 2926 4770 carnem
2946 4715 3146 4773 Christi
3172 4720 3525 4786 convertitur,
3554 4733 3659 4779 nec
3679 4722 3784 4777 ali-

2212 4802 2341 4872 quid
2373 4812 2578 4859 naturte
2606 4806 2763 4875 panis
2799 4816 2995 4874 praeter
3041 4810 3277 4880 speciem
3319 4812 3489 4867 solam
3520 4812 3782 4882 relinquio

2213 4901 2319 4950 tur.
2343 4894 2451 4951 Cur
2479 4912 2583 4951 non
2607 4898 2884 4954 attenditis
2898 4901 3149 4969 (yroniam
3170 4902 3428 4958 Dominus
3447 4904 3589 4973 quod
3608 4905 3774 4965 dedil.

2215 4981 2393 5040 freuit.
2424 4999 2621 5040 cornus
2664 5003 2819 5040 suum
2856 4991 3089 5040 vocavit-
3121 4992 3362 5038 disrinuli
3384 4994 3528 5038 mimi
3554 5006 3779 5038 om-
