4064 5394
260 116 400 174 {in

1076 103 1339 175 Pascat.
1382 114 1909 174 DlSPUTATlONIS
1946 114 2223 172 comas
2262 113 2579 172 cumcos.

3374 118 3518 176 £218

332 231 485 298 Quod
534 231 717 289 lancea
744 247 933 301 corpus
957 228 1155 285 Christi
1197 231 1513 302 percutiant.
1544 232 1837 302 Argnimus
1864 234 1917 293 Α
1941 230 2278 285 vulneratum
2327 240 2431 295 est,
2459 246 2583 286 eum
2627 230 2817 287 lancea
2845 231 2988 290 latus
3031 234 3148 306 ejus
3186 236 3526 309 perforatum

262 324 405 394 quod
456 324 643 380 lancea
696 338 893 394 corpus
935 321 1135 378 Christi
1190 323 1490 392 percutitis,
1547 325 1649 378 hoc
1692 324 1837 378 enim

260 414 509 471 Christus
536 429 642 470 non
675 413 821 480 fecit,
851 413 954 469 hoc
1002 413 1055 468 in
1088 414 1658 469 commemorationem
1682 429 1837 468 suam

263 503 553 577 discipulos
600 504 778 560 facere
813 519 1153 575 nequaquam
1187 492 1462 559 instituit:
1498 522 1517 555 ι
1575 503 1838 573 Accipite,

263 597 422 664 dixit,
471 608 527 653 et
558 596 822 653 comedite
859 615 878 647 ι
899 636 915 661 ,
943 610 1050 650 non
1091 596 1341 661 occidite,
1390 595 1475 650 vel
1504 594 1691 649 lancea
1719 611 1842 664 per-

264 688 451 746 cntite.
473 688 721 747 Christus
758 703 857 744 nec
899 688 1136 759 seipsum
1162 688 1382 751 occidit,
1415 702 1515 742 nec
1549 685 1840 758 discipulos

261 778 508 837 occidere
522 780 704 853 jussit.
736 780 949 845 Milites,
982 796 1087 835 non
1112 778 1363 849 apostoli,
1386 778 1670 835 Dominum
1697 779 1841 835 occi-

275 872 503 939 derunt;
558 872 777 936 milites,
828 887 933 926 non
980 870 1230 942 apostoli,
1285 870 1472 926 lancea
1529 869 1669 925 latus
1721 869 1840 939 ejus

262 960 692 1032 perforaverunt.
742 960 852 1018 Nec
900 960 1114 1017 vivebat
1156 959 1414 1015 Dominus
1439 960 1580 1015 sicut
1609 958 1841 1015 fermen-

267 1064 377 1108 tum
409 1063 669 1119 vestrum,
700 1068 823 1108 cum
854 1053 997 1107 latns
1017 1050 1154 1124 .ejus
1189 1051 1529 1121 perforatur;
1560 1051 1653 1107 sed
1691 1067 1839 1107 mor-

267 1153 394 1203 tuus
436 1152 575 1206 erat,
608 1159 699 1211 ne,
736 1145 986 1200 cruribus
1021 1143 1207 1197 tractis
1237 1142 1525 1208 latronum,
1579 1157 1641 1198 os
1665 1159 1733 1199 ex
1776 1158 1842 1200 eo

263 1249 374 1292 non
425 1236 908 1291 comminueretur.
950 1233 1207 1302 Quamvis
1260 1233 1447 1289 lancea
1500 1242 1680 1289 vestra
1712 1249 1839 1296 non.

263 1328 400 1381 sicut
421 1325 663 1399 iactatis,
713 1343 883 1398 usque
931 1329 998 1383 ad
1038 1326 1374 1393 pceisionem
1404 1325 1607 1382 Christi
1655 1343 1842 1398 perve-

266 1417 413 1483 niat;
444 1433 547 1473 nec
588 1432 786 1489 corpus
811 1416 1034 1481 Christi,
1091 1416 1185 1472 sed
1229 1416 1402 1471 solum
1432 1431 1627 1485 panem
1652 1430 1843 1484 percu-

266 1508 402 1573 tiat;
434 1509 670 1566 nondum
695 1509 838 1563 enim
871 1516 953 1563 est
979 1522 1129 1573 caro,
1150 1506 1245 1561 sed
1275 1521 1442 1575 purus
1489 1506 1665 1575 panis,
1698 1506 1838 1575 quod

1947 326 2050 374 est.
2081 317 2333 387 Nunquid
2365 320 2526 376 habet
2569 329 2763 377 natura
2792 333 2853 377 ut
2882 339 3079 394 corpus
3099 327 3216 397 ejus
3256 338 3534 383 mortuum

1900 482 1903 487 Ι
1944 407 2141 475 caleat,
2196 424 2320 464 cum
2368 412 2420 464 in
2457 427 2522 466 eo
2544 412 2649 466 vita
2682 426 2788 467 non
2815 411 2997 477 fuerit,
3030 430 3153 470 cum
3182 414 3294 485 jam
3353 415 3541 474 vitalis

1945 502 2093 557 calor
2120 502 2441 556 recesserit?
2470 502 2574 558 Sed
2603 502 2831 559 forsitan
2863 506 2964 562 hoc
2983 506 3318 578 privilegium
3342 510 3537 566 habuit

1946 592 2283 649 Dominicum
2351 610 2567 665 corpus.
2620 595 2771 651 Unde
2826 599 3107 668 probatis?
3161 599 3259 656 Ubi
3317 599 3539 675 lrgitis?

1945 686 2077 754 Quae
2104 685 2389 757 Scriptura
2420 688 2615 745 docet?
2655 688 2809 759 Quod
2832 692 3180 765 Evangeiium
3212 695 3537 755 habetlAut

1944 778 2011 834 de
2042 779 2319 850 Scriptura
2366 780 2508 850 quod
2548 779 2803 849 profertis
2851 784 3097 852 probate,
3133 792 3225 837 aut
3268 801 3537 855 prtesum-

1947 871 2116 940 ptioni
2144 871 2316 927 solitas
2341 871 2485 941 quod
2516 870 2798 942 Scriptura
2832 888 2937 928 non
2969 874 3132 929 habet
3165 876 3441 933 ascribito.

2018 963 2172 1031 Quod
2212 965 2385 1034 pueris
2430 974 2552 1018 ante
2593 965 2731 1018 diem
2761 966 3035 1034 septimum
3084 966 3401 1036 baptismum
3447 985 3539 1024 ue-

1943 1068 2082 1128 gent.
2107 1056 2403 1128 Arguimns
2436 1057 2577 1127 quod
2618 1072 2785 1127 puero
2816 1071 3003 1112 recens
3048 1066 3174 1111 nato
3205 1060 3537 1128 baptismum

1944 1154 2070 1202 ante
2124 1146 2412 1217 septimum
2458 1146 2600 1201 diem
2653 1147 2899 1216 negatis;
2959 1162 3063 1202 non
3094 1148 3240 1203 enim
3284 1147 3541 1203 Dominus

1946 1245 2153 1291 certum
2201 1235 2343 1291 diem
2385 1235 2436 1290 in
2490 1235 2760 1306 baptismo
2786 1238 3090 1300 constituit,
3118 1254 3216 1292 nec
3246 1240 3538 1307 septimum

1944 1329 2086 1383 diem
2116 1328 2289 1396 primo
2308 1328 2411 1383 diei
2438 1328 2762 1399 prwposuit;
2798 1329 2892 1382 sed
2915 1329 3233 1398 simpliciter
3263 1339 3315 1384 et
3338 1330 3541 1401 absque

1946 1418 2157 1472 fallacia
2188 1419 2408 1473 mittens
2458 1420 2525 1472 ad
2574 1419 2956 1488 baptizandutn
3001 1420 3315 1491 dis-ipulos,
3352 1420 3485 1476 dixit
3519 1438 3535 1475 :

1954 1527 1973 1558 ι
2010 1508 2111 1573 Qui
2165 1507 2455 1561 crediderit
2509 1517 2564 1561 et
2629 1509 2931 1578 baptizatus
2980 1508 3160 1572 fuerit,
3210 1510 3391 1565 salvus
3435 1508 3545 1565 erit

267 1598 554 1665 lanceatis;
621 1607 675 1653 et
742 1599 1125 1654 fermentatum
1192 1597 1491 1662 viventem,
1550 1606 1839 1668 antequam
1877 1586 1917 1643 Β
1947 1597 2142 1669 (Mart.
2176 1613 2285 1661 xvi,
2330 1596 2437 1669 l6).
2464 1597 2713 1668 Nunquid
2746 1600 2888 1653 enim
2917 1600 3175 1656 Dominus
3198 1600 3284 1655 d;e
3312 1601 3541 1671 septimo

265 1688 542 1746 Christum
570 1689 845 1747 viviﬁcare
873 1690 1064 1759 possit,
1094 1688 1363 1745 occiditis.

336 1782 491 1849 Quod
512 1784 565 1836 in
592 1793 731 1837 terra
777 1766 965 1853 corpus
1008 1780 1205 1837 Christi
1242 1780 1516 1850 sepeliant.
1554 1781 1845 1854 Arguimus

266 1876 411 1945 quod
459 1875 515 1931 in
567 1885 709 1930 terra
759 1889 957 1944 corpus
1012 1874 1222 1930 Domini
1252 1873 1515 1944 sepelitis,
1566 1884 1619 1928 et
1657 1883 1843 1929 contra

257 1966 601 2041 'Scripturam
649 1968 1051 2037 corruptionem
1105 1966 1289 2021 videre
1336 1967 1704 2037 compellitis:
1740 1967 1843 2021 Do-

265 2059 445 2115 minus
504 2056 650 2114 enim
717 2072 915 2129 corpus
955 2073 1110 2113 suum
1160 2058 1443 2112 comedere
1495 2056 1677 2126 jussit,
1738 2072 1845 2112 non

266 2145 527 2216 sepelire;
552 2156 610 2204 et
652 2147 901 2218 discipuli
948 2149 1321 2226 comederunt,
1353 2163 1459 2203 non
1492 2149 1840 2218 sepelierunt.

271 2240 375 2295 Vos
415 2248 618 2303 autem,
660 2255 766 2295 non
790 2249 1080 2309 sequentes
1108 2238 1399 2309 apostolos,
1430 2238 1482 2292 in
1509 2236 1687 2293 laeum
1728 2254 1847 2294 eor-

266 2330 532 2400 rnptionis
578 2328 870 2400 projicitis;
920 2338 978 2383 et
1026 2328 1285 2397 Spiritum
1338 2340 1584 2383 sanctum
1632 2331 1724 2401 qui
1753 2348 1849 2400 per

264 2421 586 2492 prophetam
614 2419 791 2474 dixit:
830 2439 849 2470 ι
887 2418 1002 2474 Non
1030 2419 1183 2473 dabis
1217 2429 1463 2473 sanctum
1491 2428 1638 2473 tuum
1667 2421 1850 2475 videre

261 2510 670 2582 corruptionem
702 2508 873 2581 (Psal.
904 2527 1001 2575 xv,
1036 2510 1122 2577 l0)
1149 2552 1162 2571 .
1198 2531 1215 2563 ι
1253 2511 1470 2565 mentiri
1502 2512 1847 2582 compellitis,

266 2602 363 2671 qui
410 2600 811 2670 corruptionem
866 2614 990 2654 emn
1046 2600 1245 2664 videre,
1302 2609 1561 2669 quantum
1602 2603 1652 2655 in
1697 2602 1852 2656 vobis

264 2700 375 2755 cst,
411 2690 609 2746 facitis.

338 2779 495 2847 Quod
534 2780 669 2834 illud
709 2797 828 2834 cum
869 2797 1006 2850 aqua
1049 2780 1229 2835 calida
1279 2791 1507 2836 sumant.
1562 2782 1853 2854 Argnimus

265 2872 410 2941 quod
434 2887 632 2942 corpus
672 2872 881 2926 Domini
912 2888 1033 2928 cum
1064 2873 1185 2928 cibo
1209 2874 1508 2946 communi,
1544 2874 1593 2928 id
1625 2884 1707 2930 est
1729 2890 1850 2930 cum

1943 1688 2273 1759 baptizatum
2304 1690 2511 1744 salvum
2559 1689 2741 1744 facere
2772 1702 2970 1759 νομιεῖ,
3016 1701 3071 1747 et
3101 1693 3275 1762 primo
3306 1709 3411 1748 non
3445 1707 3541 1761 p0—

1946 1782 2085 1837 test?
2112 1781 2466 1852 Omnipotens
2502 1783 2645 1837 enim
2668 1791 2750 1838 est
2780 1783 2941 1849 Dens,
2972 1794 3027 1838 et
3066 1784 3249 1840 omnia
3279 1800 3539 1854 quaecun-

1944 1891 2049 1946 que
2074 1875 2243 1930 volnit
2268 1874 2416 1942 fecit,
2472 1885 2527 1931 et
2575 1892 2683 1931 non
2714 1877 2914 1947 estqui
2961 1879 3131 1947 possit
3162 1880 3416 1934 resistere
3446 1893 3543 1936 vo-

1946 1958 2136 2021 luntati
2168 1981 2300 2021 sum.
2339 1967 2447 2020 Aut
2497 1976 2673 2038 potest
2704 1966 2946 2035 quidem,
2993 1967 3088 2022 sed
3117 1983 3223 2022 non
3254 1969 3368 2022 vult
3395 1968 3541 2039 quod

1944 2064 2146 2127 potest,
2196 2057 2287 2126 qui
2343 2057 2455 2112 vult
2505 2072 2697 2111 omnes
2733 2056 2981 2111 homines
3028 2058 3206 2112 salvos
3232 2057 3370 2124 ﬁeri,
3393 2064 3452 2116 et
3474 2059 3545 2119 ad

1947 2147 2278 2217 agnitionem
2338 2147 2589 2201 veritatis
2651 2145 2878 2200 venire?
2935 2145 3037 2201 Ubi
3093 2149 3271 2203 omnis
3320 2148 3540 2215 dicitur,

1949 2236 2127 2291 nullus
2179 2235 2470 2307 excipitur,
2525 2251 2628 2291 nec
2668 2236 2848 2292 infans
2894 2234 3048 2305 cujus
3100 2246 3182 2291 est
3223 2237 3331 2291 vita
3380 2238 3541 2293 unius

1948 2326 2054 2382 diei
2106 2341 2271 2397 super
2294 2329 2522 2381 terram.
2552 2323 2801 2381 Christus
2854 2340 3072 2380 omnem
3126 2327 3400 2381 hominem
3433 2326 3546 2382 sal-

1950 2424 2063 2480 vat,
2090 2432 2187 2471 vos
2227 2417 2502 2470 hominem
2530 2431 2629 2469 cur
2658 2415 2954 2485 excipitis?
2986 2415 3240 2470 Christus
3264 2416 3539 2470 neminem

1951 2507 2100 2575 ejicit
2154 2507 2324 2570 foras,
2374 2523 2469 2561 vos
2517 2506 2730 2575 loagius
2758 2509 2901 2561 hunc
2930 2522 2960 2561 a
2990 2506 3210 2562 Christo
3236 2507 3546 2575 repellitis?

1953 2597 2204 2654 Christus
2248 2597 2396 2653 solus
2423 2598 2685 2668 baptizat,
2732 2612 2830 2652 vos
2857 2612 3053 2666 aquam
3082 2612 3181 2652 cur
3204 2596 3503 2666 prohibetis
3522 2597 3548 2649 ἲ

1954 2689 2201 2744 Christus
2248 2689 2395 2744 solus
2444 2700 2665 2759 peccata
2717 2689 2959 2752 dimittit,
3015 2703 3109 2742 vos
3168 2697 3390 2759 peccata
3442 2702 3541 2742 cur

1958 2779 2238 2834 retinetis?
2289 2779 2333 2832 si
2366 2778 2556 2834 sordes
2584 2782 2885 2833 exteriores
2905 2775 3185 2833 offendunt
3212 2780 3397 2831 oculos
3428 2790 3548 2831 ves-

1959 2885 2093 2941 tros,
2128 2874 2370 2945 nunquid
2410 2885 2465 2930 et
2491 2875 2767 2930 Christum
2800 2876 3004 2945 putatis
3030 2874 3330 2930 oll'endi?si
3367 2873 3548 2927 carnis

266 2976 406 3031 aqua
434 2960 627 3023 calida,
675 2962 892 3017 sumitis
926 2978 940 3017 :
982 2962 1097 3018 Non
1119 2964 1263 3018 enim
1290 2963 1538 3019 Christus
1568 2964 1848 3020 hocinsti-
1879 2941 1925 3002 Ο
1961 2968 2358 3022 immunditiam
2410 2976 2582 3023 tactus
2628 2976 2809 3023 vester
2858 2967 3147 3031 horrescit,
3197 2968 3438 3038 nunquid
3494 2977 3549 3021 et

267 3051 391 3116 luit,
416 3065 518 3109 nec
567 3051 621 3107 in
653 3062 996 3109 sacramento
1020 3054 1296 3124 sanguinis
1328 3069 1465 3125 aqua
1512 3055 1684 3109 calida
1713 3055 1846 3124 fuit;

266 3139 516 3198 Christus
554 3143 766 3210 vinum,
816 3160 924 3199 non
998 3160 1221 3215 aquam,
1278 3147 1509 3201 mutavit
1534 3146 1588 3200 in
1634 3147 1850 3215 sangui-

267 3246 415 3298 nem,
435 3248 535 3290 nec
567 3234 712 3291 aliud
753 3236 976 3307 aliquid,
1013 3239 1108 3294 sed
1134 3241 1383 3310 genimen
1433 3242 1563 3298 vitis
1592 3243 1851 3314 prepina-

266 3321 346 3375 vit
380 3322 436 3380 in
456 3322 704 3381 calicem.
734 3325 840 3381 Vos
858 3336 1043 3383 autem
1072 3328 1214 3400 quod
1238 3329 1305 3384 ad
1334 3345 1576 3386 mensam
1604 3349 1843 3388 commu-

266 3426 393 3470 nem
431 3429 500 3471 ex
543 3431 645 3474 usu
693 3419 996 3489 percipitis,
1037 3435 1137 3476 nec
1193 3421 1263 3478 ad
1332 3436 1575 3479 mensam
1614 3424 1853 3483 divinam

267 3502 541 3569 abstinere
591 3510 837 3579 potestis,
881 3519 938 3566 et
989 3511 1265 3569 ascribitis
1292 3512 1542 3586 religioni
1582 3514 1730 3585 quod
1783 3515 1853 3571 ad

267 3606 611 3669 peccatorum
636 3604 1039 3661 excusationem
1067 3606 1298 3663 habetis.

341 3687 496 3759 Quod
526 3695 833 3764 sanguinem
862 3697 927 3751 de
950 3695 1151 3752 Christi
1180 3699 1346 3754 latere
1373 3698 1607 3755 calidum
1635 3701 1856 3771 ﬂuxisse

269 3783 468 3841 dicant.
496 3784 788 3856 Arguimns
815 3790 959 3858 quod
990 3791 1311 3859 sanguinem
1346 3792 1412 3846 de
1459 3791 1626 3847 latere
1653 3793 1856 3849 Christi

268 3873 501 3930 calidum
566 3876 785 3934 ﬂuxisse
836 3887 1024 3934 contra
1070 3891 1320 3937 naturam
1387 3891 1441 3937 et
1503 3882 1857 3954 Evangelinm

270 3963 448 4043 dicitis
479 3984 490 4021 :
520 3965 650 4024 dicit
690 3968 835 4024 enim
865 3970 1145 4045 Scriptura
1174 3973 1317 4042 quod
1343 3971 1456 4042 jam
1487 3973 1719 4041 obierat,
1744 3973 1858 4042 jam

272 4057 664 4130 exspiraverat,
706 4059 818 4131 iam
871 4072 1116 4121 mortuus
1168 4073 1306 4132 erat,
1341 4080 1465 4122 cum
1513 4081 1714 4137 corpus
1740 4066 1860 4138 ejus

1959 3059 2234 3115 Christum
2289 3057 2490 3128 putatis
2517 3058 2881 3115 horrescere?
2925 3056 3025 3125 Qui
3054 3058 3237 3113 carnis
3262 3055 3552 3111 inﬁrmita-

1963 3159 2042 3205 tes
2084 3165 2185 3220 pro
2232 3149 2392 3205 nobis
2443 3148 2726 3214 sustinuit,
2759 3150 3032 3204 inﬁrmum
3071 3149 3348 3205 hominem
3380 3147 3550 3219 magis

1958 3249 2228 3297 sustentat
2251 3255 2415 3310 quam
2457 3240 2665 3311 dejieit.
2696 3240 2798 3307 Qui
2832 3241 3025 3295 sordes
3075 3240 3273 3295 animm
3301 3254 3438 3309 quas
3480 3254 3549 3295 ex

1959 3331 2114 3403 culpa
2139 3331 2538 3398 contraximus,
2583 3330 2751 3399 lavat,
2791 3329 2982 3385 sordes
3011 3327 3258 3400 corporis
3281 3342 3421 3400 quas
3451 3343 3551 3389 no-

1956 3424 2041 3482 bis
2089 3424 2320 3497 imponit
2371 3424 2675 3480 necessitas
2709 3422 3138 3480 misericorditer
3198 3430 3402 3494 portat.
3433 3419 3552 3476 Non

1953 3515 2100 3572 enim
2152 3514 2415 3571 habemus
2458 3513 2774 3586 pontiﬁcem
2814 3514 2909 3584 qui
2960 3527 3069 3568 non
3116 3512 3289 3583 possit
3315 3509 3552 3581 compati

1956 3603 2366 3661 inﬁrmitatibus
2407 3605 2635 3662 nostris.
2687 3604 2791 3661 Vos
2819 3613 2998 3659 autem
3032 3603 3336 3658 homicidas
3364 3615 3557 3656 omnes

1959 3697 2457 3769 incomparabiliter
2502 3697 2747 3761 vincitis,
2796 3696 2889 3766 qni
2946 3703 3238 3767 pereuntes
3285 3695 3352 3749 de
3389 3707 3555 3747 manu

1959 3789 2261 3846 Salvatoris
2299 3790 2581 3855 excutitis,
2625 3797 2683 3843 et
2716 3789 3012 3843 morientes
3042 3788 3108 3841 ad
3141 3785 3308 3839 vitam
3350 3784 3555 3839 intrare

1961 3897 2067 3936 non
2093 3883 2297 3948 sinitis,
2340 3889 2395 3934 et
2433 3881 2484 3935 in
2532 3880 2863 3952 gehennam,
2910 3887 3084 3933 morte
3136 3877 3339 3933 Christi
3381 3873 3555 3930 recla-

1964 3987 2164 4043 mante,
2196 3975 2531 4046 demet-gitis.
