4064 5394
274 277 409 330 Ιὲνὶῖὶ

1272 275 1660 342 tlABlLLONll
1706 273 2112 340 DtSQUlSlTlO
2155 275 2240 329 DE
2273 276 2534 342 szno.

3399 285 3535 342 ιξξε

264 405 542 463 sonituum
584 389 1261 463 puriﬁcatamevectum,
1307 402 1552 458 azymum
1586 386 1724 456 apud
1757 386 1847 438 La-
1881 395 1924 448 Α
1959 401 2148 440 inerme
2198 387 2684 463 Ilicrosolymitano
2715 400 2982 463 recenset.
3010 391 3214 449 Omitto
3251 395 3355 451 alia
3384 397 3532 451 (ξιπο-
3621 379 3627 386 ’

267 461 413 515 tinos
449 461 830 514 inti-eduxisse.
861 459 1107 526 Scriptor
1133 461 1298 512 etiam
1338 474 1656 528 anonymus,
1691 472 1848 526 quem

264 532 374 584 vidi
423 531 478 586 in
522 529 854 586 Bibliotheca
898 528 1190 582 llarberina
1218 530 1360 583 inter
1394 531 1608 584 codices
1633 529 1851 583 Graicos

264 616 425 667 tuss.,
457 617 604 654 num.
638 600 725 663 75,
772 601 846 653 ait
881 598 1134 653 Carolum
1168 598 1436 667 Magnum,
1468 616 1588 654 cum
1623 598 1848 652 Romam

263 673 546 740 proiectus
594 679 696 734 est,
728 679 968 738 tempore
1015 668 1212 722 Leonis
1257 671 1430 733 tertii,
1479 671 1576 723 via:
1624 671 1852 724 comites

265 739 526 796 habuisse
555 742 761 810 aliquot
789 740 1099 810 monachos,
1125 739 1238 793 Arii
1269 751 1324 794 et
1348 740 1677 810 Apollinaris
1706 754 1852 794 ert-oo

266 811 420 870 ribus
473 808 728 876 infectus,
781 811 872 879 qui
926 808 1124 864 Urbem
1184 808 1412 880 ingressi
1472 819 1853 879 pervenerunt

265 882 556 952 populum,
601 884 858 936 docentes
910 879 1176 952 §piritum
1225 879 1473 952 sanctum
1521 898 1626 936 nou
1667 898 1695 934 a
1734 880 1849 934 solo

264 949 449 1014 Patre,
486 953 578 1007 sed
620 953 783 1006 etiam
830 968 860 1005 a
909 949 1043 1004 Filio
1079 951 1371 1018 procedere
1407 961 1462 1005 et
1506 952 1846 1022 eporterein

263 1024 476 1094 azymis
520 1023 862 1094 sacriﬁcare,
882 1023 953 1075 ita
996 1031 1055 1074 ut
1095 1036 1284 1091 azyma
1314 1035 1346 1094 ρ
1371 1021 1850 1094 Franciaprodie-

263 1091 395 1148 rint.
453 1094 578 1148 llzec
624 1094 730 1155 ille,
781 1093 865 1147 cui
919 1101 1223 1146 consonant
1275 1091 1379 1145 alia
1426 1095 1566 1162 apud
1612 1091 1844 1147 Leonem

262 1164 543 1229 Allatium,
574 1164 711 1233 libro
752 1164 944 1225 citato,
974 1177 1094 1233 pag.
1130 1162 1227 1233 571
1261 1172 1314 1216 et
1350 1164 1722 1233 sequentibus,
1755 1163 1843 1233 ubi

257 1236 426 1288 etiam
469 1227 782 1306 praedictam
833 1227 1027 1290 Felicis
1046 1227 1322 1287 "fabellam
1361 1227 1444 1288 εί
1472 1227 1715 1304 quodam,
1761 1229 1847 1286 Si-

255 1425 691 1449 μῄ--ο

1955 473 2141 538 eorum
2185 461 2545 538 recentiorum
2583 461 2863 530 ﬁgmenta,
2914 479 2982 518 uc
3033 473 3242 536 tempus
3285 466 3341 523 in
3381 473 3541 538 nugis

1955 528 2217 599 inutiliter
2253 531 2553 599 prodigam.

1989 667 2000 678 .
2030 597 2152 652 llmc
2194 608 2374 678 autem
2414 597 2636 678 scripsi,
2669 609 2728 656 ut
2760 601 2997 678 studium
3033 612 3185 662 tuum
3222 615 3279 664 et
3303 608 3537 678 diligen-

1965 670 2093 721 tiam
2128 670 2452 750 excitarem,
2487 670 2627 750 sicut
2668 673 2926 750 scriptum
2973 673 3051 750 est
3079 692 3158 750 τί]
3190 678 3260 732 Da
3310 670 3538 750 sapienti

1962 741 2325 821 occasiones-Ii,
2359 752 2412 794 et
2450 740 2750 821 addetur_ei
2780 740 3041 816 sapientia
3081 747 3260 821 (Prov.
3301 740 3386 815 Ix;
3405 752 3480 821 9).
3518 753 3546 802 ι’

1959 808 2226 864 Czeterum
2246 811 2424 890 ⁵ρευιη
2454 821 2659 890 οτᾳηυι
2688 808 2892 890 incerta
2923 824 2978 890 et
2997 808 3228 890 pceulta
3262 808 3541 890 sapientiai

1957 896 2067 960 suae
2115 881 2425 936 manifestet
2469 882 2655 960 nobis,
2688 885 2906 960 _detque
2926 886 3186 960 _i_dipsum
3241 881 3435 960 sapere
3485 894 3538 945 iu

1955 949 2274 1026 alterutrum
2337 955 2628 1026 secundum
2677 949 2862 1026 Jesuiu
2917 949 3222 1024 Christum,
3279 949 3365 1026 u't,
3399 964 3542 1016 sicut

1957 1021 2206 1097 hortatur
2249 1023 2540 1097 Apostolus
2583 1039 2596 1077 :
2644 1043 2664 1097 ρ
2703 1025 3015 1097 Expurgato
3062 1021 3228 1082 veteri
3268 1021 3538 1085 fermento

1953 1092 2232 1228 eplélfmlll'
2280 1096 2332 1148 iu
2374 1096 2577 1165 azymis
2612 1092 2939 1151 sinceritatis
2963 1105 3018 1152 et
3047 1098 3295 1155 veritatis
3331 1099 3386 1172 (1
3413 1100 3534 1155 Cor.

1953 1176 2003 1226 ν,
2095 1183 2147 1216 .»

1952 1176 2003 1226 v,
2031 1176 2106 1226 δ).
2129 1183 2147 1216 ι

2025 1233 2232 1300 Romae,
2265 1234 2352 1290 die
2384 1234 2449 1290 14
2483 1233 2658 1291 Martii
2692 1236 2848 1293 1075.

695 1425 3542 1455 mw

1401 1591 2191 1707 DISSERTAT
2207 1592 2349 1706 IO

854 1886 962 1948 DE
1002 1883 1213 1945 PANE
1246 1879 1863 1956 EUCHARISTICO,
1901 1848 2208 1956 AZYMO,
2241 1879 2344 1944 AC
2380 1882 2929 1960 FERMENTATO

249 2302 828 2368 DlSSERTATlONIS
865 2300 1158 2360 OCCASIO
1197 2299 1283 2354 ΕΤ
1330 2296 1841 2354 ARGUMENTUM.
1880 2304 1920 2361 ιι
1950 2298 2073 2389 nius
2095 2311 2284 2352 omnes
2313 2299 2380 2352 ad
2416 2300 2525 2356 hoc
2565 2302 2739 2372 ipsum
2782 2316 2839 2360 ut
2883 2323 2974 2362 sua
3007 2310 3175 2368 libere
3204 2309 3557 2389 promerem,'

328 2408 462 2463 Cum
495 2403 704 2460 edendo
742 2401 873 2455 Acta
922 2405 1232 2453 sanctorum
1269 2404 1580 2450 nostrorum
1617 2390 1843 2445 incidis-

253 2507 372 2555 sem
408 2499 464 2552 in
496 2496 742 2567 quadam
778 2492 894 2546 loca
928 2505 1025 2560 pro
1050 2485 1364 2559 azymorum
1392 2500 1489 2538 usu
1517 2484 1570 2538 in
1601 2481 1844 2537 Ecclesia

254 2595 482 2657 Latina,
529 2605 613 2653 ea,
650 2602 800 2642 more
838 2600 980 2648 meo,
1010 2581 1333 2653 quibusdam
1375 2574 1850 2633 observationibus

252 2688 536 2742 illustrare
578 2681 751 2734 visum
781 2685 883 2739 est,
916 2685 970 2730 et
998 2672 1268 2769 conjectis
1300 2670 1366 2724 iis
1393 2685 1515 2739 qua:
1546 2667 1676 2722 mihi
1709 2678 1848 2735 pene

248 2778 414 2832 obvia
457 2774 606 2828 fuere
646 2766 978 2840 argumentis
1015 2758 1302 2820 ostende're
1351 2775 1506 2815 usum
1547 2758 1691 2812 hunc
1724 2771 1848 2811 esse

251 2868 621 2937 antiquiorem
655 2877 815 2934 quam
851 2859 1084 2915 Jacobus
1126 2855 1473 2918 Sirmundus,
1505 2853 1589 2907 vir
1633 2850 1846 2906 eximia:

202 2997 204 2999 ›
251 2959 604 3020 eruditionis,
643 2955 1070 3012 existimaverat.
1093 2949 1229 3004 Nota
1269 2955 1352 3002 est
1381 2945 1638 3001 studiosis
1663 2943 1843 2996 otnni-

244 3055 361 3108 bus
402 3053 501 3106 viri
549 3047 840 3105 clarissimi
883 3043 1151 3101 sententia
1190 3043 1244 3096 in
1284 3038 1545 3111 singulari
1581 3036 1845 3106 Disquisi-

256 3147 404 3203 tione
456 3147 520 3200 de
571 3157 786 3213 azymo,
819 3139 1072 3194 nimirum
1121 3150 1313 3204 panem
1365 3134 1742 3184 fermentatum
1779 3129 1841 3180 in

253 3234 499 3292 Ecclesia
532 3233 724 3289 Latina
768 3229 953 3284 multis
987 3227 1198 3282 smrulis
1239 3223 1540 3278 adhibitum
1583 3221 1633 3273 in
1678 3219 1843 3272 missa

247 3329 455 3388 inisse,
505 3336 558 3380 et
607 3338 830 3394 azyma,
879 3317 1132 3374 Pbotiaui
1189 3314 1502 3372 schismatis
1565 3319 1840 3379 tempore,

254 3419 495 3474 nondum
545 3425 780 3482 recepta,
809 3411 904 3467 sed
936 3419 1142 3463 tantum
1183 3405 1360 3460 medio
1405 3402 1496 3457 illo
1534 3399 1838 3484 intervallo,

257 3510 400 3580 quod
440 3509 595 3561 inter
631 3507 864 3560 schisma
914 3501 1091 3556 Photii
1132 3493 1663 3568 psemlopatriarchze
1698 3491 1842 3546 Con-

256 3595 720 3668 stantinopolitani
742 3638 755 3660 ,
799 3592 1116 3665 pontiﬁcatu
1147 3588 1350 3644 Nicolai
1377 3600 1534 3657 ’μηρῑὲ
1567 3583 1750 3655 primi,
1787 3593 1840 3637 et

1954 2385 2263 2453 invitasset;
2293 2403 2394 2444 nec
2436 2406 2494 2445 se
2538 2394 2607 2446 ab
2639 2393 2755 2463 ejus
2791 2402 3056 2454 sententia
3087 2385 3535 2468 disceilere‘indi:

1950 2489 2240 2549 gnatorum
2276 2495 2604 2553 quemquam
2647 2491 2857 2557 putavit
2889 2494 2979 2563 qui
3016 2498 3351 2557 meminisset
3385 2503 3554 2568 illum,

1950 2594 2048 2649 pro
2097 2579 2354 2650 singulari
2409 2597 2504 2636 sua
2553 2585 2813 2639 modestia
2877 2591 3095 2646 solitum
3155 2595 3331 2652 aliena
3393 2599 3538 2656 hami

1948 2684 2171 2742 gravate
2215 2675 2432 2738 audire,
2488 2685 2575 2741 ct,
2625 2680 2668 2732 si
2725 2681 2945 2736 meliora
3003 2688 3115 2742 suis
3165 2659 3555 2760 cognosceret.)

1938 2762 2180 2820 libenter
2204 2767 2478 2836 amplecti.
2511 2769 2576 2824 Et
2619 2771 2731 2825 hzr‘c
2771 2773 2984 2842 quidem
3015 2793 3132 2833 mea
3161 2781 3226 2836 de
3258 2781 3539 2843 Sirmundi

1949 2866 2151 2922 mente,
2188 2860 2453 2914 modestia
2505 2876 2568 2916 ac
2613 2864 2812 2918 sinceri
2860 2868 3039 2924 studio
3077 2875 3364 2942 persuasio
3399 2860 3552 2946 erat,

1949 2952 2248 3021 eademque
2283 2953 2411 3007 facti
2444 2955 2548 3009 mei
2583 2960 2881 3014 excusatio.
3379 2973 3385 2976 ’
3535 2947 3546 2956 ’

2019 3041 2122 3098 Ubi
2161 3045 2394 3114 prinmm
2435 3045 2854 3108 Observationes
2896 3051 3044 3110 meas
3086 3058 3239 3126 prelo
3290 3046 3548 3124 commit».

1951 3141 2064 3188 tere
2111 3135 2391 3203 parabam.
2452 3137 2616 3191 simul
2654 3144 2860 3196 certior
2896 3144 3080 3201 factus
3139 3165 3258 3203 smn
3296 3153 3544 3210 emineta-

1949 3223 2217 3279 tissimum
2263 3227 2592 3282 cardiualem
2640 3230 2809 3297 Bona,
2855 3234 3008 3302 cujus
3048 3238 3245 3306 virtus,
3294 3243 3543 3300 doctrina

1947 3323 2000 3368 et
2032 3315 2266 3371 eruditio
2297 3319 2547 3374 omnibus
2578 3335 2859 3392 perspecta
2888 3335 3040 3396 sunt,
3076 3328 3216 3384 idem
3251 3347 3544 3406 argumen-

1949 3414 2059 3460 tum
2093 3417 2432 3496 pertractare
2462 3411 2514 3466 in
2557 3427 2730 3482 opere
2775 3431 2874 3471 suo
2907 3417 2990 3473 De
3034 3421 3201 3479 rebus
3241 3421 3536 3495 liturgicis,
3590 3407 3597 3414 ⁸

1945 3506 2000 3552 et
2050 3498 2119 3552 ab
2163 3500 2442 3557 Sit-mundi
2499 3509 2774 3575 preposito
2831 3510 3095 3567 tantillum
3145 3519 3420 3574 recedere.
3473 3521 3539 3576 Ut

1936 3606 2081 3661 opus
2117 3591 2246 3648 illud
2285 3595 2545 3652 eximium
2582 3601 2829 3668 pervenit
2876 3603 2927 3658 in
2977 3621 3169 3664 manus
3211 3627 3377 3680 meas,
3410 3614 3540 3672 illud

249 3692 484 3746 alterum
513 3689 748 3744 schisma
781 3685 1058 3740 Michaelis
1096 3681 1356 3738 Cerularii
1392 3679 1575 3734 itidem
1606 3678 1839 3748 patriar-
1870 3677 1912 3735 C
1947 3682 2046 3754 legi
2093 3701 2285 3757 magna
2329 3704 2452 3744 cum
2504 3692 2802 3760 voluptate,
2831 3705 2943 3753 tum
2982 3701 3217 3757 maxime
3251 3677 3427 3760 locum
3475 3709 3542 3761 de

257 3783 393 3845 clue,
417 3781 639 3835 sedente
663 3779 841 3832 Leone
866 3791 1004 3847 papa
1035 3789 1198 3838 nono,
1225 3770 1446 3835 ellluxit,
1477 3769 1530 3824 id
1559 3777 1642 3822 est
1665 3766 1843 3822 medio

258 3875 349 3929 illo
385 3884 624 3941 tempore
651 3870 792 3939 quod
838 3869 905 3922 ah
939 3882 1083 3921 anno
1123 3880 1245 3918 terre
1282 3861 1606 3917 Christiana:
1645 3857 1746 3914 367
1773 3857 1842 3911 ad

258 3966 400 4024 1054
426 3963 751 4021 intercessit.
786 3959 912 4015 Mihi
944 3973 1071 4013 vero
1101 3971 1234 4011 cum.
1257 3953 1464 4017 multis,
1500 3960 1610 4006 tum
1653 3949 1844 4020 prteci-

255 4072 362 4128 pue
397 4054 646 4112 Rhabani
677 4052 1024 4113 auctoritate,
1057 4060 1371 4116 persuasum
1408 4054 1528 4096 crat
1557 4056 1744 4110 azyma
1789 4040 1841 4092 in

256 4149 421 4206 rebus
460 4145 633 4201 sacris
673 4141 975 4197 obtinuisse
1015 4148 1139 4192 ante
1183 4136 1312 4190 illud
1351 4133 1587 4189 schisma
1624 4131 1845 4186 Photia-
1897 4140 1900 4143 '

257 4256 418 4305 num;
470 4254 569 4294 nec
617 4244 887 4291 momenta
940 4228 1216 4286 Sirmundi
1265 4229 1399 4282 adeo
1444 4224 1680 4281 eﬂicaeia
1730 4223 1844 4278 visa

257 4342 386 4388 sunt
438 4339 510 4385 ut
547 4328 800 4384 fertuenti
865 4339 1021 4379 usum
1079 4320 1368 4392 aliquando
1425 4318 1566 4389 apud
1620 4316 1844 4372 Latinos

257 4427 495 4496 viguisse
523 4423 680 4478 fateri
713 4435 811 4474 nos
842 4425 1118 4489 cogerent.

285 4514 668 4584 “Quapropter
724 4511 868 4581 quod
919 4507 1245 4564 Sirmundus
1293 4514 1595 4575 optaverat,
1637 4513 1694 4559 ut
1751 4505 1840 4576 qui

257 4609 540 4666 sententias
589 4621 710 4662 sum.
747 4606 814 4660 de
865 4617 1180 4675 azymorum
1233 4600 1519 4654 recentiori
1583 4615 1680 4653 usu
1737 4615 1842 4653 non

259 4699 648 4760 consentirent,
680 4712 773 4751 eos
813 4695 1002 4750 saltem
1042 4693 1109 4748 ad
1146 4693 1461 4762 prmelatam
1494 4691 1611 4759 ejus
1643 4691 1719 4744 rei
1763 4691 1844 4742 iu-

258 4791 671 4863 vestigationem
697 4788 982 4850 excitaret,
1017 4786 1082 4839 ad
1121 4784 1224 4838 hoc
1266 4783 1442 4852 ipsum
1485 4798 1569 4835 me
1616 4781 1842 4844 contuli,

259 4893 520 4954 quantum
577 4889 632 4935 et
685 4879 964 4934 tenuitatis
1013 4891 1146 4930 mea:
1198 4874 1450 4938 facultas,
1503 4883 1556 4928 et
1607 4873 1846 4929 brevitas

259 4975 724 5036 Observationum,
757 4979 809 5023 et
843 4971 916 5025 rei
957 4967 1242 5024 didicultas
1285 4966 1695 5034 obscuritasquc
1725 4979 1844 5035 per-

1945 3779 2173 3848 azymis,
2209 3779 2261 3833 in
2311 3797 2418 3850 quo
2465 3791 2576 3837 tota
2630 3801 2718 3839 res
2769 3804 2872 3842 non
2917 3791 3094 3846 minus
3128 3795 3343 3852 sincere
3377 3815 3538 3868 quam

1946 3870 2158 3925 erudite
2194 3871 2511 3940 explicatur.
2539 3875 2675 3946 Ejus
2722 3877 2824 3933 loci
2874 3897 3084 3949 summa
3131 3895 3236 3951 est,
3262 3889 3372 3958 jam
3416 3891 3540 3946 inde

1947 3959 2015 4014 ab
2055 3962 2422 4031 apostolorum
2451 3969 2788 4036 temperibus
2817 3971 2883 4026 ad
2912 3973 3149 4030 sc'hisma
3187 3976 3538 4048 Photiannm,

1947 4051 2000 4104 in
2030 4051 2270 4107 Ecclesia
2298 4053 2489 4109 Latina
2520 4059 2890 4127 promiscuum
2923 4063 3093 4122 fuisse
3121 4083 3277 4124 usum
3303 4071 3540 4129 fermen-

1946 4141 2042 4195 tati
2074 4150 2128 4196 et
2155 4144 2329 4212 azymi
2367 4147 2544 4214 panis,
2578 4162 2677 4204 nec
2713 4161 2838 4208 ante
2879 4151 3059 4210 saeculi
3093 4159 3286 4215 decimi
3321 4162 3536 4220 initium

1946 4247 2196 4304 azymnm
2233 4235 2351 4306 lege
2382 4242 2656 4295 communi
2689 4256 2754 4298 ac
2781 4247 3023 4314 generali
3051 4243 3228 4308 ubivis
3259 4267 3538 4327 receptum

1947 4329 2087 4396 apud
2143 4327 2386 4386 Latinos.
2446 4332 2560 4400 Qua
2622 4335 2677 4390 in
2748 4351 2807 4392 re
2871 4339 3148 4398 Sirmundi
3211 4347 3540 4406 sententiam

1765 4437 1768 4439 λ
1858 4445 1865 4453 ε
1949 4421 2270 4489 temperavit
2299 4421 2699 4482 illustrissimus
2735 4428 2990 4500 scriptor,
3024 4432 3169 4502 quod
3214 4435 3540 4500 Sirmuudus

1947 4526 2053 4566 non
2110 4513 2356 4569 videatur
2401 4515 2686 4574 admisisse
2732 4521 2909 4591 azymi
2962 4537 3120 4579 usum
3179 4535 3306 4582 ante
3359 4525 3538 4583 Photii

1947 4605 2258 4672 discidium,
2294 4607 2390 4662 sed
2437 4608 2610 4664 solum
2657 4609 3076 4683 fermentatum;
3128 4625 3184 4670 at
3221 4633 3351 4674 vero
3400 4621 3536 4674 emi-

1949 4697 2303 4753 acutissimus
2341 4699 2635 4755 cardinalis
2689 4711 2981 4772 utrumque
3027 4707 3336 4776 promiscue
3375 4704 3537 4764 usur-

1947 4783 2134 4856 patum
2186 4804 2283 4858 pro
2332 4799 2578 4860 tempore
2623 4802 2687 4846 et
2725 4792 2967 4849 locorum
3013 4798 3419 4866 opportunitate
3461 4801 3539 4856 fa-

1951 4886 2151 4934 teatur.
3210 4887 3215 4893 '

2019 4973 2327 5030 Cutumovit
2378 4975 2493 5028 htec
2546 4978 2818 5032 sententia
2873 4983 3252 5050 quorumdam
3289 4982 3344 5037 in
3391 4982 3551 5048 Urbe

258 5071 477 5126 misere.
507 5065 639 5121 Nam
663 5064 763 5119 etsi
791 5064 1060 5118 hominem
1091 5059 1359 5116 tantillum
1388 5071 1573 5114 contra
1598 5059 1844 5114 Sirmun—

1954 5067 2179 5133 animos,
2226 5067 2303 5122 rei
2351 5066 2590 5124 novitate
2634 5069 2714 5139 (ut
2763 5064 2863 5126 sibi
2913 5067 3178 5147 videatur)
3217 5089 3288 5131 ne
3340 5075 3559 5152 dicam,

257 5161 381 5217 dum
436 5154 535 5215 niti
588 5157 937 5213 temerarium
987 5149 1289 5226 videbatur,
1341 5152 1470 5208 mihi
1520 5151 1844 5230 occurrebat

256 5255 388 5288 ευρ-..ι
416 5243 556 5288 ηιιὶλιι
594 5245 916 5288 Qirmnmlnc
961 5249 1072 5288 incn
1106 5247 1158 5288 in
1193 5248 1271 5288 sui
1307 5246 1710 5288 nvlrttsnlinnnm
1758 5255 1842 5288 nl—

1949 5158 2270 5228 indignitate
2321 5157 2611 5227 attonitos,
2663 5163 2816 5230 quasi
2871 5162 3044 5244 nefas,
3075 5177 3220 5224 esset
3277 5167 3574 5242 tantisper

1952 5253 2202 5288 moon-lora
2255 5267 2284 5288 η
2343 5263 2556 5288 nnmmn
2566 5254 2618 5288 1ιῖ

2684 5257 3044 5288 ..Δηιιιιίίιιυη-νι
3101 5262 3360 5288 ’.κεκτη-ειη
3481 5284 3502 5288 μ
3561 5279 3572 5288 .
