4064 5394
509 305 538 363 η
553 309 654 365 ΞὲἹ

1551 302 1894 363 ΔΓΡΕΝυΙΧ
1932 307 2024 361 ΔΙ)
2063 304 2288 363 ΟΡΕΒΑ
2327 300 2698 362 IIUMBERTI.

3645 295 3778 350 123.8

510 429 679 500 tione,
703 437 811 495 qua
852 423 1117 477 rationem
1151 420 1613 484 assmieiusisua:
1642 428 1831 476 contra
1861 419 2097 475 sentien-
2127 426 2170 480 Α
2201 417 2288 472 ιν.
2330 418 2488 482 Quali
2512 433 2646 488 pane
2675 414 3045 472 utantur-,aliw
3074 412 3344 469 societates
3371 408 3711 466 ϐΙινίειίαηαι.

510 522 654 576 tibus
681 515 978 588 approbare
1018 516 1269 570 tentavit.
1301 513 1453 582 Quod
1497 513 1585 568 ubi
1637 515 1791 584 plene
1819 514 1886 568 ad
1916 523 2098 566 votum

509 630 617 667 non
673 611 1018 674 succederet,
1076 608 1217 662 idem
1270 614 1648 676 argumentum
1699 614 1997 661 retractare
2044 611 2100 658 et

510 702 710 757 clarius
735 700 1060 757 sententiam
1078 690 1237 752 Suam
1262 696 1536 766 explicare
1566 698 1748 750 animo
1778 692 2096 757 destinavit;

509 796 672 864 idque
717 791 868 846 brevi
919 789 1267 860 perfecisset,
1315 787 1416 842 nisi
1456 788 1558 842 hoc
1603 787 1898 854 agitantem
1941 797 2102 852 nego-

507 889 710 941 tiorum
747 883 902 938 turba
942 881 1301 936 distraxisset.
1329 880 1401 932 At
1447 893 1568 933 cum
1617 875 1968 930 intellexisset
2014 888 2101 926 me

510 977 654 1030 idem
706 971 994 1028 consilium
1048 969 1334 1033 meditari,
1375 967 1658 1022 submissis
1703 981 1836 1035 quas
1882 962 1945 1017 ad
1999 964 2101 1016 hoc

415 1044 428 1057 ’
507 1056 746 1132 habebat
795 1061 1133 1127 litterator-iis
1177 1061 1371 1129 copiis.
1410 1059 1622 1128 impulit
1659 1073 1744 1112 me
1790 1058 1855 1112 ad
1901 1057 1951 1110 id
1999 1072 2092 1112 au-

508 1158 773 1222 dendum,
801 1156 855 1210 id
899 1164 982 1209 est
1015 1155 1082 1208 ad
1116 1151 1494 1222 explicandum
1530 1152 1581 1206 id
1614 1151 1757 1221 quod
1786 1164 1816 1204 e
1851 1149 1926 1206 rei
1958 1148 2100 1204 veri-

507 1257 623 1305 tate
649 1264 771 1304 esse
797 1248 1095 1311 crederem,
1125 1244 1266 1315 quod
1295 1259 1460 1298 unum
1492 1257 1707 1316 semper
1733 1244 1955 1315 Optavit.
1982 1241 2098 1297 Non

508 1338 663 1395 licuit
705 1352 925 1408 operam
959 1350 1134 1393 meam
1174 1345 1374 1409 negare
1415 1346 1577 1392 tantm
1607 1334 1889 1405 dignitatis
1918 1335 2102 1389 horta-

505 1431 641 1505 teri,
674 1429 909 1492 maxime
936 1448 1057 1488 cum
1087 1430 1456 1486 necessarium
1487 1428 1619 1483 mihi
1655 1435 1802 1484 esset
1830 1440 2101 1497 exponere

512 1546 576 1584 ea
607 1543 748 1599 quas,
783 1525 866 1582 vel
896 1523 1204 1588 obscurius,
1233 1521 1318 1577 vel
1357 1520 1574 1577 brevius
1610 1519 1664 1574 in
1695 1517 2102 1576 Observationi-

509 1626 614 1681 bus
644 1623 778 1679 meis
807 1621 948 1678 dicta
988 1619 1148 1676 aliter
1180 1632 1340 1689 quam
1368 1631 1468 1688 par
1495 1623 1615 1672 erat
1644 1613 1886 1671 nonnulli
1931 1613 2104 1668 inter-

511 1724 888 1787 pretaoantur.

583 1806 702 1862 Duo
745 1811 875 1858 sunt
911 1816 1032 1871 quae
1069 1799 1123 1855 in
1152 1797 1635 1856 Observationibus
1681 1797 1817 1852 meis
1857 1793 2103 1852 intende-
2135 1800 2179 1860 Β

510 1897 660 1954 bam.
714 1895 914 1960 Unum,
947 1907 1264 1964 azymorum
1309 1906 1470 1946 usum
1520 1889 1662 1960 apud
1691 1889 1914 1944 Latinos
1953 1889 2007 1943 in
2044 1903 2104 1943 re

508 2000 670 2042 sacra
695 1983 932 2055 viguisse
953 1990 1080 2037 ante
1107 1980 1344 2036 schisma
1361 1979 1708 2045 Photianum,
1734 1979 1879 2050 quod
1902 1979 2105 2035 diserte

511 2077 854 2147 probandum
897 2073 1110 2144 suscepi
1145 2073 1406 2129 adversus
1431 2071 1820 2138 Sirmundum;
1849 2072 2104 2138 alterum,

508 2177 834 2239 argumenta
861 2182 892 2222 a
918 2166 1210 2221 Sirmundo
1239 2167 1514 2236 proposita
1547 2181 1654 2220 non
1697 2167 1912 2236 penitus
1950 2167 2102 2221 evin-

510 2274 637 2314 cere
695 2257 1025 2313 fermentum
1087 2269 1119 2309 a
1177 2254 1388 2311 Latinis
1449 2255 1738 2325 aliquando
1803 2257 2104 2312 adhibitum

509 2351 697 2405 fuisse.
728 2347 914 2418 Neque
959 2357 1138 2402 tamen
1183 2348 1327 2403 hanc
1370 2349 1728 2419 posteriorem
1771 2359 1986 2419 partem
2033 2351 2106 2404 ita

523 2439 1001 2495 demonstrandam
1057 2438 1305 2509 suscepi,
1363 2439 1517 2509 quasi
1575 2449 1783 2495 certum
1830 2455 1894 2496 ac
1934 2440 2108 2495 mani-

512 2531 713 2588 festum
737 2545 857 2586 esse
879 2539 1120 2601 putarem
1152 2529 1478 2588 fermentum
1516 2548 1548 2588 a
1583 2532 1902 2589 Latinorum
1933 2534 2106 2590 sacris

511 2631 730 2693 semper
757 2620 1030 2687 abfuisse;
1069 2621 1162 2677 sed
1189 2631 1398 2679 tantum
1423 2639 1488 2680 eo
1511 2625 1766 2681 tendebat
1787 2625 1963 2680 omnis
1983 2641 2108 2680 ora-

520 2716 598 2770 tio
629 2730 748 2770 mea
778 2722 835 2769 ut
865 2712 1149 2785 probarem
1197 2714 1248 2769 id
1299 2731 1404 2772 non
1440 2725 1650 2772 certum
1678 2731 1796 2772 esse
1824 2717 1966 2788 quod
1993 2716 2108 2772 Sir-

516 2806 753 2862 mundus
792 2819 892 2876 pro
931 2813 1082 2860 certo
1119 2805 1492 2876 proponebat:
1526 2823 1633 2862 uno
1664 2807 1850 2872 verbo,
1880 2807 2105 2862 alteram

515 2900 657 2954 hanc
683 2905 918 2967 partem,
947 2909 1053 2948 non
1088 2902 1196 2948 tam
1228 2895 1546 2952 allii-mando
1580 2912 1742 2966 quam
1781 2895 2025 2966 negando
2050 2903 2107 2950 et

507 2990 682 3059 partis
736 2988 978 3044 adversae
1024 2986 1374 3043 fundamenta
1422 2987 1747 3053 evertenda,
1791 2986 1926 3041 tueri
1971 2984 2106 3040 mihi

512 3085 689 3140 visum
720 3093 822 3140 est.

2207 509 2267 563 ν.
2318 509 2493 563 Varia:
2527 509 2793 564 sententia:
2821 508 2886 562 de
2915 523 3100 577 azyma
3133 505 3461 560 Latinorum.

2206 600 2288 654 VI.
2329 601 2584 666 Quwdam
2622 601 2917 654 testimonia
2949 599 3119 653 dubia:
3145 599 3268 668 ﬁdei
3304 616 3399 670 pro
3433 615 3626 670 azyma
3655 598 3796 656 Lai—

2273 709 2457 746 norum
2484 693 2868 762 expenduntur.

2205 786 2312 840 \"ll.
2353 783 2733 856 Proponuntur
2767 786 3084 856 conjecturae
3119 796 3166 840 et
3205 795 3515 856 argumenta
3545 784 3798 856 quietiam

2271 893 2366 946 pro
2395 877 2609 948 antiquo
2637 894 2736 933 usu
2767 894 3072 948 azymorum
3105 879 3244 947 apud
3274 876 3509 931 Latinos.

2207 965 2334 1032 VIII.
2375 966 2509 1023 Alite
2534 969 2865 1039 probationes
2903 984 2966 1021 ex
2994 969 3163 1037 [arma
3200 979 3247 1021 et
3283 967 3675 1021 conditionibus
3707 968 3798 1019 ho-

2274 1063 2515 1116 stiarum.
2543 1060 2642 1116 Ubi
2667 1062 2998 1131 explicantur
3018 1077 3241 1115 canones
3263 1062 3388 1124 duo,
3415 1077 3554 1115 unus
3579 1060 3799 1115 concilii

2281 1155 2596 1210 Turonensis
2613 1155 2850 1221 secundi,
2873 1154 3006 1208 alter
3029 1151 3267 1208 Toletani
3287 1152 3336 1206 Χ
3350 1151 3447 1207 γι.

2207 1243 2297 1299 IX.
2343 1243 2542 1298 Morem
2583 1245 2720 1298 hunc
2756 1242 2985 1314 generali
3021 1259 3119 1296 usu
3150 1241 3290 1312 apud
3323 1240 3541 1296 Latinos
3575 1239 3809 1311 viguisse

2279 1345 2400 1389 ante
2432 1333 2609 1389 Pltorii
2639 1333 2938 1388 discidium.

2213 1423 2284 1481 Χ.
2325 1423 2714 1494 Expenduntur
2747 1432 3054 1495 argumenta
3093 1439 3189 1496 pro
3225 1439 3323 1478 usu
3366 1422 3614 1493 fermenti
3659 1420 3808 1492 apud

2285 1512 2400 1566 Lati
2406 1529 2523 1568 nos.

2210 1604 2303 1660 XI.
2345 1603 2598 1674 Epilogus
2625 1613 2672 1658 et
2700 1603 2963 1658 conclusio
2991 1604 3402 1674 praemissorum.

2724 1753 2954 1811 CAPUT
2993 1754 3262 1810 PRIMUM

2207 1893 2602 1949 Lu‘t'mmlta'ln
2630 1908 2684 1947 tn
2697 1896 2897 1963 azymis
2911 1887 3206 2021 ra'Cnrrsto
3240 1889 3465 1945 Domino
3501 1890 3811 1947 instituta.

2937 1977 3095 2016 uisse.

2937 1969 3095 2016 uisse.
3167 1969 3172 1978 ’

2277 2077 2628 2134 Servatorem
2660 2084 2927 2140 nostrum,
2960 2077 3014 2130 in
3057 2084 3302 2131 extremo
3349 2072 3620 2130 Paschate
3659 2074 3809 2147 quod

2207 2179 2384 2225 morte
2436 2169 2672 2224 instante
2724 2166 3052 2232 celebravit,
3096 2166 3405 2223 venerabile
3457 2167 3713 2236 corporis
3749 2173 3806 2220 et

2206 2262 2490 2333 sanguinis
2541 2261 2625 2317 sui
2681 2270 3082 2316 sacramentum
3143 2260 3246 2316 sub
3305 2275 3590 2330 vesperam
3652 2258 3808 2314 feria:

2208 2353 2414 2424 quinta:
2448 2351 2746 2407 instituisse
2787 2360 3019 2406 constat.
3072 2349 3262 2406 Utrum
3311 2363 3564 2420 azymum
3604 2363 3807 2418 panem

2208 2447 2315 2502 huc
2361 2445 2700 2511 adhibuerit,
2746 2444 3025 2514 disputant
3072 2442 3251 2498 Latini
3298 2453 3354 2498 et
3401 2441 3577 2498 (ἰτωεί
3607 2457 3808 2497 recen-

2211 2539 2411 2594 tiores:
2441 2536 2650 2591 Latinis
2666 2551 2939 2607 azymum,
2966 2535 3171 2590 Graecis
3193 2533 3579 2589 fermentatum
3609 2533 3810 2602 priete-

2209 2626 2474 2683 rentibus.
2510 2623 2680 2694 IIujus
2717 2625 3103 2681 controversia:
3125 2623 3321 2678 solutio
3342 2637 3409 2678 ex
3440 2623 3545 2678 alia
3575 2626 3805 2694 pendet,

2207 2717 2461 2772 videlicet
2475 2732 2542 2772 an
2564 2706 2900 2772 Christusﬂzo
2932 2731 3076 2772 anno
3096 2715 3453 2772 celebraverit
3479 2715 3693 2770 Pascha
3724 2716 3808 2771 le-

2210 2811 2348 2880 gale,
2379 2809 2432 2863 id
2463 2817 2548 2864 est
2579 2824 2684 2862 :an
2725 2822 2920 2878 agnum
2947 2823 3067 2863 cum
3092 2808 3296 2878 azymis
3317 2807 3545 2877 aliisque
3574 2823 3688 2878 past
3710 2808 3812 2862 ha-

2210 2897 2352 2954 libus
2397 2897 2534 2954 cibis
2585 2895 2903 2964 comederit,
2953 2906 3194 2968 tempore
3238 2907 3294 2952 et
3339 2897 3457 2952 loco
3500 2897 3618 2968 lege
3667 2913 3813 2968 prce-

2211 2991 2454 3061 scriptis.

2283 3085 2358 3140 De
2391 3083 2512 3140 Ioco
2537 3083 2682 3139 nulla
2730 3089 2814 3140 est
2857 3083 3142 3149 dubitatio,
3179 3083 3450 3140 Christum
3489 3083 3810 3155 Hierosoly-

580 3175 657 3232 De
688 3177 861 3232 media
906 3176 1250 3232 illustrissimi
1285 3174 1577 3231 cardiualis
1603 3174 1893 3241 sententia,
1927 3174 2107 3245 deque
2135 3158 2179 3222 ε
2212 3175 2332 3236 mis,
2356 3175 2436 3229 uti
2461 3175 2579 3243 lege
2593 3183 2812 3229 cautum
2828 3175 3228 3239 erat,ultimum
3251 3174 3456 3230 Pascha
3491 3176 3806 3244 peregisse;

513 3268 670 3323 novis
727 3270 1062 3341 argumentis
1115 3268 1183 3324 ab
1237 3283 1304 3325 eo
1359 3283 1457 3339 pro
1515 3267 1791 3324 Sirmundi
1854 3267 2108 3340 Opinione

482 3358 764 3414 .adduetis
812 3360 948 3413 nihil
997 3359 1130 3425 dixi,
1177 3367 1288 3414 tum
1337 3360 1464 3429 quia
1505 3358 1927 3415 Observationes
1976 3372 2108 3412 mea:

507 3451 618 3520 jam
651 3451 790 3521 typis
816 3450 1161 3512 subjicienda:
1185 3458 1362 3516 erant,
1385 3465 1507 3506 cum
1532 3451 1648 3521 ejus
1673 3454 1810 3520 ophs
1837 3448 1912 3503 De
1947 3447 2109 3503 rebus

517 3542 786 3619 liturgieis
835 3543 889 3597 in
944 3543 1085 3597 hanc
1121 3541 1308 3596 urbem
1355 3541 1641 3596 advectum
1684 3550 1786 3606 est,
1828 3548 1939 3594 tum
1982 3539 2107 3608 quia

517 3636 786 3691 sententia
826 3649 945 3689 mea
988 3634 1162 3704 magis
1189 3631 1480 3688 accedebat
1505 3632 1571 3687 ad
1599 3640 1834 3687 mentem
1865 3631 2109 3687 eminen-

520 3729 713 3786 tissimi
743 3727 1057 3784 cardinalis.
1086 3726 1135 3782 Is
1163 3725 1307 3782 enim
1347 3740 1454 3780 non
1487 3732 1644 3796 negat
1683 3738 1902 3794 azymos
1939 3736 2109 3792 panes

516 3820 805 3892 aliquando
838 3819 1110 3875 adhibitos
1138 3827 1264 3873 ante
1283 3816 1463 3872 Photii
1497 3826 1729 3886 tempus,
1761 3813 1870 3870 imo
1897 3814 1966 3870 ab
1993 3814 2104 3882 ipsa

514 3921 678 3969 actate
715 3911 1112 3984 apostolorum;
1149 3909 1243 3965 sed
1280 3916 1459 3963 tamen
1503 3907 1555 3963 id
1600 3906 1801 3962 factum
1849 3905 1926 3960 ait
1970 3905 2106 3960 citra

518 4003 811 4068 delectum,
863 4017 968 4057 non
1009 4001 1282 4058 communi
1313 4000 1453 4072 lege,
1493 3999 1590 4056 sed
1626 4014 1725 4072 pro
1761 3997 2002 4054 locorum
2042 4012 2108 4054 ac

521 4106 822 4166 temporum
849 4095 1078 4150 ratione.

591 4185 792 4241 Verum
834 4184 963 4254 quia
1005 4192 1174 4238 totum
1207 4183 1308 4238 hoc
1337 4191 1716 4254 argumentum
1755 4195 1855 4251 pro
1891 4177 2108 4234 modulo

522 4291 645 4331 meo
673 4276 851 4330 denuo
883 4284 1117 4330 tractare
1165 4275 1296 4328 mihi
1325 4273 1439 4342 jam
1483 4273 1768 4338 incumbit,
1802 4271 1939 4327 dabo
1980 4285 2109 4340 ope-

524 4383 638 4423 ram
681 4376 740 4422 ut
777 4368 830 4420 id
861 4368 1122 4422 historico
1157 4367 1336 4436 potius
1367 4367 1526 4421 modo
1558 4381 1721 4436 quam
1769 4362 2108 4419 contentioso

523 4480 553 4518 a
584 4477 671 4517 me
707 4460 820 4525 liat,
853 4475 956 4515 non
988 4474 1096 4529 quo
1125 4457 1396 4514 dimcilem
1442 4456 1868 4513 controversiam
1909 4469 2108 4509 secun-

523 4555 650 4608 dum
685 4559 866 4606 tantos
895 4565 924 4604 a
957 4564 1044 4604 me
1085 4548 1265 4604 dirimi
1299 4563 1363 4603 ac
1403 4547 1549 4602 tiniri
1582 4560 1741 4617 posse
1775 4555 1983 4614 putem,
2013 4543 2109 4598 sed

525 4653 586 4698 ut
638 4642 703 4718 in.
748 4655 1035 4697 commune
1111 4638 1388 4695 conferam
1465 4638 1516 4692 id
1581 4635 2110 4708 quantulumcunque

474 4751 477 4754 ·
523 4734 667 4805 quod
703 4736 771 4788 ad
799 4748 920 4789 eam
949 4733 1327 4787 illustrandam
1357 4731 1498 4802 apud
1533 4731 1787 4802 antiquos
1815 4730 2110 4784 observare

474 4825 481 4869 ἱ
523 4811 674 4881 ιηῑιιῖ
706 4827 890 4882 licuit.
928 4826 1105 4895 Atque
1163 4833 1222 4880 ut
1269 4832 1377 4881 tota
1425 4839 1513 4880 res
1559 4824 1735 4895 magis
1777 4822 2008 4878 dilucide
2055 4830 2110 4876 et

472 4926 480 4956 δ
523 4928 776 4974 accurate
829 4925 1212 4988 pertractetur,
1263 4916 1612 4987 sequentibus
1673 4913 1922 4985 capitulis
1982 4927 2109 4968 eam

470 5016 480 5046 ί
520 5010 816 5080 explanare
843 5010 1104 5066 conabor.

1038 5179 1248 5235 INDEX
1285 5179 1609 5236 CAPITUM.

2140 4509 2187 4566 Ι)

2211 3270 2278 3324 de
2304 3277 2566 3338 tempore.
2603 3268 2778 3337 deque
2803 3282 2899 3322 esu
2934 3267 3054 3339 agni
3091 3267 3269 3339 gravis
3304 3276 3388 3323 est
3408 3270 3808 3330 roalroversia,

2209 3374 2316 3414 non
2343 3358 2516 3415 solum
2547 3358 2689 3412 inter
2721 3357 2940 3413 Grmcos
2965 3369 3019 3412 et
3044 3357 3282 3424 Latinos,
3313 3360 3410 3415 sed
3447 3360 3613 3414 etiam
3666 3360 3812 3414 inter

2209 3450 2457 3506 homines
2503 3449 2745 3518 ejusdem
2791 3450 3092 3514 societatis,
3147 3450 3290 3504 inter
3320 3453 3574 3519 antiquos
3603 3466 3668 3505 ac
3721 3465 3811 3504 re-

2210 3545 2500 3599 centiores.
2551 3544 2625 3598 De
2690 3544 2935 3613 utrisque
2986 3547 3250 3616 agendum
3313 3545 3670 3616 singillatim,
3743 3563 3810 3600 ac

2210 3638 2444 3708 primum
2491 3635 2838 3691 adversarqu
2885 3638 3116 3706 partium
3163 3636 3513 3704 fundamenta
3548 3640 3810 3709 praemit-

2213 3725 2393 3782 tenda.

2283 3816 2385 3883 Qui
2409 3815 2606 3886 pascha
2633 3815 2790 3888 legali
2819 3826 2992 3873 morte
3021 3834 3050 3873 a
3079 3818 3294 3874 Christo
3315 3819 3647 3874 celebratum
3673 3835 3809 3875 con~

2213 3908 2466 3972 tendunt,
2507 3909 2888 3963 auctoritatem
2925 3919 3145 3964 sumunt
3194 3925 3262 3966 ex
3305 3910 3613 3979 Evangeliis
3662 3911 3806 3966 Mat-

2211 3999 2360 4065 tbaei,
2389 3999 2552 4054 Marci
2601 4009 2655 4054 et
2701 3998 2878 4055 Lucae.
2912 3999 3197 4056 Matthazus
3247 4002 3468 4071 quippe,
3493 4003 3667 4069 prima
3723 4004 3811 4055 die

2209 4105 2551 4164 azymorum;
2600 4090 2832 4152 Marcus,
2863 4091 3030 4158 primo
3081 4093 3166 4145 die
3211 4108 3536 4162 azymorum,
3588 4096 3809 4162 quanto

2209 4181 2550 4236 immolabant
2567 4180 2776 4236 Pascha
2792 4201 2810 4248 ;
2827 4181 3022 4248 Lucas,
3040 4184 3350 4239 adventante
3363 4185 3448 4238 die
3468 4200 3808 4254 «agmen-mn,

2209 4273 2264 4326 in
2290 4291 2396 4343 qua
2435 4291 2638 4328 necesse
2661 4286 2775 4329 erat
2805 4277 2971 4329 occidi
3015 4275 3247 4342 Pascha,
3286 4287 3537 4348 paratum
3564 4293 3595 4332 a
3633 4280 3808 4334 disci-

2210 4364 2352 4434 pulis
2379 4365 2650 4434 paschalis
2679 4364 2799 4420 festi
2835 4366 3049 4436 epulum
3080 4377 3368 4423 testantur.

2284 4453 2390 4508 Alii
2415 4469 2566 4520 vero,
2598 4457 2711 4510 sive
2739 4460 2831 4524 qui
2865 4455 3069 4513 Pascha
3118 4459 3290 4527 legale
3333 4475 3362 4514 a
3402 4459 3623 4515 Christo
3654 4462 3805 4516 antio

2212 4548 2450 4619 cipatum
2482 4549 2686 4616 volunt,
2730 4549 2844 4606 sive
2885 4553 2975 4622 qui
3023 4566 3219 4622 agnum
3245 4552 3312 4607 ab
3345 4553 3460 4622 ipso
3491 4568 3808 4608 comessum

2212 4652 2436 4714 negant,
2469 4643 2581 4698 sive
2609 4645 2699 4714 qui
2729 4653 2783 4699 et
2813 4660 3012 4715 agnum
3052 4655 3105 4699 et
3146 4661 3361 4716 azyma,
3397 4655 3706 4714 czeleraque
3755 4645 3810 4702 id

2211 4751 2381 4805 genus
2431 4736 2700 4805 paschalis
2753 4735 2875 4791 festi
2932 4735 3109 4792 edulia
3161 4749 3440 4792 removent
3490 4739 3558 4792 ab
3615 4739 3807 4793 ultima

2211 4827 2413 4882 Christi
2437 4841 2612 4892 cmna,
2647 4827 2892 4884 nituntur
2918 4843 3079 4898 quam
3118 4831 3353 4884 maxime
3377 4829 3603 4887 Joannis
3631 4847 3807 4888 evan-

2211 4917 2418 4986 gelista:
2463 4917 2659 4986 duplici
2698 4918 3025 4974 testimonio.
3080 4917 3254 4975 Unum
3301 4931 3385 4976 est
3425 4922 3479 4976 in
3526 4937 3650 4993 cap.
3703 4937 3808 4980 xm

2213 5024 2370 5064 versu
2387 5009 2409 5063 Ι
2425 5008 2541 5071 ,ubi
2562 5021 2772 5062 cmnam
2795 5020 2916 5062 ante
2937 5009 3070 5063 diem
3087 5010 3274 5080 festum
3289 5009 3510 5065 Pascha:
3523 5026 3669 5080 perm
3691 5020 3805 5067 tam

2212 5097 2422 5162 scribit,
2452 5096 2584 5160 imo,
2603 5103 2661 5151 ut
2691 5096 2743 5150 in
2764 5097 3017 5152 versione
3038 5097 3253 5153 Persica
3285 5099 3496 5170 legitur,
3520 5111 3648 5156 ante
3666 5101 3806 5156 duos

2213 5187 2322 5241 dies
2356 5185 2607 5254 Pace/ue;
2633 5187 2863 5242 alterum
2897 5189 3262 5244 testimonium
3299 5199 3381 5244 est
3410 5189 3461 5244 in
3493 5204 3614 5261 cap.
3669 5207 3804 5246 mn

2213 5293 2372 5312 vni-cn
2398 5277 2470 5314 09
2531 5277 2620 5314 “In;
2664 5279 2734 5314 tu“
2785 5276 2991 5314 ῘηιΙωΛι
3052 5278 3268 5314 Plu-hin
3299 5290 3456 5314 nonin
3483 5292 3533 5314 nl
3562 5282 3806 5314 nAJ-snsn
