4064 5394
283 385 418 442 1229

1293 385 1678 441 διωιωμοκιι
1721 384 2124 452 υιδρξέιδιτιυ
2168 385 2253 439 DE
2292 384 2551 440 ΑΖΥΜΟ.

3386 343 3550 439 ηδοΙ

277 499 404 571 gelii
457 512 577 568 cap.
633 515 724 554 xix
776 515 935 554 versu
985 498 1068 563 ιι,
1097 513 1204 568 quo
1229 500 1282 553 in
1304 499 1422 554 loco
1439 499 1686 552 Christus
1713 499 1859 553 cruci
1890 512 1933 565 Α
1965 499 2274 568 peregisse;
2309 509 2385 563 et,
2419 501 2472 552 in
2495 499 2914 554 Commentariis
2935 514 3095 570 super
3119 499 3342 556 Joamtis
3369 503 3546 560 Evan-

277 591 470 646 aﬂisus
517 591 714 646 dicitur
761 607 824 646 ea
877 592 983 656 die,
1007 607 1125 662 qua:
1151 602 1262 646 erat
1291 589 1584 645 Parascevc
1617 589 1855 655 Pasclnr,

279 684 333 738 in
378 698 483 753 qua
532 682 786 737 nimirum
844 681 1351 738 Jutla-i'necessaria
1386 684 1767 753 prasparahant
1794 683 1862 736 ad

279 775 672 830 comedendum
716 791 913 843 agnum
949 777 1048 830 sub
1097 791 1377 844 vesperam
1419 777 1858 846 subsequentem.

281 864 407 920 Haec
443 863 558 919 fere
597 875 918 934 argumenta
949 875 1106 930 sunt,
1137 866 1333 935 quibus
1365 866 1579 920 adducti
1610 881 1733 919 cum
1761 865 1866 918 La-

283 961 402 1025 tini,
437 959 770 1023 ltlmGI‘alCi,
819 968 925 1014 tam
965 969 1176 1014 veteres
1223 975 1381 1030 quam
1425 959 1779 1022 recentiores,
1807 957 1862 1010 in

283 1051 526 1106 diversas
552 1051 749 1104 abeunt
777 1051 1093 1105 sententias.
1124 1048 1242 1104 Jam
1261 1049 1574 1106 Grzccorum
1598 1049 1866 1119 antiquio-

283 1153 405 1195 rum
435 1139 774 1196 traditionem
805 1142 1170 1206 consulamus,
1202 1153 1390 1211 postea
1422 1140 1757 1196 Latinorum.

353 1235 412 1290 in
448 1235 640 1303 primis
670 1235 1103 1290 consideratione
1155 1236 1312 1306 digna
1343 1244 1426 1290 est
1455 1233 1679 1304 epistola
1710 1233 1839 1304 Poly

284 1325 450 1380 cratis
491 1325 843 1396 metropoliue
869 1325 1229 1381 Ecclesiarum
1260 1327 1420 1392 Asiae,
1450 1326 1544 1397 qui
1574 1323 1674 1379 sub
1702 1325 1865 1380 linem

286 1415 468 1474 seculi
519 1416 764 1481 secundi,
810 1426 998 1472 exorto
1035 1417 1262 1472 discidio
1314 1417 1456 1472 inter
1501 1417 1770 1472 Asiaticos
1812 1425 1867 1471 et

287 1509 424 1564 alias
457 1509 624 1564 totius
671 1509 816 1564 orbis
863 1508 1134 1564 Ecclesias
1187 1510 1253 1564 de
1303 1509 1390 1565 die
1433 1509 1741 1564 celebrandi
1773 1507 1869 1564 Pa-

289 1601 516 1666 scbatis,
556 1615 654 1655 suo
682 1609 738 1655 et
777 1600 1006 1656 aliorum
1049 1601 1190 1656 Asiae
1224 1602 1602 1671 episcoporum
1652 1601 1869 1657 nomine

287 1695 358 1748 ad
405 1693 683 1749 Victorem
733 1707 930 1763 papam
987 1694 1220 1764 prinnnn
1276 1692 1560 1762 epistolam
1617 1693 1866 1762 scripsit,

289 1780 444 1850 cujus
461 1780 829 1854 fragmentum
855 1783 1020 1839 refert
1040 1783 1304 1838 Eusebius
1321 1782 1584 1853 Pamphili
1612 1782 1664 1837 in
1690 1781 1872 1838 [listo—

288 1875 386 1930 riae
428 1875 808 1930 ecclesiasticae
851 1875 944 1929 lib.
979 1891 1010 1929 ν
1051 1891 1172 1944 cap.
1195 1873 1288 1928 24.
1335 1874 1470 1930 Cum
1500 1874 1647 1929 enim
1680 1889 1869 1928 omnes
1905 1857 1946 1915 Β

287 1981 388 2036 per
414 1967 599 2021 Asiam
627 1963 1101 2036 Ecclesiaa‘quarta
1134 1966 1344 2021 decima
1373 1964 1522 2029 luna,
1547 1980 1872 2034 quocunque

291 2061 641 2116 hebdomadac
662 2061 749 2116 die
777 2061 1084 2126 accidisset,
1113 2060 1336 2116 Pascha:
1365 2059 1564 2115 festum
1592 2058 1874 2114 celebran-

289 2153 418 2208 dum
451 2169 571 2210 esse
605 2163 913 2219 censerent,
942 2170 1049 2223 quo
1079 2154 1167 2209 die
1197 2155 1572 2224 praescriptum
1613 2162 1731 2208 erat
1774 2151 1871 2207 Ju-

290 2244 421 2299 datis
450 2257 508 2298 ut
535 2261 734 2316 agnum
777 2245 1156 2310 immolarent;
1203 2246 1322 2299 alia:
1375 2261 1504 2298 vero
1536 2245 1699 2300 totitts
1726 2243 1875 2298 orbis

289 2335 548 2391 Ecclesiae
600 2351 706 2391 non
753 2335 860 2390 alio
905 2352 1067 2406 quam
1120 2335 1416 2390 Dominicae
1460 2333 1876 2390 resurrectionis

289 2427 396 2490 die,
437 2427 756 2498 Polycrates
786 2443 990 2481 morem
1021 2443 1202 2494 suum,
1226 2437 1482 2498 tanquam
1510 2441 1542 2481 a
1579 2425 1875 2495 majoribus

287 2518 392 2572 sibi
426 2521 681 2573 traditum
715 2518 974 2584 defendit,
1005 2528 1252 2574 auctores
1281 2520 1553 2573 adducens
1573 2518 1876 2587 Philippum

288 2605 592 2675 apostolum
616 2645 632 2670 ,
665 2605 928 2661 Joannem
981 2607 1390 2676 evangelistam,
1423 2605 1782 2677 Polycarpnm
1824 2614 1878 2659 ct

288 2704 551 2764 cognatos
602 2695 704 2750 sibi
751 2696 1030 2766 episcopos
1081 2705 1329 2764 septem;
1375 2711 1510 2765 quos
1563 2711 1753 2750 omnes
1803 2696 1879 2749 ait

289 2787 497 2842 Pascha
526 2784 982 2852 celebrassejraw
1003 2787 1028 2844 ὃ
1051 2789 1169 2849 λαὸς
1191 2789 1340 2863 ἧρνυι
1365 2796 1455 2847 τῆν
1482 2791 1663 2860 ζύμην,
1694 2788 1748 2841 id
1770 2796 1874 2851 est,

291 2893 409 2931 cum
449 2875 763 2931 Judworum
805 2878 1028 2948 papulas
1071 2877 1378 2947 fermentum
1407 2877 1677 2946 abjiceret,
1717 2877 1881 2946 signi-

293 2969 464 3022 ﬁcans
527 2984 733 3024 morem
793 2969 1048 3024 continuo
1094 2965 1238 3022 ﬂuxu
1297 2984 1325 3021 a
1373 2967 1574 3022 Christi
1631 2965 1880 3036 exemplo

295 3059 660 3114 descendisse.
696 3059 848 3114 l‘lunc
889 3059 1062 3114 locum
1125 3060 1196 3114 ita
1250 3060 1486 3114 restituit
1537 3059 1619 3113 vir
1667 3057 1880 3112 eximia:

295 3149 648 3213 eruditionis,
689 3147 957 3204 lletn-icus
1014 3148 1290 3213 Valesius,
1325 3165 1448 3204 cum
1479 3149 1614 3203 alias
1643 3147 1698 3202 in
1732 3156 1878 3201 textu

293 3239 482 3296 Graeco
509 3241 778 3312 legeretur
798 3244 978 3318 ἤρτυε,
1005 3252 1246 3311 pararet,
1276 3244 1496 3296 omnino
1520 3249 1707 3297 contra
1728 3240 1879 3312 Poly-
1907 3221 1951 3280 C

295 3339 463 3393 cratis
493 3347 728 3392 mentem
781 3348 944 3408 atque
994 3337 1174 3392 Rulini
1227 3337 1756 3406 interpretationem,
1787 3335 1879 3406 qui

293 3443 480 3482 vocem
510 3428 754 3483 Graecam
783 3428 1056 3498 auferendi
1093 3427 1257 3482 verbo
1286 3427 1535 3482 reddidit.
1569 3427 1684 3481 Hoc
1711 3441 1877 3480 unum

295 3519 662 3574 testimonium
686 3517 930 3575 suﬂicere
954 3528 1131 3588 posset
1152 3520 1217 3573 ad
1239 3519 1572 3590 probandum
1600 3517 1876 3571 Christum

293 3611 469 3680 primo
508 3611 594 3666 die
639 3627 952 3683 azymorum
1004 3613 1072 3667 ad
1123 3627 1406 3683 vesperam
1454 3610 1663 3666 Pascha
1709 3611 1880 3679 legale

291 3703 595 3772 explevisse
621 3718 672 3759 et
701 3705 768 3760 ad
805 3704 1177 3774 explicandam
1209 3715 1443 3759 mentem
1466 3702 1692 3758 Joannis
1717 3719 1880 3756 evan-

295 3793 525 3864 gelista,
575 3792 726 3863 cujus
773 3796 1096 3850 auctoritate
1123 3795 1488 3850 Asiaticorum
1541 3795 1780 3862 traditio,
1813 3796 1881 3850 ab

297 3887 417 3954 ipso
441 3883 588 3940 fonte
611 3894 852 3955 accepta,
887 3888 1227 3956 potissimum
1254 3886 1596 3944 fulciebatur.

370 3975 733 4030 Asiaticorum
767 3991 972 4032 morem
1002 3978 1191 4032 eadem
1223 3977 1433 4032 ratione
1458 3979 1649 4047 probat
1677 3977 1882 4030 Anato-

295 4068 404 4124 lius
427 4066 844 4134 Alexandrinus,
876 4069 1221 4125 Laodicensis
1247 4070 1552 4138 episcopus,
1581 4069 1632 4122 in
1658 4071 1879 4123 Canone

295 4159 591 4226 Paschali,
649 4161 940 4216 ostendens
1001 4175 1096 4218 eos
1153 4170 1300 4217 recte
1361 4161 1586 4216 Joannis
1637 4161 1882 4230 exemplo

297 4249 502 4305 Pascha
529 4250 805 4306 celebrare
848 4253 1162 4320 quotannis,
1199 4251 1412 4322 quando
1462 4263 1650 4322 quarta
1679 4252 1883 4304 decima

295 4341 499 4396 lunatio
523 4343 803 4411 adfuisset,
829 4353 876 4398 et
897 4360 1062 4412 agnus
1087 4345 1226 4412 apud
1258 4343 1475 4397 Judwos
1502 4342 1879 4404 immolaretur,

295 4447 401 4486 non
429 4433 808 4510 acquiescentes
840 4433 1142 4488 auctoritati
1160 4433 1529 4505 quorumdam,
1554 4433 1608 4485 id
1634 4442 1705 4486 est
1736 4429 1883 4484 Petri

295 4535 345 4578 et
379 4521 538 4578 Pauli
567 4541 948 4590 successorum,
976 4525 1032 4578 id
1068 4535 1142 4580 est
1174 4525 1477 4594 pontiﬁcum
1505 4523 1881 4583 Romanorum,

296 4614 385 4682 qui
429 4630 606 4668 omnes
635 4611 900 4669 Ecclesias
945 4617 1000 4668 in
1040 4615 1226 4685 quibus
1269 4613 1568 4684 spiritualia
1611 4609 1885 4681 Evangelii

295 4720 498 4759 sentina
532 4717 792 4770 sevcrunt,
813 4705 1197 4760 solemnitatem
1233 4703 1627 4758 resurrectionis
1674 4701 1883 4755 Domini

296 4796 351 4849 in
376 4797 462 4850 die
495 4807 700 4851 tantum
750 4797 1026 4852 Dominica
1074 4796 1324 4852 celebrari
1360 4795 1672 4849 docuerunt.
1727 4792 1884 4847 Nulla

295 4900 428 4941 vero
458 4902 624 4942 causa
672 4889 888 4944 videtur
929 4904 1027 4944 cur
1076 4889 1300 4944 Asiatici
1348 4897 1630 4956 tantopere
1679 4900 1883 4941 morem

296 4997 454 5036 suum
480 4983 717 5038 retinere
755 4983 1082 5048 studuerint,
1127 4983 1229 5039 nisi
1275 4982 1418 5053 quod
1445 4979 1720 5034 Christum
1771 4979 1885 5048 ipsa

295 5073 383 5128 die
405 5073 545 5127 lunae
567 5083 762 5144 quarta
789 5074 997 5150 decima
1021 5072 1089 5130 ad
1119 5072 1252 5142 legis
1279 5071 1654 5141 prtcscriptum
1678 5069 1886 5124 Pascha

292 5167 574 5240 peregisse
596 5151 667 5221 ex
693 5164 986 5235 majoribus
1007 5165 1366 5234 accepissent.

364 5257 424 5292 1η
477 5260 667 5294 nullam
719 5269 966 5294 uni-conn-
1013 5258 1276 5294 cantanti-3
1331 5255 1591 5294 ίὶνίσρηρι
1626 5254 1883 5294 Treanta!"

1961 591 2178 657 gelium.
2211 589 2424 644 Judaeos
2455 591 2508 645 in
2537 593 2651 660 ipso
2688 590 2951 647 Paschate
2977 607 3115 662 opus
3143 595 3434 651 scelestum
3461 596 3543 654 fe-

1962 681 2100 734 cisse
2129 680 2414 737 interfecto
2443 680 2594 736 Jesu.
3071 723 3074 726 .

2033 770 2130 825 His
2179 772 2388 826 accedit
2445 773 2777 843 Theophilus
2824 775 3223 835 Alexandrinus
3263 781 3551 854 episcopus

1964 861 2018 914 in
2051 861 2276 929 epistola
2321 863 2387 917 ad
2430 863 2795 920 Theodosium
2847 867 3228 937 imperatorem
3257 873 3324 928 de
3358 885 3552 931 sancto

1963 951 2169 1007 Pascha
2212 954 2298 1009 his
2342 955 2522 1010 verbis
2565 970 2580 1009 :
2629 957 2794 1011 Aliter
2835 969 3010 1014 autem
3043 963 3184 1031 quod
3223 975 3272 1017 et
3303 965 3554 1023 Salvator

1966 1055 2143 1098 noster
2169 1045 2370 1100 decima
2399 1057 2590 1118 quarta
2632 1049 2841 1118 quidem
2881 1061 2957 1104 est
2998 1053 3223 1108 traditus
3251 1054 3413 1121 luna,
3453 1059 3553 1114 hoc

1964 1146 2040 1190 est
2063 1136 2246 1207 quinta
2272 1147 2386 1207 post
2431 1139 2722 1194 Sabbatum
2745 1158 2764 1206 ,°
2794 1141 2995 1196 decima
3023 1144 3204 1214 quinta
3238 1157 3411 1202 autem
3432 1167 3554 1204 cru-

1967 1227 2177 1296 cifixus,
2208 1228 2293 1282 die
2323 1229 2476 1282 tertia
2509 1233 2813 1294 resurrexit,
2843 1233 2939 1286 hoc
2987 1244 3063 1288 est
3103 1236 3305 1292 decima
3334 1241 3557 1310 septima

1965 1316 2116 1384 luna,
2137 1336 2254 1389 qua:
2275 1330 2397 1373 tunc
2419 1321 2474 1375 in
2501 1321 2772 1377 Dominica
2792 1324 2875 1378 die
2897 1328 3102 1381 inventa
3135 1338 3232 1393 est,
3256 1330 3390 1384 sicut
3422 1341 3471 1385 et
3491 1348 3560 1389 es

1968 1410 2374 1484 Evangeliorum
2435 1416 2701 1471 notatione
2763 1421 3126 1488 comperimus.
3185 1422 3329 1480 Idem
3394 1426 3562 1481 docet

1971 1503 2352 1571 Theodoritus,
2399 1508 2699 1577 quazstione
2742 1509 2812 1566 24
2862 1511 2915 1566 in
2970 1511 3250 1580 Exodnm,
3301 1530 3554 1574 asserens

1968 1595 2268 1660 Christum,
2301 1597 2400 1652 sub
2438 1597 2600 1655 linem
2645 1599 2787 1656 luna:
2815 1611 3024 1672 quarta:
3067 1604 3312 1673 decimae,
3339 1611 3561 1681 quando

1975 1690 2364 1746 immolabatur
2393 1691 2622 1758 Pascha,
2654 1696 2908 1750 traditum
2949 1697 3135 1754 fuisse.
3336 1747 3341 1752 .
3417 1749 3420 1752 .

2043 1783 2280 1841 Joannes
2307 1784 2730 1858 Chrysostontus
2759 1789 3006 1859 pluribus
3041 1793 3095 1848 in
3135 1792 3290 1856 locis.
3326 1795 3562 1853 maxime

1976 1876 2028 1932 in
2057 1876 2294 1932 homiliis
2327 1878 2419 1944 8l,
2459 1878 2530 1934 82
2552 1890 2608 1935 et
2634 1881 2704 1936 83
2732 1881 2788 1935 in
2818 1883 3150 1949 lilatthteum,
3181 1885 3376 1956 probat
3395 1889 3559 1944 Chri-

1975 1967 2291 2038 stumlegali
2315 1969 2417 2023 ritu
2442 1968 2649 2025 Pascha
2689 1971 3012 2041 perfecisse;
3037 1974 3250 2032 Judaeos
3280 1993 3426 2042 vero,
3470 1989 3566 2034 aut

1975 2059 2166 2113 saltem
2185 2059 2453 2130 principes
2471 2061 2798 2124 Judaorum,
2813 2076 3000 2120 contra
3015 2065 3149 2136 legis
3163 2083 3328 2138 prsesr
3339 2070 3562 2140 riptutn,

1977 2158 2036 2203 ut
2066 2149 2273 2204 scilicet
2315 2151 2498 2206 animo
2523 2169 2622 2208 suo
2662 2154 2934 2210 Christum
2971 2158 3252 2214 occidendi
3290 2160 3568 2230 obtempe-

1977 2249 2182 2306 rarent,
2213 2240 2505 2297 distulisse.
2549 2242 2680 2314 Ejus
2721 2245 2794 2299 rei
2849 2257 3168 2318 argumenta
3215 2265 3282 2304 ex
3323 2251 3568 2321 Chryso-

1977 2343 2155 2388 stomo
2183 2333 2405 2403 collegit
2425 2335 2722 2408 Gregorius
2752 2341 3202 2412 protosyncellus,
3233 2342 3284 2397 in
3306 2327 3571 2417 Apblogia

1976 2427 2240 2482 adversus
2272 2428 2435 2484 Marci
2487 2430 2741 2500 Ephesini
2791 2427 3111 2502 epistolam;
3146 2437 3273 2491 item
3301 2437 3571 2494 Arcudius

1979 2517 2032 2570 in
2060 2519 2153 2571 lib.
2189 2534 2250 2573 ιιι
2281 2519 2348 2572 de
2378 2517 2740 2586 Eucharistia,
2772 2540 2892 2592 cap.
2943 2524 2999 2588 4,
3031 2526 3122 2593 qui
3163 2527 3216 2581 in
3262 2529 3439 2597 capite
3479 2547 3569 2584 se-

1979 2609 2166 2675 quenti
2198 2609 2356 2662 dubia
2381 2625 2448 2664 ex
2487 2612 2677 2666 eodem
2706 2613 3094 2684 Chrysostomo
3123 2629 3335 2689 sumpta
3370 2621 3570 2676 dissol-

1981 2697 2077 2750 vit.
2104 2696 2262 2753 Certe
2289 2699 2514 2756 Photius
2540 2701 2594 2756 in
2626 2701 2972 2760 Bibliotheca:
2994 2721 3114 2777 cap.
3152 2707 3255 2763 116
3283 2710 3572 2766 conﬁtetur

1979 2785 2423 2856 Chrysostomum
2474 2790 2526 2844 in
2571 2808 2635 2846 ea
2679 2791 2845 2850 fuisse
2880 2797 3170 2864 sententia,
3200 2798 3476 2857 Christum
3512 2803 3577 2860 in

1982 2887 2254 2947 postrema
2282 2895 2436 2936 cinna
2476 2881 2685 2938 Pascha
2711 2884 2882 2956 legale
2909 2903 3179 2945 servasse.
3239 2936 3247 2942 .
3591 2934 3595 2940 -

2057 2967 2152 3022 llis
2217 2971 2472 3028 omnibus
2521 2972 2846 3043 atljungendi
2898 2988 3026 3032 sunt
3081 2988 3186 3035 duo
3243 2985 3576 3050 patriarchas

1981 3055 2361 3125 Alexandrini,
2396 3078 2624 3131 quorum
2677 3065 2885 3134 primus
2930 3078 3013 3122 est
3061 3069 3315 3141 Cyrillus.
3345 3073 3396 3128 ls
3424 3075 3571 3130 enim

1983 3148 2382 3208 Eucharistiam
2413 3171 2442 3208 a
2478 3155 2694 3210 Christo
2740 3158 3041 3214 institutam
3091 3171 3212 3231 post
3239 3178 3390 3218 csum
3449 3168 3572 3237 agni

1983 3242 2179 3309 probat
2226 3243 2312 3298 his
2364 3245 2595 3300 verbis:
2638 3246 2896 3303 Dominus
2958 3261 3132 3306 autent
3181 3266 3360 3308 noster
3415 3254 3575 3311 Iesus

1985 3331 2224 3388 Christus
2273 3335 2548 3405 conjunxit
2592 3338 2646 3392 in
2686 3356 2790 3394 una
2829 3341 2915 3394 die
2945 3359 3137 3412 agnum
3183 3343 3494 3400 Iudaeorum
3523 3360 3577 3402 et

1983 3439 2160 3476 verum
2182 3441 2399 3490 manna,
2427 3427 2638 3496 quando
2663 3427 2923 3483 benedixit
2969 3447 3158 3500 panem
3198 3443 3246 3487 et
3278 3434 3453 3489 vinum
3493 3437 3582 3494 di-

1984 3529 2103 3568 cens
2126 3527 2144 3565 :
2179 3513 2295 3568 Hoc
2315 3526 2392 3568 est
2417 3532 2604 3585 corpus
2631 3533 2802 3572 meum
2824 3528 2873 3572 et
2894 3521 3110 3590 sanguis
3131 3537 3299 3576 meus.

2055 3603 2206 3659 Alter
2232 3613 2316 3659 est
2358 3604 2638 3664 Proterius
2685 3607 2870 3679 Cyrilli
2909 3626 3194 3667 successor
3219 3612 3336 3683 qui,
3365 3629 3397 3667 a
3433 3612 3580 3667 Mar-

1983 3697 2141 3756 ciano
2168 3697 2412 3768 Augusto
2460 3699 2828 3772 interrogatus
2879 3704 2947 3758 de
2996 3705 3210 3760 ratione
3263 3707 3577 3763 celebrandi

1983 3787 2305 3855 Paschalis,
2351 3792 2630 3860 respondit
2694 3791 2970 3848 Christum
3043 3794 3334 3851 Dominum
3393 3799 3579 3868 quinta

1985 3881 2139 3950 feria,
2177 3882 2380 3938 decima
2425 3894 2616 3949 quarta
2641 3884 2769 3940 luna
2804 3887 2995 3941 mensis
3016 3889 3172 3957 primi
3209 3888 3264 3943 in
3290 3892 3578 3946 caenaculo

1984 3990 2109 4028 cum
2140 3973 2419 4045 discipulis
2469 3975 2676 4032 Pascha
2716 3978 2954 4050 typicum
2997 3980 3372 4049 manducasse,
3417 3968 3579 4050 paulo

1985 4074 2108 4135 post
2135 4080 2164 4118 a
2189 4064 2324 4120 Juda
2354 4066 2632 4136 proditore
2657 4067 2935 4123 traditum.
2959 4067 3084 4125 Haec
3107 4072 3372 4126 sententia
3401 4071 3580 4131 Theo-

1985 4155 2143 4225 phili,
2167 4155 2354 4226 Cyrilli
2383 4166 2437 4211 et
2465 4155 2698 4222 Proteri,
2716 4157 3206 4214 Alexandrinorum
3233 4161 3576 4234 patriarcha-

1988 4264 2130 4313 rum,
2161 4247 2341 4303 hacin
2374 4264 2432 4304 re
2457 4263 2524 4304 eo
2552 4248 2774 4319 majoris
2794 4259 2875 4305 est
2899 4251 3176 4320 ponderis,
3200 4253 3342 4322 quod
3365 4256 3577 4323 antiqui

1987 4337 2177 4393 Patres
2222 4339 2492 4395 statuendi
2534 4340 2836 4410 quotannis"
2873 4340 3148 4410 paschalis
3199 4341 3322 4399 festi
3371 4361 3575 4401 omnem

1987 4445 2167 4482 curam
2212 4429 2573 4484 Alexandrino
2621 4433 2860 4500 episcopo
2919 4432 3246 4502 delegarunt,
3305 4434 3578 4488 referente

1988 4519 2184 4576 Leonis
2209 4538 2361 4592 papa:
2385 4523 2544 4592 primi
2567 4524 2790 4595 epistola
2817 4523 2883 4577 ad
2909 4523 3239 4578 Marcianum
3263 4541 3278 4578 :
3310 4525 3577 4590 Quoniam

1989 4612 2131 4681 apud
2161 4611 2440 4684 Egyptios
2463 4614 2621 4683 hujus
2644 4615 3030 4684 supputationis
3063 4615 3351 4684 antiquitus
3377 4615 3579 4669 tradita

1989 4703 2264 4756 videbatur
2307 4721 2418 4758 esse
2461 4705 2673 4772 peritia,
2704 4721 2797 4774 per
2823 4722 2980 4775 quam
3018 4709 3106 4775 qui
3155 4707 3307 4761 annis
3355 4708 3579 4774 singulis

1989 4792 2100 4844 dies
2138 4792 2405 4860 praedicta
2443 4792 2788 4848 solemnitatis
2833 4795 3082 4859 eveniret,
3119 4795 3230 4850 sedi
3280 4798 3584 4864 apostolicae

1989 4881 2336 4948 indicaretur,
2360 4891 2416 4937 ut
2434 4883 2593 4951 hujus
2616 4884 2877 4953 scriptiad
2902 4884 3289 4956 longinquiores
3315 4885 3586 4947 Ecclesias

1982 4974 2246 5040 judicium
2294 4975 2604 5044 generaliter
2647 4989 2992 5046 percurreret.
3042 4977 3157 5036 Hac
3183 4981 3329 5036 enim
3383 4981 3592 5046 peritia

1989 5064 2145 5122 facile
2170 5067 2345 5122 edocti
2373 5076 2530 5120 erant
2559 5083 2666 5138 quo
2687 5069 2772 5124 die
2803 5070 3081 5126 incidisset
3102 5071 3357 5142 paschale
3382 5069 3597 5134 festum

1988 5173 2054 5212 eo
2082 5174 2223 5213 anno
2252 5173 2360 5228 quo
2386 5157 2636 5212 Christus
2680 5168 2982 5216 extremum
3023 5161 3232 5222 Pascha
3259 5159 3598 5226 celebravit.

2060 5249 2131 5296 Ex
2171 5250 2255 5296 his
2294 5263 2400 5296 non
2453 5249 2722 5296 immerito
2763 5253 3064 5296 Milliaimns
3096 5272 3218 5296 mnn
3259 5252 3488 5296 DlmlitL
3535 5259 3598 5296 ἰ..
