4064 5394
505 393 634 448 res:
664 454 675 465 ι

1572 390 1911 447 APPENDIX
1954 392 2043 447 AD
2073 392 2297 448 OPERA
2338 391 2712 447 HUMBERTI.

3636 392 3773 449 ιεὶεξ

542 478 652 563 ‘Ab
682 507 785 561 hac
831 504 1132 574 priscorum
1163 502 1474 560 Grazcorum
1526 504 1816 561 traditione
1852 514 1964 560 tres
1993 512 2087 577 aut
2115 512 2159 570 Α
2189 518 2310 560 esse
2330 514 2614 576 propterea
2645 504 2788 576 quod
2816 506 3253 587 Chrysostomus,
3287 506 3394 581 imp
3423 517 3482 562 et
3509 508 3773 578 Ecclesia,

501 609 731 671 quatuor
752 595 970 652 invenio
990 605 1201 651 veteres
1222 597 1314 666 qui
1340 595 1686 662 dissentiant,
1732 595 2090 667 Epiphanium

501 690 732 753 scilicet,
761 682 1426 757 Joannem-Philoponu‘m
1473 692 1529 740 et
1583 699 1885 756 anonymos
1913 685 2086 751 duos;

500 799 565 837 ex
602 781 800 853 quibus
848 778 1187 848 Epiphanius
1230 785 1418 833 censet
1461 776 1738 832 Christum
1780 778 1996 848 quidem
2034 777 2088 832 in

500 873 691 929 ultima
716 884 874 927 omna
902 867 1103 940 legales
1130 869 1282 925 cibos
1318 868 1650 934 adhibuisse,
1675 875 1733 925 at
1751 868 2091 939 prmvcrtisse

500 974 711 1036 tempus
725 964 844 1035 lege
864 962 1250 1019 constitutum:
1274 960 1608 1031 Philoponns
1627 975 1754 1016 vero
1777 968 1832 1015 et
1857 969 2087 1030 uterque

500 1069 805 1130 auonymus
861 1054 1072 1110 Pascha
1129 1052 1303 1123 legale
1356 1069 1389 1107 a
1429 1052 1646 1110 Christo
1670 1052 1966 1125 perlectum
1997 1067 2091 1107 ne-

501 1144 657 1223 gant.

526 1250 529 1253 '
572 1238 909 1312 Epiphanius
933 1237 1133 1308 quippe
1159 1237 1212 1292 in
1244 1234 1436 1292 haeresi
1466 1235 1557 1305 50,
1586 1253 1739 1292 num.
1774 1235 1867 1305 22,
1901 1246 2090 1293 contra

498 1330 783 1389 Ehionmos
796 1345 961 1402 agens
980 1329 1069 1398 qui
1092 1330 1161 1384 ab
1191 1344 1283 1384 esu
1306 1329 1549 1384 carnium
1574 1328 1950 1384 abstinendum
1972 1341 2094 1385 esse

501 1423 793 1488 ducebant,
831 1435 925 1477 eos
952 1422 1056 1477 hac
1102 1420 1312 1475 ratione
1358 1419 1588 1475 revincit
1632 1419 1775 1491 quod
1831 1420 2091 1476 Dominus

498 1518 805 1574 Iudaeorum
826 1513 1039 1572 Pascha
1084 1514 1384 1571 comederit
1417 1514 1470 1569 in
1498 1512 1688 1568 ultima
1715 1528 1894 1579 coena,
1928 1513 1981 1568 id
2010 1523 2094 1568 est

501 1622 700 1681 agnum
724 1614 777 1664 et
802 1621 969 1679 panes
997 1605 1432 1662 infermentatos.
1463 1605 1537 1660 At
1560 1619 1692 1660 vero
1724 1604 1778 1659 in
1805 1603 2000 1659 haresi
2024 1603 2086 1658 51

500 1700 721 1775 Alogos»
742 1714 1006 1772 arguens,
1060 1698 1160 1763 ait,
1215 1695 1492 1761 num.26,
1540 1693 1819 1751 Christum
1872 1708 2092 1777 passum

499 1809 622 1850 esse
651 1807 749 1848 xm
792 1789 914 1846 Kal.
959 1789 1190 1860 Aprilis,
1233 1803 1355 1844 cum
1389 1787 1464 1842 illi
1493 1801 1774 1857 vesperam
1805 1801 1968 1840 unam
1997 1800 2094 1840 an-

2188 593 2448 652 docercnt
2480 597 2827 654 Servatorem
2851 608 3095 654 nostrum
3121 598 3327 654 Pascha
3360 599 3477 669 lege
3520 602 3773 675 praescri-

2190 699 2344 759 ptum
2373 689 2696 760 explevisse,
2724 700 3012 763 antequam
3027 689 3422 748 Eucharistiam
3445 693 3773 751 institueret.

2191 779 2327 837 Hinc
2373 780 2642 841 dubitatio
2686 783 2816 838 mihi
2871 784 3093 840 suborta
3133 792 3219 840 est
3260 794 3437 840 utrum
3466 800 3779 859 anonymus

2190 871 2295 927 iste
2324 871 2462 928 alius
2492 873 2562 928 sit
2592 871 2658 928 ab
2686 883 2907 929 auctore
2942 874 3322 945 disputationis
3363 875 3431 930 de
3473 874 3773 942 Paschatc,

2190 977 2310 1034 qua:
2334 956 2558 1019 Joannis
2584 964 2887 1034 Philopoui,
2920 966 3138 1020 nomine
3177 964 3365 1022 Grzrce
3401 975 3458 1021 et
3490 965 3712 1032 Latine,
3744 983 3776 1020 ιι

2188 1051 2450 1109 Corderio
2484 1054 2699 1125 vulgata
2722 1065 2824 1123 est,
2843 1056 2895 1110 in
2921 1071 3026 1127 qua
3053 1058 3243 1112 eadem
3257 1072 3480 1113 omnino
3507 1042 3783 1114 sententia

2190 1145 2635 1215 drprchenditur,
2662 1156 2774 1202 tum
2804 1162 2872 1203 an
2896 1147 3227 1220 Philoponus
3258 1164 3386 1204 vere
3407 1149 3564 1205 istius
3594 1151 3791 1221 (“Spr

2191 1237 2410 1292 talionis
2422 1237 2673 1294 conditor
2696 1240 3002 1296 censendus
3023 1240 3117 1308 sit,
3144 1240 3399 1311 quoniam
3430 1239 3659 1296 Pbotius
3683 1242 3782 1312 q-ii

2194 1327 2248 1383 in
2285 1328 2632 1385 Bibliotheca!
2660 1346 2771 1386 suae
2802 1330 3072 1400 capitibus
3108 1330 3201 1398 2i,
3244 1330 3336 1397 45,
3378 1330 3471 1398 55,
3517 1330 3609 1397 75,
3650 1331 3789 1399 215,

2191 1417 2369 1474 θιειο
2392 1436 2513 1476 eum
2548 1419 2734 1476 laudat
2772 1422 2997 1493 ejusque
3026 1421 3453 1477 lucubrationem
3480 1424 3535 1478 in
3566 1422 3785 1478 ﬂexae'

2197 1526 2383 1567 merou
2437 1512 2680 1583 aliasque
2746 1515 3019 1585 praedictae
3072 1515 3450 1586 disputationis
3504 1530 3778 1587 nusquam

2196 1603 2459 1658 meminit.
2491 1604 2682 1659 Mirum
2714 1621 2879 1675 porro
2904 1614 2988 1661 est
3009 1604 3352 1673 Cordcrium,
3381 1607 3473 1677 qui
3502 1607 3618 1663 haec
3642 1607 3780 1679 legit

2194 1692 2681 1771 animadvertitque
2717 1694 3178 1752 nulLamaltulisse
3199 1696 3459 1753 rationem
3486 1712 3587 1752 cur
3616 1696 3787 1752 istam

2195 1783 2607 1855 dispositionem
2650 1783 2946 1857 Philopono
2990 1786 3305 1843 ascriberet.
3336 1786 3539 1842 Verum
3588 1799 3786 1857 postea

497 1883 849 1940 tevertissent
869 1923 885 1947 ,
934 1881 1041 1936 hoc
1066 1888 1152 1936 est
1176 1878 1300 1934 luna
1344 1893 1436 1933 xw
1462 1886 1727 1934 nocturna
1767 1874 1967 1931 media.
2005 1872 2089 1929 Si-
2118 1871 2168 1932 Β
2195 1872 2544 1946 deprehendi,
2586 1876 2729 1933 hanc
2752 1877 3172 1948 disputationem
3203 1894 3392 1935 revera
3448 1894 3568 1936 esse
3596 1864 3786 1935 Philo-

495 1976 715 2046 quidem
764 1973 838 2029 illi
888 1980 1015 2028 ante
1069 1981 1281 2041 tempus
1338 1969 1546 2025 Pascha
1597 1973 1981 2032 comederunt,
2031 1974 2091 2021 ut

496 2062 855 2137 Evangelium
905 2071 1154 2118 testatur.
1210 2059 1348 2117 Tum
1391 2061 1609 2116 subdit:
1641 2057 1860 2135 Ἐφαγον
1902 2054 1990 2114 οὖν
2022 2058 2082 2115 τὸ

492 2161 691 2231 Πάσχα
709 2155 811 2234 πρὸ
838 2153 932 2211 δύο
956 2157 1155 2234 ἡμερῶν
1189 2159 1281 2210 τοῦ
1312 2156 1504 2227 φάγιιν,
1541 2155 1786 2209 τούτιστι
1830 2159 1891 2227 τῇ
1934 2173 2082 2230 τρίτῃ

496 2251 757 2321 ἑσπέρας,
788 2245 917 2324 ὅπερ
948 2244 1053 2302 ἴδει
1088 2254 1151 2318 τῇ
1185 2246 1398 2315 πίμπτη
1438 2243 1680 2322 ἑσπέρας.
1721 2240 1899 2308 Quare
1928 2241 2087 2295 biduo

501 2353 623 2397 ante
651 2340 943 2411 legitimum
978 2338 1120 2392 diem
1165 2335 1380 2407 epulum
1420 2333 1680 2389 Paschale
1727 2333 2087 2398 celebrarunt,

493 2435 591 2489 hoc
633 2441 708 2488 est
753 2431 887 2503 feria
915 2430 1070 2484 tertia
1116 2428 1185 2482 ad
1231 2443 1524 2498 vesperam,
1573 2429 1712 2498 quod
1753 2425 1936 2496 quinta
1970 2423 2089 2493 ﬁeri

494 2522 744 2595 oportuit.
796 2520 1002 2592 Nempe
1048 2519 1191 2590 quod
1225 2517 1415 2589 quinta
1454 2516 1570 2572 dies
1605 2515 1879 2572 incidebat
1915 2515 1968 2570 in
2010 2514 2088 2569 lu-

497 2632 626 2672 nam
670 2631 781 2671 xw.
828 2614 1013 2683 Neque
1033 2621 1189 2683 putes
1215 2609 1497 2681 Epiphanii
1529 2617 1764 2665 tuentem
1793 2621 1915 2663 esse
1942 2604 2087 2677 quod

497 2706 665 2761 Judaei
700 2704 867 2760 biduo
894 2702 1100 2758 Pascha
1144 2700 1316 2772 legale
1367 2700 1783 2756 anteverterim.
1838 2697 1895 2754 ιιι
1940 2697 2086 2754 enim

2191 1968 2343 2040 poni,
2374 1968 2464 2039 qui
2496 1970 2598 2025 sub
2628 1969 2747 2043 ejus
2775 1958 2938 2026 linem
2969 1970 3215 2026 meminit
3244 1970 3637 2028 lucubrationis
3671 1987 3793 2028 sua:

2190 2062 2246 2117 in
2288 2061 2685 2132 Hexaemeron,
2728 2080 2889 2137 quem
2928 2066 3219 2137 genuinum
3259 2066 3429 2137 ipsius
3459 2065 3631 2121 l'etum
3658 2080 3787 2122 esse

2190 2140 2257 2209 ex
2286 2153 2480 2211 Photio
2501 2165 2737 2212 constat.
2770 2157 2840 2211 At
2869 2171 2998 2212 vero
3029 2157 3156 2211 mihi
3180 2171 3276 2226 per
3297 2172 3461 2227 quam
3485 2156 3788 2214 verisimile

2189 2245 2514 2317 relinquitur
2545 2249 2805 2323 anoziymi
2844 2249 3166 2321 posterioris
3199 2248 3393 2305 librum
3420 2248 3488 2306 de
3509 2248 3787 2311 Pascbate

2190 2350 2219 2389 a
2248 2334 2442 2391 Photio
2466 2336 2740 2393 laudatum
2770 2354 2890 2394 esse
2914 2338 3200 2410 ipsammet
3228 2338 3510 2411 Phil0poni
3537 2340 3795 2412 disputa-

2189 2422 2392 2482 tionem
2424 2427 2578 2499 cujus
2606 2438 2883 2486 auctorem
2912 2422 3138 2486 Photius
3167 2431 3468 2503 ignorabat.

2258 2513 2531 2588 Quidquid
2568 2516 2621 2573 id
2661 2526 2765 2587 est,
2796 2534 2971 2589 neque
3003 2519 3313 2590 Epiphanii,
3351 2536 3527 2591 neque
3556 2519 3790 2582 Joannis

2187 2604 2468 2679 Philopuui
2493 2608 2886 2682 amborumque
2908 2627 3299 2685 anonymorum
3321 2614 3622 2669 auctoritas
3645 2630 3788 2686 pra:-

2183 2695 2429 2767 judicare
2453 2698 2612 2754 debet
2640 2702 2912 2757 communi
2938 2703 3213 2758 traditioni
3242 2703 3610 2773 antiquiorum
3632 2704 3788 2761 Cra:-

497 2800 565 2856 de
588 2798 808 2854 Christo
836 2796 1063 2868 citrsque
1088 2794 1370 2864 discipulis
1397 2793 1602 2850 dictum
1633 2792 1851 2849 constat
1889 2805 1957 2846 ex
2000 2804 2088 2846 se-
2190 2802 2381 2842 eorum
2404 2829 2417 2855 ,
2463 2804 2692 2858 quorum
2722 2792 3029 2848 testimonia
3062 2794 3310 2864 superius
3337 2796 3560 2851 adduxi.
3593 2795 3789 2869 Neque

496 2887 795 2961 quentibus
813 2889 934 2960 ejus
954 2886 1157 2952 verbis,
1181 2886 1272 2943 ubi
1298 2884 1576 2942 Christum
1608 2884 1799 2940 eadem
1828 2881 1917 2938 illa
1949 2880 2084 2935 feria
2187 2878 2527 2951 Epiphanius
2559 2890 2758 2954 negat,
2787 2881 2897 2939 imo
2928 2884 3131 2941 diserte
3157 2884 3390 2941 afﬁrmat
3414 2885 3700 2943 Christum
3729 2891 3787 2943 in

497 2986 658 3041 tertia
696 2984 796 3040 sub
840 2995 1124 3051 vesperam
1173 2979 1297 3034 luna
1349 2994 1406 3033 ιι
1464 2987 1731 3035 nocturna
1764 3016 1781 3043 ,
1820 2991 1909 3031 xv:
1962 2972 2082 3029 Kal.
2188 2970 2379 3026 ultima
2409 2985 2563 3028 creua
2593 2971 2855 3046 legalibus
2886 2975 3025 3032 cibis
3077 2992 3231 3033 usum
3263 2977 3465 3042 fuisse,
3509 2979 3637 3052 agni
3672 2981 3785 3034 sci-

499 3075 701 3148 Aprilis
751 3072 1211 3143 comprehensum
1272 3067 1439 3125 fuisse
1489 3066 1740 3123 afﬁrmat.
1796 3063 2085 3136 Epiphanii
2186 3061 2311 3118 licet
2340 3078 2507 3120 carne
2550 3074 2606 3122 et
2655 3068 2884 3139 azymis,
2936 3071 3152 3126 tametsi
3198 3084 3327 3126 eum
3379 3071 3587 3128 Pascha
3617 3073 3786 3143 biduo

492 3165 763 3224 sententia
788 3166 903 3221 hare.
935 3163 1034 3219 niti
1061 3163 1274 3218 videtur
1289 3161 1512 3218 Joannis
1533 3159 1877 3231 evangelista:
1899 3168 2084 3215 aucto-
2129 3232 2155 3237 _
2189 3159 2534 3226 praevertisse
2563 3159 2817 3230 opinatus
2846 3170 2949 3216 est.
3392 3232 3397 3237 θ

495 3260 656 3316 ritate
682 3301 699 3327 ,
754 3259 984 3315 dicentis
1029 3254 1304 3313 Christum
1363 3254 1669 3310 instituisse
1721 3268 1934 3310 coenam
1967 3262 2086 3306 ante
2114 3232 2160 3294 Ο
2267 3247 2432 3302 lllulto
2454 3251 2631 3308 minus
2655 3251 2987 3308 admittenda
3008 3262 3094 3310 est
3117 3232 3786 3314 sententiarecentiorum

497 3352 634 3406 diem
662 3351 854 3421 festum
893 3346 1138 3403 Pasclue.
1176 3345 1382 3414 Quibus
1430 3345 1613 3403 verbis
1642 3344 1972 3401 intellexisse
2002 3344 2085 3407 vi:

500 3445 659 3500 detur
685 3451 812 3498 ante
839 3442 974 3498 duos
1000 3440 1221 3496 Pascha:
1249 3440 1386 3506 dies,
1418 3438 1872 3511 quemadmodum
1907 3438 2087 3494 versio

503 3533 720 3591 Persica
753 3533 950 3589 reddit.

570 3629 746 3684 Aliam
787 3627 907 3683 iniit
951 3624 1280 3682 sententiam
1310 3621 1547 3679 Joannes
1570 3620 1901 3692 Philoponus
1925 3610 2109 3676 homo.

496 3719 676 3778 saculi
705 3719 870 3785 sexti,
903 3719 958 3773 in
979 3716 1346 3788 disputatione
1374 3715 1441 3770 de
1464 3713 1751 3777 Paschale,
1776 3726 1937 3783 quam
1967 3708 2090 3763 Bal-

502 3814 689 3868 thasar
716 3807 1008 3866 Corderius
1034 3823 1140 3863 una
1172 3822 1296 3861 cum
1325 3803 1564 3874 ejusdem
1596 3811 1803 3872 septem
1846 3800 1999 3855 libris
2032 3799 2087 3855 in

500 3894 873 3959 Hexaemeron
900 3896 1126 3953 Vienna:
1153 3895 1386 3951 Austrite
1415 3894 1625 3966 primus
1663 3891 1715 3948 in
1742 3891 1918 3946 lucem
1949 3887 2086 3944 emi-

499 3996 590 4051 sit.
638 3993 774 4049 Nam
805 3998 999 4047 auctor
1046 3986 1153 4042 iste
1190 3984 1444 4049 Caecus,
1498 3992 1658 4040 secta:
1708 3980 2085 4054 Eutychianze,

496 4092 695 4141 caetera
723 4080 806 4135 vir
854 4081 1077 4141 doctus,
1108 4074 1417 4142 contendit,
1449 4073 1611 4128 tertia
1664 4070 1876 4126 decima
1927 4068 2083 4135 luna,

494 4175 671 4248 pridie
691 4171 883 4242 legalis
904 4170 1148 4233 Paschaz,
1179 4167 1462 4240 mysticam
1487 4165 1698 4220 Domini
1721 4178 1934 4221 caenam
1959 4178 2087 4217 con-

496 4268 708 4340 tigisse,
743 4278 918 4334 neque
944 4262 1219 4318 Christum
1254 4269 1382 4314 tunc
1407 4274 1529 4315 cum
1579 4255 1858 4327 discipulis
1889 4269 2088 4325 agnum

494 4368 590 4413 aut
619 4369 809 4427 azyma
838 4351 1158 4415 comedisse,
1192 4350 1355 4419 idque
1384 4345 1570 4402 multis
1602 4343 1937 4417 argumentis
1966 4356 2087 4413 pro-

493 4451 628 4506 bare
648 4453 902 4502 conatur.

563 4542 622 4598 ln
652 4538 901 4597 eamdem
941 4532 1268 4592 Sententiam
1308 4530 1639 4587 conveniunt
1669 4528 1926 4602 anonymi
1958 4528 2088 4594 duo,

493 4640 562 4697 de
589 4636 788 4710 quibus
816 4632 928 4703 agit
955 4629 1183 4686 Photius
1228 4628 1283 4683 in
1332 4624 1686 4681 Bibliotheca:
1721 4637 1841 4694 cap.
1898 4621 1995 4677 115
2035 4633 2090 4677 et

492 4725 767 4802 sequenti.
796 4720 1014 4779 Primus
1040 4722 1208 4786 enim,
1238 4717 1519 4791 disputans
1563 4717 1824 4772 adversus
1857 4716 2088 4784 Quarta-

496 4822 831 4882 decimanos,
889 4815 1089 4872 asserit
1114 4812 1394 4870 Christum
1440 4804 1626 4883 quinta
1656 4810 1744 4866 die
1775 4825 1879 4866 non
1910 4810 2090 4867 edisse
2116 4880 2119 4887 η

496 4910 709 4966 Pascha
754 4907 930 4979 legale
961 4905 1160 4977 (neque
1189 4902 1335 4960 enim
1362 4899 1510 4957 illum
1545 4898 1661 4970 ejus
1690 4900 1882 4957 edendi
1914 4908 2088 4956 statu-

497 5013 609 5053 tum
658 4996 827 5053 fuisse
875 4996 1050 5061 diem,
1097 4993 1192 5051 sed
1238 4990 1576 5065 sequentem)
1626 5004 1801 5060 neque
1851 5005 2083 5061 agnum,

490 5101 672 5158 neque
699 5102 890 5157 azyma
910 5126 925 5153 ,
963 5100 1139 5156 neque
1168 5084 1312 5141 aliud
1334 5083 1607 5155 quidpiam
1639 5097 1828 5138 eorum
1856 5076 2082 5147 fecisse,

493 5195 616 5208 num
646 5178 813 5208 ΙΑηιιΙη
830 5186 1108 5208 annuo-nino
1131 5175 1334 5208 Dnnn‘nn
1387 5192 1538 5208 nan-vn
1560 5175 1775 5208 .lmnnn
1796 5175 2059 5208 νηηῖηηιηι

2116 4579 2167 4641 D

2187 3336 2499 3394 Graecorum
2528 3341 2653 3411 qui,
2685 3358 2716 3396 a
2765 3351 3009 3414 tempore
3054 3345 3268 3401 conﬂati
3318 3347 3631 3403 schismatis
3688 3365 3807 3419 per,

2187 3429 2499 3511 Michaelem
2522 3433 2857 3491 Cerularium
2877 3436 2929 3491 in
2958 3434 3176 3515 Latinos
3197 3437 3567 3504 iﬂrCn5l5:iilli,
3583 3455 3685 3510 per
3704 3441 3812 3496 fas-

2189 3524 2445 3596 nefasque
2496 3529 2673 3600 azymi
2718 3532 2875 3600 panis
2918 3545 3073 3586 usum
3115 3531 3495 3601 criminantur,
3526 3534 3619 3588 alii
3656 3533 3792 3588 aliis

2188 3617 2385 3672 modis.
2417 3616 2671 3674 Nonnulli
2724 3621 2891 3688 enim,
2923 3637 3153 3691 quorum
3199 3623 3307 3678 dux
3342 3623 3560 3680 Nicetas
3588 3623 3789 3678 Pecto-

2191 3714 2363 3773 ratus,
2400 3705 2675 3764 Christum
2728 3724 2836 3765 non
2872 3720 3064 3781 quarta
3092 3712 3300 3767 decima
3341 3713 3487 3777 luna,
3516 3730 3624 3784 qua
3668 3714 3815 3779 fero.

2189 3809 2429 3854 mentum
2459 3799 2617 3871 alijici
2645 3803 2947 3874 oportebat,
2979 3806 3075 3862 sed
3105 3805 3261 3861 tertia
3300 3806 3511 3862 decima
3560 3822 3785 3863 orenam

2189 3887 2244 3943 in
2276 3887 2602 3947 fcrmeutato
2625 3908 2766 3965 pane
2786 3894 3093 3951 celebrasse
3124 3882 3487 3964 contendunt;
3512 3898 3602 3952 alii
3627 3915 3809 3967 verna

2191 3990 2423 4038 testante
2453 3982 2749 4040 llumberto
2778 3986 2831 4040 in
2867 3989 3218 4058 responsione
3253 3989 3319 4044 ad
3348 3989 3637 4060 epistolam
3679 3980 3787 4046 illi?

2192 4074 2396 4130 chaelis
2425 4074 2711 4144 Cerularii,
2743 4079 3127 4135 sciscitantibus
3156 4081 3324 4147 nobis,
3356 4082 3492 4137 unde
3518 4082 3789 4137 Dominus

2191 4163 2345 4219 Iesus
2368 4163 2736 4234 fermentatum
2760 4167 2815 4220 in
2844 4183 2987 4224 cana
3029 4169 3288 4237 habuerit,
3314 4187 3433 4225 cum
3460 4172 3514 4225 in
3537 4173 3812 4226 omnibus

2187 4256 2380 4326 finibus
2400 4256 2574 4312 Israel
2600 4275 2703 4312 non
2719 4254 3061 4326 inveniretur,
3088 4248 3393 4329 respondent
3417 4279 3436 4316 :
3464 4264 3526 4320 Si
3547 4266 3795 4319 creditur

2193 4349 2536 4420 omnipotens,
2585 4351 2751 4420 potuit
2801 4346 2971 4407 subito
3020 4354 3359 4425 undecunque
3408 4355 3815 4424 {ermenlatuns_

2197 4439 2460 4509 exhibere,
2500 4452 2590 4495 aut
2625 4452 2761 4497 certe
2813 4444 2982 4512 ipsum
3021 4460 3263 4514 azymum
3294 4443 3645 4501 benedicendo
3676 4448 3815 4516 [ειη

2194 4541 2445 4586 meritare.
2475 4532 2575 4588 Ast
2601 4533 2704 4590 hoc
2740 4534 2990 4591 mirabile
3030 4535 3283 4607 ell‘ugium
3314 4547 3399 4594 est
3428 4538 3787 4608 delirantium

2194 4621 2673 4679 schismatieorum
2723 4625 2815 4696 qui
2843 4667 2858 4694 ,
2888 4641 3032 4703 cum
3093 4627 3359 4684 rationem
3405 4629 3784 4685 conviciorum

2192 4734 2412 4774 suorum
2439 4719 2668 4797 reddere
2690 4737 2795 4778 non
2827 4722 3054 4793 possint,
3085 4733 3338 4795 tanquam
3372 4725 3441 4782 ad
3469 4739 3629 4783 aram
3654 4741 3795 4782 (οιις

2191 4806 2402 4880 fugiunt
2425 4810 2493 4864 ad
2525 4810 2716 4879 Deum,
2734 4813 2811 4867 uti
2840 4812 2997 4870 Cotta
3019 4814 3255 4886 loquitur
3276 4816 3421 4886 apud
3435 4814 3783 4877 Ciceronem.

2193 4898 2323 4956 Hazc
2342 4901 2407 4957 de
2434 4900 2664 4958 Graecis.
2754 4972 2755 4975 η
3238 4974 3243 4979 ν
3492 4968 3495 4973 ι
3799 4953 3807 4959 .

2261 4988 2343 5046 Ad
2369 4992 2588 5051 Latinos
2609 4995 2754 5065 quod
2784 4997 2997 5063 attinet,
3031 5013 3137 5053 uno
3167 4997 3282 5054 fere
3302 5013 3397 5054 ore
3426 5013 3641 5067 omnes,
3671 5002 3785 5055 sri-
3812 5059 3817 5062 ι

2191 5083 2319 5165 licet
2346 5093 2555 5142 veteres
2586 5087 2690 5153 illi,
2733 5090 3080 5144 consentiunt
3120 5090 3393 5146 Christum
3427 5089 3550 5145 luna
3581 5101 3783 5162 quarta

2193 5177 2396 5208 l'ﬂn:mﬂ
2430 5177 2481 5208 :l‘
2512 5180 2713 5208 na'vm:n
2736 5179 3132 5208 ‘I‘Iln‘unn:1~|:nn\
3167 5182 3474 5208 ε-ιΑΩΞΙ-ιξασ-Α-
3502 5181 3558 5208 ..ι
3585 5183 3785 5208 -—.--:-
