4064 5394
309 297 448 354 1233

1306 304 1696 361 MABlLLONll
1738 263 2145 374 1115011151110
2181 305 2268 362 ne
2303 307 2556 363 1121110.

3436 309 3577 372 125i

305 415 418 477 ipso
447 409 706 476 die,sicut
731 412 1001 481 superiora
1023 413 1229 480 decent,
1252 413 1456 470 Pascha
1487 431 1604 470 cum
1625 414 1896 486 discipulis
1928 421 1972 480 Α
2003 424 2175 470 ιυιυιη
2225 418 2440 487 vigebat
2471 428 2552 484 ut,
2598 420 2667 474 ob
2707 419 3046 476 incommoda
3094 423 3338 491 quaedam
3387 438 3578 482 succe-

308 501 676 569 manducarit;
702 504 932 574 sequenti
955 514 1130 560 autem
1169 506 1255 561 die
1277 547 1291 572 ,
1322 507 1420 562 hoc.
1449 518 1524 562 est
1553 518 1701 562 sexta
1728 509 1894 576 feria,

310 593 596 661 cruciﬁxus
625 605 722 661 est,
749 595 848 649 hoc
875 605 974 662 est,
1005 597 1131 651 (una
1155 598 1342 668 quinta
1369 598 1594 654 decima.

390 727 681 784 Ambrosio
722 731 963 786 adbreret
993 733 1332 804 Augustinus
1376 735 1426 789 in
1474 735 1701 806 epistola
1733 736 1804 792 86
1832 736 1900 791 ad

314 816 664 885 Casulanum,
686 822 799 886 ubi,
827 823 1092 879 rationem
1113 826 1343 882 reddens
1357 826 1549 897 jejunii
1571 827 1719 883 ferire
1740 843 1900 899 quar-

317 918 384 962 ta:
418 916 474 963 et
501 917 691 974 sexta),
726 911 931 968 diserte
964 913 1157 984 probat
1191 913 1403 972 Iudaeos
1437 918 1503 973 de
1543 919 1898 990 comprehen-

321 999 496 1055 dendo
521 1001 740 1057 Christo
761 1004 1046 1059 consilium
1080 1007 1266 1063 iniisse
1295 1007 1426 1062 feria
1453 1018 1666 1078 quarta.
1698 1011 1899 1066 Deinde

317 1090 631 1148 intermisso
659 1111 765 1150 uno
794 1097 900 1160 die,
932 1115 949 1147 ‹
976 1099 1130 1169 cujus
1157 1115 1381 1171 vespera
1405 1101 1665 1158 Dominus
1688 1103 1897 1160 Pascha

319 1200 444 1238 cum
494 1185 772 1256 discipulis
813 1189 1178 1258 manducavit,
1212 1194 1304 1263 qui
1341 1194 1442 1249 fuit
1472 1194 1594 1260 finis
1619 1194 1736 1264 ejus
1766 1197 1898 1265 diei,

320 1295 480 1349 quem
514 1295 772 1337 vocamus
817 1286 1062 1354 quintam
1111 1285 1358 1354 Sabbati,
1397 1309 1416 1342 1
1455 1270 1902 1348 traditum‘fuisso

318 1365 595 1452 Christum
627 1391 690 1431 ea
732 1386 912 1443 nocte,
961 1397 979 1430 ι
1025 1395 1146 1450 qua:
1185 1380 1298 1450 jam
1331 1382 1398 1436 ad
1436 1391 1648 1438 sextam
1677 1383 1901 1440 Sahbati

316 1465 642 1542 pertinebat,
675 1487 694 1522 1
733 1478 842 1526 tum
870 1471 1051 1526 subdit
1085 1490 1097 1526 :
1133 1491 1152 1526 ι
1182 1473 1284 1530 llic
1310 1475 1444 1542 dies,
1479 1495 1500 1530 1
1527 1491 1720 1546 nempe
1747 1485 1900 1533 sexta

319 1557 544 1614 Sabbati
593 1579 611 1612 ι
640 1562 862 1632 ,primus
901 1579 1216 1636 azymorum
1260 1565 1379 1629 fuit,
1427 1582 1456 1620 a
1503 1581 1727 1637 vespera
1768 1567 1904 1623 inci—

318 1645 492 1719 piens.
547 1649 652 1706 Sed
689 1652 975 1708 Matthaeus
1021 1656 1352 1728 evangelista
1402 1659 1648 1728 quintam
1678 1657 1902 1715 Sabbati

320 1739 451 1794 dicit
480 1741 647 1797 fuisse
679 1745 911 1814 primam
940 1745 1086 1802 diem
1127 1763 1466 1820 azymorum,
1504 1750 1632 1819 quia
1661 1749 1781 1818 ejus
1813 1763 1904 1804 ve-

323 1846 479 1900 spera
547 1844 811 1903 sequente
865 1835 1048 1892 futura
1093 1847 1212 1892 erat
1260 1853 1420 1894 coena
1472 1839 1772 1905 Paschalis,
1800 1855 1906 1911 qua

325 1942 476 1980 cmua
509 1927 806 1998 incipiebat
836 1947 1086 2001 azymum
1122 1941 1178 1986 et
1206 1933 1328 1988 ovis
1358 1933 1659 1989 immolatio
1683 1935 1908 1989 manduo

319 2016 459 2071 rari.
512 2017 587 2071 Ex
634 2033 743 2088 quo
782 2019 1077 2091 colligitur,
1130 2021 1330 2090 inquit,
1385 2031 1637 2093 quartam
1684 2022 1906 2079 Sabhati

323 2107 514 2172 fuisse,
528 2110 744 2178 quando
761 2111 837 2165 ait
861 2111 1154 2166 Dominus:
1179 2129 1198 2163 ς
1220 2111 1384 2167 Scitis
1401 2112 1526 2182 quia
1549 2122 1672 2182 post
1686 2112 1908 2167 biduum

323 2199 535 2274 Pascha
586 2201 678 2255 fiet
719 2201 936 2272 (Matth.
981 2217 1130 2269 xxvr,
1159 2201 1236 2271 2).
1276 2223 1294 2255 1
1332 2202 1410 2257 Ex
1448 2204 1532 2258 his
1562 2202 1910 2259 manifestum

325 2303 410 2372 est
467 2293 830 2366 Augustinum
880 2297 931 2350 in
985 2312 1048 2351 ea
1105 2297 1372 2352 sententia
1420 2295 1589 2353 fuisse
1633 2298 1912 2354 Christum

329 2383 535 2440 Pascha
560 2387 868 2444 celebrasse
890 2403 954 2444 ea
972 2402 1222 2458 vespera,
1249 2404 1356 2457 qua
1394 2408 1412 2441 ι
1455 2389 1749 2459 incipiebat
1787 2405 1914 2462 azy.

332 2494 478 2556 mum
514 2500 532 2532 1
565 2490 619 2535 et
642 2481 760 2537 ovis
792 2482 1094 2538 immolatio
1123 2485 1464 2549 manducari,
1489 2485 1771 2556 ipsumque
1790 2502 1912 2540 cum

332 2555 615 2639 discipulis
650 2570 810 2643 legali
841 2588 994 2629 more
1026 2573 1236 2631 Pascha
1265 2555 1628 2633 manducasse
1655 2585 1784 2632 ante
1809 2577 1916 2631 Eu-

336 2657 615 2714 charistite
641 2660 1068 2720 institutionem.

333 2833 338 2841 ,
402 2769 578 2844 Eque
597 2774 883 2844 perspicua
909 2787 994 2830 est
1016 2777 1315 2834 auctoritas
1339 2778 1654 2851 Hieronymi
1675 2781 1730 2836 in
1757 2781 1849 2836 lib.
1867 2798 1920 2836 ιν

333 2862 725 2919 Commentarii
743 2866 795 2920 in
812 2864 1122 2923 Matth-tuum
1139 2869 1205 2923 ad
1227 2870 1419 2940 capitis
1439 2887 1564 2927 xxv1
1582 2887 1798 2928 versum
1824 2873 1918 2928 l7:

333 2969 360 3003 ι
410 2951 592 3006 Prima
643 2963 982 3026 azymorum,
1030 2958 1249 3028 inquit,
1301 2969 1493 3030 quarta
1553 2960 1766 3018 decima
1816 2962 1923 3016 diei

332 3042 546 3097 mensis
565 3043 727 3113 primi
756 3053 859 3110 est,
899 3049 1116 3117 quando
1146 3064 1320 3119 agnus
1349 3047 1687 3120 immolatur,
1716 3061 1770 3109 et
1799 3051 1923 3108 luna

336 3133 657 3204 pienissima
709 3144 813 3204 est,
867 3146 925 3193 et
973 3139 1302 3198 fermentum
1349 3144 1627 3214 ahjicitur.
1688 3163 1708 3198 1
1755 3145 1822 3200 Et
1868 3145 1922 3201 in

337 3238 557 3280 versum
623 3225 693 3281 26
727 3245 740 3282 :
773 3246 793 3281 ί
857 3229 1153 3301 Postquam
1202 3234 1440 3305 typicum
1491 3235 1698 3292 Pascha
1747 3237 1924 3293 fuerat

337 3314 646 3384 impletum,
711 3326 768 3374 et
811 3321 936 3392 agni
995 3338 1192 3380 carnes
1251 3341 1374 3380 cum
1437 3328 1700 3398 apostolis
1736 3345 1923 3385 come-

338 3403 518 3470 derat,
547 3410 775 3465 assumit
803 3425 998 3481 panem
1035 3414 1125 3483 qui
1153 3414 1424 3472 confortat
1465 3433 1560 3474 cor
1589 3420 1849 3487 hominis,
1873 3430 1927 3477 et

342 3495 408 3564 ad
440 3511 629 3554 verum
686 3500 911 3558 Pascha
959 3507 1360 3576 transgreditur
1403 3521 1826 3578 sacramentum,
1868 3524 1927 3567 ut

341 3599 448 3653 quo
479 3587 637 3642 modo
665 3588 717 3642 in
735 3592 1185 3663 prmﬁguratione
1214 3595 1332 3667 ejus
1361 3597 1751 3656 Melchisedech
1773 3618 1926 3658 sum-

340 3677 415 3731 mi
468 3678 560 3733 Dei
607 3683 858 3738 sacerdos
896 3700 1092 3755 panem
1123 3696 1180 3742 et
1207 3689 1390 3744 vinum
1419 3689 1654 3748 offerens
1701 3693 1925 3763 fecerat,

343 3766 457 3834 ipse
486 3784 703 3838 quoque
733 3771 1018 3829 veritatem
1051 3777 1135 3831 sui
1155 3780 1403 3849 corporis
1443 3789 1501 3837 et
1527 3783 1805 3852 sanguinis
1843 3785 1927 3840 sui

341 3871 783 3930 reprzesentarct.
815 3885 844 3919 .1

352 3997 366 4002 ·-
414 3974 509 4030 llis
539 3993 706 4034 unum
750 3981 890 4038 addo
929 3982 1194 4041 Junilium
1221 3987 1562 4065 _Africanum
1610 3993 1927 4064 episcopqu

345 4067 542 4123 saeculo
569 4080 740 4134 sexto.
777 4074 868 4142 qui
905 4074 1312 4135 Commentario
1355 4081 1407 4135 in
1444 4083 1698 4138 Cenesim
1745 4098 1930 4143 conte-

345 4165 521 4212 statur
549 4160 826 4217 Christum
854 4165 1160 4233 Domiuum,
1208 4188 1226 4222 ‹
1257 4179 1553 4240 postesum
1594 4176 1719 4244 agni
1765 4178 1928 4248 typici

346 4250 606 4318 mysteria
633 4253 790 4308 nobis
824 4254 907 4308 sui
938 4258 1187 4327 corporis
1208 4269 1262 4315 et
1292 4262 1575 4331 sanguinis
1608 4265 1928 4322 celebranda

345 4336 716 4397 denuntiasse.
755 4362 774 4394 1
804 4343 1075 4402 Praetereo
1102 4348 1346 4406 Rbahani
1388 4360 1444 4407 et
1474 4335 1704 4409 aliorum
1741 4357 1932 4413 mediae

346 4431 522 4487 relatis
548 4443 829 4506 auctorum
866 4439 1169 4496 testimonia
1201 4441 1344 4498 idem
1375 4445 1742 4502 sentientium.

422 4542 547 4599 ﬂare
593 4547 807 4602 tametsi
856 4559 1107 4606 constant
1146 4554 1288 4622 apud
1327 4557 1667 4627 antiquiores
1716 4559 1930 4626 Patres,

349 4652 455 4691 nun
482 4646 662 4695 tamen
690 4639 912 4712 insuper
941 4643 1171 4699 habendi
1213 4655 1338 4701 sunt
1366 4647 1546 4703 Latini
1579 4651 1932 4714 recentiores,

349 4729 441 4798 qui
491 4729 546 4784 in
593 4730 697 4785 hac
730 4735 1031 4801 quaestione
1066 4735 1386 4805 explicanda
1415 4755 1668 4810 magnam
1701 4741 1934 4810 diligen-

349 4818 480 4872 tiam
505 4820 905 4890 impenderunt,
931 4824 983 4877 in
1011 4826 1190 4881 varias
1212 4827 1494 4896 opiniones
1525 4831 1794 4886 distracti.
1828 4832 1934 4886 Alii

349 4909 518 4974 enim,
549 4927 686 4982 quos
710 4913 851 4968 inter
882 4914 1080 4968 Paulus
1111 4915 1425 4988 Brugensis,
1463 4917 1754 4976 Jansenius
1787 4920 1935 4976 Gan-

352 5009 604 5066 davcnsis
637 5014 944 5084 episcopus,
991 5013 1352 5080 Maldonatus,
1385 5013 1645 5084 Zegerus,
1674 5023 1730 5068 ct
1764 5011 1934 5081 aliqui

352 5101 622 5168 nonnulli,
656 5104 930 5159 Christum
962 5105 1073 5160 alio
1101 5105 1208 5172 die,
1240 5106 1346 5162 alio
1372 5105 1458 5160 die
1482 5102 1697 5159 Judzeos
1728 5102 1934 5158 Pascha

351 5191 677 5261 celebrasse,
739 5205 1000 5271 utrosque
1051 5205 1230 5254 tamen
1289 5214 1414 5255 cum
1476 5196 1737 5266 legalibus
1773 5195 1932 5260 cibis,

354 5300 373 5312 ο
403 5287 688 5312 ...ι-...1..-ι
764 5289 827 5312 π.

982 5290 1192 5312 ηαξ)---

1333 5305 1410 5312 -..Α
1459 5297 1511 5312 Σ-
1572 5297 1698 5312 -l----
1749 5297 1933 5312 ..__IA-

1997 515 2239 569 dentium
2261 515 2666 571 solemnitatum
2697 517 2942 583 vitanda,
2979 532 3048 573 ne
3085 534 3324 587 unquam
3364 519 3574 576 Pascha

2000 607 2257 674 secundo,
2286 618 2484 678 quarto
2509 619 2603 663 aut
2628 619 2784 665 sexto
2807 609 3159 666 hebdomadas
3197 612 3284 666 die
3326 612 3574 673 celebra-

2000 706 2163 765 rent;
2209 713 2274 753 eo
2295 713 2425 754 vero
2449 715 2590 754 anno
2621 715 2729 770 quo
2767 715 2961 771 passus
2997 710 3081 758 est
3102 701 3370 767 Christus,
3406 701 3580 771 legiti—

2001 805 2149 845 mum
2181 789 2390 846 Pascha
2424 791 2678 846 incidisse
2708 792 2762 846 in
2788 792 2980 847 feriam
3007 800 3238 859 sextam,
3267 808 3331 848 ac
3356 793 3580 862 proinde

2005 880 2324 936 translatum
2350 896 2380 935 a
2416 880 2620 937 Judwis
2648 891 2870 953 propter
2904 890 3323 938 concurrentem
3353 882 3578 939 Sabbati

2005 972 2146 1026 diem
2172 980 2512 1042 sequentem.

2076 1061 2182 1116 Alii
2216 1071 2415 1133 negant
2441 1061 2715 1117 Christum
2741 1062 2990 1118 ultimum
3020 1063 3225 1119 Pascha
3248 1064 3406 1135 legali
3436 1080 3586 1120 more

2003 1153 2307 1223 peregisse,
2344 1169 2443 1208 nec
2491 1168 2681 1223 azyma
2722 1169 2824 1210 11cc
2863 1154 2968 1209 alia
3001 1154 3053 1210 id
3095 1171 3265 1225 genus
3309 1155 3588 1210 Paschalis

2001 1243 2125 1297 festi
2179 1244 2353 1298 edulia
2416 1245 2739 1314 percepisse.
2798 1244 2972 1311 Quam
3030 1247 3358 1302 sententiam
3407 1254 3590 1303 tuetur

2003 1335 2222 1390 Marcus
2265 1336 2534 1391 Antonius
2562 1337 2628 1390 de
2652 1337 2897 1391 Dominis
2929 1337 2980 1391 in
3015 1336 3108 1392 lib.
3132 1353 3164 1389 v
3195 1337 3261 1392 de
3296 1335 3590 1404 Republica

2002 1424 2335 1490 Cbri.tiana,
2385 1442 2504 1496 cap.
2556 1427 2659 1480 6a
2709 1441 2858 1481 num.
2901 1427 3031 1492 258,
3069 1427 3160 1481 ubi
3196 1427 3272 1482 ait
3305 1426 3586 1483 Christum

2005 1517 2181 1586 pridie
2208 1518 2404 1585 vigilite
2439 1518 2730 1588 paschalis,
2761 1518 2813 1573 id
2834 1526 2916 1574 est
2938 1517 3064 1573 luna
3088 1533 3211 1582 x111,
3249 1512 3596 1573 communem

2005 1622 2217 1662 cumam
2262 1623 2385 1662 cum
2434 1607 2714 1678 discipulis
2779 1608 3126 1678 percepisse,
3198 1616 3256 1661 et
3305 1622 3373 1662 ex
3442 1622 3596 1669 com-

1941 1752 1943 1754 .
2009 1697 2160 1752 muni
2183 1713 2285 1763 seu
2315 1697 2642 1755 fermentato
2669 1711 2809 1769 pane
2837 1697 3237 1756 Eucharistiam
3266 1698 3332 1754 ab
3362 1697 3480 1769 ipso
3515 1697 3598 1753 in-

1934 1791 1980 1851 Β
2009 1791 2282 1846 stitutam.
3485 1841 3488 1844 ἢ
3570 1807 3581 1826 π

2079 1881 2223 1935 Inter
2249 1881 2350 1935 bos
2378 1879 2608 1935 mediam
2654 1878 2862 1934 invenit
2906 1879 3048 1934 viam
3096 1877 3250 1949 [iugo
3289 1878 3509 1935 Grotius
3540 1877 3592 1933 in

2009 1973 2248 2028 Matthxi
2272 1983 2436 2043 caput
2467 1987 2612 2026 xxvt.
2648 1971 2748 2039 Qui
2778 1970 2992 2026 etiamsi
3031 1971 3345 2042 praedictam
3382 1969 3597 2030 Judaeor
3651 2024 3660 2033 ,

2014 2082 2136 2121 rum
2182 2064 2630 2121 consuetudinem
2663 2063 2730 2116 de
2761 2063 3140 2118 transferendo
3181 2062 3443 2118 Pascbate
3473 2075 3599 2132 pro-

2017 2159 2133 2223 bat,
2186 2165 2346 2228 negat
2378 2165 2558 2211 tamen
2607 2155 2717 2210 ullo
2769 2164 2920 2210 certo
2952 2165 3201 2210 constare
3250 2160 3597 2223 argumento,

2013 2249 2154 2304 diem
2185 2246 2380 2302 festum
2404 2261 2719 2317 azymorum
2750 2260 2844 2299 seu
2871 2245 3074 2300 Pascha
3099 2245 3152 2300 in
3177 2245 3367 2300 feriam
3389 2251 3598 2299 sextam

2017 2339 2274 2396 incidisse
2308 2354 2374 2394 eo
2428 2354 2570 2392 anno
2599 2353 2707 2408 quo
2741 2337 2992 2392 Christus
3043 2347 3289 2391 mortuus
3331 2345 3435 2396 est.
3484 2335 3596 2390 luto

2015 2435 2179 2492 etiam
2215 2434 2260 2489 si
2285 2433 2339 2488 id
2370 2431 2709 2502 contigisset,
2755 2444 2874 2485 eam
2907 2427 3077 2498 legem
3112 2436 3220 2482 tam
3244 2425 3448 2495 justam
3475 2442 3597 2482 esse

2020 2535 2079 2580 ut
2109 2540 2284 2595 neque
2308 2523 2563 2578 Christus
2600 2522 2667 2576 ab
2697 2536 2760 2576 ca
2797 2534 3119 2575 recessurus
3162 2518 3372 2584 fuisset,
3421 2533 3601 2588 neque

2020 2620 2270 2690 discipuli
2301 2621 2475 2689 ipsum
2505 2619 2573 2674 de
2603 2618 2845 2688 parando
2873 2617 3139 2673 Pascbate
3165 2625 3293 2672 ante
3326 2617 3470 2672 diem
3498 2616 3602 2672 hac

2023 2710 2414 2766 constitutione
2453 2708 2735 2781 praeﬁxum
2777 2709 3228 2779 interrogassent.
3261 2705 3603 2778 Quapropter

2021 2802 2244 2859 Grotius
2274 2803 2389 2872 ipse
2431 2809 2640 2866 censet,
2678 2800 3032 2870 anticipatum
3066 2814 3098 2854 a
3131 2797 3351 2854 Christo
3376 2797 3603 2864 Pascha,

2025 2911 2134 2950 non
2173 2892 2392 2964 quidem
2424 2894 2613 2964 θυσιμο
2648 2891 2870 2962 plenum
2895 2899 2951 2945 et
2985 2889 3258 2955 solemne,
3301 2889 3445 2959 quod
3491 2905 3605 2946 ma,

2025 2983 2265 3039 ctatione
2291 2983 2417 3054 agni
2465 2990 2518 3036 et
2555 2981 2675 3036 aliis
2705 2981 2902 3037 ritibus
2944 2981 3062 3052 lege
3107 2981 3441 3051 przescriptis
3486 2996 3608 3051 per,

2029 3076 2313 3146 agebatur,
2347 3074 2400 3128 id
2429 3074 2571 3146 quod
2590 3073 2744 3128 nefas
2768 3082 2890 3128 erat
2916 3083 3073 3128 extra
3098 3072 3276 3128 locum
3302 3088 3368 3127 ac
3395 3081 3610 3142 tempus

1955 3152 1997 3216 Ἰ
2028 3167 2408 3232 constitutum,
2450 3165 2544 3223 sed
2588 3167 2987 3238 μνημονιύτιειον
3025 3181 3122 3220 seu
3159 3176 3611 3221 commemorato,

2029 3263 2189 3326 rium,
2238 3259 2382 3330 quod
2433 3259 2549 3314 solo
2599 3275 2693 3314 esu
2741 3273 2940 3328 panum
2986 3272 3298 3330 azymorum
3343 3265 3400 3312 et
3438 3256 3608 3314 iactu,

2028 3371 2215 3412 carum
2243 3355 2540 3425 agrestium
2563 3352 2846 3410 constabat
2869 3368 2887 3419 ;
2907 3351 3066 3423 quale
3087 3350 3249 3406 etiam
3275 3365 3418 3406 nunc
3436 3347 3610 3404 Judaei

2029 3461 2221 3522 agunt.

2099 3541 2176 3597 De
2207 3541 2376 3596 variis
2401 3540 2552 3597 hisce
2575 3539 2893 3596 Latinorum
2927 3538 3292 3595 recentiorum
3321 3534 3608 3593 sententiis

2025 3633 2291 3709 judicium
2344 3632 2488 3688 ferre
2525 3647 2632 3688 non
2681 3641 2768 3687 est
2815 3633 2975 3703 hujus
3012 3631 3137 3687 loci.
3189 3628 3260 3685 Ut
3302 3643 3419 3686 rem
3459 3625 3610 3683 brevi

2031 3724 2334 3794 expediam,
2360 3723 2467 3778 duo
2491 3723 2623 3777 mihi
2666 3723 2769 3778 hac
2818 3722 2876 3776 in
2907 3719 3278 3776 controversia
3310 3725 3459 3774 certa
3488 3731 3610 3772 esse

2034 3811 2307 3870 videntur.
2352 3813 2547 3877 Unum,
2595 3813 2892 3877 Christum,
2943 3828 3050 3867 non
3099 3809 3466 3871 dimidiatum,
3518 3806 3612 3860 sed

2036 3904 2307 3974 integrum
2343 3919 2408 3958 ac
2453 3903 2696 3959 solemne
2725 3903 2932 3958 Pascha
2958 3900 3282 3971 explevisse,
3321 3898 3436 3954 sive
3484 3898 3612 3951 illud

2036 3995 2452 4066 anticipaverit,
2509 3995 2626 4050 sive
2677 3992 3057 4049 transtulerint
3092 3989 3282 4045 Judaei.
3324 3978 3460 4044 Nam
3489 4003 3612 4044 cum

2033 4087 2282 4157 discipuli
2326 4086 2614 4141 Dominum
2643 4087 2711 4141 de
2739 4085 2980 4156 parando
3007 4081 3217 4138 Pascha
3247 4082 3614 4150 interrogave-

2036 4187 2182 4245 runt,
2225 4178 2381 4248 isque
2410 4193 2506 4233 eos
2546 4176 2696 4231 misit
2722 4177 2788 4231 ad
2823 4174 2953 4231 illud
2989 4173 3318 4246 parandum,
3356 4171 3488 4228 nihil
3517 4184 3612 4227 eo:

2037 4285 2156 4323 rum
2191 4268 2429 4340 excepit,
2481 4283 2601 4338 quae
2623 4267 2710 4321 lex
2726 4264 3130 4338 prasscribebat.
3161 4262 3362 4318 Deinde
3392 4262 3614 4322 mittens

2033 4379 2127 4419 cos
2153 4365 2219 4418 ad
2248 4363 2512 4434 hospitem
2541 4363 2593 4416 in
2622 4363 2776 4432 cujus
2797 4360 3096 4416 diversorio
3124 4371 3338 4414 cwnam
3369 4353 3612 4426 paraturi

2034 4463 2212 4518 erant,
2251 4454 2332 4509 eis
2363 4453 2599 4524 suggerit
2625 4453 2739 4507 haec
2764 4450 2924 4506 verba
2949 4447 3146 4517 hospiti
3171 4461 3238 4501 ex
3266 4461 3324 4500 se
3343 4442 3567 4498 dicenda
3595 4459 3609 4494 :

2042 4566 2060 4598 ι
2089 4546 2244 4616 Apud
2269 4553 2321 4600 te
2343 4544 2484 4600 facio
2506 4543 2715 4598 Pascha
2751 4556 2874 4597 cum
2913 4537 3188 4610 discipulis
3231 4536 3366 4590 meis
3396 4531 3614 4606 (Matt/1.

2038 4654 2187 4704 xxvi,
2222 4637 2332 4707 l8).
2371 4655 2388 4688 1
2417 4635 2570 4702 Quod
2607 4648 2737 4690 sane
2763 4647 2828 4686 eo
2859 4634 3019 4686 modo
3044 4627 3328 4689 intellexit,
3356 4639 3464 4694 quo
3498 4623 3619 4682 vul-~

2038 4745 2134 4800 gus
2156 4737 2212 4782 et
2235 4730 2432 4796 hospes
2481 4727 2615 4800 ipse.
2638 4722 3012 4778 intellecturus
3044 4727 3182 4773 erat.
3215 4716 3294 4770 Ad
3328 4716 3463 4776 haec,
3492 4727 3618 4773 cum

2039 4824 2152 4892 ipse
2183 4823 2236 4876 in
2261 4819 2601 4874 cmnaculum
2631 4815 2912 4880 subiisset,
2943 4811 3201 4869 omnibus
3235 4807 3303 4862 de
3344 4820 3496 4860 more
3521 4820 3623 4874 pit-1

2040 4915 2192 4974 ratis.
2227 4911 2364 4966 dixit
2391 4908 2662 4964 desiderio
2689 4904 3028 4960 desiderasse
3065 4917 3124 4956 se
3159 4919 3177 4950 ι
3212 4899 3314 4954 hoc
3343 4896 3551 4950 Pascha
3598 4917 3624 4956 ι

2041 5005 2373 5060 manducare
2403 5015 2531 5056 cum.
2567 4994 2847 5066 discipulis
2897 4994 3012 5052 suis
3057 5001 3344 5062 antequam
3393 4997 3632 5047 mortem

2041 5103 2341 5168 pateretur.
2382 5110 2401 5143 ς
2450 5088 2564 5144 Hoc
2602 5085 2837 5151 Pascha,
2875 5105 2894 5140 1
2950 5083 3128 5154 inquit
3182 5080 3342 5152 quale
3369 5075 3641 5138 sciliceta

2042 5185 2325 5258 discipulis
2365 5193 2619 5255 paratum
2670 5178 3128 5249 conspiciebatur,
3187 5190 3293 5231 non
3350 5181 3407 5226 ut
3465 5169 3525 5224 in
3573 5193 3644 5236 eo

2043 5283 2257 5312 ηξμΙΛ-ΔΙ
2313 5278 2408 5312 “ul
2456 5283 2514 5312 nt
2565 5274 2772 5312 “mhi-tn
2807 5269 3162 5312 anhelilunml
3212 5264 3528 5312 veritatem-
3564 5267 3644 5312 Li,
