  <div class='ocr_page' id='page_1' title='image "/cluster/home/n/w/nwhite01/storage/ocr_20150623/143/hvd.32044015471816/619.png"; bbox 0 0 4064 5394; ppageno 0'>
   <div class='ocr_carea' id='block_1_1' title="bbox 433 207 572 264">
    <p class='ocr_par' dir='ltr' id='par_1_1' title="bbox 433 207 572 264">
     <span class='ocr_line' id='line_1_1' title="bbox 433 207 572 264; baseline 0.014 -1"><span class='ocrx_word' id='word_1_1' title='bbox 433 207 572 264; x_wconf 71' lang='lat' dir='ltr'><strong><em>i235</em></strong></span> 
     </span>
    </p>
   </div>
   <div class='ocr_carea' id='block_1_2' title="bbox 1535 200 2687 302">
    <p class='ocr_par' dir='ltr' id='par_1_2' title="bbox 1535 200 2687 302">
     <span class='ocr_line' id='line_1_2' title="bbox 1535 200 2687 302; baseline -0.003 -30"><span class='ocrx_word' id='word_1_2' title='bbox 1535 200 2009 302; x_wconf 32' lang='lat' dir='ltr'><strong>iterationis!)</strong></span> <span class='ocrx_word' id='word_1_3' title='bbox 2047 214 2272 271; x_wconf 68' lang='lat' dir='ltr'><strong>orsus</strong></span> <span class='ocrx_word' id='word_1_4' title='bbox 2310 210 2687 268; x_wconf 63' lang='lat' dir='ltr'><strong>unseen“.</strong></span> 
     </span>
    </p>
   </div>
   <div class='ocr_carea' id='block_1_3' title="bbox 3555 226 3697 291">
    <p class='ocr_par' dir='ltr' id='par_1_3' title="bbox 3555 226 3697 291">
     <span class='ocr_line' id='line_1_3' title="bbox 3555 226 3697 291; baseline 0 0"><span class='ocrx_word' id='word_1_5' title='bbox 3555 226 3697 291; x_wconf 73' lang='lat'><strong>.236</strong></span> 
     </span>
    </p>
   </div>
   <div class='ocr_carea' id='block_1_4' title="bbox 501 319 3690 411">
    <p class='ocr_par' dir='ltr' id='par_1_4' title="bbox 501 319 3690 411">
     <span class='ocr_line' id='line_1_4' title="bbox 501 319 3690 411; baseline 0.008 -39"><span class='ocrx_word' id='word_1_6' title='bbox 501 319 749 373; x_wconf 77' lang='lat' dir='ltr'><strong>Alterura</strong></span> <span class='ocrx_word' id='word_1_7' title='bbox 777 330 879 385; x_wconf 86' lang='lat' dir='ltr'><strong>est,</strong></span> <span class='ocrx_word' id='word_1_8' title='bbox 902 323 1015 406; x_wconf 81' lang='lat' dir='ltr'><strong>sive</strong></span> <span class='ocrx_word' id='word_1_9' title='bbox 1044 323 1298 381; x_wconf 83' lang='lat' dir='ltr'><strong>Christus</strong></span> <span class='ocrx_word' id='word_1_10' title='bbox 1322 325 1528 382; x_wconf 82' lang='lat' dir='ltr'><strong>Pascha</strong></span> <span class='ocrx_word' id='word_1_11' title='bbox 1554 329 1725 400; x_wconf 83' lang='lat' dir='ltr'><strong>legale</strong></span> <span class='ocrx_word' id='word_1_12' title='bbox 1758 347 2012 387; x_wconf 86' lang='lat' dir='ltr'><strong>scrvave-</strong></span> <span class='ocrx_word' id='word_1_13' title='bbox 2042 337 2091 397; x_wconf 77' lang='grc' dir='ltr'><strong>Α</strong></span> <span class='ocrx_word' id='word_1_14' title='bbox 2192 331 2255 385; x_wconf 84' lang='grc' dir='ltr'>Ει</span> <span class='ocrx_word' id='word_1_15' title='bbox 2292 350 2422 390; x_wconf 88' lang='lat' dir='ltr'><strong>vero</strong></span> <span class='ocrx_word' id='word_1_16' title='bbox 2465 340 2747 411; x_wconf 88' lang='lat' dir='ltr'><strong>utriusque</strong></span> <span class='ocrx_word' id='word_1_17' title='bbox 2782 340 3037 398; x_wconf 69' lang='lat' dir='ltr'><strong>Ecclesiae</strong></span> <span class='ocrx_word' id='word_1_18' title='bbox 3074 342 3410 398; x_wconf 70' lang='lat' dir='ltr'><strong>consuetudo</strong></span> <span class='ocrx_word' id='word_1_19' title='bbox 3446 335 3517 398; x_wconf 75' lang='lat' dir='ltr'><strong>ab</strong></span> <span class='ocrx_word' id='word_1_20' title='bbox 3547 346 3690 398; x_wconf 69' lang='lat' dir='ltr'><strong>alte.</strong></span> 
     </span>
    </p>
   </div>
   <div class='ocr_carea' id='block_1_5' title="bbox 422 401 2013 491">
    <p class='ocr_par' dir='ltr' id='par_1_5' title="bbox 422 401 2013 491">
     <span class='ocr_line' id='line_1_5' title="bbox 422 401 2013 491; baseline 0.011 -29"><span class='ocrx_word' id='word_1_21' title='bbox 422 409 525 475; x_wconf 83' lang='lat' dir='ltr'><strong>rit,</strong></span> <span class='ocrx_word' id='word_1_22' title='bbox 573 408 691 464; x_wconf 82' lang='lat' dir='ltr'><strong>sive</strong></span> <span class='ocrx_word' id='word_1_23' title='bbox 743 409 874 467; x_wconf 88' lang='lat' dir='ltr'><strong>illud</strong></span> <span class='ocrx_word' id='word_1_24' title='bbox 901 401 1459 482; x_wconf 45' lang='lat' dir='ltr'><strong>praetermiseritﬁive</strong></span> <span class='ocrx_word' id='word_1_25' title='bbox 1494 422 1702 491; x_wconf 79' lang='lat' dir='ltr'><strong>azymis</strong></span> <span class='ocrx_word' id='word_1_26' title='bbox 1737 423 1791 477; x_wconf 92' lang='lat' dir='ltr'><strong>in</strong></span> <span class='ocrx_word' id='word_1_27' title='bbox 1827 422 2013 478; x_wconf 84' lang='lat' dir='ltr'><strong>ultima</strong></span> 
     </span>
    </p>
   </div>
   <div class='ocr_carea' id='block_1_6' title="bbox 421 502 2011 579">
    <p class='ocr_par' dir='ltr' id='par_1_6' title="bbox 421 502 2011 579">
     <span class='ocr_line' id='line_1_6' title="bbox 421 502 2011 579; baseline 0.008 -25"><span class='ocrx_word' id='word_1_28' title='bbox 421 514 510 555; x_wconf 70' lang='lat' dir='ltr'><strong>cce</strong></span> <span class='ocrx_word' id='word_1_29' title='bbox 525 515 592 554; x_wconf 88' lang='lat' dir='ltr'><strong>na</strong></span> <span class='ocrx_word' id='word_1_30' title='bbox 622 515 758 556; x_wconf 87' lang='lat' dir='ltr'><strong>usus</strong></span> <span class='ocrx_word' id='word_1_31' title='bbox 790 502 883 566; x_wconf 87' lang='lat' dir='ltr'><strong>sit,</strong></span> <span class='ocrx_word' id='word_1_32' title='bbox 919 504 1033 559; x_wconf 83' lang='lat' dir='ltr'><strong>sive</strong></span> <span class='ocrx_word' id='word_1_33' title='bbox 1059 505 1403 570; x_wconf 70' lang='lat' dir='ltr'><strong>abstinuerit,</strong></span> <span class='ocrx_word' id='word_1_34' title='bbox 1437 510 1690 579; x_wconf 88' lang='lat' dir='ltr'><strong>antiquos</strong></span> <span class='ocrx_word' id='word_1_35' title='bbox 1723 520 1928 576; x_wconf 89' lang='lat' dir='ltr'><strong>tamen,</strong></span> <span class='ocrx_word' id='word_1_36' title='bbox 1959 512 2011 567; x_wconf 89' lang='lat' dir='ltr'><strong>id</strong></span> 
     </span>
    </p>
   </div>
   <div class='ocr_carea' id='block_1_7' title="bbox 423 588 2013 676">
    <p class='ocr_par' dir='ltr' id='par_1_7' title="bbox 423 588 2013 676">
     <span class='ocr_line' id='line_1_7' title="bbox 423 588 2013 676; baseline 0.009 -30"><span class='ocrx_word' id='word_1_37' title='bbox 423 601 511 647; x_wconf 84' lang='lat' dir='ltr'><strong>est</strong></span> <span class='ocrx_word' id='word_1_38' title='bbox 562 591 770 663; x_wconf 86' lang='lat' dir='ltr'><strong>primos</strong></span> <span class='ocrx_word' id='word_1_39' title='bbox 798 595 1055 652; x_wconf 68' lang='lat' dir='ltr'><strong>Ecclesiae</strong></span> <span class='ocrx_word' id='word_1_40' title='bbox 1100 597 1316 664; x_wconf 84' lang='lat' dir='ltr'><strong>Patres,</strong></span> <span class='ocrx_word' id='word_1_41' title='bbox 1365 601 1417 654; x_wconf 90' lang='lat' dir='ltr'><strong>in</strong></span> <span class='ocrx_word' id='word_1_42' title='bbox 1456 616 1520 656; x_wconf 88' lang='lat' dir='ltr'><strong>ea</strong></span> <span class='ocrx_word' id='word_1_43' title='bbox 1571 602 1739 659; x_wconf 87' lang='lat' dir='ltr'><strong>fuisse</strong></span> <span class='ocrx_word' id='word_1_44' title='bbox 1782 588 2013 676; x_wconf 77' lang='lat' dir='ltr'><strong>persua-</strong></span> 
     </span>
    </p>
   </div>
   <div class='ocr_carea' id='block_1_8' title="bbox 422 679 2015 757">
    <p class='ocr_par' dir='ltr' id='par_1_8' title="bbox 422 679 2015 757">
     <span class='ocr_line' id='line_1_8' title="bbox 422 679 2015 757; baseline 0.01 -26"><span class='ocrx_word' id='word_1_45' title='bbox 422 679 591 735; x_wconf 83' lang='lat' dir='ltr'><strong>sione</strong></span> <span class='ocrx_word' id='word_1_46' title='bbox 616 681 894 736; x_wconf 86' lang='lat' dir='ltr'><strong>Christum</strong></span> <span class='ocrx_word' id='word_1_47' title='bbox 926 683 981 737; x_wconf 90' lang='lat' dir='ltr'><strong>in</strong></span> <span class='ocrx_word' id='word_1_48' title='bbox 1003 686 1438 757; x_wconf 67' lang='lat' dir='ltr'><strong>arymisPascha</strong></span> <span class='ocrx_word' id='word_1_49' title='bbox 1465 690 1594 744; x_wconf 79' lang='lat' dir='ltr'><strong>illud</strong></span> <span class='ocrx_word' id='word_1_50' title='bbox 1624 692 1927 749; x_wconf 83' lang='lat' dir='ltr'><strong>celebrasse</strong></span> <span class='ocrx_word' id='word_1_51' title='bbox 1959 684 2015 749; x_wconf 78' lang='lat' dir='ltr'><strong>et</strong></span> 
     </span>
    </p>
   </div>
   <div class='ocr_carea' id='block_1_9' title="bbox 427 765 2008 858">
    <p class='ocr_par' dir='ltr' id='par_1_9' title="bbox 427 765 2008 858">
     <span class='ocr_line' id='line_1_9' title="bbox 427 765 2008 858; baseline 0.013 -35"><span class='ocrx_word' id='word_1_52' title='bbox 427 768 506 823; x_wconf 82' lang='lat' dir='ltr'><strong>Eu</strong></span> <span class='ocrx_word' id='word_1_53' title='bbox 519 771 836 828; x_wconf 76' lang='lat' dir='ltr'><strong>charistiam</strong></span> <span class='ocrx_word' id='word_1_54' title='bbox 860 784 983 845; x_wconf 88' lang='lat' dir='ltr'><strong>post</strong></span> <span class='ocrx_word' id='word_1_55' title='bbox 1005 791 1156 832; x_wconf 88' lang='lat' dir='ltr'><strong>esum</strong></span> <span class='ocrx_word' id='word_1_56' title='bbox 1200 781 1322 848; x_wconf 82' lang='lat' dir='ltr'><strong>agni</strong></span> <span class='ocrx_word' id='word_1_57' title='bbox 1370 765 1687 840; x_wconf 74' lang='lat' dir='ltr'><strong>instituisse.</strong></span> <span class='ocrx_word' id='word_1_58' title='bbox 1723 785 1854 854; x_wconf 75' lang='lat' dir='ltr'><strong>Qua:</strong></span> <span class='ocrx_word' id='word_1_59' title='bbox 1884 772 2008 858; x_wconf 45' lang='lat' dir='ltr'><strong>per;</strong></span> 
     </span>
    </p>
   </div>
   <div class='ocr_carea' id='block_1_10' title="bbox 432 862 2016 943">
    <p class='ocr_par' dir='ltr' id='par_1_10' title="bbox 432 862 2016 943">
     <span class='ocr_line' id='line_1_10' title="bbox 432 862 2016 943; baseline 0.012 -26"><span class='ocrx_word' id='word_1_60' title='bbox 432 862 622 921; x_wconf 82' lang='lat' dir='ltr'><strong>suasio</strong></span> <span class='ocrx_word' id='word_1_61' title='bbox 647 864 709 921; x_wconf 89' lang='lat' dir='ltr'><strong>id</strong></span> <span class='ocrx_word' id='word_1_62' title='bbox 743 866 1189 939; x_wconf 83' lang='lat' dir='ltr'><strong>ohtinerepotuit</strong></span> <span class='ocrx_word' id='word_1_63' title='bbox 1213 888 1248 925; x_wconf 88' lang='lat' dir='ltr'><strong>a</strong></span> <span class='ocrx_word' id='word_1_64' title='bbox 1282 874 1474 943; x_wconf 76' lang='lat' dir='ltr'><strong>primis</strong></span> <span class='ocrx_word' id='word_1_65' title='bbox 1507 876 1760 932; x_wconf 69' lang='lat' dir='ltr'><strong>Ecclesize</strong></span> <span class='ocrx_word' id='word_1_66' title='bbox 1791 882 2016 937; x_wconf 86' lang='lat' dir='ltr'><strong>rectori-</strong></span> 
     </span>
    </p>
   </div>
   <div class='ocr_carea' id='block_1_11' title="bbox 432 953 2011 1039">
    <p class='ocr_par' dir='ltr' id='par_1_11' title="bbox 432 953 2011 1039">
     <span class='ocr_line' id='line_1_11' title="bbox 432 953 2011 1039; baseline 0.012 -31"><span class='ocrx_word' id='word_1_67' title='bbox 432 953 560 1021; x_wconf 91' lang='lat' dir='ltr'><strong>bus,</strong></span> <span class='ocrx_word' id='word_1_68' title='bbox 587 964 647 1011; x_wconf 94' lang='lat' dir='ltr'><strong>ut</strong></span> <span class='ocrx_word' id='word_1_69' title='bbox 668 960 1044 1014; x_wconf 86' lang='lat' dir='ltr'><strong>constituenda</strong></span> <span class='ocrx_word' id='word_1_70' title='bbox 1084 962 1473 1020; x_wconf 66' lang='lat' dir='ltr'><strong>ecclesiastica:</strong></span> <span class='ocrx_word' id='word_1_71' title='bbox 1511 968 1806 1039; x_wconf 85' lang='lat' dir='ltr'><strong>disciplinae</strong></span> <span class='ocrx_word' id='word_1_72' title='bbox 1837 970 2011 1027; x_wconf 89' lang='lat' dir='ltr'><strong>forma</strong></span> 
     </span>
    </p>
   </div>
   <div class='ocr_carea' id='block_1_12' title="bbox 435 1048 2010 1139">
    <p class='ocr_par' dir='ltr' id='par_1_12' title="bbox 435 1048 2010 1139">
     <span class='ocr_line' id='line_1_12' title="bbox 435 1048 2010 1139; baseline 0.012 -40"><span class='ocrx_word' id='word_1_73' title='bbox 435 1053 646 1100; x_wconf 79' lang='lat' dir='ltr'><strong>morem</strong></span> <span class='ocrx_word' id='word_1_74' title='bbox 676 1048 991 1106; x_wconf 80' lang='lat' dir='ltr'><strong>induxerint</strong></span> <span class='ocrx_word' id='word_1_75' title='bbox 1008 1053 1407 1111; x_wconf 80' lang='lat' dir='ltr'><strong>Eucharistiam</strong></span> <span class='ocrx_word' id='word_1_76' title='bbox 1439 1054 1758 1115; x_wconf 87' lang='lat' dir='ltr'><strong>conficiendi</strong></span> <span class='ocrx_word' id='word_1_77' title='bbox 1786 1061 1839 1116; x_wconf 91' lang='lat' dir='ltr'><strong>in</strong></span> <span class='ocrx_word' id='word_1_78' title='bbox 1869 1078 2010 1139; x_wconf 86' lang='lat' dir='ltr'><strong>pane</strong></span> 
     </span>
    </p>
   </div>
   <div class='ocr_carea' id='block_1_13' title="bbox 430 1133 2014 1213">
    <p class='ocr_par' dir='ltr' id='par_1_13' title="bbox 430 1133 2014 1213">
     <span class='ocr_line' id='line_1_13' title="bbox 430 1133 2014 1213; baseline 0.013 -24"><span class='ocrx_word' id='word_1_79' title='bbox 430 1133 691 1193; x_wconf 80' lang='lat' dir='ltr'><strong>fermenti</strong></span> <span class='ocrx_word' id='word_1_80' title='bbox 727 1150 969 1209; x_wconf 81' lang='lat' dir='ltr'><strong>experte,</strong></span> <span class='ocrx_word' id='word_1_81' title='bbox 1002 1144 1428 1213; x_wconf 76' lang='lat' dir='ltr'><strong>quod&#39;abfuisse</strong></span> <span class='ocrx_word' id='word_1_82' title='bbox 1476 1163 1507 1203; x_wconf 87' lang='lat' dir='ltr'><strong>a</strong></span> <span class='ocrx_word' id='word_1_83' title='bbox 1548 1147 1831 1206; x_wconf 83' lang='lat' dir='ltr'><strong>Dominica</strong></span> <span class='ocrx_word' id='word_1_84' title='bbox 1856 1134 2014 1210; x_wconf 77' lang='lat' dir='ltr'><strong>ctena</strong></span> 
     </span>
    </p>
   </div>
   <div class='ocr_carea' id='block_1_14' title="bbox 432 1233 1075 1299">
    <p class='ocr_par' dir='ltr' id='par_1_14' title="bbox 432 1233 1075 1299">
     <span class='ocr_line' id='line_1_14' title="bbox 432 1233 1075 1299; baseline 0.012 -16"><span class='ocrx_word' id='word_1_85' title='bbox 432 1243 754 1299; x_wconf 81' lang='lat' dir='ltr'><strong>persuasum</strong></span> <span class='ocrx_word' id='word_1_86' title='bbox 786 1233 1075 1291; x_wconf 79' lang='lat' dir='ltr'><strong>habebant.</strong></span> 
     </span>
    </p>
   </div>
   <div class='ocr_carea' id='block_1_15' title="bbox 906 1352 1521 1461">
    <p class='ocr_par' dir='ltr' id='par_1_15' title="bbox 906 1352 1521 1461">
     <span class='ocr_line' id='line_1_15' title="bbox 906 1352 1521 1461; baseline 0.01 -34"><span class='ocrx_word' id='word_1_87' title='bbox 906 1362 913 1367; x_wconf 86' lang='lat'>&#39;</span> <span class='ocrx_word' id='word_1_88' title='bbox 988 1352 1444 1461; x_wconf 11' lang='lat' dir='ltr'><strong>Ccip‘tjru.”</strong></span> <span class='ocrx_word' id='word_1_89' title='bbox 1514 1440 1521 1445; x_wconf 87' lang='lat'>_</span> 
     </span>
    </p>
   </div>
   <div class='ocr_carea' id='block_1_16' title="bbox 430 1497 2019 1593">
    <p class='ocr_par' dir='ltr' id='par_1_16' title="bbox 430 1497 2019 1593">
     <span class='ocr_line' id='line_1_16' title="bbox 430 1497 2019 1593; baseline 0.01 -39"><span class='ocrx_word' id='word_1_90' title='bbox 430 1497 695 1573; x_wconf 65' lang='lat' dir='ltr'><strong>Exemplo</strong></span> <span class='ocrx_word' id='word_1_91' title='bbox 718 1500 916 1561; x_wconf 78' lang='lat' dir='ltr'><strong>Chrtsti</strong></span> <span class='ocrx_word' id='word_1_92' title='bbox 935 1523 1049 1561; x_wconf 73' lang='lat' dir='ltr'><strong>non</strong></span> <span class='ocrx_word' id='word_1_93' title='bbox 1065 1507 1263 1590; x_wconf 67' lang='lat' dir='ltr'><strong>imponi</strong></span> <span class='ocrx_word' id='word_1_94' title='bbox 1288 1512 1649 1593; x_wconf 63' lang='lat' dir='ltr'><strong>necessitatem</strong></span> <span class='ocrx_word' id='word_1_95' title='bbox 1674 1516 2019 1570; x_wconf 79' lang='lat' dir='ltr'><strong>consecrandi</strong></span> 
     </span>
    </p>
   </div>
   <div class='ocr_carea' id='block_1_17' title="bbox 686 1595 2008 1651">
    <p class='ocr_par' dir='ltr' id='par_1_17' title="bbox 686 1595 2008 1651">
     <span class='ocr_line' id='line_1_17' title="bbox 686 1595 2008 1651; baseline 0.004 -19"><span class='ocrx_word' id='word_1_96' title='bbox 686 1618 689 1619; x_wconf 48' lang='grc' dir='ltr'><em>ν</em></span> <span class='ocrx_word' id='word_1_97' title='bbox 806 1624 813 1639; x_wconf 82' lang='lat'><strong>,</strong></span> <span class='ocrx_word' id='word_1_98' title='bbox 896 1636 903 1643; x_wconf 67' lang='grc'><em>,</em></span> <span class='ocrx_word' id='word_1_99' title='bbox 1062 1595 1123 1649; x_wconf 73' lang='lat' dir='ltr'><strong>tu</strong></span> <span class='ocrx_word' id='word_1_100' title='bbox 1157 1596 1383 1651; x_wconf 76' lang='lat' dir='ltr'><strong>azymts.</strong></span> <span class='ocrx_word' id='word_1_101' title='bbox 1806 1616 1812 1621; x_wconf 90' lang='lat'><strong><em>-</em></strong></span> <span class='ocrx_word' id='word_1_102' title='bbox 2002 1603 2008 1613; x_wconf 64' lang='grc' dir='ltr'><strong><em>ι</em></strong></span> 
     </span>
    </p>
   </div>
   <div class='ocr_carea' id='block_1_18' title="bbox 2115 427 3692 509">
    <p class='ocr_par' dir='ltr' id='par_1_18' title="bbox 2115 427 3692 509">
     <span class='ocr_line' id='line_1_18' title="bbox 2115 427 3692 509; baseline 0.006 -29"><span class='ocrx_word' id='word_1_103' title='bbox 2115 427 2228 480; x_wconf 86' lang='lat' dir='ltr'><strong>rius</strong></span> <span class='ocrx_word' id='word_1_104' title='bbox 2257 429 2536 509; x_wconf 86' lang='lat' dir='ltr'><strong>societatis</strong></span> <span class='ocrx_word' id='word_1_105' title='bbox 2576 430 2890 489; x_wconf 86' lang='lat' dir='ltr'><strong>hominibus</strong></span> <span class='ocrx_word' id='word_1_106' title='bbox 2930 433 3284 502; x_wconf 76' lang='lat' dir='ltr'><strong>prudentibus</strong></span> <span class='ocrx_word' id='word_1_107' title='bbox 3309 448 3530 505; x_wconf 85' lang='lat' dir='ltr'><strong>semper</strong></span> <span class='ocrx_word' id='word_1_108' title='bbox 3558 450 3692 506; x_wconf 84' lang='lat' dir='ltr'><strong>pro-</strong></span> 
     </span>
    </p>
   </div>
   <div class='ocr_carea' id='block_1_19' title="bbox 2106 512 3697 605">
    <p class='ocr_par' dir='ltr' id='par_1_19' title="bbox 2106 512 3697 605">
     <span class='ocr_line' id='line_1_19' title="bbox 2106 512 3697 605; baseline 0.008 -32"><span class='ocrx_word' id='word_1_109' title='bbox 2106 512 2242 575; x_wconf 84' lang='lat' dir='ltr'><strong>bata</strong></span> <span class='ocrx_word' id='word_1_110' title='bbox 2284 524 2596 598; x_wconf 27' lang='lat' dir='ltr'><strong>est,.etiam</strong></span> <span class='ocrx_word' id='word_1_111' title='bbox 2624 533 2747 595; x_wconf 88' lang='lat' dir='ltr'><strong>post</strong></span> <span class='ocrx_word' id='word_1_112' title='bbox 2786 524 3079 605; x_wconf 83' lang='lat' dir='ltr'><strong>conflatum</strong></span> <span class='ocrx_word' id='word_1_113' title='bbox 3126 527 3362 582; x_wconf 85' lang='lat' dir='ltr'><strong>schisma</strong></span> <span class='ocrx_word' id='word_1_114' title='bbox 3409 527 3697 585; x_wconf 78' lang='lat' dir='ltr'><strong>Michaelis</strong></span> 
     </span>
    </p>
   </div>
   <div class='ocr_carea' id='block_1_20' title="bbox 2113 614 3692 689">
    <p class='ocr_par' dir='ltr' id='par_1_20' title="bbox 2113 614 3692 689">
     <span class='ocr_line' id='line_1_20' title="bbox 2113 614 3692 689; baseline 0.005 -21"><span class='ocrx_word' id='word_1_115' title='bbox 2113 614 2400 682; x_wconf 83' lang='lat' dir='ltr'><strong>Cerularii,</strong></span> <span class='ocrx_word' id='word_1_116' title='bbox 2444 620 2535 688; x_wconf 91' lang='lat' dir='ltr'><strong>qui</strong></span> <span class='ocrx_word' id='word_1_117' title='bbox 2565 634 2630 674; x_wconf 90' lang='lat' dir='ltr'><strong>ea</strong></span> <span class='ocrx_word' id='word_1_118' title='bbox 2673 619 2740 675; x_wconf 91' lang='lat' dir='ltr'><strong>de</strong></span> <span class='ocrx_word' id='word_1_119' title='bbox 2787 636 2847 676; x_wconf 89' lang='lat' dir='ltr'><strong>re</strong></span> <span class='ocrx_word' id='word_1_120' title='bbox 2886 621 3093 689; x_wconf 84' lang='lat' dir='ltr'><strong>primus</strong></span> <span class='ocrx_word' id='word_1_121' title='bbox 3134 619 3361 677; x_wconf 85' lang='lat' dir='ltr'><strong>Latinos</strong></span> <span class='ocrx_word' id='word_1_122' title='bbox 3382 622 3435 677; x_wconf 94' lang='lat' dir='ltr'><strong>in</strong></span> <span class='ocrx_word' id='word_1_123' title='bbox 3463 638 3692 678; x_wconf 86' lang='lat' dir='ltr'><strong>causam</strong></span> 
     </span>
    </p>
   </div>
   <div class='ocr_carea' id='block_1_21' title="bbox 2116 700 3695 783">
    <p class='ocr_par' dir='ltr' id='par_1_21' title="bbox 2116 700 3695 783">
     <span class='ocr_line' id='line_1_21' title="bbox 2116 700 3695 783; baseline 0.004 -25"><span class='ocrx_word' id='word_1_124' title='bbox 2116 706 2300 760; x_wconf 80' lang='lat' dir='ltr'><strong>traxit.</strong></span> <span class='ocrx_word' id='word_1_125' title='bbox 2346 702 2689 763; x_wconf 80' lang='lat' dir='ltr'><strong>llumbertus</strong></span> <span class='ocrx_word' id='word_1_126' title='bbox 2714 709 3029 774; x_wconf 82' lang='lat' dir='ltr'><strong>cardinalis,</strong></span> <span class='ocrx_word' id='word_1_127' title='bbox 3075 711 3181 765; x_wconf 86' lang='lat' dir='ltr'><strong>etsi</strong></span> <span class='ocrx_word' id='word_1_128' title='bbox 3219 726 3317 782; x_wconf 89' lang='lat' dir='ltr'><strong>pro</strong></span> <span class='ocrx_word' id='word_1_129' title='bbox 3358 700 3577 783; x_wconf 80' lang='lat' dir='ltr'><strong>ingenii</strong></span> <span class='ocrx_word' id='word_1_130' title='bbox 3608 710 3695 765; x_wconf 79' lang='lat' dir='ltr'><strong>sui</strong></span> 
     </span>
    </p>
   </div>
   <div class='ocr_carea' id='block_1_22' title="bbox 2114 795 3696 872">
    <p class='ocr_par' dir='ltr' id='par_1_22' title="bbox 2114 795 3696 872">
     <span class='ocr_line' id='line_1_22' title="bbox 2114 795 3696 872; baseline 0.002 -23"><span class='ocrx_word' id='word_1_131' title='bbox 2114 795 2327 852; x_wconf 76' lang='lat' dir='ltr'><strong>fervore</strong></span> <span class='ocrx_word' id='word_1_132' title='bbox 2353 798 2539 853; x_wconf 87' lang='lat' dir='ltr'><strong>durius</strong></span> <span class='ocrx_word' id='word_1_133' title='bbox 2561 799 2765 855; x_wconf 58' lang='lat' dir='ltr'><strong>Grecis</strong></span> <span class='ocrx_word' id='word_1_134' title='bbox 2791 801 3116 872; x_wconf 87' lang='lat' dir='ltr'><strong>respondere</strong></span> <span class='ocrx_word' id='word_1_135' title='bbox 3146 800 3336 855; x_wconf 85' lang='lat' dir='ltr'><strong>solitus</strong></span> <span class='ocrx_word' id='word_1_136' title='bbox 3359 801 3449 864; x_wconf 89' lang='lat' dir='ltr'><strong>sit,</strong></span> <span class='ocrx_word' id='word_1_137' title='bbox 3482 801 3696 855; x_wconf 81' lang='lat' dir='ltr'><strong>salvam</strong></span> 
     </span>
    </p>
   </div>
   <div class='ocr_carea' id='block_1_23' title="bbox 2116 879 3699 961">
    <p class='ocr_par' dir='ltr' id='par_1_23' title="bbox 2116 879 3699 961">
     <span class='ocr_line' id='line_1_23' title="bbox 2116 879 3699 961; baseline 0.003 -21"><span class='ocrx_word' id='word_1_138' title='bbox 2116 879 2298 941; x_wconf 86' lang='lat' dir='ltr'><strong>tamen</strong></span> <span class='ocrx_word' id='word_1_139' title='bbox 2322 890 2946 961; x_wconf 78' lang='lat' dir='ltr'><strong>reverentiamcorporis</strong></span> <span class='ocrx_word' id='word_1_140' title='bbox 2965 891 3223 945; x_wconf 88' lang='lat' dir='ltr'><strong>Dominici</strong></span> <span class='ocrx_word' id='word_1_141' title='bbox 3243 910 3261 941; x_wconf 83' lang='grc'><strong><em>‹</em></strong></span> <span class='ocrx_word' id='word_1_142' title='bbox 3286 891 3339 945; x_wconf 92' lang='lat' dir='ltr'><strong>in</strong></span> <span class='ocrx_word' id='word_1_143' title='bbox 3364 889 3699 945; x_wconf 80' lang='lat' dir='ltr'><strong>fermentata</strong></span> 
     </span>
    </p>
   </div>
   <div class='ocr_carea' id='block_1_24' title="bbox 2117 967 3715 1054">
    <p class='ocr_par' dir='ltr' id='par_1_24' title="bbox 2117 967 3715 1054">
     <span class='ocr_line' id='line_1_24' title="bbox 2117 967 3715 1054; baseline 0.003 -22"><span class='ocrx_word' id='word_1_144' title='bbox 2117 988 2173 1032; x_wconf 93' lang='lat' dir='ltr'><strong>et</strong></span> <span class='ocrx_word' id='word_1_145' title='bbox 2206 967 2258 1033; x_wconf 88' lang='lat' dir='ltr'><strong>in</strong></span> <span class='ocrx_word' id='word_1_146' title='bbox 2296 996 2489 1052; x_wconf 73' lang='lat' dir='ltr'><strong>azyma</strong></span> <span class='ocrx_word' id='word_1_147' title='bbox 2522 1000 2541 1034; x_wconf 68' lang='grc' dir='ltr'><strong>ι</strong></span> <span class='ocrx_word' id='word_1_148' title='bbox 2587 984 2786 1039; x_wconf 82' lang='lat' dir='ltr'><strong>fatetur</strong></span> <span class='ocrx_word' id='word_1_149' title='bbox 2820 984 2874 1038; x_wconf 91' lang='lat' dir='ltr'><strong>in</strong></span> <span class='ocrx_word' id='word_1_150' title='bbox 2909 983 3259 1054; x_wconf 88' lang='lat' dir='ltr'><strong>responsione</strong></span> <span class='ocrx_word' id='word_1_151' title='bbox 3281 982 3348 1038; x_wconf 87' lang='lat' dir='ltr'><strong>ad</strong></span> <span class='ocrx_word' id='word_1_152' title='bbox 3374 972 3715 1039; x_wconf 48' lang='lat' dir='ltr'><strong>Michaelem&#39;</strong></span> 
     </span>
    </p>
   </div>
   <div class='ocr_carea' id='block_1_25' title="bbox 2116 1070 3702 1149">
    <p class='ocr_par' dir='ltr' id='par_1_25' title="bbox 2116 1070 3702 1149">
     <span class='ocr_line' id='line_1_25' title="bbox 2116 1070 3702 1149; baseline 0.003 -24"><span class='ocrx_word' id='word_1_153' title='bbox 2116 1070 2477 1126; x_wconf 83' lang='lat' dir='ltr'><strong>Cerularium.</strong></span> <span class='ocrx_word' id='word_1_154' title='bbox 2519 1071 2658 1128; x_wconf 83' lang='lat' dir='ltr'><strong>Hinc</strong></span> <span class='ocrx_word' id='word_1_155' title='bbox 2701 1073 2997 1144; x_wconf 84' lang='lat' dir='ltr'><strong>Gregorius</strong></span> <span class='ocrx_word' id='word_1_156' title='bbox 3025 1088 3161 1145; x_wconf 90' lang='lat' dir='ltr'><strong>papa</strong></span> <span class='ocrx_word' id='word_1_157' title='bbox 3182 1071 3307 1149; x_wconf 65' lang='grc' dir='ltr'><strong>ΥΠ,</strong></span> <span class='ocrx_word' id='word_1_158' title='bbox 3361 1072 3414 1128; x_wconf 90' lang='lat' dir='ltr'><strong>in</strong></span> <span class='ocrx_word' id='word_1_159' title='bbox 3457 1072 3554 1141; x_wconf 87' lang='lat' dir='ltr'><strong>lib.</strong></span> <span class='ocrx_word' id='word_1_160' title='bbox 3595 1074 3702 1129; x_wconf 75' lang='lat' dir='ltr'><strong>vu&#39;u</strong></span> 
     </span>
    </p>
   </div>
   <div class='ocr_carea' id='block_1_26' title="bbox 2117 1148 3701 1243">
    <p class='ocr_par' dir='ltr' id='par_1_26' title="bbox 2117 1148 3701 1243">
     <span class='ocr_line' id='line_1_26' title="bbox 2117 1148 3701 1243; baseline 0.001 -30"><span class='ocrx_word' id='word_1_161' title='bbox 2117 1159 2342 1230; x_wconf 89' lang='lat' dir='ltr'><strong>epistola</strong></span> <span class='ocrx_word' id='word_1_162' title='bbox 2390 1162 2441 1216; x_wconf 73' lang='lat' dir='ltr'><strong>i.</strong></span> <span class='ocrx_word' id='word_1_163' title='bbox 2496 1180 2517 1214; x_wconf 72' lang='grc' dir='ltr'>ι</span> <span class='ocrx_word' id='word_1_164' title='bbox 2570 1160 2681 1218; x_wconf 73' lang='lat' dir='ltr'><strong>Nos</strong></span> <span class='ocrx_word' id='word_1_165' title='bbox 2714 1148 2868 1227; x_wconf 82' lang='lat' dir='ltr'><strong>vero,</strong></span> <span class='ocrx_word' id='word_1_166' title='bbox 2899 1163 3093 1232; x_wconf 88' lang='lat' dir='ltr'><strong>inquit,</strong></span> <span class='ocrx_word' id='word_1_167' title='bbox 3143 1176 3391 1233; x_wconf 80' lang='lat' dir='ltr'><strong>azymum</strong></span> <span class='ocrx_word' id='word_1_168' title='bbox 3447 1172 3701 1243; x_wconf 84' lang='lat' dir='ltr'><strong>nostrum</strong></span> 
     </span>
    </p>
   </div>
   <div class='ocr_carea' id='block_1_27' title="bbox 2122 1250 3718 1337">
    <p class='ocr_par' dir='ltr' id='par_1_27' title="bbox 2122 1250 3718 1337">
     <span class='ocr_line' id='line_1_27' title="bbox 2122 1250 3718 1337; baseline 0.001 -31"><span class='ocrx_word' id='word_1_169' title='bbox 2122 1250 2549 1324; x_wconf 66' lang='lat' dir='ltr'><strong>inexpugnabili</strong></span> <span class='ocrx_word' id='word_1_170' title='bbox 2578 1255 2877 1311; x_wconf 87' lang='lat' dir='ltr'><strong>secundum</strong></span> <span class='ocrx_word' id='word_1_171' title='bbox 2922 1256 3209 1312; x_wconf 85' lang='lat' dir='ltr'><strong>Dominum</strong></span> <span class='ocrx_word' id='word_1_172' title='bbox 3253 1257 3467 1313; x_wconf 88' lang='lat' dir='ltr'><strong>ratione</strong></span> <span class='ocrx_word' id='word_1_173' title='bbox 3505 1253 3718 1337; x_wconf 37' lang='lat' dir='ltr'><strong>deferto!</strong></span> 
     </span>
    </p>
   </div>
   <div class='ocr_carea' id='block_1_28' title="bbox 2119 1343 3697 1420">
    <p class='ocr_par' dir='ltr' id='par_1_28' title="bbox 2119 1343 3697 1420">
     <span class='ocr_line' id='line_1_28' title="bbox 2119 1343 3697 1420; baseline -0.001 -21"><span class='ocrx_word' id='word_1_174' title='bbox 2119 1344 2339 1406; x_wconf 71' lang='lat' dir='ltr'><strong>dentes,</strong></span> <span class='ocrx_word' id='word_1_175' title='bbox 2400 1343 2643 1416; x_wconf 87' lang='lat' dir='ltr'><strong>ipsorum</strong></span> <span class='ocrx_word' id='word_1_176' title='bbox 2702 1347 3086 1404; x_wconf 87' lang='lat' dir='ltr'><strong>fermentatum</strong></span> <span class='ocrx_word' id='word_1_177' title='bbox 3122 1363 3222 1405; x_wconf 89' lang='lat' dir='ltr'><strong>nec</strong></span> <span class='ocrx_word' id='word_1_178' title='bbox 3256 1348 3631 1420; x_wconf 84' lang='lat' dir='ltr'><strong>reprobamus.</strong></span> <span class='ocrx_word' id='word_1_179' title='bbox 3672 1364 3697 1397; x_wconf 69' lang='grc' dir='ltr'><strong><em>ι</em></strong></span> 
     </span>
    </p>
   </div>
   <div class='ocr_carea' id='block_1_29' title="bbox 2117 1434 3707 1513">
    <p class='ocr_par' dir='ltr' id='par_1_29' title="bbox 2117 1434 3707 1513">
     <span class='ocr_line' id='line_1_29' title="bbox 2117 1434 3707 1513; baseline 0.001 -22"><span class='ocrx_word' id='word_1_180' title='bbox 2117 1435 2408 1496; x_wconf 82' lang='lat' dir='ltr'><strong>Anselmus</strong></span> <span class='ocrx_word' id='word_1_181' title='bbox 2477 1434 3242 1513; x_wconf 49' lang='lat' dir='ltr'><strong>Cantuariensis&#39;episcopus</strong></span> <span class='ocrx_word' id='word_1_182' title='bbox 3297 1438 3331 1496; x_wconf 76' lang='lat' dir='ltr'><strong>a&#39;</strong></span> <span class='ocrx_word' id='word_1_183' title='bbox 3381 1439 3707 1495; x_wconf 83' lang='lat' dir='ltr'><strong>Waleramo</strong></span> 
     </span>
    </p>
   </div>
   <div class='ocr_carea' id='block_1_30' title="bbox 2121 1525 3708 1607">
    <p class='ocr_par' dir='ltr' id='par_1_30' title="bbox 2121 1525 3708 1607">
     <span class='ocr_line' id='line_1_30' title="bbox 2121 1525 3708 1607; baseline 0.003 -26"><span class='ocrx_word' id='word_1_184' title='bbox 2121 1525 2548 1602; x_wconf 81' lang='lat' dir='ltr'><strong>Noembergensi</strong></span> <span class='ocrx_word' id='word_1_185' title='bbox 2592 1532 2837 1588; x_wconf 88' lang='lat' dir='ltr'><strong>antistite</strong></span> <span class='ocrx_word' id='word_1_186' title='bbox 2881 1533 3254 1606; x_wconf 78' lang='lat' dir='ltr'><strong>interrogatus</strong></span> <span class='ocrx_word' id='word_1_187' title='bbox 3287 1534 3416 1607; x_wconf 85' lang='lat' dir='ltr'><strong>quid</strong></span> <span class='ocrx_word' id='word_1_188' title='bbox 3451 1533 3517 1589; x_wconf 90' lang='lat' dir='ltr'><strong>de</strong></span> <span class='ocrx_word' id='word_1_189' title='bbox 3551 1532 3708 1588; x_wconf 65' lang='lat' dir='ltr'><strong>Crte-</strong></span> 
     </span>
    </p>
   </div>
   <div class='ocr_carea' id='block_1_31' title="bbox 2121 1619 3708 1695">
    <p class='ocr_par' dir='ltr' id='par_1_31' title="bbox 2121 1619 3708 1695">
     <span class='ocr_line' id='line_1_31' title="bbox 2121 1619 3708 1695; baseline 0 -19"><span class='ocrx_word' id='word_1_190' title='bbox 2121 1635 2310 1676; x_wconf 89' lang='lat' dir='ltr'><strong>corum</strong></span> <span class='ocrx_word' id='word_1_191' title='bbox 2340 1619 2611 1676; x_wconf 86' lang='lat' dir='ltr'><strong>fermento</strong></span> <span class='ocrx_word' id='word_1_192' title='bbox 2640 1623 2887 1690; x_wconf 81' lang='lat' dir='ltr'><strong>sentiret,</strong></span> <span class='ocrx_word' id='word_1_193' title='bbox 2916 1623 2989 1679; x_wconf 87' lang='lat' dir='ltr'><strong>ita</strong></span> <span class='ocrx_word' id='word_1_194' title='bbox 3015 1624 3292 1695; x_wconf 85' lang='lat' dir='ltr'><strong>respondit</strong></span> <span class='ocrx_word' id='word_1_195' title='bbox 3324 1643 3337 1678; x_wconf 90' lang='lat'><strong>:</strong></span> <span class='ocrx_word' id='word_1_196' title='bbox 3368 1644 3387 1675; x_wconf 83' lang='grc'><em>‹</em></span> <span class='ocrx_word' id='word_1_197' title='bbox 3422 1623 3495 1677; x_wconf 89' lang='lat' dir='ltr'><strong>De</strong></span> <span class='ocrx_word' id='word_1_198' title='bbox 3523 1623 3708 1677; x_wconf 89' lang='lat' dir='ltr'><strong>sacri-</strong></span> 
     </span>
    </p>
   </div>
   <div class='ocr_carea' id='block_1_32' title="bbox 428 1678 2027 1783">
    <p class='ocr_par' dir='ltr' id='par_1_32' title="bbox 428 1678 2016 1756">
     <span class='ocr_line' id='line_1_32' title="bbox 428 1678 2016 1756; baseline 0.009 -15"><span class='ocrx_word' id='word_1_199' title='bbox 505 1690 629 1753; x_wconf 48' lang='lat' dir='ltr'><strong>Etsi.</strong></span> <span class='ocrx_word' id='word_1_200' title='bbox 645 1691 856 1749; x_wconf 80' lang='lat' dir='ltr'><strong>Christi</strong></span> <span class='ocrx_word' id='word_1_201' title='bbox 876 1692 1275 1751; x_wconf 86' lang='lat' dir='ltr'><strong>Eucharistiam</strong></span> <span class='ocrx_word' id='word_1_202' title='bbox 1307 1697 1645 1755; x_wconf 84' lang='lat' dir='ltr'><strong>instituentis</strong></span> <span class='ocrx_word' id='word_1_203' title='bbox 1667 1714 1792 1755; x_wconf 89' lang='lat' dir='ltr'><strong>cum</strong></span> <span class='ocrx_word' id='word_1_204' title='bbox 1824 1678 2016 1756; x_wconf 76' lang='lat' dir='ltr'><strong>volun-</strong></span> 
     </span>
    </p>
   </div>
   <div class='ocr_carea' id='block_1_33' title="bbox 2129 1678 3711 1783">
    <p class='ocr_par' dir='ltr' id='par_1_33' title="bbox 2129 1710 3711 1783">
     <span class='ocr_line' id='line_1_33' title="bbox 2129 1710 3711 1783; baseline 0 -15"><span class='ocrx_word' id='word_1_205' title='bbox 2129 1712 2268 1778; x_wconf 87' lang='lat' dir='ltr'><strong>licio,</strong></span> <span class='ocrx_word' id='word_1_206' title='bbox 2306 1712 2360 1767; x_wconf 90' lang='lat' dir='ltr'><strong>in</strong></span> <span class='ocrx_word' id='word_1_207' title='bbox 2397 1727 2507 1783; x_wconf 86' lang='lat' dir='ltr'><strong>quo</strong></span> <span class='ocrx_word' id='word_1_208' title='bbox 2543 1712 2722 1769; x_wconf 65' lang='lat' dir='ltr'><strong>Graeci</strong></span> <span class='ocrx_word' id='word_1_209' title='bbox 2758 1710 3039 1771; x_wconf 86' lang='lat' dir='ltr'><strong>nobiscum</strong></span> <span class='ocrx_word' id='word_1_210' title='bbox 3087 1730 3195 1771; x_wconf 92' lang='lat' dir='ltr'><strong>non</strong></span> <span class='ocrx_word' id='word_1_211' title='bbox 3224 1715 3485 1778; x_wconf 89' lang='lat' dir='ltr'><strong>sentiunt,</strong></span> <span class='ocrx_word' id='word_1_212' title='bbox 3515 1711 3711 1768; x_wconf 88' lang='lat' dir='ltr'><strong>multis</strong></span> 
     </span>
    </p>
   </div>
   <div class='ocr_carea' id='block_1_34' title="bbox 436 1786 2018 1862">
    <p class='ocr_par' dir='ltr' id='par_1_34' title="bbox 436 1786 2018 1862">
     <span class='ocr_line' id='line_1_34' title="bbox 436 1786 2018 1862; baseline 0.007 -24"><span class='ocrx_word' id='word_1_213' title='bbox 436 1791 542 1848; x_wconf 82' lang='lat' dir='ltr'><strong>tas,</strong></span> <span class='ocrx_word' id='word_1_214' title='bbox 571 1794 684 1840; x_wconf 90' lang='lat' dir='ltr'><strong>tum</strong></span> <span class='ocrx_word' id='word_1_215' title='bbox 718 1786 1023 1857; x_wconf 87' lang='lat' dir='ltr'><strong>exemplum</strong></span> <span class='ocrx_word' id='word_1_216' title='bbox 1070 1803 1171 1860; x_wconf 92' lang='lat' dir='ltr'><strong>pro</strong></span> <span class='ocrx_word' id='word_1_217' title='bbox 1217 1788 1506 1862; x_wconf 13' lang='lat' dir='ltr'><strong>legegsint,</strong></span> <span class='ocrx_word' id='word_1_218' title='bbox 1553 1793 1811 1849; x_wconf 88' lang='lat' dir='ltr'><strong>nonnulla</strong></span> <span class='ocrx_word' id='word_1_219' title='bbox 1839 1801 2018 1849; x_wconf 86' lang='lat' dir='ltr'><strong>tamen</strong></span> 
     </span>
    </p>
   </div>
   <div class='ocr_carea' id='block_1_35' title="bbox 435 1872 2020 1958">
    <p class='ocr_par' dir='ltr' id='par_1_35' title="bbox 435 1872 2020 1958">
     <span class='ocr_line' id='line_1_35' title="bbox 435 1872 2020 1958; baseline 0.008 -28"><span class='ocrx_word' id='word_1_220' title='bbox 435 1874 567 1931; x_wconf 68' lang='lat' dir='ltr'><strong>hinc</strong></span> <span class='ocrx_word' id='word_1_221' title='bbox 604 1872 787 1948; x_wconf 77' lang='lat' dir='ltr'><strong>excipi</strong></span> <span class='ocrx_word' id='word_1_222' title='bbox 833 1892 1057 1936; x_wconf 85' lang='lat' dir='ltr'><strong>necesse</strong></span> <span class='ocrx_word' id='word_1_223' title='bbox 1092 1890 1179 1937; x_wconf 91' lang='lat' dir='ltr'><strong>est</strong></span> <span class='ocrx_word' id='word_1_224' title='bbox 1208 1898 1329 1952; x_wconf 68' lang='lat' dir='ltr'><strong>qua:</strong></span> <span class='ocrx_word' id='word_1_225' title='bbox 1360 1883 1443 1939; x_wconf 82' lang='lat' dir='ltr'><strong>vel</strong></span> <span class='ocrx_word' id='word_1_226' title='bbox 1479 1900 1577 1955; x_wconf 89' lang='lat' dir='ltr'><strong>pro</strong></span> <span class='ocrx_word' id='word_1_227' title='bbox 1627 1887 1904 1958; x_wconf 91' lang='lat' dir='ltr'><strong>temporis,</strong></span> <span class='ocrx_word' id='word_1_228' title='bbox 1933 1888 2020 1942; x_wconf 90' lang='lat' dir='ltr'><strong>vel</strong></span> 
     </span>
    </p>
   </div>
   <div class='ocr_carea' id='block_1_36' title="bbox 364 1962 2022 2049">
    <p class='ocr_par' dir='ltr' id='par_1_36' title="bbox 364 1962 2022 2049">
     <span class='ocr_line' id='line_1_36' title="bbox 364 1962 2022 2049; baseline 0.005 -24"><span class='ocrx_word' id='word_1_229' title='bbox 364 2019 372 2025; x_wconf 91' lang='lat'><strong>.</strong></span> <span class='ocrx_word' id='word_1_230' title='bbox 433 1964 547 2037; x_wconf 83' lang='lat' dir='ltr'><strong>pro</strong></span> <span class='ocrx_word' id='word_1_231' title='bbox 562 1962 925 2037; x_wconf 80' lang='lat' dir='ltr'><strong>personarum</strong></span> <span class='ocrx_word' id='word_1_232' title='bbox 967 1972 1108 2028; x_wconf 88' lang='lat' dir='ltr'><strong>inter</strong></span> <span class='ocrx_word' id='word_1_233' title='bbox 1132 1988 1271 2044; x_wconf 88' lang='lat' dir='ltr'><strong>quas</strong></span> <span class='ocrx_word' id='word_1_234' title='bbox 1300 1974 1530 2043; x_wconf 80' lang='lat' dir='ltr'><strong>degebat</strong></span> <span class='ocrx_word' id='word_1_235' title='bbox 1557 1987 1803 2049; x_wconf 85' lang='lat' dir='ltr'><strong>respectu</strong></span> <span class='ocrx_word' id='word_1_236' title='bbox 1833 1962 2022 2034; x_wconf 70' lang='lat' dir='ltr'><strong>obser-</strong></span> 
     </span>
    </p>
   </div>
   <div class='ocr_carea' id='block_1_37' title="bbox 433 2061 2021 2143">
    <p class='ocr_par' dir='ltr' id='par_1_37' title="bbox 433 2061 2021 2143">
     <span class='ocr_line' id='line_1_37' title="bbox 433 2061 2021 2143; baseline 0.009 -30"><span class='ocrx_word' id='word_1_237' title='bbox 433 2061 601 2116; x_wconf 78' lang='lat' dir='ltr'><strong>vavit.</strong></span> <span class='ocrx_word' id='word_1_238' title='bbox 626 2062 800 2132; x_wconf 83' lang='lat' dir='ltr'><strong>Quod</strong></span> <span class='ocrx_word' id='word_1_239' title='bbox 839 2080 980 2136; x_wconf 89' lang='lat' dir='ltr'><strong>pane</strong></span> <span class='ocrx_word' id='word_1_240' title='bbox 1027 2066 1266 2133; x_wconf 89' lang='lat' dir='ltr'><strong>triticeo,</strong></span> <span class='ocrx_word' id='word_1_241' title='bbox 1312 2070 1457 2138; x_wconf 90' lang='lat' dir='ltr'><strong>quod</strong></span> <span class='ocrx_word' id='word_1_242' title='bbox 1493 2071 1618 2127; x_wconf 89' lang='lat' dir='ltr'><strong>vino</strong></span> <span class='ocrx_word' id='word_1_243' title='bbox 1645 2087 1784 2141; x_wconf 91' lang='lat' dir='ltr'><strong>aqua</strong></span> <span class='ocrx_word' id='word_1_244' title='bbox 1816 2081 2021 2143; x_wconf 85' lang='lat' dir='ltr'><strong>tempe-</strong></span> 
     </span>
    </p>
   </div>
   <div class='ocr_carea' id='block_1_38' title="bbox 440 2155 2019 2231">
    <p class='ocr_par' dir='ltr' id='par_1_38' title="bbox 440 2155 2019 2231">
     <span class='ocr_line' id='line_1_38' title="bbox 440 2155 2019 2231; baseline 0.008 -27"><span class='ocrx_word' id='word_1_245' title='bbox 440 2159 589 2216; x_wconf 81' lang='lat' dir='ltr'><strong>rato,</strong></span> <span class='ocrx_word' id='word_1_246' title='bbox 648 2155 792 2224; x_wconf 91' lang='lat' dir='ltr'><strong>quod</strong></span> <span class='ocrx_word' id='word_1_247' title='bbox 840 2156 1009 2211; x_wconf 88' lang='lat' dir='ltr'><strong>certis</strong></span> <span class='ocrx_word' id='word_1_248' title='bbox 1041 2157 1225 2213; x_wconf 81' lang='lat' dir='ltr'><strong>verbis</strong></span> <span class='ocrx_word' id='word_1_249' title='bbox 1269 2173 1399 2214; x_wconf 89' lang='lat' dir='ltr'><strong>usus</strong></span> <span class='ocrx_word' id='word_1_250' title='bbox 1446 2169 1548 2222; x_wconf 88' lang='lat' dir='ltr'><strong>est,</strong></span> <span class='ocrx_word' id='word_1_251' title='bbox 1582 2176 1647 2217; x_wconf 90' lang='lat' dir='ltr'><strong>ea</strong></span> <span class='ocrx_word' id='word_1_252' title='bbox 1679 2162 2019 2231; x_wconf 70' lang='lat' dir='ltr'><strong>praetermitti</strong></span> 
     </span>
    </p>
   </div>
   <div class='ocr_carea' id='block_1_39' title="bbox 434 2244 2020 2322">
    <p class='ocr_par' dir='ltr' id='par_1_39' title="bbox 434 2244 2020 2322">
     <span class='ocr_line' id='line_1_39' title="bbox 434 2244 2020 2322; baseline 0.01 -28"><span class='ocrx_word' id='word_1_253' title='bbox 434 2250 589 2297; x_wconf 80' lang='lat' dir='ltr'><strong>vetat</strong></span> <span class='ocrx_word' id='word_1_254' title='bbox 636 2244 849 2313; x_wconf 82' lang='lat' dir='ltr'><strong>religio,</strong></span> <span class='ocrx_word' id='word_1_255' title='bbox 912 2246 1188 2320; x_wconf 83' lang='lat' dir='ltr'><strong>ipsiusque</strong></span> <span class='ocrx_word' id='word_1_256' title='bbox 1212 2252 1538 2307; x_wconf 84' lang='lat' dir='ltr'><strong>sacramenti</strong></span> <span class='ocrx_word' id='word_1_257' title='bbox 1595 2260 1811 2307; x_wconf 88' lang='lat' dir='ltr'><strong>natura.</strong></span> <span class='ocrx_word' id='word_1_258' title='bbox 1866 2254 2020 2322; x_wconf 86' lang='lat' dir='ltr'><strong>Quod</strong></span> 
     </span>
    </p>
   </div>
   <div class='ocr_carea' id='block_1_40' title="bbox 436 2333 2020 2418">
    <p class='ocr_par' dir='ltr' id='par_1_40' title="bbox 436 2333 2020 2418">
     <span class='ocr_line' id='line_1_40' title="bbox 436 2333 2020 2418; baseline 0.007 -27"><span class='ocrx_word' id='word_1_259' title='bbox 436 2333 611 2391; x_wconf 82' lang='lat' dir='ltr'><strong>semei</strong></span> <span class='ocrx_word' id='word_1_260' title='bbox 651 2345 707 2395; x_wconf 88' lang='lat' dir='ltr'><strong>et</strong></span> <span class='ocrx_word' id='word_1_261' title='bbox 745 2337 964 2407; x_wconf 89' lang='lat' dir='ltr'><strong>quidem</strong></span> <span class='ocrx_word' id='word_1_262' title='bbox 1014 2339 1068 2393; x_wconf 93' lang='lat' dir='ltr'><strong>in</strong></span> <span class='ocrx_word' id='word_1_263' title='bbox 1114 2338 1401 2414; x_wconf 81' lang='lat' dir='ltr'><strong>Pascbate,</strong></span> <span class='ocrx_word' id='word_1_264' title='bbox 1434 2343 1577 2412; x_wconf 88' lang='lat' dir='ltr'><strong>quod</strong></span> <span class='ocrx_word' id='word_1_265' title='bbox 1629 2354 1751 2415; x_wconf 89' lang='lat' dir='ltr'><strong>post</strong></span> <span class='ocrx_word' id='word_1_266' title='bbox 1793 2345 2020 2418; x_wconf 78' lang='lat' dir='ltr'><strong>legalem</strong></span> 
     </span>
    </p>
   </div>
   <div class='ocr_carea' id='block_1_41' title="bbox 439 2429 2021 2502">
    <p class='ocr_par' dir='ltr' id='par_1_41' title="bbox 439 2429 2021 2502">
     <span class='ocr_line' id='line_1_41' title="bbox 439 2429 2021 2502; baseline 0.008 -20"><span class='ocrx_word' id='word_1_267' title='bbox 439 2439 684 2494; x_wconf 66' lang='lat' dir='ltr'><strong>canam,</strong></span> <span class='ocrx_word' id='word_1_268' title='bbox 727 2429 870 2499; x_wconf 88' lang='lat' dir='ltr'><strong>quod</strong></span> <span class='ocrx_word' id='word_1_269' title='bbox 916 2429 968 2484; x_wconf 91' lang='lat' dir='ltr'><strong>in</strong></span> <span class='ocrx_word' id='word_1_270' title='bbox 1009 2445 1202 2501; x_wconf 81' lang='lat' dir='ltr'><strong>aaymo</strong></span> <span class='ocrx_word' id='word_1_271' title='bbox 1233 2446 1376 2502; x_wconf 89' lang='lat' dir='ltr'><strong>pane</strong></span> <span class='ocrx_word' id='word_1_272' title='bbox 1401 2433 1454 2488; x_wconf 92' lang='lat' dir='ltr'><strong>id</strong></span> <span class='ocrx_word' id='word_1_273' title='bbox 1504 2434 1719 2499; x_wconf 79' lang='lat' dir='ltr'><strong>fecerit,</strong></span> <span class='ocrx_word' id='word_1_274' title='bbox 1756 2451 1820 2492; x_wconf 86' lang='lat' dir='ltr'><strong>ea</strong></span> <span class='ocrx_word' id='word_1_275' title='bbox 1852 2437 1940 2493; x_wconf 85' lang='lat' dir='ltr'><strong>vel</strong></span> <span class='ocrx_word' id='word_1_276' title='bbox 1967 2438 2021 2494; x_wconf 91' lang='lat' dir='ltr'><strong>in</strong></span> 
     </span>
    </p>
   </div>
   <div class='ocr_carea' id='block_1_42' title="bbox 438 2518 2026 2596">
    <p class='ocr_par' dir='ltr' id='par_1_42' title="bbox 438 2518 2026 2596">
     <span class='ocr_line' id='line_1_42' title="bbox 438 2518 2026 2596; baseline 0.007 -22"><span class='ocrx_word' id='word_1_277' title='bbox 438 2520 621 2575; x_wconf 79' lang='lat' dir='ltr'><strong>medio</strong></span> <span class='ocrx_word' id='word_1_278' title='bbox 659 2518 867 2585; x_wconf 83' lang='lat' dir='ltr'><strong>relicta,</strong></span> <span class='ocrx_word' id='word_1_279' title='bbox 900 2519 986 2576; x_wconf 88' lang='lat' dir='ltr'><strong>vel</strong></span> <span class='ocrx_word' id='word_1_280' title='bbox 1011 2522 1158 2577; x_wconf 84' lang='lat' dir='ltr'><strong>nullo</strong></span> <span class='ocrx_word' id='word_1_281' title='bbox 1186 2523 1344 2579; x_wconf 84' lang='lat' dir='ltr'><strong>modo</strong></span> <span class='ocrx_word' id='word_1_282' title='bbox 1383 2524 1437 2580; x_wconf 87' lang='lat' dir='ltr'><strong>in</strong></span> <span class='ocrx_word' id='word_1_283' title='bbox 1469 2526 1776 2596; x_wconf 77' lang='lat' dir='ltr'><strong>exemplum</strong></span> <span class='ocrx_word' id='word_1_284' title='bbox 1807 2525 2026 2584; x_wconf 82' lang='lat' dir='ltr'><strong>trahen-</strong></span> 
     </span>
    </p>
   </div>
   <div class='ocr_carea' id='block_1_43' title="bbox 439 2608 2021 2685">
    <p class='ocr_par' dir='ltr' id='par_1_43' title="bbox 439 2608 2021 2685">
     <span class='ocr_line' id='line_1_43' title="bbox 439 2608 2021 2685; baseline 0.008 -21"><span class='ocrx_word' id='word_1_285' title='bbox 439 2608 513 2664; x_wconf 84' lang='lat' dir='ltr'><strong>da</strong></span> <span class='ocrx_word' id='word_1_286' title='bbox 545 2625 666 2666; x_wconf 86' lang='lat' dir='ltr'><strong>esse</strong></span> <span class='ocrx_word' id='word_1_287' title='bbox 692 2611 881 2666; x_wconf 90' lang='lat' dir='ltr'><strong>voluit.</strong></span> <span class='ocrx_word' id='word_1_288' title='bbox 913 2610 1051 2669; x_wconf 82' lang='lat' dir='ltr'><strong>Hinc</strong></span> <span class='ocrx_word' id='word_1_289' title='bbox 1079 2623 1164 2669; x_wconf 88' lang='lat' dir='ltr'><strong>est</strong></span> <span class='ocrx_word' id='word_1_290' title='bbox 1192 2614 1336 2685; x_wconf 90' lang='lat' dir='ltr'><strong>quod</strong></span> <span class='ocrx_word' id='word_1_291' title='bbox 1364 2615 1500 2670; x_wconf 90' lang='lat' dir='ltr'><strong>citra</strong></span> <span class='ocrx_word' id='word_1_292' title='bbox 1532 2617 1799 2673; x_wconf 84' lang='lat' dir='ltr'><strong>Dominici</strong></span> <span class='ocrx_word' id='word_1_293' title='bbox 1832 2634 2021 2676; x_wconf 84' lang='lat' dir='ltr'><strong>exem-</strong></span> 
     </span>
    </p>
   </div>
   <div class='ocr_carea' id='block_1_44' title="bbox 436 2702 2026 2782">
    <p class='ocr_par' dir='ltr' id='par_1_44' title="bbox 436 2702 2026 2782">
     <span class='ocr_line' id='line_1_44' title="bbox 436 2702 2026 2782; baseline 0.007 -26"><span class='ocrx_word' id='word_1_294' title='bbox 436 2702 512 2773; x_wconf 81' lang='lat' dir='ltr'><strong>pli</strong></span> <span class='ocrx_word' id='word_1_295' title='bbox 536 2702 790 2773; x_wconf 73' lang='lat' dir='ltr'><strong>iniuriam</strong></span> <span class='ocrx_word' id='word_1_296' title='bbox 818 2706 1009 2761; x_wconf 83' lang='lat' dir='ltr'><strong>statuit</strong></span> <span class='ocrx_word' id='word_1_297' title='bbox 1042 2706 1309 2773; x_wconf 85' lang='lat' dir='ltr'><strong>Ecclesia,</strong></span> <span class='ocrx_word' id='word_1_298' title='bbox 1353 2708 1517 2778; x_wconf 88' lang='lat' dir='ltr'><strong>idque</strong></span> <span class='ocrx_word' id='word_1_299' title='bbox 1564 2725 1584 2760; x_wconf 73' lang='grc' dir='ltr'>ι</span> <span class='ocrx_word' id='word_1_300' title='bbox 1617 2709 1822 2779; x_wconf 89' lang='lat' dir='ltr'><strong>placuit</strong></span> <span class='ocrx_word' id='word_1_301' title='bbox 1851 2708 2026 2782; x_wconf 86' lang='lat' dir='ltr'><strong>Spiri-</strong></span> 
     </span>
    </p>
   </div>
   <div class='ocr_carea' id='block_1_45' title="bbox 439 2792 2024 2873">
    <p class='ocr_par' dir='ltr' id='par_1_45' title="bbox 439 2792 2024 2873">
     <span class='ocr_line' id='line_1_45' title="bbox 439 2792 2024 2873; baseline 0.004 -23"><span class='ocrx_word' id='word_1_302' title='bbox 439 2797 518 2852; x_wconf 82' lang='lat' dir='ltr'><strong>toi</strong></span> <span class='ocrx_word' id='word_1_303' title='bbox 547 2807 760 2864; x_wconf 86' lang='lat' dir='ltr'><strong>sancto,</strong></span> <span class='ocrx_word' id='word_1_304' title='bbox 819 2817 839 2851; x_wconf 74' lang='grc' dir='ltr'>ι</span> <span class='ocrx_word' id='word_1_305' title='bbox 884 2792 1343 2870; x_wconf 83' lang='lat' dir='ltr'><strong>quemadmodum</strong></span> <span class='ocrx_word' id='word_1_306' title='bbox 1385 2802 1546 2857; x_wconf 87' lang='lat' dir='ltr'><strong>docet</strong></span> <span class='ocrx_word' id='word_1_307' title='bbox 1586 2802 1924 2873; x_wconf 77' lang='lat' dir='ltr'><strong>Augustinus</strong></span> <span class='ocrx_word' id='word_1_308' title='bbox 1971 2804 2024 2859; x_wconf 91' lang='lat' dir='ltr'><strong>in</strong></span> 
     </span>
    </p>
   </div>
   <div class='ocr_carea' id='block_1_46' title="bbox 439 2885 2026 2962">
    <p class='ocr_par' dir='ltr' id='par_1_46' title="bbox 439 2885 2026 2962">
     <span class='ocr_line' id='line_1_46' title="bbox 439 2885 2026 2962; baseline 0.006 -19"><span class='ocrx_word' id='word_1_309' title='bbox 439 2885 670 2962; x_wconf 72' lang='lat' dir='ltr'><strong>epistola</strong></span> <span class='ocrx_word' id='word_1_310' title='bbox 706 2892 809 2949; x_wconf 76' lang='lat'><strong>“8</strong></span> <span class='ocrx_word' id='word_1_311' title='bbox 853 2895 920 2949; x_wconf 86' lang='lat' dir='ltr'><strong>ad</strong></span> <span class='ocrx_word' id='word_1_312' title='bbox 959 2892 1301 2960; x_wconf 71' lang='lat' dir='ltr'><strong>Ianuarium,</strong></span> <span class='ocrx_word' id='word_1_313' title='bbox 1338 2913 1358 2947; x_wconf 70' lang='grc' dir='ltr'>ι</span> <span class='ocrx_word' id='word_1_314' title='bbox 1405 2903 1464 2951; x_wconf 89' lang='lat' dir='ltr'><strong>nt</strong></span> <span class='ocrx_word' id='word_1_315' title='bbox 1492 2895 1546 2950; x_wconf 90' lang='lat' dir='ltr'><strong>in</strong></span> <span class='ocrx_word' id='word_1_316' title='bbox 1579 2896 1838 2952; x_wconf 89' lang='lat' dir='ltr'><strong>honorem</strong></span> <span class='ocrx_word' id='word_1_317' title='bbox 1889 2898 2026 2954; x_wconf 88' lang='lat' dir='ltr'><strong>tanti</strong></span> 
     </span>
    </p>
   </div>
   <div class='ocr_carea' id='block_1_47' title="bbox 440 2983 2028 3060">
    <p class='ocr_par' dir='ltr' id='par_1_47' title="bbox 440 2983 2028 3060">
     <span class='ocr_line' id='line_1_47' title="bbox 440 2983 2028 3060; baseline 0.005 -25"><span class='ocrx_word' id='word_1_318' title='bbox 440 2983 688 3052; x_wconf 85' lang='lat' dir='ltr'><strong>mysterii</strong></span> <span class='ocrx_word' id='word_1_319' title='bbox 748 2983 802 3037; x_wconf 90' lang='lat' dir='ltr'><strong>in</strong></span> <span class='ocrx_word' id='word_1_320' title='bbox 850 2999 912 3039; x_wconf 88' lang='lat' dir='ltr'><strong>os</strong></span> <span class='ocrx_word' id='word_1_321' title='bbox 960 2983 1252 3041; x_wconf 77' lang='lat' dir='ltr'><strong>Christiani</strong></span> <span class='ocrx_word' id='word_1_322' title='bbox 1287 2986 1439 3056; x_wconf 90' lang='lat' dir='ltr'><strong>prius</strong></span> <span class='ocrx_word' id='word_1_323' title='bbox 1464 2986 1801 3044; x_wconf 85' lang='lat' dir='ltr'><strong>Dominicum</strong></span> <span class='ocrx_word' id='word_1_324' title='bbox 1831 3003 2028 3060; x_wconf 79' lang='lat' dir='ltr'><strong>corpus</strong></span> 
     </span>
    </p>
   </div>
   <div class='ocr_carea' id='block_1_48' title="bbox 2125 1803 3708 1877">
    <p class='ocr_par' dir='ltr' id='par_1_48' title="bbox 2125 1803 3708 1877">
     <span class='ocr_line' id='line_1_48' title="bbox 2125 1803 3708 1877; baseline -0.001 -17"><span class='ocrx_word' id='word_1_325' title='bbox 2125 1803 2413 1860; x_wconf 77' lang='lat' dir='ltr'><strong>catholicis</strong></span> <span class='ocrx_word' id='word_1_326' title='bbox 2452 1805 2806 1861; x_wconf 86' lang='lat' dir='ltr'><strong>rationalibus</strong></span> <span class='ocrx_word' id='word_1_327' title='bbox 2825 1807 3039 1863; x_wconf 89' lang='lat' dir='ltr'><strong>videtur</strong></span> <span class='ocrx_word' id='word_1_328' title='bbox 3066 1807 3189 1877; x_wconf 88' lang='lat' dir='ltr'><strong>quia</strong></span> <span class='ocrx_word' id='word_1_329' title='bbox 3214 1805 3358 1877; x_wconf 88' lang='lat' dir='ltr'><strong>quod</strong></span> <span class='ocrx_word' id='word_1_330' title='bbox 3405 1815 3572 1876; x_wconf 84' lang='lat' dir='ltr'><strong>agunt</strong></span> <span class='ocrx_word' id='word_1_331' title='bbox 3596 1820 3708 1859; x_wconf 87' lang='lat' dir='ltr'><strong>non</strong></span> 
     </span>
    </p>
   </div>
   <div class='ocr_carea' id='block_1_49' title="bbox 2124 1897 3719 1971">
    <p class='ocr_par' dir='ltr' id='par_1_49' title="bbox 2124 1897 3719 1971">
     <span class='ocr_line' id='line_1_49' title="bbox 2124 1897 3719 1971; baseline -0.002 -18"><span class='ocrx_word' id='word_1_332' title='bbox 2124 1905 2213 1953; x_wconf 86' lang='lat' dir='ltr'><strong>est</strong></span> <span class='ocrx_word' id='word_1_333' title='bbox 2253 1905 2444 1952; x_wconf 88' lang='lat' dir='ltr'><strong>contra</strong></span> <span class='ocrx_word' id='word_1_334' title='bbox 2497 1897 2658 1953; x_wconf 88' lang='lat' dir='ltr'><strong>fidem</strong></span> <span class='ocrx_word' id='word_1_335' title='bbox 2708 1898 3053 1955; x_wconf 90' lang='lat' dir='ltr'><strong>catholicam.</strong></span> <span class='ocrx_word' id='word_1_336' title='bbox 3105 1898 3242 1953; x_wconf 89' lang='lat' dir='ltr'><strong>Nam</strong></span> <span class='ocrx_word' id='word_1_337' title='bbox 3280 1909 3335 1955; x_wconf 89' lang='lat' dir='ltr'><strong>et</strong></span> <span class='ocrx_word' id='word_1_338' title='bbox 3369 1912 3621 1971; x_wconf 84' lang='lat' dir='ltr'><strong>azymum</strong></span> <span class='ocrx_word' id='word_1_339' title='bbox 3651 1904 3719 1951; x_wconf 75' lang='lat' dir='ltr'><strong>et</strong></span> 
     </span>
    </p>
   </div>
   <div class='ocr_carea' id='block_1_50' title="bbox 2127 1983 3712 2059">
    <p class='ocr_par' dir='ltr' id='par_1_50' title="bbox 2127 1983 3712 2059">
     <span class='ocr_line' id='line_1_50' title="bbox 2127 1983 3712 2059; baseline 0.001 -18"><span class='ocrx_word' id='word_1_340' title='bbox 2127 1984 2507 2043; x_wconf 83' lang='lat' dir='ltr'><strong>fermentatum</strong></span> <span class='ocrx_word' id='word_1_341' title='bbox 2550 1988 2898 2056; x_wconf 85' lang='lat' dir='ltr'><strong>sacrificans,</strong></span> <span class='ocrx_word' id='word_1_342' title='bbox 2952 2004 3150 2059; x_wconf 90' lang='lat' dir='ltr'><strong>panem</strong></span> <span class='ocrx_word' id='word_1_343' title='bbox 3202 1989 3544 2045; x_wconf 85' lang='lat' dir='ltr'><strong>sacrificat...</strong></span> <span class='ocrx_word' id='word_1_344' title='bbox 3586 1983 3712 2042; x_wconf 85' lang='lat' dir='ltr'><strong>Non</strong></span> 
     </span>
    </p>
   </div>
   <div class='ocr_carea' id='block_1_51' title="bbox 2125 2073 3709 2148">
    <p class='ocr_par' dir='ltr' id='par_1_51' title="bbox 2125 2073 3709 2148">
     <span class='ocr_line' id='line_1_51' title="bbox 2125 2073 3709 2148; baseline -0.002 -17"><span class='ocrx_word' id='word_1_345' title='bbox 2125 2076 2274 2131; x_wconf 69' lang='lat' dir='ltr'><strong>enirn</strong></span> <span class='ocrx_word' id='word_1_346' title='bbox 2333 2073 2591 2131; x_wconf 71' lang='lat' dir='ltr'><strong>differunt</strong></span> <span class='ocrx_word' id='word_1_347' title='bbox 2636 2090 2860 2148; x_wconf 85' lang='lat' dir='ltr'><strong>azymus</strong></span> <span class='ocrx_word' id='word_1_348' title='bbox 2909 2088 2963 2134; x_wconf 90' lang='lat' dir='ltr'><strong>et</strong></span> <span class='ocrx_word' id='word_1_349' title='bbox 2999 2078 3326 2133; x_wconf 87' lang='lat' dir='ltr'><strong>fermentum</strong></span> <span class='ocrx_word' id='word_1_350' title='bbox 3369 2076 3709 2133; x_wconf 84' lang='lat' dir='ltr'><strong>substantia-</strong></span> 
     </span>
    </p>
   </div>
   <div class='ocr_carea' id='block_1_52' title="bbox 2127 2164 3712 2240">
    <p class='ocr_par' dir='ltr' id='par_1_52' title="bbox 2127 2164 3712 2240">
     <span class='ocr_line' id='line_1_52' title="bbox 2127 2164 3712 2240; baseline 0.001 -20"><span class='ocrx_word' id='word_1_351' title='bbox 2127 2164 2273 2231; x_wconf 89' lang='lat' dir='ltr'><strong>liter,</strong></span> <span class='ocrx_word' id='word_1_352' title='bbox 2314 2173 2376 2220; x_wconf 90' lang='lat' dir='ltr'><strong>ut</strong></span> <span class='ocrx_word' id='word_1_353' title='bbox 2406 2165 2628 2236; x_wconf 87' lang='lat' dir='ltr'><strong>quidam</strong></span> <span class='ocrx_word' id='word_1_354' title='bbox 2657 2172 2870 2237; x_wconf 88' lang='lat' dir='ltr'><strong>putant.</strong></span> <span class='ocrx_word' id='word_1_355' title='bbox 2910 2185 2930 2219; x_wconf 76' lang='grc' dir='ltr'><strong>ι</strong></span> <span class='ocrx_word' id='word_1_356' title='bbox 2961 2166 3029 2223; x_wconf 81' lang='lat' dir='ltr'><strong>Et</strong></span> <span class='ocrx_word' id='word_1_357' title='bbox 3056 2168 3218 2223; x_wconf 86' lang='lat' dir='ltr'><strong>infra.</strong></span> <span class='ocrx_word' id='word_1_358' title='bbox 3258 2187 3278 2222; x_wconf 67' lang='grc' dir='ltr'><strong><em>ι</em></strong></span> <span class='ocrx_word' id='word_1_359' title='bbox 3320 2168 3615 2240; x_wconf 85' lang='lat' dir='ltr'><strong>Postquam</strong></span> <span class='ocrx_word' id='word_1_360' title='bbox 3642 2168 3712 2222; x_wconf 86' lang='lat' dir='ltr'><strong>de</strong></span> 
     </span>
    </p>
   </div>
   <div class='ocr_carea' id='block_1_53' title="bbox 2100 2253 3713 2328">
    <p class='ocr_par' dir='ltr' id='par_1_53' title="bbox 2100 2253 3713 2328">
     <span class='ocr_line' id='line_1_53' title="bbox 2100 2253 3713 2328; baseline 0.002 -21"><span class='ocrx_word' id='word_1_361' title='bbox 2100 2255 2299 2314; x_wconf 63' lang='lat' dir='ltr'><strong>,veteri</strong></span> <span class='ocrx_word' id='word_1_362' title='bbox 2332 2253 2503 2325; x_wconf 81' lang='lat' dir='ltr'><strong>figura</strong></span> <span class='ocrx_word' id='word_1_363' title='bbox 2534 2256 2603 2311; x_wconf 85' lang='lat' dir='ltr'><strong>ad</strong></span> <span class='ocrx_word' id='word_1_364' title='bbox 2634 2270 2826 2311; x_wconf 87' lang='lat' dir='ltr'><strong>novam</strong></span> <span class='ocrx_word' id='word_1_365' title='bbox 2855 2256 3141 2313; x_wconf 75' lang='lat' dir='ltr'><strong>veritatem</strong></span> <span class='ocrx_word' id='word_1_366' title='bbox 3170 2258 3436 2323; x_wconf 87' lang='lat' dir='ltr'><strong>venimus,</strong></span> <span class='ocrx_word' id='word_1_367' title='bbox 3477 2266 3535 2313; x_wconf 92' lang='lat' dir='ltr'><strong>et</strong></span> <span class='ocrx_word' id='word_1_368' title='bbox 3571 2271 3713 2328; x_wconf 78' lang='lat' dir='ltr'><strong>azy-</strong></span> 
     </span>
    </p>
   </div>
   <div class='ocr_carea' id='block_1_54' title="bbox 2126 2342 3716 2412">
    <p class='ocr_par' dir='ltr' id='par_1_54' title="bbox 2126 2342 3716 2412">
     <span class='ocr_line' id='line_1_54' title="bbox 2126 2342 3716 2412; baseline 0.001 -13"><span class='ocrx_word' id='word_1_369' title='bbox 2126 2358 2273 2399; x_wconf 85' lang='lat' dir='ltr'><strong>mam</strong></span> <span class='ocrx_word' id='word_1_370' title='bbox 2310 2342 2517 2400; x_wconf 88' lang='lat' dir='ltr'><strong>Christi</strong></span> <span class='ocrx_word' id='word_1_371' title='bbox 2543 2358 2766 2400; x_wconf 87' lang='lat' dir='ltr'><strong>carnem</strong></span> <span class='ocrx_word' id='word_1_372' title='bbox 2797 2345 3154 2412; x_wconf 88' lang='lat' dir='ltr'><strong>comedimus,</strong></span> <span class='ocrx_word' id='word_1_373' title='bbox 3184 2362 3289 2403; x_wconf 92' lang='lat' dir='ltr'><strong>non</strong></span> <span class='ocrx_word' id='word_1_374' title='bbox 3318 2356 3402 2403; x_wconf 89' lang='lat' dir='ltr'><strong>est</strong></span> <span class='ocrx_word' id='word_1_375' title='bbox 3427 2346 3586 2403; x_wconf 88' lang='lat' dir='ltr'><strong>nobis</strong></span> <span class='ocrx_word' id='word_1_376' title='bbox 3615 2361 3716 2401; x_wconf 83' lang='lat' dir='ltr'><strong>ne-</strong></span> 
     </span>
    </p>
   </div>
   <div class='ocr_carea' id='block_1_55' title="bbox 2128 2432 3710 2509">
    <p class='ocr_par' dir='ltr' id='par_1_55' title="bbox 2128 2432 3710 2509">
     <span class='ocr_line' id='line_1_55' title="bbox 2128 2432 3710 2509; baseline 0.001 -21"><span class='ocrx_word' id='word_1_377' title='bbox 2128 2432 2370 2489; x_wconf 85' lang='lat' dir='ltr'><strong>cessaria</strong></span> <span class='ocrx_word' id='word_1_378' title='bbox 2420 2433 2513 2488; x_wconf 81' lang='lat' dir='ltr'><strong>illa</strong></span> <span class='ocrx_word' id='word_1_379' title='bbox 2553 2442 2709 2489; x_wconf 89' lang='lat' dir='ltr'><strong>vetus</strong></span> <span class='ocrx_word' id='word_1_380' title='bbox 2754 2432 2926 2504; x_wconf 83' lang='lat' dir='ltr'><strong>figura</strong></span> <span class='ocrx_word' id='word_1_381' title='bbox 2975 2436 3028 2491; x_wconf 94' lang='lat' dir='ltr'><strong>in</strong></span> <span class='ocrx_word' id='word_1_382' title='bbox 3055 2451 3217 2506; x_wconf 90' lang='lat' dir='ltr'><strong>pane,</strong></span> <span class='ocrx_word' id='word_1_383' title='bbox 3246 2436 3314 2492; x_wconf 92' lang='lat' dir='ltr'><strong>de</strong></span> <span class='ocrx_word' id='word_1_384' title='bbox 3347 2451 3455 2509; x_wconf 88' lang='lat' dir='ltr'><strong>quo</strong></span> <span class='ocrx_word' id='word_1_385' title='bbox 3483 2450 3710 2492; x_wconf 91' lang='lat' dir='ltr'><strong>carnem</strong></span> 
     </span>
    </p>
   </div>
   <div class='ocr_carea' id='block_1_56' title="bbox 2128 2522 3711 2597">
    <p class='ocr_par' dir='ltr' id='par_1_56' title="bbox 2128 2522 3711 2597">
     <span class='ocr_line' id='line_1_56' title="bbox 2128 2522 3711 2597; baseline 0.002 -20"><span class='ocrx_word' id='word_1_386' title='bbox 2128 2522 2302 2591; x_wconf 88' lang='lat' dir='ltr'><strong>ipsam</strong></span> <span class='ocrx_word' id='word_1_387' title='bbox 2352 2523 2688 2579; x_wconf 81' lang='lat' dir='ltr'><strong>conﬁcimus.</strong></span> <span class='ocrx_word' id='word_1_388' title='bbox 2738 2523 3155 2593; x_wconf 78' lang='lat' dir='ltr'><strong>Apertissimum</strong></span> <span class='ocrx_word' id='word_1_389' title='bbox 3212 2524 3391 2583; x_wconf 85' lang='lat' dir='ltr'><strong>tamen</strong></span> <span class='ocrx_word' id='word_1_390' title='bbox 3427 2534 3512 2583; x_wconf 89' lang='lat' dir='ltr'><strong>est</strong></span> <span class='ocrx_word' id='word_1_391' title='bbox 3581 2526 3711 2597; x_wconf 82' lang='lat' dir='ltr'><strong>quia</strong></span> 
     </span>
    </p>
   </div>
   <div class='ocr_carea' id='block_1_57' title="bbox 2127 2608 3711 2688">
    <p class='ocr_par' dir='ltr' id='par_1_57' title="bbox 2127 2608 3711 2688">
     <span class='ocr_line' id='line_1_57' title="bbox 2127 2608 3711 2688; baseline 0.003 -21"><span class='ocrx_word' id='word_1_392' title='bbox 2127 2613 2321 2670; x_wconf 88' lang='lat' dir='ltr'><strong>melius</strong></span> <span class='ocrx_word' id='word_1_393' title='bbox 2350 2612 2697 2669; x_wconf 83' lang='lat' dir='ltr'><strong>sacrificatur</strong></span> <span class='ocrx_word' id='word_1_394' title='bbox 2732 2613 2800 2669; x_wconf 90' lang='lat' dir='ltr'><strong>de</strong></span> <span class='ocrx_word' id='word_1_395' title='bbox 2828 2630 3021 2687; x_wconf 83' lang='lat' dir='ltr'><strong>azymo</strong></span> <span class='ocrx_word' id='word_1_396' title='bbox 3044 2631 3215 2688; x_wconf 84' lang='lat' dir='ltr'><strong>quam</strong></span> <span class='ocrx_word' id='word_1_397' title='bbox 3250 2617 3317 2672; x_wconf 86' lang='lat' dir='ltr'><strong>de</strong></span> <span class='ocrx_word' id='word_1_398' title='bbox 3357 2608 3711 2683; x_wconf 70' lang='lat' dir='ltr'><strong>fermentata,</strong></span> 
     </span>
    </p>
   </div>
   <div class='ocr_carea' id='block_1_58' title="bbox 2133 2697 3719 2781">
    <p class='ocr_par' dir='ltr' id='par_1_58' title="bbox 2133 2697 3719 2781">
     <span class='ocr_line' id='line_1_58' title="bbox 2133 2697 3719 2781; baseline 0.004 -23"><span class='ocrx_word' id='word_1_399' title='bbox 2133 2713 2247 2758; x_wconf 90' lang='lat' dir='ltr'><strong>tum</strong></span> <span class='ocrx_word' id='word_1_400' title='bbox 2291 2706 2418 2775; x_wconf 89' lang='lat' dir='ltr'><strong>quia</strong></span> <span class='ocrx_word' id='word_1_401' title='bbox 2459 2703 2617 2761; x_wconf 87' lang='lat' dir='ltr'><strong>valde</strong></span> <span class='ocrx_word' id='word_1_402' title='bbox 2644 2697 2845 2775; x_wconf 76' lang='lat' dir='ltr'><strong>aptius,</strong></span> <span class='ocrx_word' id='word_1_403' title='bbox 2881 2717 2935 2763; x_wconf 84' lang='lat' dir='ltr'><strong>et</strong></span> <span class='ocrx_word' id='word_1_404' title='bbox 2979 2709 3166 2767; x_wconf 81' lang='lat' dir='ltr'><strong>Durius</strong></span> <span class='ocrx_word' id='word_1_405' title='bbox 3191 2716 3248 2765; x_wconf 85' lang='lat' dir='ltr'><strong>et</strong></span> <span class='ocrx_word' id='word_1_406' title='bbox 3279 2709 3592 2781; x_wconf 80' lang='lat' dir='ltr'><strong>diligentius</strong></span> <span class='ocrx_word' id='word_1_407' title='bbox 3622 2708 3719 2778; x_wconf 76' lang='lat' dir='ltr'><strong>fit,</strong></span> 
     </span>
    </p>
   </div>
   <div class='ocr_carea' id='block_1_59' title="bbox 2132 2796 3706 2868">
    <p class='ocr_par' dir='ltr' id='par_1_59' title="bbox 2132 2796 3706 2868">
     <span class='ocr_line' id='line_1_59' title="bbox 2132 2796 3706 2868; baseline -0.003 -17"><span class='ocrx_word' id='word_1_408' title='bbox 2132 2805 2243 2851; x_wconf 91' lang='lat' dir='ltr'><strong>tum</strong></span> <span class='ocrx_word' id='word_1_409' title='bbox 2277 2797 2403 2868; x_wconf 87' lang='lat' dir='ltr'><strong>quia</strong></span> <span class='ocrx_word' id='word_1_410' title='bbox 2436 2796 2694 2854; x_wconf 84' lang='lat' dir='ltr'><strong>Dominus</strong></span> <span class='ocrx_word' id='word_1_411' title='bbox 2722 2797 2826 2861; x_wconf 86' lang='lat' dir='ltr'><strong>hoc</strong></span> <span class='ocrx_word' id='word_1_412' title='bbox 2852 2798 3000 2854; x_wconf 85' lang='lat' dir='ltr'><strong>fecit.</strong></span> <span class='ocrx_word' id='word_1_413' title='bbox 3044 2816 3065 2851; x_wconf 69' lang='grc' dir='ltr'><strong>ι</strong></span> <span class='ocrx_word' id='word_1_414' title='bbox 3186 2846 3197 2850; x_wconf 65' lang='grc'>,</span> <span class='ocrx_word' id='word_1_415' title='bbox 3340 2840 3346 2846; x_wconf 81' lang='lat'><strong>.</strong></span> <span class='ocrx_word' id='word_1_416' title='bbox 3700 2806 3706 2821; x_wconf 67' lang='grc' dir='ltr'>ι</span> 
     </span>
    </p>
   </div>
   <div class='ocr_carea' id='block_1_60' title="bbox 2200 2885 3721 2962">
    <p class='ocr_par' dir='ltr' id='par_1_60' title="bbox 2200 2885 3721 2962">
     <span class='ocr_line' id='line_1_60' title="bbox 2200 2885 3721 2962; baseline 0.003 -20"><span class='ocrx_word' id='word_1_417' title='bbox 2200 2885 2316 2942; x_wconf 83' lang='grc' dir='ltr'><strong>Νοη</strong></span> <span class='ocrx_word' id='word_1_418' title='bbox 2366 2887 2549 2942; x_wconf 89' lang='lat' dir='ltr'><strong>minus</strong></span> <span class='ocrx_word' id='word_1_419' title='bbox 2575 2887 3114 2955; x_wconf 75' lang='lat' dir='ltr'><strong>sincereCuibertus</strong></span> <span class='ocrx_word' id='word_1_420' title='bbox 3147 2890 3318 2946; x_wconf 86' lang='lat' dir='ltr'><strong>abbas</strong></span> <span class='ocrx_word' id='word_1_421' title='bbox 3345 2889 3412 2947; x_wconf 90' lang='lat' dir='ltr'><strong>de</strong></span> <span class='ocrx_word' id='word_1_422' title='bbox 3440 2889 3721 2962; x_wconf 80' lang='lat' dir='ltr'><strong>Novigen-</strong></span> 
     </span>
    </p>
   </div>
   <div class='ocr_carea' id='block_1_61' title="bbox 2133 2976 3718 3051">
    <p class='ocr_par' dir='ltr' id='par_1_61' title="bbox 2133 2976 3718 3051">
     <span class='ocr_line' id='line_1_61' title="bbox 2133 2976 3718 3051; baseline 0.003 -20"><span class='ocrx_word' id='word_1_423' title='bbox 2133 2986 2206 3041; x_wconf 91' lang='lat' dir='ltr'><strong>to,</strong></span> <span class='ocrx_word' id='word_1_424' title='bbox 2232 2976 2287 3032; x_wconf 91' lang='lat' dir='ltr'><strong>in</strong></span> <span class='ocrx_word' id='word_1_425' title='bbox 2315 2976 2410 3031; x_wconf 88' lang='lat' dir='ltr'><strong>lib.</strong></span> <span class='ocrx_word' id='word_1_426' title='bbox 2454 2991 2471 3032; x_wconf 83' lang='grc' dir='ltr'><strong>ι</strong></span> <span class='ocrx_word' id='word_1_427' title='bbox 2514 2976 2581 3032; x_wconf 93' lang='lat' dir='ltr'><strong>de</strong></span> <span class='ocrx_word' id='word_1_428' title='bbox 2616 2976 2798 3047; x_wconf 88' lang='lat' dir='ltr'><strong>Gestis</strong></span> <span class='ocrx_word' id='word_1_429' title='bbox 2829 2977 3163 3051; x_wconf 84' lang='lat' dir='ltr'><strong>Francorum</strong></span> <span class='ocrx_word' id='word_1_430' title='bbox 3189 3028 3193 3036; x_wconf 93' lang='lat'><strong>.</strong></span> <span class='ocrx_word' id='word_1_431' title='bbox 3219 2995 3342 3051; x_wconf 69' lang='lat' dir='ltr'><strong>cap.</strong></span> <span class='ocrx_word' id='word_1_432' title='bbox 3390 2979 3718 3051; x_wconf 73' lang='lat' dir='ltr'><strong>2,,oblique</strong></span> 
     </span>
    </p>
   </div>
   <div class='ocr_carea' id='block_1_62' title="bbox 441 3061 3719 3146">
    <p class='ocr_par' dir='ltr' id='par_1_62' title="bbox 441 3061 3719 3146">
     <span class='ocr_line' id='line_1_62' title="bbox 441 3061 3719 3146; baseline -0.001 -18"><span class='ocrx_word' id='word_1_433' title='bbox 441 3073 676 3130; x_wconf 78' lang='lat' dir='ltr'><strong>intraret</strong></span> <span class='ocrx_word' id='word_1_434' title='bbox 701 3088 865 3145; x_wconf 87' lang='lat' dir='ltr'><strong>quam</strong></span> <span class='ocrx_word' id='word_1_435' title='bbox 893 3076 1089 3131; x_wconf 67' lang='lat' dir='ltr'><strong>caeteri</strong></span> <span class='ocrx_word' id='word_1_436' title='bbox 1122 3074 1252 3131; x_wconf 76' lang='lat' dir='ltr'><strong>cibi.</strong></span> <span class='ocrx_word' id='word_1_437' title='bbox 1287 3095 1306 3129; x_wconf 71' lang='grc' dir='ltr'><strong>ι</strong></span> <span class='ocrx_word' id='word_1_438' title='bbox 1333 3076 1449 3132; x_wconf 81' lang='lat' dir='ltr'><strong>Etsi</strong></span> <span class='ocrx_word' id='word_1_439' title='bbox 1477 3079 1622 3133; x_wconf 87' lang='lat' dir='ltr'><strong>enim</strong></span> <span class='ocrx_word' id='word_1_440' title='bbox 1656 3096 1675 3130; x_wconf 73' lang='grc' dir='ltr'>ι</span> <span class='ocrx_word' id='word_1_441' title='bbox 1715 3077 2021 3141; x_wconf 68' lang='lat' dir='ltr'><strong>Salvator,»</strong></span> <span class='ocrx_word' id='word_1_442' title='bbox 2054 3061 2101 3125; x_wconf 77' lang='lat' dir='ltr'><strong>C</strong></span> <span class='ocrx_word' id='word_1_443' title='bbox 2132 3070 2375 3146; x_wconf 60' lang='lat' dir='ltr'><strong>defc‘ndit</strong></span> <span class='ocrx_word' id='word_1_444' title='bbox 2420 3070 2641 3126; x_wconf 69' lang='lat' dir='ltr'><strong>Graecos</strong></span> <span class='ocrx_word' id='word_1_445' title='bbox 2676 3069 2820 3141; x_wconf 68' lang='lat' dir='ltr'><strong>Quod</strong></span> <span class='ocrx_word' id='word_1_446' title='bbox 2864 3084 2932 3126; x_wconf 82' lang='lat' dir='ltr'><strong>ex</strong></span> <span class='ocrx_word' id='word_1_447' title='bbox 2973 3070 3204 3142; x_wconf 82' lang='lat' dir='ltr'><strong>panibus</strong></span> <span class='ocrx_word' id='word_1_448' title='bbox 3238 3064 3580 3129; x_wconf 66' lang='lat' dir='ltr'><strong>temeritatis</strong></span> <span class='ocrx_word' id='word_1_449' title='bbox 3601 3070 3719 3125; x_wconf 68' lang='lat' dir='ltr'><strong>El-</strong></span> 
     </span>
    </p>
   </div>
   <div class='ocr_carea' id='block_1_63' title="bbox 441 3165 2077 3240">
    <p class='ocr_par' dir='ltr' id='par_1_63' title="bbox 441 3165 2077 3240">
     <span class='ocr_line' id='line_1_63' title="bbox 441 3165 2077 3240; baseline 0.006 -25"><span class='ocrx_word' id='word_1_450' title='bbox 441 3172 506 3217; x_wconf 82' lang='lat' dir='ltr'><strong>ut</strong></span> <span class='ocrx_word' id='word_1_451' title='bbox 561 3165 708 3220; x_wconf 79' lang='lat' dir='ltr'><strong>idem</strong></span> <span class='ocrx_word' id='word_1_452' title='bbox 756 3178 983 3223; x_wconf 84' lang='lat' dir='ltr'><strong>sanctus</strong></span> <span class='ocrx_word' id='word_1_453' title='bbox 1020 3169 1213 3224; x_wconf 89' lang='lat' dir='ltr'><strong>doctor</strong></span> <span class='ocrx_word' id='word_1_454' title='bbox 1245 3169 1406 3239; x_wconf 90' lang='lat' dir='ltr'><strong>paulo</strong></span> <span class='ocrx_word' id='word_1_455' title='bbox 1440 3166 1572 3240; x_wconf 87' lang='lat' dir='ltr'><strong>post</strong></span> <span class='ocrx_word' id='word_1_456' title='bbox 1614 3171 1816 3234; x_wconf 86' lang='lat' dir='ltr'><strong>subdit,</strong></span> <span class='ocrx_word' id='word_1_457' title='bbox 1872 3188 1892 3223; x_wconf 70' lang='grc' dir='ltr'><strong><em>ι</em></strong></span> <span class='ocrx_word' id='word_1_458' title='bbox 1923 3186 2031 3240; x_wconf 86' lang='lat' dir='ltr'><strong>quo</strong></span> <span class='ocrx_word' id='word_1_459' title='bbox 2074 3168 2077 3173; x_wconf 74' lang='grc'><strong><em>’</em></strong></span> 
     </span>
    </p>
   </div>
   <div class='ocr_carea' id='block_1_64' title="bbox 443 3251 2030 3336">
    <p class='ocr_par' dir='ltr' id='par_1_64' title="bbox 443 3251 2030 3336">
     <span class='ocr_line' id='line_1_64' title="bbox 443 3251 2030 3336; baseline 0.006 -26"><span class='ocrx_word' id='word_1_460' title='bbox 443 3251 824 3316; x_wconf 68' lang='lat' dir='ltr'><strong>vchetnentius</strong></span> <span class='ocrx_word' id='word_1_461' title='bbox 853 3264 1263 3319; x_wconf 87' lang='lat' dir='ltr'><strong>commendaret</strong></span> <span class='ocrx_word' id='word_1_462' title='bbox 1311 3263 1554 3336; x_wconf 85' lang='lat' dir='ltr'><strong>mysterii</strong></span> <span class='ocrx_word' id='word_1_463' title='bbox 1602 3263 1746 3320; x_wconf 90' lang='lat' dir='ltr'><strong>illius</strong></span> <span class='ocrx_word' id='word_1_464' title='bbox 1782 3264 2030 3320; x_wconf 63' lang='lat' dir='ltr'><strong>altitudi«</strong></span> 
     </span>
    </p>
   </div>
   <div class='ocr_carea' id='block_1_65' title="bbox 446 3340 2032 3426">
    <p class='ocr_par' dir='ltr' id='par_1_65' title="bbox 446 3340 2032 3426">
     <span class='ocr_line' id='line_1_65' title="bbox 446 3340 2032 3426; baseline 0.006 -22"><span class='ocrx_word' id='word_1_465' title='bbox 446 3364 593 3416; x_wconf 76' lang='lat' dir='ltr'><strong>nem,</strong></span> <span class='ocrx_word' id='word_1_466' title='bbox 628 3340 1011 3412; x_wconf 16' lang='lat' dir='ltr'><strong>ultimum‘hoc</strong></span> <span class='ocrx_word' id='word_1_467' title='bbox 1040 3355 1211 3410; x_wconf 85' lang='lat' dir='ltr'><strong>voluit</strong></span> <span class='ocrx_word' id='word_1_468' title='bbox 1254 3356 1479 3426; x_wconf 86' lang='lat' dir='ltr'><strong>inllgere</strong></span> <span class='ocrx_word' id='word_1_469' title='bbox 1509 3356 1767 3413; x_wconf 86' lang='lat' dir='ltr'><strong>cordibus</strong></span> <span class='ocrx_word' id='word_1_470' title='bbox 1808 3367 1865 3412; x_wconf 90' lang='lat' dir='ltr'><strong>et</strong></span> <span class='ocrx_word' id='word_1_471' title='bbox 1914 3371 2032 3413; x_wconf 91' lang='lat' dir='ltr'><strong>me-</strong></span> 
     </span>
    </p>
   </div>
   <div class='ocr_carea' id='block_1_66' title="bbox 446 3442 2030 3517">
    <p class='ocr_par' dir='ltr' id='par_1_66' title="bbox 446 3442 2030 3517">
     <span class='ocr_line' id='line_1_66' title="bbox 446 3442 2030 3517; baseline 0.003 -20"><span class='ocrx_word' id='word_1_472' title='bbox 446 3442 636 3498; x_wconf 72' lang='lat' dir='ltr'><strong>moriae</strong></span> <span class='ocrx_word' id='word_1_473' title='bbox 657 3443 990 3513; x_wconf 89' lang='lat' dir='ltr'><strong>discipuloru</strong></span> <span class='ocrx_word' id='word_1_474' title='bbox 1018 3463 1048 3499; x_wconf 92' lang='lat' dir='ltr'><strong>u</strong></span> <span class='ocrx_word' id='word_1_475' title='bbox 1089 3461 1119 3501; x_wconf 88' lang='lat' dir='ltr'><strong>a</strong></span> <span class='ocrx_word' id='word_1_476' title='bbox 1149 3446 1350 3516; x_wconf 79' lang='lat' dir='ltr'><strong>quibus</strong></span> <span class='ocrx_word' id='word_1_477' title='bbox 1375 3446 1445 3501; x_wconf 89' lang='lat' dir='ltr'><strong>ad</strong></span> <span class='ocrx_word' id='word_1_478' title='bbox 1475 3446 1790 3517; x_wconf 88' lang='lat' dir='ltr'><strong>passionem</strong></span> <span class='ocrx_word' id='word_1_479' title='bbox 1817 3445 2030 3516; x_wconf 86' lang='lat' dir='ltr'><strong>digres-</strong></span> 
     </span>
    </p>
   </div>
   <div class='ocr_carea' id='block_1_67' title="bbox 447 3537 2035 3608">
    <p class='ocr_par' dir='ltr' id='par_1_67' title="bbox 447 3537 2035 3608">
     <span class='ocr_line' id='line_1_67' title="bbox 447 3537 2035 3608; baseline 0.003 -19"><span class='ocrx_word' id='word_1_480' title='bbox 447 3546 613 3589; x_wconf 81' lang='lat' dir='ltr'><strong>surus</strong></span> <span class='ocrx_word' id='word_1_481' title='bbox 635 3540 779 3600; x_wconf 86' lang='lat' dir='ltr'><strong>erat,</strong></span> <span class='ocrx_word' id='word_1_482' title='bbox 815 3549 921 3589; x_wconf 88' lang='lat' dir='ltr'><strong>non</strong></span> <span class='ocrx_word' id='word_1_483' title='bbox 943 3537 1202 3606; x_wconf 59' lang='lat' dir='ltr'><strong>przece‘pit</strong></span> <span class='ocrx_word' id='word_1_484' title='bbox 1224 3544 1402 3591; x_wconf 91' lang='lat' dir='ltr'><strong>tamen</strong></span> <span class='ocrx_word' id='word_1_485' title='bbox 1430 3552 1540 3606; x_wconf 90' lang='lat' dir='ltr'><strong>quo</strong></span> <span class='ocrx_word' id='word_1_486' title='bbox 1561 3537 1817 3608; x_wconf 84' lang='lat' dir='ltr'><strong>deinceps</strong></span> <span class='ocrx_word' id='word_1_487' title='bbox 1840 3538 2035 3594; x_wconf 85' lang='lat' dir='ltr'><strong>ordine</strong></span> 
     </span>
    </p>
   </div>
   <div class='ocr_carea' id='block_1_68' title="bbox 450 3620 2035 3701">
    <p class='ocr_par' dir='ltr' id='par_1_68' title="bbox 450 3620 2035 3701">
     <span class='ocr_line' id='line_1_68' title="bbox 450 3620 2035 3701; baseline 0.003 -21"><span class='ocrx_word' id='word_1_488' title='bbox 450 3620 780 3691; x_wconf 74' lang='lat' dir='ltr'><strong>sumeretur,</strong></span> <span class='ocrx_word' id='word_1_489' title='bbox 824 3635 884 3682; x_wconf 90' lang='lat' dir='ltr'><strong>ut</strong></span> <span class='ocrx_word' id='word_1_490' title='bbox 921 3626 1182 3697; x_wconf 80' lang='lat' dir='ltr'><strong>apostolis</strong></span> <span class='ocrx_word' id='word_1_491' title='bbox 1213 3642 1312 3698; x_wconf 91' lang='lat' dir='ltr'><strong>per</strong></span> <span class='ocrx_word' id='word_1_492' title='bbox 1355 3643 1493 3699; x_wconf 86' lang='lat' dir='ltr'><strong>quos</strong></span> <span class='ocrx_word' id='word_1_493' title='bbox 1527 3629 1803 3686; x_wconf 83' lang='lat' dir='ltr'><strong>Ecclesias</strong></span> <span class='ocrx_word' id='word_1_494' title='bbox 1845 3631 2035 3701; x_wconf 87' lang='lat' dir='ltr'><strong>dispo-</strong></span> 
     </span>
    </p>
   </div>
   <div class='ocr_carea' id='block_1_69' title="bbox 448 3715 2036 3778">
    <p class='ocr_par' dir='ltr' id='par_1_69' title="bbox 448 3715 2036 3778">
     <span class='ocr_line' id='line_1_69' title="bbox 448 3715 2036 3778; baseline 0.004 -7"><span class='ocrx_word' id='word_1_495' title='bbox 448 3715 662 3772; x_wconf 82' lang='lat' dir='ltr'><strong>siturus</strong></span> <span class='ocrx_word' id='word_1_496' title='bbox 694 3724 816 3772; x_wconf 84' lang='lat' dir='ltr'><strong>erat</strong></span> <span class='ocrx_word' id='word_1_497' title='bbox 858 3727 1105 3773; x_wconf 85' lang='lat' dir='ltr'><strong>servaret</strong></span> <span class='ocrx_word' id='word_1_498' title='bbox 1146 3719 1293 3774; x_wconf 87' lang='lat' dir='ltr'><strong>hunc</strong></span> <span class='ocrx_word' id='word_1_499' title='bbox 1326 3719 1529 3776; x_wconf 89' lang='lat' dir='ltr'><strong>locum.</strong></span> <span class='ocrx_word' id='word_1_500' title='bbox 1572 3720 1707 3776; x_wconf 88' lang='lat' dir='ltr'><strong>Nam</strong></span> <span class='ocrx_word' id='word_1_501' title='bbox 1740 3722 1785 3777; x_wconf 91' lang='lat' dir='ltr'><strong>si</strong></span> <span class='ocrx_word' id='word_1_502' title='bbox 1814 3723 1917 3778; x_wconf 90' lang='lat' dir='ltr'><strong>hoc</strong></span> <span class='ocrx_word' id='word_1_503' title='bbox 1943 3723 2036 3778; x_wconf 89' lang='lat' dir='ltr'><strong>ille</strong></span> 
     </span>
    </p>
   </div>
   <div class='ocr_carea' id='block_1_70' title="bbox 449 3803 2033 3878">
    <p class='ocr_par' dir='ltr' id='par_1_70' title="bbox 449 3803 2033 3878">
     <span class='ocr_line' id='line_1_70' title="bbox 449 3803 2033 3878; baseline 0.003 -19"><span class='ocrx_word' id='word_1_504' title='bbox 449 3803 785 3860; x_wconf 81' lang='lat' dir='ltr'><strong>monuissset</strong></span> <span class='ocrx_word' id='word_1_505' title='bbox 811 3812 871 3860; x_wconf 92' lang='lat' dir='ltr'><strong>ut</strong></span> <span class='ocrx_word' id='word_1_506' title='bbox 904 3814 1027 3876; x_wconf 83' lang='lat' dir='ltr'><strong>post</strong></span> <span class='ocrx_word' id='word_1_507' title='bbox 1064 3805 1215 3862; x_wconf 82' lang='lat' dir='ltr'><strong>cibos</strong></span> <span class='ocrx_word' id='word_1_508' title='bbox 1247 3804 1385 3862; x_wconf 87' lang='lat' dir='ltr'><strong>alios</strong></span> <span class='ocrx_word' id='word_1_509' title='bbox 1422 3821 1641 3878; x_wconf 86' lang='lat' dir='ltr'><strong>semper</strong></span> <span class='ocrx_word' id='word_1_510' title='bbox 1691 3819 2033 3876; x_wconf 85' lang='lat' dir='ltr'><strong>sumeretur,</strong></span> 
     </span>
    </p>
   </div>
   <div class='ocr_carea' id='block_1_71' title="bbox 452 3892 2036 3966">
    <p class='ocr_par' dir='ltr' id='par_1_71' title="bbox 452 3892 2036 3966">
     <span class='ocr_line' id='line_1_71' title="bbox 452 3892 2036 3966; baseline 0.004 -17"><span class='ocrx_word' id='word_1_511' title='bbox 452 3895 621 3953; x_wconf 80' lang='lat' dir='ltr'><strong>credo</strong></span> <span class='ocrx_word' id='word_1_512' title='bbox 663 3892 808 3966; x_wconf 74' lang='lat' dir='ltr'><strong>quod</strong></span> <span class='ocrx_word' id='word_1_513' title='bbox 850 3892 973 3953; x_wconf 89' lang='lat' dir='ltr'><strong>eum</strong></span> <span class='ocrx_word' id='word_1_514' title='bbox 1004 3902 1207 3954; x_wconf 84' lang='lat' dir='ltr'><strong>m&#39;orem</strong></span> <span class='ocrx_word' id='word_1_515' title='bbox 1234 3914 1395 3954; x_wconf 86' lang='lat' dir='ltr'><strong>nemo</strong></span> <span class='ocrx_word' id='word_1_516' title='bbox 1424 3900 1710 3957; x_wconf 86' lang='lat' dir='ltr'><strong>variasset.</strong></span> <span class='ocrx_word' id='word_1_517' title='bbox 1749 3920 1769 3955; x_wconf 76' lang='grc' dir='ltr'>ι</span> <span class='ocrx_word' id='word_1_518' title='bbox 1810 3900 1919 3957; x_wconf 87' lang='lat' dir='ltr'><strong>Sed</strong></span> <span class='ocrx_word' id='word_1_519' title='bbox 1950 3908 2036 3956; x_wconf 82' lang='lat' dir='ltr'><strong>ta-</strong></span> 
     </span>
    </p>
   </div>
   <div class='ocr_carea' id='block_1_72' title="bbox 451 3984 2039 4064">
    <p class='ocr_par' dir='ltr' id='par_1_72' title="bbox 451 3984 2039 4064">
     <span class='ocr_line' id='line_1_72' title="bbox 451 3984 2039 4064; baseline 0.003 -22"><span class='ocrx_word' id='word_1_520' title='bbox 451 4002 604 4051; x_wconf 81' lang='lat' dir='ltr'><strong>men,</strong></span> <span class='ocrx_word' id='word_1_521' title='bbox 626 3988 899 4043; x_wconf 77' lang='lat' dir='ltr'><strong>meodetn</strong></span> <span class='ocrx_word' id='word_1_522' title='bbox 932 3988 1051 4044; x_wconf 80' lang='lat' dir='ltr'><strong>loco</strong></span> <span class='ocrx_word' id='word_1_523' title='bbox 1091 3984 1301 4045; x_wconf 86' lang='lat' dir='ltr'><strong>monuit</strong></span> <span class='ocrx_word' id='word_1_524' title='bbox 1326 3989 1686 4061; x_wconf 86' lang='lat' dir='ltr'><strong>Augustinus,</strong></span> <span class='ocrx_word' id='word_1_525' title='bbox 1724 4010 1744 4044; x_wconf 74' lang='grc' dir='ltr'>σ</span> <span class='ocrx_word' id='word_1_526' title='bbox 1779 3992 2039 4064; x_wconf 86' lang='lat' dir='ltr'><strong>probabi-</strong></span> 
     </span>
    </p>
   </div>
   <div class='ocr_carea' id='block_1_73' title="bbox 450 4077 2039 4155">
    <p class='ocr_par' dir='ltr' id='par_1_73' title="bbox 450 4077 2039 4155">
     <span class='ocr_line' id='line_1_73' title="bbox 450 4077 2039 4155; baseline 0.003 -21"><span class='ocrx_word' id='word_1_527' title='bbox 450 4077 523 4135; x_wconf 86' lang='lat' dir='ltr'><strong>lis</strong></span> <span class='ocrx_word' id='word_1_528' title='bbox 560 4081 817 4151; x_wconf 68' lang='lat' dir='ltr'><strong>quadam</strong></span> <span class='ocrx_word' id='word_1_529' title='bbox 850 4081 993 4136; x_wconf 86' lang='lat' dir='ltr'><strong>ratio</strong></span> <span class='ocrx_word' id='word_1_530' title='bbox 1032 4081 1323 4138; x_wconf 82' lang='lat' dir='ltr'><strong>delectavit</strong></span> <span class='ocrx_word' id='word_1_531' title='bbox 1361 4094 1421 4137; x_wconf 90' lang='lat' dir='ltr'><strong>ut</strong></span> <span class='ocrx_word' id='word_1_532' title='bbox 1468 4099 1578 4139; x_wconf 89' lang='lat' dir='ltr'><strong>uno</strong></span> <span class='ocrx_word' id='word_1_533' title='bbox 1617 4084 1704 4141; x_wconf 91' lang='lat' dir='ltr'><strong>die</strong></span> <span class='ocrx_word' id='word_1_534' title='bbox 1736 4095 1891 4140; x_wconf 87' lang='lat' dir='ltr'><strong>certo</strong></span> <span class='ocrx_word' id='word_1_535' title='bbox 1939 4099 2039 4155; x_wconf 91' lang='lat' dir='ltr'><strong>per</strong></span> 
     </span>
    </p>
   </div>
   <div class='ocr_carea' id='block_1_74' title="bbox 453 4173 2033 4245">
    <p class='ocr_par' dir='ltr' id='par_1_74' title="bbox 453 4173 2033 4245">
     <span class='ocr_line' id='line_1_74' title="bbox 453 4173 2033 4245; baseline 0.004 -19"><span class='ocrx_word' id='word_1_536' title='bbox 453 4184 685 4238; x_wconf 75' lang='lat' dir='ltr'><strong>annum,</strong></span> <span class='ocrx_word' id='word_1_537' title='bbox 739 4187 848 4241; x_wconf 92' lang='lat' dir='ltr'><strong>quo</strong></span> <span class='ocrx_word' id='word_1_538' title='bbox 895 4173 1069 4242; x_wconf 88' lang='lat' dir='ltr'><strong>ipsam</strong></span> <span class='ocrx_word' id='word_1_539' title='bbox 1124 4189 1336 4230; x_wconf 74' lang='lat' dir='ltr'><strong>cumam</strong></span> <span class='ocrx_word' id='word_1_540' title='bbox 1380 4174 1639 4233; x_wconf 88' lang='lat' dir='ltr'><strong>Dominus</strong></span> <span class='ocrx_word' id='word_1_541' title='bbox 1679 4178 1859 4245; x_wconf 88' lang='lat' dir='ltr'><strong>dedit,</strong></span> <span class='ocrx_word' id='word_1_542' title='bbox 1910 4185 2033 4233; x_wconf 87' lang='lat' dir='ltr'><strong>tan-</strong></span> 
     </span>
    </p>
   </div>
   <div class='ocr_carea' id='block_1_75' title="bbox 454 4262 2039 4339">
    <p class='ocr_par' dir='ltr' id='par_1_75' title="bbox 454 4262 2039 4339">
     <span class='ocr_line' id='line_1_75' title="bbox 454 4262 2039 4339; baseline 0.004 -23"><span class='ocrx_word' id='word_1_543' title='bbox 454 4274 623 4333; x_wconf 76' lang='lat' dir='ltr'><strong>quam</strong></span> <span class='ocrx_word' id='word_1_544' title='bbox 689 4262 759 4316; x_wconf 88' lang='lat' dir='ltr'><strong>ad</strong></span> <span class='ocrx_word' id='word_1_545' title='bbox 822 4262 1177 4335; x_wconf 85' lang='lat' dir='ltr'><strong>insigniorem</strong></span> <span class='ocrx_word' id='word_1_546' title='bbox 1233 4269 1844 4335; x_wconf 88' lang='lat' dir='ltr'><strong>commemorationem,</strong></span> <span class='ocrx_word' id='word_1_547' title='bbox 1912 4278 2039 4339; x_wconf 86' lang='lat' dir='ltr'><strong>post</strong></span> 
     </span>
    </p>
   </div>
   <div class='ocr_carea' id='block_1_76' title="bbox 455 4349 2036 4430">
    <p class='ocr_par' dir='ltr' id='par_1_76' title="bbox 455 4349 2036 4430">
     <span class='ocr_line' id='line_1_76' title="bbox 455 4349 2036 4430; baseline 0.006 -24"><span class='ocrx_word' id='word_1_548' title='bbox 455 4350 612 4407; x_wconf 82' lang='lat' dir='ltr'><strong>cibos</strong></span> <span class='ocrx_word' id='word_1_549' title='bbox 659 4349 844 4408; x_wconf 72' lang='lat' dir='ltr'><strong>offerri</strong></span> <span class='ocrx_word' id='word_1_550' title='bbox 898 4362 955 4408; x_wconf 88' lang='lat' dir='ltr'><strong>et</strong></span> <span class='ocrx_word' id='word_1_551' title='bbox 1013 4355 1183 4424; x_wconf 87' lang='lat' dir='ltr'><strong>accipi</strong></span> <span class='ocrx_word' id='word_1_552' title='bbox 1238 4356 1399 4411; x_wconf 81' lang='lat' dir='ltr'><strong>liceat</strong></span> <span class='ocrx_word' id='word_1_553' title='bbox 1443 4372 1643 4429; x_wconf 82' lang='lat' dir='ltr'><strong>corpus</strong></span> <span class='ocrx_word' id='word_1_554' title='bbox 1697 4367 1754 4414; x_wconf 89' lang='lat' dir='ltr'><strong>et</strong></span> <span class='ocrx_word' id='word_1_555' title='bbox 1813 4361 2036 4430; x_wconf 86' lang='lat' dir='ltr'><strong>sanguis</strong></span> 
     </span>
    </p>
   </div>
   <div class='ocr_carea' id='block_1_77' title="bbox 458 4438 1814 4497">
    <p class='ocr_par' dir='ltr' id='par_1_77' title="bbox 458 4438 1814 4497">
     <span class='ocr_line' id='line_1_77' title="bbox 458 4438 1814 4497; baseline 0.001 -1"><span class='ocrx_word' id='word_1_556' title='bbox 458 4438 695 4497; x_wconf 80' lang='lat' dir='ltr'><strong>Domini.</strong></span> <span class='ocrx_word' id='word_1_557' title='bbox 731 4460 753 4494; x_wconf 70' lang='grc' dir='ltr'><strong><em>ι</em></strong></span> <span class='ocrx_word' id='word_1_558' title='bbox 956 4471 960 4475; x_wconf 92' lang='lat'><strong><em>-</em></strong></span> <span class='ocrx_word' id='word_1_559' title='bbox 1294 4463 1301 4471; x_wconf 56' lang='grc' dir='ltr'><strong><em>ο</em></strong></span> <span class='ocrx_word' id='word_1_560' title='bbox 1443 4470 1447 4475; x_wconf 64' lang='grc' dir='ltr'>τ</span> <span class='ocrx_word' id='word_1_561' title='bbox 1748 4461 1755 4469; x_wconf 88' lang='grc'><strong>·</strong></span> <span class='ocrx_word' id='word_1_562' title='bbox 1811 4463 1814 4466; x_wconf 77' lang='grc'><strong>’</strong></span> 
     </span>
    </p>
   </div>
   <div class='ocr_carea' id='block_1_78' title="bbox 469 4533 2036 4610">
    <p class='ocr_par' dir='ltr' id='par_1_78' title="bbox 469 4533 2036 4610">
     <span class='ocr_line' id='line_1_78' title="bbox 469 4533 2036 4610; baseline 0.006 -21"><span class='ocrx_word' id='word_1_563' title='bbox 469 4564 475 4571; x_wconf 87' lang='grc'><strong><em>-</em></strong></span> <span class='ocrx_word' id='word_1_564' title='bbox 530 4534 675 4590; x_wconf 82' lang='lat' dir='ltr'><strong>Idem</strong></span> <span class='ocrx_word' id='word_1_565' title='bbox 703 4533 820 4593; x_wconf 80' lang='lat' dir='ltr'><strong>fere</strong></span> <span class='ocrx_word' id='word_1_566' title='bbox 850 4535 917 4591; x_wconf 90' lang='lat' dir='ltr'><strong>de</strong></span> <span class='ocrx_word' id='word_1_567' title='bbox 940 4538 1148 4610; x_wconf 82' lang='lat' dir='ltr'><strong>azymis</strong></span> <span class='ocrx_word' id='word_1_568' title='bbox 1178 4538 1423 4609; x_wconf 82' lang='lat' dir='ltr'><strong>contigit.</strong></span> <span class='ocrx_word' id='word_1_569' title='bbox 1460 4541 1595 4610; x_wconf 87' lang='lat' dir='ltr'><strong>Quia</strong></span> <span class='ocrx_word' id='word_1_570' title='bbox 1619 4544 1762 4600; x_wconf 89' lang='lat' dir='ltr'><strong>enim</strong></span> <span class='ocrx_word' id='word_1_571' title='bbox 1786 4543 2036 4601; x_wconf 88' lang='lat' dir='ltr'><strong>Christus</strong></span> 
     </span>
    </p>
   </div>
   <div class='ocr_carea' id='block_1_79' title="bbox 457 4626 2034 4698">
    <p class='ocr_par' dir='ltr' id='par_1_79' title="bbox 457 4626 2034 4698">
     <span class='ocr_line' id='line_1_79' title="bbox 457 4626 2034 4698; baseline 0.005 -18"><span class='ocrx_word' id='word_1_572' title='bbox 457 4639 657 4698; x_wconf 80' lang='lat' dir='ltr'><strong>azymo</strong></span> <span class='ocrx_word' id='word_1_573' title='bbox 710 4641 851 4697; x_wconf 84' lang='lat' dir='ltr'><strong>pane</strong></span> <span class='ocrx_word' id='word_1_574' title='bbox 887 4626 940 4682; x_wconf 92' lang='lat' dir='ltr'><strong>in</strong></span> <span class='ocrx_word' id='word_1_575' title='bbox 980 4628 1321 4686; x_wconf 83' lang='lat' dir='ltr'><strong>Encharistia</strong></span> <span class='ocrx_word' id='word_1_576' title='bbox 1388 4630 1713 4690; x_wconf 86' lang='lat' dir='ltr'><strong>instituenda</strong></span> <span class='ocrx_word' id='word_1_577' title='bbox 1755 4650 1887 4690; x_wconf 91' lang='lat' dir='ltr'><strong>usus</strong></span> <span class='ocrx_word' id='word_1_578' title='bbox 1930 4643 2034 4698; x_wconf 90' lang='lat' dir='ltr'><strong>est,</strong></span> 
     </span>
    </p>
   </div>
   <div class='ocr_carea' id='block_1_80' title="bbox 457 4720 2039 4793">
    <p class='ocr_par' dir='ltr' id='par_1_80' title="bbox 457 4720 2039 4793">
     <span class='ocr_line' id='line_1_80' title="bbox 457 4720 2039 4793; baseline 0.005 -21"><span class='ocrx_word' id='word_1_579' title='bbox 457 4730 587 4772; x_wconf 87' lang='lat' dir='ltr'><strong>eum</strong></span> <span class='ocrx_word' id='word_1_580' title='bbox 640 4733 845 4775; x_wconf 89' lang='lat' dir='ltr'><strong>morem</strong></span> <span class='ocrx_word' id='word_1_581' title='bbox 895 4720 1206 4777; x_wconf 84' lang='lat' dir='ltr'><strong>observavit</strong></span> <span class='ocrx_word' id='word_1_582' title='bbox 1264 4722 1458 4779; x_wconf 88' lang='lat' dir='ltr'><strong>Latina</strong></span> <span class='ocrx_word' id='word_1_583' title='bbox 1498 4725 1761 4793; x_wconf 86' lang='lat' dir='ltr'><strong>Ecclesia,</strong></span> <span class='ocrx_word' id='word_1_584' title='bbox 1811 4742 1918 4782; x_wconf 88' lang='lat' dir='ltr'><strong>non</strong></span> <span class='ocrx_word' id='word_1_585' title='bbox 1968 4727 2039 4781; x_wconf 86' lang='lat' dir='ltr'><strong>oh</strong></span> 
     </span>
    </p>
   </div>
   <div class='ocr_carea' id='block_1_81' title="bbox 460 4808 2033 4887">
    <p class='ocr_par' dir='ltr' id='par_1_81' title="bbox 460 4808 2033 4887">
     <span class='ocr_line' id='line_1_81' title="bbox 460 4808 2033 4887; baseline 0.006 -24"><span class='ocrx_word' id='word_1_586' title='bbox 460 4808 695 4879; x_wconf 77' lang='lat' dir='ltr'><strong>exempli</strong></span> <span class='ocrx_word' id='word_1_587' title='bbox 738 4813 1145 4879; x_wconf 89' lang='lat' dir='ltr'><strong>necessitatem,</strong></span> <span class='ocrx_word' id='word_1_588' title='bbox 1178 4814 1272 4869; x_wconf 88' lang='lat' dir='ltr'><strong>sed</strong></span> <span class='ocrx_word' id='word_1_589' title='bbox 1303 4816 1371 4871; x_wconf 87' lang='lat' dir='ltr'><strong>ad</strong></span> <span class='ocrx_word' id='word_1_590' title='bbox 1418 4834 1437 4868; x_wconf 76' lang='lat' dir='ltr'>c</span> <span class='ocrx_word' id='word_1_591' title='bbox 1484 4816 1839 4887; x_wconf 85' lang='lat' dir='ltr'><strong>insigniorcm</strong></span> <span class='ocrx_word' id='word_1_592' title='bbox 1876 4837 1894 4871; x_wconf 78' lang='grc' dir='ltr'><strong><em>ι</em></strong></span> <span class='ocrx_word' id='word_1_593' title='bbox 1933 4818 2033 4873; x_wconf 82' lang='lat' dir='ltr'><strong>Do-</strong></span> 
     </span>
    </p>
   </div>
   <div class='ocr_carea' id='block_1_82' title="bbox 460 4901 2037 4984">
    <p class='ocr_par' dir='ltr' id='par_1_82' title="bbox 460 4901 2037 4984">
     <span class='ocr_line' id='line_1_82' title="bbox 460 4901 2037 4984; baseline 0.006 -29"><span class='ocrx_word' id='word_1_594' title='bbox 460 4901 934 4984; x_wconf 65' lang='lat' dir='ltr'><strong>miniciexempli</strong></span> <span class='ocrx_word' id='word_1_595' title='bbox 983 4925 1005 4957; x_wconf 83' lang='grc'><em>‹</em></span> <span class='ocrx_word' id='word_1_596' title='bbox 1073 4906 1664 4964; x_wconf 87' lang='lat' dir='ltr'><strong>commemorationem.</strong></span> <span class='ocrx_word' id='word_1_597' title='bbox 1715 4928 1735 4962; x_wconf 69' lang='grc' dir='ltr'><strong><em>ι</em></strong></span> <span class='ocrx_word' id='word_1_598' title='bbox 1790 4910 1858 4965; x_wconf 85' lang='lat' dir='ltr'><strong>At</strong></span> <span class='ocrx_word' id='word_1_599' title='bbox 1911 4912 2037 4982; x_wconf 87' lang='lat' dir='ltr'><strong>quia</strong></span> 
     </span>
    </p>
   </div>
   <div class='ocr_carea' id='block_1_83' title="bbox 459 4991 2043 5071">
    <p class='ocr_par' dir='ltr' id='par_1_83' title="bbox 459 4991 2043 5071">
     <span class='ocr_line' id='line_1_83' title="bbox 459 4991 2043 5071; baseline 0.002 -21"><span class='ocrx_word' id='word_1_600' title='bbox 459 4991 736 5058; x_wconf 81' lang='lat' dir='ltr'><strong>Christus,</strong></span> <span class='ocrx_word' id='word_1_601' title='bbox 760 5009 828 5049; x_wconf 83' lang='lat' dir='ltr'><strong>ex</strong></span> <span class='ocrx_word' id='word_1_602' title='bbox 859 4996 1148 5052; x_wconf 88' lang='lat' dir='ltr'><strong>occasione</strong></span> <span class='ocrx_word' id='word_1_603' title='bbox 1193 5007 1428 5061; x_wconf 89' lang='lat' dir='ltr'><strong>tantum,</strong></span> <span class='ocrx_word' id='word_1_604' title='bbox 1460 4999 1731 5069; x_wconf 84' lang='lat' dir='ltr'><strong>paschalis</strong></span> <span class='ocrx_word' id='word_1_605' title='bbox 1767 4998 1893 5054; x_wconf 85' lang='lat' dir='ltr'><strong>festi</strong></span> <span class='ocrx_word' id='word_1_606' title='bbox 1920 5016 2043 5071; x_wconf 79' lang='lat' dir='ltr'><strong>azy-</strong></span> 
     </span>
    </p>
   </div>
   <div class='ocr_carea' id='block_1_84' title="bbox 461 5073 2042 5160">
    <p class='ocr_par' dir='ltr' id='par_1_84' title="bbox 461 5073 2042 5160">
     <span class='ocr_line' id='line_1_84' title="bbox 461 5073 2042 5160; baseline 0.001 -19"><span class='ocrx_word' id='word_1_607' title='bbox 461 5098 616 5141; x_wconf 87' lang='lat' dir='ltr'><strong>mum</strong></span> <span class='ocrx_word' id='word_1_608' title='bbox 647 5073 839 5154; x_wconf 86' lang='lat' dir='ltr'><strong>panem</strong></span> <span class='ocrx_word' id='word_1_609' title='bbox 883 5085 1215 5144; x_wconf 77' lang='lat' dir='ltr'><strong>fermentata</strong></span> <span class='ocrx_word' id='word_1_610' title='bbox 1245 5089 1572 5160; x_wconf 83' lang='lat' dir='ltr'><strong>praetulerat,</strong></span> <span class='ocrx_word' id='word_1_611' title='bbox 1614 5090 1817 5146; x_wconf 72' lang='lat' dir='ltr'><strong>Grzrcis</strong></span> <span class='ocrx_word' id='word_1_612' title='bbox 1867 5081 2042 5145; x_wconf 84' lang='lat' dir='ltr'><strong>visum</strong></span> 
     </span>
    </p>
   </div>
   <div class='ocr_carea' id='block_1_85' title="bbox 459 5162 2045 5251">
    <p class='ocr_par' dir='ltr' id='par_1_85' title="bbox 459 5162 2045 5251">
     <span class='ocr_line' id='line_1_85' title="bbox 459 5162 2045 5251; baseline 0.001 -15"><span class='ocrx_word' id='word_1_613' title='bbox 459 5185 552 5236; x_wconf 78' lang='lat' dir='ltr'><strong>est</strong></span> <span class='ocrx_word' id='word_1_614' title='bbox 577 5162 685 5233; x_wconf 84' lang='lat' dir='ltr'><strong>non</strong></span> <span class='ocrx_word' id='word_1_615' title='bbox 704 5174 971 5234; x_wconf 38' lang='lat' dir='ltr'><strong>‘teneri&#39;se</strong></span> <span class='ocrx_word' id='word_1_616' title='bbox 998 5178 1180 5234; x_wconf 87' lang='lat' dir='ltr'><strong>hacin</strong></span> <span class='ocrx_word' id='word_1_617' title='bbox 1210 5188 1368 5250; x_wconf 86' lang='lat' dir='ltr'><strong>parte</strong></span> <span class='ocrx_word' id='word_1_618' title='bbox 1407 5181 1656 5251; x_wconf 80' lang='lat' dir='ltr'><strong>exemplo</strong></span> <span class='ocrx_word' id='word_1_619' title='bbox 1687 5182 1912 5245; x_wconf 87' lang='lat' dir='ltr'><strong>Christi,</strong></span> <span class='ocrx_word' id='word_1_620' title='bbox 1945 5197 2045 5237; x_wconf 90' lang='lat' dir='ltr'><strong>nec</strong></span> 
     </span>
    </p>
   </div>
   <div class='ocr_carea' id='block_1_86' title="bbox 462 5253 2049 5347">
    <p class='ocr_par' dir='ltr' id='par_1_86' title="bbox 462 5253 2049 5347">
     <span class='ocr_line' id='line_1_86' title="bbox 462 5253 2049 5347; baseline 0.001 -22"><span class='ocrx_word' id='word_1_621' title='bbox 462 5282 621 5347; x_wconf 62' lang='lat' dir='ltr'><strong>nova</strong></span> <span class='ocrx_word' id='word_1_622' title='bbox 654 5253 794 5338; x_wconf 86' lang='lat' dir='ltr'><strong>legis</strong></span> <span class='ocrx_word' id='word_1_623' title='bbox 834 5267 1140 5324; x_wconf 87' lang='lat' dir='ltr'><strong>libertatem</strong></span> <span class='ocrx_word' id='word_1_624' title='bbox 1189 5258 1578 5328; x_wconf 79' lang='lat' dir='ltr'><strong>Judaicoritui</strong></span> <span class='ocrx_word' id='word_1_625' title='bbox 1630 5269 2049 5347; x_wconf 55' lang='lat' dir='ltr'><strong>subjiciendam.‘</strong></span> 
     </span>
    </p>
   </div>
   <div class='ocr_carea' id='block_1_87' title="bbox 463 5345 2013 5394">
    <p class='ocr_par' dir='ltr' id='par_1_87' title="bbox 463 5345 2013 5394">
     <span class='ocr_line' id='line_1_87' title="bbox 463 5345 2013 5394; baseline 0 0"><span class='ocrx_word' id='word_1_626' title='bbox 463 5345 712 5394; x_wconf 63' lang='lat' dir='ltr'><strong>Illa-anna</strong></span> <span class='ocrx_word' id='word_1_627' title='bbox 739 5348 952 5394; x_wconf 65' lang='lat' dir='ltr'><strong>orn-munt</strong></span> <span class='ocrx_word' id='word_1_628' title='bbox 966 5360 1033 5392; x_wconf 38' lang='lat' dir='ltr'><strong>&quot;tit</strong></span> <span class='ocrx_word' id='word_1_629' title='bbox 1050 5375 1069 5392; x_wconf 74' lang='grc' dir='ltr'>ἰ</span> <span class='ocrx_word' id='word_1_630' title='bbox 1085 5358 1322 5394; x_wconf 69' lang='grc' dir='ltr'><strong>ΙηηῖΙῖι-ηη</strong></span> <span class='ocrx_word' id='word_1_631' title='bbox 1377 5370 1607 5394; x_wconf 58' lang='grc' dir='ltr'><strong>..σκέπη-Α</strong></span> <span class='ocrx_word' id='word_1_632' title='bbox 1627 5345 1891 5394; x_wconf 40' lang='lat' dir='ltr'><strong>mnnknhil:</strong></span> <span class='ocrx_word' id='word_1_633' title='bbox 1958 5377 2013 5394; x_wconf 76' lang='lat' dir='ltr'><strong>nn</strong></span> 
     </span>
    </p>
   </div>
   <div class='ocr_carea' id='block_1_88' title="bbox 2132 3159 3719 3231">
    <p class='ocr_par' dir='ltr' id='par_1_88' title="bbox 2132 3159 3719 3231">
     <span class='ocr_line' id='line_1_88' title="bbox 2132 3159 3719 3231; baseline 0 -15"><span class='ocrx_word' id='word_1_634' title='bbox 2132 3161 2449 3217; x_wconf 84' lang='lat' dir='ltr'><strong>charistiam</strong></span> <span class='ocrx_word' id='word_1_635' title='bbox 2495 3159 2788 3217; x_wconf 87' lang='lat' dir='ltr'><strong>conficiant</strong></span> <span class='ocrx_word' id='word_1_636' title='bbox 2820 3178 2834 3214; x_wconf 91' lang='lat'><strong>:</strong></span> <span class='ocrx_word' id='word_1_637' title='bbox 2866 3159 3135 3216; x_wconf 87' lang='lat' dir='ltr'><strong>Nimirum</strong></span> <span class='ocrx_word' id='word_1_638' title='bbox 3188 3178 3209 3213; x_wconf 70' lang='grc' dir='ltr'>ι</span> <span class='ocrx_word' id='word_1_639' title='bbox 3250 3161 3394 3231; x_wconf 89' lang='lat' dir='ltr'><strong>quod</strong></span> <span class='ocrx_word' id='word_1_640' title='bbox 3432 3161 3719 3216; x_wconf 85' lang='lat' dir='ltr'><strong>veteribus</strong></span> 
     </span>
    </p>
   </div>
   <div class='ocr_carea' id='block_1_89' title="bbox 2132 3242 3715 3327">
    <p class='ocr_par' dir='ltr' id='par_1_89' title="bbox 2132 3242 3715 3327">
     <span class='ocr_line' id='line_1_89' title="bbox 2132 3242 3715 3327; baseline -0.001 -17"><span class='ocrx_word' id='word_1_641' title='bbox 2132 3244 2473 3311; x_wconf 81' lang='lat' dir='ltr'><strong>caeremoniis</strong></span> <span class='ocrx_word' id='word_1_642' title='bbox 2509 3255 2767 3312; x_wconf 86' lang='lat' dir='ltr'><strong>Dominus</strong></span> <span class='ocrx_word' id='word_1_643' title='bbox 2808 3242 2968 3317; x_wconf 84' lang='lat' dir='ltr'><strong>finem</strong></span> <span class='ocrx_word' id='word_1_644' title='bbox 3004 3270 3233 3327; x_wconf 88' lang='lat' dir='ltr'><strong>ponens,</strong></span> <span class='ocrx_word' id='word_1_645' title='bbox 3266 3263 3554 3325; x_wconf 77' lang='lat' dir='ltr'><strong>postquam</strong></span> <span class='ocrx_word' id='word_1_646' title='bbox 3580 3246 3715 3309; x_wconf 87' lang='lat' dir='ltr'><strong>cum</strong></span> 
     </span>
    </p>
   </div>
   <div class='ocr_carea' id='block_1_90' title="bbox 2133 3344 3718 3420">
    <p class='ocr_par' dir='ltr' id='par_1_90' title="bbox 2133 3344 3718 3420">
     <span class='ocr_line' id='line_1_90' title="bbox 2133 3344 3718 3420; baseline -0.002 -18"><span class='ocrx_word' id='word_1_647' title='bbox 2133 3348 2340 3420; x_wconf 81' lang='lat' dir='ltr'><strong>azymis</strong></span> <span class='ocrx_word' id='word_1_648' title='bbox 2364 3362 2561 3419; x_wconf 87' lang='lat' dir='ltr'><strong>agnum</strong></span> <span class='ocrx_word' id='word_1_649' title='bbox 2594 3346 2851 3409; x_wconf 85' lang='lat' dir='ltr'><strong>comedit,</strong></span> <span class='ocrx_word' id='word_1_650' title='bbox 2884 3347 2953 3403; x_wconf 89' lang='lat' dir='ltr'><strong>de</strong></span> <span class='ocrx_word' id='word_1_651' title='bbox 3000 3345 3190 3401; x_wconf 89' lang='lat' dir='ltr'><strong>eodem</strong></span> <span class='ocrx_word' id='word_1_652' title='bbox 3222 3346 3382 3417; x_wconf 83' lang='lat' dir='ltr'><strong>pane,</strong></span> <span class='ocrx_word' id='word_1_653' title='bbox 3412 3344 3538 3416; x_wconf 87' lang='lat' dir='ltr'><strong>quia</strong></span> <span class='ocrx_word' id='word_1_654' title='bbox 3574 3345 3718 3400; x_wconf 85' lang='lat' dir='ltr'><strong>alius</strong></span> 
     </span>
    </p>
   </div>
   <div class='ocr_carea' id='block_1_91' title="bbox 2135 3435 3720 3509">
    <p class='ocr_par' dir='ltr' id='par_1_91' title="bbox 2135 3435 3720 3509">
     <span class='ocr_line' id='line_1_91' title="bbox 2135 3435 3720 3509; baseline -0.004 -14"><span class='ocrx_word' id='word_1_655' title='bbox 2135 3456 2242 3495; x_wconf 92' lang='lat' dir='ltr'><strong>non</strong></span> <span class='ocrx_word' id='word_1_656' title='bbox 2283 3440 2476 3496; x_wconf 91' lang='lat' dir='ltr'><strong>aderat</strong></span> <span class='ocrx_word' id='word_1_657' title='bbox 2520 3454 2623 3495; x_wconf 90' lang='lat' dir='ltr'><strong>nec</strong></span> <span class='ocrx_word' id='word_1_658' title='bbox 2671 3438 2969 3495; x_wconf 85' lang='lat' dir='ltr'><strong>secundum</strong></span> <span class='ocrx_word' id='word_1_659' title='bbox 3006 3437 3180 3509; x_wconf 78' lang='lat' dir='ltr'><strong>legem</strong></span> <span class='ocrx_word' id='word_1_660' title='bbox 3226 3452 3387 3508; x_wconf 85' lang='lat' dir='ltr'><strong>quam</strong></span> <span class='ocrx_word' id='word_1_661' title='bbox 3429 3435 3720 3506; x_wconf 76' lang='lat' dir='ltr'><strong>implebat,</strong></span> 
     </span>
    </p>
   </div>
   <div class='ocr_carea' id='block_1_92' title="bbox 2136 3526 3725 3601">
    <p class='ocr_par' dir='ltr' id='par_1_92' title="bbox 2136 3526 3725 3601">
     <span class='ocr_line' id='line_1_92' title="bbox 2136 3526 3725 3601; baseline -0.004 -16"><span class='ocrx_word' id='word_1_662' title='bbox 2136 3530 2316 3585; x_wconf 88' lang='lat' dir='ltr'><strong>induci</strong></span> <span class='ocrx_word' id='word_1_663' title='bbox 2360 3537 2490 3586; x_wconf 89' lang='lat' dir='ltr'><strong>tunc</strong></span> <span class='ocrx_word' id='word_1_664' title='bbox 2519 3535 2755 3601; x_wconf 86' lang='lat' dir='ltr'><strong>poterat,</strong></span> <span class='ocrx_word' id='word_1_665' title='bbox 2796 3527 3042 3598; x_wconf 82' lang='lat' dir='ltr'><strong>corporis</strong></span> <span class='ocrx_word' id='word_1_666' title='bbox 3072 3526 3155 3582; x_wconf 88' lang='lat' dir='ltr'><strong>sui</strong></span> <span class='ocrx_word' id='word_1_667' title='bbox 3187 3532 3532 3582; x_wconf 82' lang='lat' dir='ltr'><strong>sacramenta</strong></span> <span class='ocrx_word' id='word_1_668' title='bbox 3579 3538 3725 3579; x_wconf 61' lang='lat' dir='ltr'><strong>con»</strong></span> 
     </span>
    </p>
   </div>
   <div class='ocr_carea' id='block_1_93' title="bbox 2137 3615 3721 3693">
    <p class='ocr_par' dir='ltr' id='par_1_93' title="bbox 2137 3615 3721 3693">
     <span class='ocr_line' id='line_1_93' title="bbox 2137 3615 3721 3693; baseline -0.004 -17"><span class='ocrx_word' id='word_1_669' title='bbox 2137 3621 2376 3686; x_wconf 87' lang='lat' dir='ltr'><strong>tradidit,</strong></span> <span class='ocrx_word' id='word_1_670' title='bbox 2407 3635 2721 3693; x_wconf 77' lang='lat' dir='ltr'><strong>azymorum</strong></span> <span class='ocrx_word' id='word_1_671' title='bbox 2747 3618 2940 3685; x_wconf 81' lang='lat' dir='ltr'><strong>illatio,</strong></span> <span class='ocrx_word' id='word_1_672' title='bbox 2970 3632 3092 3690; x_wconf 70' lang='lat' dir='ltr'><strong>quae</strong></span> <span class='ocrx_word' id='word_1_673' title='bbox 3115 3626 3245 3673; x_wconf 92' lang='lat' dir='ltr'><strong>tunc</strong></span> <span class='ocrx_word' id='word_1_674' title='bbox 3268 3615 3439 3671; x_wconf 87' lang='lat' dir='ltr'><strong>adfuit</strong></span> <span class='ocrx_word' id='word_1_675' title='bbox 3468 3615 3721 3670; x_wconf 87' lang='lat' dir='ltr'><strong>necessi-</strong></span> 
     </span>
    </p>
   </div>
   <div class='ocr_carea' id='block_1_94' title="bbox 2139 3705 3725 3787">
    <p class='ocr_par' dir='ltr' id='par_1_94' title="bbox 2139 3705 3725 3787">
     <span class='ocr_line' id='line_1_94' title="bbox 2139 3705 3725 3787; baseline -0.005 -19"><span class='ocrx_word' id='word_1_676' title='bbox 2139 3713 2257 3777; x_wconf 89' lang='lat' dir='ltr'><strong>tati,</strong></span> <span class='ocrx_word' id='word_1_677' title='bbox 2288 3726 2396 3768; x_wconf 93' lang='lat' dir='ltr'><strong>non</strong></span> <span class='ocrx_word' id='word_1_678' title='bbox 2450 3712 2534 3767; x_wconf 87' lang='lat' dir='ltr'><strong>eis</strong></span> <span class='ocrx_word' id='word_1_679' title='bbox 2566 3711 2801 3787; x_wconf 83' lang='lat' dir='ltr'><strong>_videtur_</strong></span> <span class='ocrx_word' id='word_1_680' title='bbox 2851 3708 2920 3764; x_wconf 81' lang='lat' dir='ltr'><strong>ad</strong></span> <span class='ocrx_word' id='word_1_681' title='bbox 2984 3708 3381 3764; x_wconf 87' lang='lat' dir='ltr'><strong>institutionem</strong></span> <span class='ocrx_word' id='word_1_682' title='bbox 3435 3705 3725 3779; x_wconf 88' lang='lat' dir='ltr'><strong>pertinere</strong></span> 
     </span>
    </p>
   </div>
   <div class='ocr_carea' id='block_1_95' title="bbox 2136 3796 3721 3879">
    <p class='ocr_par' dir='ltr' id='par_1_95' title="bbox 2136 3796 3721 3879">
     <span class='ocr_line' id='line_1_95' title="bbox 2136 3796 3721 3879; baseline -0.008 -16"><span class='ocrx_word' id='word_1_683' title='bbox 2136 3804 2402 3879; x_wconf 88' lang='lat' dir='ltr'><strong>mysterii.</strong></span> <span class='ocrx_word' id='word_1_684' title='bbox 2424 3796 2427 3799; x_wconf 62' lang='grc'><em>’</em></span> <span class='ocrx_word' id='word_1_685' title='bbox 2449 3804 2606 3861; x_wconf 87' lang='lat' dir='ltr'><strong>Sicut</strong></span> <span class='ocrx_word' id='word_1_686' title='bbox 2639 3802 2894 3859; x_wconf 83' lang='lat' dir='ltr'><strong>buccellae</strong></span> <span class='ocrx_word' id='word_1_687' title='bbox 2930 3801 3201 3865; x_wconf 87' lang='lat' dir='ltr'><strong>intinctio,</strong></span> <span class='ocrx_word' id='word_1_688' title='bbox 3239 3814 3346 3855; x_wconf 92' lang='lat' dir='ltr'><strong>non</strong></span> <span class='ocrx_word' id='word_1_689' title='bbox 3384 3796 3721 3854; x_wconf 87' lang='lat' dir='ltr'><strong>sacramenti</strong></span> 
     </span>
    </p>
   </div>
   <div class='ocr_carea' id='block_1_96' title="bbox 2137 3887 3763 3969">
    <p class='ocr_par' dir='ltr' id='par_1_96' title="bbox 2137 3887 3763 3969">
     <span class='ocr_line' id='line_1_96' title="bbox 2137 3887 3763 3969; baseline -0.006 -17"><span class='ocrx_word' id='word_1_690' title='bbox 2137 3897 2450 3969; x_wconf 88' lang='lat' dir='ltr'><strong>peragendi,</strong></span> <span class='ocrx_word' id='word_1_691' title='bbox 2480 3895 2574 3953; x_wconf 89' lang='lat' dir='ltr'><strong>sed</strong></span> <span class='ocrx_word' id='word_1_692' title='bbox 2609 3894 2759 3951; x_wconf 71' lang='lat' dir='ltr'><strong>inda:</strong></span> <span class='ocrx_word' id='word_1_693' title='bbox 2784 3893 3104 3964; x_wconf 87' lang='lat' dir='ltr'><strong>proditionis</strong></span> <span class='ocrx_word' id='word_1_694' title='bbox 3132 3890 3233 3948; x_wconf 89' lang='lat' dir='ltr'><strong>fuit</strong></span> <span class='ocrx_word' id='word_1_695' title='bbox 3264 3891 3524 3947; x_wconf 87' lang='lat' dir='ltr'><strong>ostensio.</strong></span> <span class='ocrx_word' id='word_1_696' title='bbox 3554 3906 3575 3941; x_wconf 73' lang='grc' dir='ltr'><strong><em>ι</em></strong></span> <span class='ocrx_word' id='word_1_697' title='bbox 3605 3887 3723 3943; x_wconf 81' lang='lat' dir='ltr'><strong>Ea-</strong></span> <span class='ocrx_word' id='word_1_698' title='bbox 3756 3924 3763 3927; x_wconf 50' lang='grc' dir='ltr'><em>ν</em></span> 
     </span>
    </p>
   </div>
   <div class='ocr_carea' id='block_1_97' title="bbox 2139 3985 3725 4056">
    <p class='ocr_par' dir='ltr' id='par_1_97' title="bbox 2139 3985 3725 4056">
     <span class='ocr_line' id='line_1_97' title="bbox 2139 3985 3725 4056; baseline -0.007 -8"><span class='ocrx_word' id='word_1_699' title='bbox 2139 3993 2261 4047; x_wconf 91' lang='lat' dir='ltr'><strong>dem</strong></span> <span class='ocrx_word' id='word_1_700' title='bbox 2296 3999 2380 4047; x_wconf 87' lang='lat' dir='ltr'><strong>est</strong></span> <span class='ocrx_word' id='word_1_701' title='bbox 2424 3990 2693 4047; x_wconf 89' lang='lat' dir='ltr'><strong>sententia</strong></span> <span class='ocrx_word' id='word_1_702' title='bbox 2731 3987 2972 4043; x_wconf 89' lang='lat' dir='ltr'><strong>omnium</strong></span> <span class='ocrx_word' id='word_1_703' title='bbox 3012 3985 3404 4056; x_wconf 86' lang='lat' dir='ltr'><strong>theologorum,</strong></span> <span class='ocrx_word' id='word_1_704' title='bbox 3446 3997 3571 4038; x_wconf 93' lang='lat' dir='ltr'><strong>cum</strong></span> <span class='ocrx_word' id='word_1_705' title='bbox 3622 3995 3725 4037; x_wconf 83' lang='lat' dir='ltr'><strong>re-</strong></span> 
     </span>
    </p>
   </div>
   <div class='ocr_carea' id='block_1_98' title="bbox 2136 4068 3722 4149">
    <p class='ocr_par' dir='ltr' id='par_1_98' title="bbox 2136 4068 3722 4149">
     <span class='ocr_line' id='line_1_98' title="bbox 2136 4068 3722 4149; baseline -0.005 -14"><span class='ocrx_word' id='word_1_706' title='bbox 2136 4080 2375 4135; x_wconf 88' lang='lat' dir='ltr'><strong>centium</strong></span> <span class='ocrx_word' id='word_1_707' title='bbox 2412 4089 2523 4135; x_wconf 92' lang='lat' dir='ltr'><strong>tum</strong></span> <span class='ocrx_word' id='word_1_708' title='bbox 2554 4079 2921 4149; x_wconf 90' lang='lat' dir='ltr'><strong>antiquorum,</strong></span> <span class='ocrx_word' id='word_1_709' title='bbox 2957 4075 3155 4145; x_wconf 83' lang='lat' dir='ltr'><strong>quibus</strong></span> <span class='ocrx_word' id='word_1_710' title='bbox 3187 4068 3402 4129; x_wconf 86' lang='lat' dir='ltr'><strong>accedit</strong></span> <span class='ocrx_word' id='word_1_711' title='bbox 3422 4070 3722 4127; x_wconf 83' lang='lat' dir='ltr'><strong>concilium</strong></span> 
     </span>
    </p>
   </div>
   <div class='ocr_carea' id='block_1_99' title="bbox 2135 4154 3729 4239">
    <p class='ocr_par' dir='ltr' id='par_1_99' title="bbox 2135 4154 3729 4239">
     <span class='ocr_line' id='line_1_99' title="bbox 2135 4154 3729 4239; baseline -0.007 -11"><span class='ocrx_word' id='word_1_712' title='bbox 2135 4173 2538 4237; x_wconf 89' lang='lat' dir='ltr'><strong>Florentinnm,</strong></span> <span class='ocrx_word' id='word_1_713' title='bbox 2565 4170 2719 4239; x_wconf 74' lang='lat' dir='ltr'><strong>cuius</strong></span> <span class='ocrx_word' id='word_1_714' title='bbox 2744 4154 3067 4225; x_wconf 83' lang='lat' dir='ltr'><strong>auctoritate</strong></span> <span class='ocrx_word' id='word_1_715' title='bbox 3110 4165 3341 4238; x_wconf 85' lang='lat' dir='ltr'><strong>probata</strong></span> <span class='ocrx_word' id='word_1_716' title='bbox 3373 4172 3458 4222; x_wconf 87' lang='lat' dir='ltr'><strong>est</strong></span> <span class='ocrx_word' id='word_1_717' title='bbox 3497 4162 3729 4221; x_wconf 64' lang='lat' dir='ltr'><strong>Ganeo—</strong></span> 
     </span>
    </p>
   </div>
   <div class='ocr_carea' id='block_1_100' title="bbox 2138 4260 3385 4320">
    <p class='ocr_par' dir='ltr' id='par_1_100' title="bbox 2138 4260 3385 4320">
     <span class='ocr_line' id='line_1_100' title="bbox 2138 4260 3385 4320; baseline -0.004 0"><span class='ocrx_word' id='word_1_718' title='bbox 2138 4280 2258 4320; x_wconf 87' lang='lat' dir='ltr'><strong>rum</strong></span> <span class='ocrx_word' id='word_1_719' title='bbox 2288 4260 2644 4320; x_wconf 86' lang='lat' dir='ltr'><strong>consuetudo.</strong></span> <span class='ocrx_word' id='word_1_720' title='bbox 3246 4284 3249 4285; x_wconf 51' lang='grc' dir='ltr'><em>ν</em></span> <span class='ocrx_word' id='word_1_721' title='bbox 3304 4302 3309 4315; x_wconf 86' lang='lat'><strong>.</strong></span> <span class='ocrx_word' id='word_1_722' title='bbox 3377 4294 3385 4303; x_wconf 70' lang='grc' dir='ltr'><strong><em>ς</em></strong></span> 
     </span>
    </p>
   </div>
   <div class='ocr_carea' id='block_1_101' title="bbox 2209 4342 3724 4417">
    <p class='ocr_par' dir='ltr' id='par_1_101' title="bbox 2209 4342 3724 4417">
     <span class='ocr_line' id='line_1_101' title="bbox 2209 4342 3724 4417; baseline -0.009 -8"><span class='ocrx_word' id='word_1_723' title='bbox 2209 4353 2410 4409; x_wconf 82' lang='lat' dir='ltr'><strong>Eodem</strong></span> <span class='ocrx_word' id='word_1_724' title='bbox 2451 4352 2633 4407; x_wconf 90' lang='lat' dir='ltr'><strong>animo</strong></span> <span class='ocrx_word' id='word_1_725' title='bbox 2678 4348 2854 4407; x_wconf 74' lang='lat' dir='ltr'><strong>affecti</strong></span> <span class='ocrx_word' id='word_1_726' title='bbox 2883 4355 3006 4405; x_wconf 85' lang='lat' dir='ltr'><strong>sunt</strong></span> <span class='ocrx_word' id='word_1_727' title='bbox 3046 4345 3220 4403; x_wconf 71' lang='lat' dir='ltr'><strong>Graeci</strong></span> <span class='ocrx_word' id='word_1_728' title='bbox 3249 4342 3627 4417; x_wconf 83' lang='lat' dir='ltr'><strong>prudentiores</strong></span> <span class='ocrx_word' id='word_1_729' title='bbox 3655 4355 3724 4396; x_wconf 87' lang='lat' dir='ltr'><strong>ac</strong></span> 
     </span>
    </p>
   </div>
   <div class='ocr_carea' id='block_1_102' title="bbox 2144 4435 3729 4521">
    <p class='ocr_par' dir='ltr' id='par_1_102' title="bbox 2144 4435 3729 4521">
     <span class='ocr_line' id='line_1_102' title="bbox 2144 4435 3729 4521; baseline -0.007 -21"><span class='ocrx_word' id='word_1_730' title='bbox 2144 4444 2531 4501; x_wconf 89' lang='lat' dir='ltr'><strong>moderatiores</strong></span> <span class='ocrx_word' id='word_1_731' title='bbox 2555 4444 2756 4515; x_wconf 85' lang='lat' dir='ltr'><strong>quique</strong></span> <span class='ocrx_word' id='word_1_732' title='bbox 2792 4442 2843 4497; x_wconf 94' lang='lat' dir='ltr'><strong>in</strong></span> <span class='ocrx_word' id='word_1_733' title='bbox 2893 4456 3141 4512; x_wconf 82' lang='lat' dir='ltr'><strong>azymum</strong></span> <span class='ocrx_word' id='word_1_734' title='bbox 3171 4439 3513 4521; x_wconf 84' lang='lat' dir='ltr'><strong>Latinorum.</strong></span> <span class='ocrx_word' id='word_1_735' title='bbox 3544 4435 3729 4490; x_wconf 81' lang='lat' dir='ltr'><strong>Theo-</strong></span> 
     </span>
    </p>
   </div>
   <div class='ocr_carea' id='block_1_103' title="bbox 2141 4528 3725 4612">
    <p class='ocr_par' dir='ltr' id='par_1_103' title="bbox 2141 4528 3725 4612">
     <span class='ocr_line' id='line_1_103' title="bbox 2141 4528 3725 4612; baseline -0.006 -18"><span class='ocrx_word' id='word_1_736' title='bbox 2141 4539 2425 4612; x_wconf 82' lang='lat' dir='ltr'><strong>phylactus</strong></span> <span class='ocrx_word' id='word_1_737' title='bbox 2453 4538 2506 4594; x_wconf 92' lang='lat' dir='ltr'><strong>in</strong></span> <span class='ocrx_word' id='word_1_738' title='bbox 2540 4537 2787 4595; x_wconf 89' lang='lat' dir='ltr'><strong>oratione</strong></span> <span class='ocrx_word' id='word_1_739' title='bbox 2810 4536 2875 4591; x_wconf 89' lang='lat' dir='ltr'><strong>ad</strong></span> <span class='ocrx_word' id='word_1_740' title='bbox 2904 4536 3184 4592; x_wconf 84' lang='lat' dir='ltr'><strong>Nicolaum</strong></span> <span class='ocrx_word' id='word_1_741' title='bbox 3217 4534 3536 4597; x_wconf 90' lang='lat' dir='ltr'><strong>diaconum,</strong></span> <span class='ocrx_word' id='word_1_742' title='bbox 3565 4528 3725 4599; x_wconf 86' lang='lat' dir='ltr'><strong>cujus</strong></span> 
     </span>
    </p>
   </div>
   <div class='ocr_carea' id='block_1_104' title="bbox 2140 4622 3731 4701">
    <p class='ocr_par' dir='ltr' id='par_1_104' title="bbox 2140 4622 3731 4701">
     <span class='ocr_line' id='line_1_104' title="bbox 2140 4622 3731 4701; baseline -0.006 -16"><span class='ocrx_word' id='word_1_743' title='bbox 2140 4631 2411 4686; x_wconf 88' lang='lat' dir='ltr'><strong>orationis</strong></span> <span class='ocrx_word' id='word_1_744' title='bbox 2438 4629 2802 4701; x_wconf 85' lang='lat' dir='ltr'><strong>fragmentum</strong></span> <span class='ocrx_word' id='word_1_745' title='bbox 2825 4637 3006 4684; x_wconf 77' lang='lat' dir='ltr'><strong>exstat</strong></span> <span class='ocrx_word' id='word_1_746' title='bbox 3038 4627 3091 4681; x_wconf 91' lang='lat' dir='ltr'><strong>in</strong></span> <span class='ocrx_word' id='word_1_747' title='bbox 3120 4626 3215 4681; x_wconf 91' lang='lat' dir='ltr'><strong>lib.</strong></span> <span class='ocrx_word' id='word_1_748' title='bbox 3245 4640 3279 4679; x_wconf 91' lang='lat' dir='ltr'><strong>v</strong></span> <span class='ocrx_word' id='word_1_749' title='bbox 3300 4622 3448 4681; x_wconf 83' lang='lat' dir='ltr'><strong>Juris</strong></span> <span class='ocrx_word' id='word_1_750' title='bbox 3473 4622 3731 4678; x_wconf 87' lang='lat' dir='ltr'><strong>Orienta-</strong></span> 
     </span>
    </p>
   </div>
   <div class='ocr_carea' id='block_1_105' title="bbox 2144 4710 3734 4790">
    <p class='ocr_par' dir='ltr' id='par_1_105' title="bbox 2144 4710 3734 4790">
     <span class='ocr_line' id='line_1_105' title="bbox 2144 4710 3734 4790; baseline -0.004 -16"><span class='ocrx_word' id='word_1_751' title='bbox 2144 4721 2234 4786; x_wconf 90' lang='lat' dir='ltr'><strong>lis,</strong></span> <span class='ocrx_word' id='word_1_752' title='bbox 2277 4720 2715 4790; x_wconf 86' lang='lat' dir='ltr'><strong>intcmpestivum</strong></span> <span class='ocrx_word' id='word_1_753' title='bbox 2759 4720 2935 4774; x_wconf 87' lang='lat' dir='ltr'><strong>zelum</strong></span> <span class='ocrx_word' id='word_1_754' title='bbox 2979 4710 3220 4783; x_wconf 81' lang='lat' dir='ltr'><strong>suorum,</strong></span> <span class='ocrx_word' id='word_1_755' title='bbox 3259 4717 3351 4787; x_wconf 88' lang='lat' dir='ltr'><strong>qui</strong></span> <span class='ocrx_word' id='word_1_756' title='bbox 3392 4714 3601 4770; x_wconf 83' lang='lat' dir='ltr'><strong>Latinis</strong></span> <span class='ocrx_word' id='word_1_757' title='bbox 3626 4728 3734 4767; x_wconf 77' lang='lat' dir='ltr'><strong>va-</strong></span> 
     </span>
    </p>
   </div>
   <div class='ocr_carea' id='block_1_106' title="bbox 2146 4805 3731 4878">
    <p class='ocr_par' dir='ltr' id='par_1_106' title="bbox 2146 4805 3731 4878">
     <span class='ocr_line' id='line_1_106' title="bbox 2146 4805 3731 4878; baseline -0.006 -12"><span class='ocrx_word' id='word_1_758' title='bbox 2146 4812 2258 4867; x_wconf 87' lang='lat' dir='ltr'><strong>rios</strong></span> <span class='ocrx_word' id='word_1_759' title='bbox 2306 4810 2444 4865; x_wconf 88' lang='lat' dir='ltr'><strong>ritus</strong></span> <span class='ocrx_word' id='word_1_760' title='bbox 2479 4826 2507 4864; x_wconf 89' lang='lat' dir='ltr'><strong>a</strong></span> <span class='ocrx_word' id='word_1_761' title='bbox 2546 4809 2879 4866; x_wconf 69' lang='lat' dir='ltr'><strong>Grascanicis</strong></span> <span class='ocrx_word' id='word_1_762' title='bbox 2925 4809 3322 4878; x_wconf 83' lang='lat' dir='ltr'><strong>discrepantes,</strong></span> <span class='ocrx_word' id='word_1_763' title='bbox 3363 4806 3418 4861; x_wconf 91' lang='lat' dir='ltr'><strong>in</strong></span> <span class='ocrx_word' id='word_1_764' title='bbox 3465 4805 3552 4860; x_wconf 89' lang='lat' dir='ltr'><strong>bis</strong></span> <span class='ocrx_word' id='word_1_765' title='bbox 3599 4818 3731 4875; x_wconf 77' lang='lat' dir='ltr'><strong>azy-</strong></span> 
     </span>
    </p>
   </div>
   <div class='ocr_carea' id='block_1_107' title="bbox 2147 4897 3725 4974">
    <p class='ocr_par' dir='ltr' id='par_1_107' title="bbox 2147 4897 3725 4974">
     <span class='ocr_line' id='line_1_107' title="bbox 2147 4897 3725 4974; baseline -0.007 -15"><span class='ocrx_word' id='word_1_766' title='bbox 2147 4920 2360 4960; x_wconf 89' lang='lat' dir='ltr'><strong>morum</strong></span> <span class='ocrx_word' id='word_1_767' title='bbox 2404 4919 2564 4959; x_wconf 81' lang='lat' dir='ltr'><strong>usum</strong></span> <span class='ocrx_word' id='word_1_768' title='bbox 2602 4903 3011 4974; x_wconf 79' lang='lat' dir='ltr'><strong>imprOperant,</strong></span> <span class='ocrx_word' id='word_1_769' title='bbox 3051 4899 3292 4972; x_wconf 81' lang='lat' dir='ltr'><strong>graviter</strong></span> <span class='ocrx_word' id='word_1_770' title='bbox 3339 4897 3725 4969; x_wconf 86' lang='lat' dir='ltr'><strong>reprehendit;</strong></span> 
     </span>
    </p>
   </div>
   <div class='ocr_carea' id='block_1_108' title="bbox 2145 4989 3731 5065">
    <p class='ocr_par' dir='ltr' id='par_1_108' title="bbox 2145 4989 3731 5065">
     <span class='ocr_line' id='line_1_108' title="bbox 2145 4989 3731 5065; baseline -0.007 -14"><span class='ocrx_word' id='word_1_771' title='bbox 2145 5011 2379 5065; x_wconf 85' lang='lat' dir='ltr'><strong>eumque</strong></span> <span class='ocrx_word' id='word_1_772' title='bbox 2425 5003 2644 5051; x_wconf 76' lang='lat' dir='ltr'><strong>secutus</strong></span> <span class='ocrx_word' id='word_1_773' title='bbox 2696 4993 2999 5048; x_wconf 89' lang='lat' dir='ltr'><strong>Demetrius</strong></span> <span class='ocrx_word' id='word_1_774' title='bbox 3039 4991 3403 5046; x_wconf 89' lang='lat' dir='ltr'><strong>Chomatenus</strong></span> <span class='ocrx_word' id='word_1_775' title='bbox 3440 4989 3731 5059; x_wconf 80' lang='lat' dir='ltr'><strong>episcOpns</strong></span> 
     </span>
    </p>
   </div>
   <div class='ocr_carea' id='block_1_109' title="bbox 2147 5075 3731 5156">
    <p class='ocr_par' dir='ltr' id='par_1_109' title="bbox 2147 5075 3731 5156">
     <span class='ocr_line' id='line_1_109' title="bbox 2147 5075 3731 5156; baseline -0.006 -17"><span class='ocrx_word' id='word_1_776' title='bbox 2147 5085 2525 5156; x_wconf 77' lang='lat' dir='ltr'><strong>Bulgarorum.</strong></span> <span class='ocrx_word' id='word_1_777' title='bbox 2581 5083 2804 5139; x_wconf 69' lang='lat' dir='ltr'><strong>Graccus</strong></span> <span class='ocrx_word' id='word_1_778' title='bbox 2857 5079 3210 5140; x_wconf 81' lang='lat' dir='ltr'><strong>Theotianus,</strong></span> <span class='ocrx_word' id='word_1_779' title='bbox 3268 5078 3323 5133; x_wconf 91' lang='lat' dir='ltr'><strong>in</strong></span> <span class='ocrx_word' id='word_1_780' title='bbox 3378 5075 3609 5149; x_wconf 89' lang='lat' dir='ltr'><strong>epistola</strong></span> <span class='ocrx_word' id='word_1_781' title='bbox 3658 5075 3731 5131; x_wconf 87' lang='lat' dir='ltr'><strong>ad</strong></span> 
     </span>
    </p>
   </div>
   <div class='ocr_carea' id='block_1_110' title="bbox 2148 5166 3735 5243">
    <p class='ocr_par' dir='ltr' id='par_1_110' title="bbox 2148 5166 3735 5243">
     <span class='ocr_line' id='line_1_110' title="bbox 2148 5166 3735 5243; baseline -0.008 -12"><span class='ocrx_word' id='word_1_782' title='bbox 2148 5177 2458 5232; x_wconf 87' lang='lat' dir='ltr'><strong>sacerdotes</strong></span> <span class='ocrx_word' id='word_1_783' title='bbox 2499 5175 2590 5243; x_wconf 89' lang='lat' dir='ltr'><strong>qui</strong></span> <span class='ocrx_word' id='word_1_784' title='bbox 2630 5174 2684 5228; x_wconf 92' lang='lat' dir='ltr'><strong>in</strong></span> <span class='ocrx_word' id='word_1_785' title='bbox 2730 5166 3007 5227; x_wconf 84' lang='lat' dir='ltr'><strong>montanis</strong></span> <span class='ocrx_word' id='word_1_786' title='bbox 3034 5169 3321 5240; x_wconf 81' lang='lat' dir='ltr'><strong>degebant,</strong></span> <span class='ocrx_word' id='word_1_787' title='bbox 3352 5168 3430 5223; x_wconf 90' lang='lat' dir='ltr'><strong>ait</strong></span> <span class='ocrx_word' id='word_1_788' title='bbox 3467 5181 3735 5238; x_wconf 82' lang='lat' dir='ltr'><strong>superva-</strong></span> 
     </span>
    </p>
   </div>
   <div class='ocr_carea' id='block_1_111' title="bbox 2150 5257 3733 5332">
    <p class='ocr_par' dir='ltr' id='par_1_111' title="bbox 2150 5257 3733 5332">
     <span class='ocr_line' id='line_1_111' title="bbox 2150 5257 3733 5332; baseline -0.007 -8"><span class='ocrx_word' id='word_1_789' title='bbox 2150 5283 2381 5324; x_wconf 84' lang='lat' dir='ltr'><strong>caneum</strong></span> <span class='ocrx_word' id='word_1_790' title='bbox 2436 5282 2558 5322; x_wconf 83' lang='lat' dir='ltr'><strong>esse</strong></span> <span class='ocrx_word' id='word_1_791' title='bbox 2620 5264 2950 5320; x_wconf 88' lang='lat' dir='ltr'><strong>contendere</strong></span> <span class='ocrx_word' id='word_1_792' title='bbox 2994 5277 3122 5316; x_wconf 89' lang='lat' dir='ltr'><strong>num</strong></span> <span class='ocrx_word' id='word_1_793' title='bbox 3172 5275 3326 5316; x_wconf 87' lang='lat' dir='ltr'><strong>sacra</strong></span> <span class='ocrx_word' id='word_1_794' title='bbox 3374 5257 3629 5332; x_wconf 84' lang='lat' dir='ltr'><strong>mysteria</strong></span> <span class='ocrx_word' id='word_1_795' title='bbox 3661 5273 3733 5313; x_wconf 76' lang='lat' dir='ltr'><strong>ex</strong></span> 
     </span>
    </p>
   </div>
   <div class='ocr_carea' id='block_1_112' title="bbox 2149 5349 3731 5394">
    <p class='ocr_par' dir='ltr' id='par_1_112' title="bbox 2149 5349 3731 5394">
     <span class='ocr_line' id='line_1_112' title="bbox 2149 5349 3731 5394; baseline 0 0"><span class='ocrx_word' id='word_1_796' title='bbox 2149 5372 2341 5394; x_wconf 69' lang='grc' dir='ltr'><strong>ανηγιηη</strong></span> <span class='ocrx_word' id='word_1_797' title='bbox 2412 5371 2476 5394; x_wconf 67' lang='lat' dir='ltr'><strong>rm</strong></span> <span class='ocrx_word' id='word_1_798' title='bbox 2536 5370 2600 5394; x_wconf 71' lang='grc' dir='ltr'><strong>ρτ</strong></span> <span class='ocrx_word' id='word_1_799' title='bbox 2655 5354 2983 5394; x_wconf 70' lang='grc' dir='ltr'><strong>Γρντηριιιιδιη</strong></span> <span class='ocrx_word' id='word_1_800' title='bbox 3038 5351 3190 5394; x_wconf 75' lang='lat' dir='ltr'><strong>ﬂant-</strong></span> <span class='ocrx_word' id='word_1_801' title='bbox 3249 5349 3376 5394; x_wconf 66' lang='lat' dir='ltr'><strong>Mihi</strong></span> <span class='ocrx_word' id='word_1_802' title='bbox 3430 5363 3560 5394; x_wconf 73' lang='lat' dir='ltr'><strong>vero</strong></span> <span class='ocrx_word' id='word_1_803' title='bbox 3614 5362 3731 5394; x_wconf 65' lang='lat' dir='ltr'><strong>nm!</strong></span> 
     </span>
    </p>
   </div>
  </div>
