4064 5394
258 307 395 363 1‘25?

1249 326 1637 382 MABILLONII
1679 322 2083 392 msuusmo
2120 311 2207 383 in:
2245 331 2502 387 anno.

3371 329 3512 392 £138

260 425 564 494 probasset,
617 429 731 485 hac
781 434 931 490 addit
975 454 988 488 :
1027 456 1044 489 ι
1075 437 1297 496 Latinos
1345 457 1471 498 vero
1523 443 1578 497 in
1622 451 1828 496 tantum
1859 439 1912 498 Δ
2008 441 2082 494 Ex
2112 442 2312 499 Graeci:
2348 444 2682 509 Barlaamus,
2722 447 2942 502 ineunte
2986 445 3181 500 sarculo
3230 461 3344 510 xiv,
3389 448 3509 516 epi-

261 520 640 588 prudentiores
692 527 932 595 :estimo,
992 532 1135 600 quod
1189 532 1263 587 illi
1328 535 1545 606 quidem
1609 537 1878 591 minime'

261 611 495 666 hostiam
546 614 614 670 de
671 615 998 676 fermentato
1051 625 1379 694 vituperant,
1428 629 1524 683 sed
1578 629 1834 684 similiter

259 713 607 758 venerantur.
655 725 674 757 ι
711 707 951 779 Denique
979 722 1036 767 ut
1061 715 1195 771 alios
1221 717 1528 786 complures
1547 721 1821 785 omittam,

258 794 554 864 Gregorius
612 797 1048 873 Protosyncellus
1113 808 1167 863 in
1233 811 1494 878 Apologia
1569 813 1832 867 adversus

258 885 542 956 epistolam
571 890 736 948 Marci
777 893 1060 964 Ephesini.
1087 900 1359 977 ἀδιάφορον
1389 917 1485 958 seu
1519 901 1834 960 indifferens

256 979 855 1053 :estimatsacrilieium,
871 988 984 1044 sive
1000 989 1054 1044 in
1071 1005 1281 1063 azymo,
1297 995 1412 1050 sive
1435 995 1486 1048 in
1503 994 1832 1051 fermentalo

256 1085 399 1140 pane
433 1072 770 1133 conﬁciatur.
993 1135 995 1137 ,
1477 1103 1484 1108 ·

330 1159 406 1216 Ex
435 1164 520 1219 his
552 1165 851 1238 intelligere
888 1169 1016 1227 licet
1057 1175 1484 1232 controversiam
1527 1179 1594 1232 de
1641 1193 1834 1250 ezymo

257 1263 313 1306 et
342 1252 664 1315 fermentato
691 1275 830 1330 pane
855 1265 1108 1320 sacriﬁcii
1147 1282 1264 1322 esse
1291 1271 1642 1337 quaestionem
1667 1271 1838 1326 histo-

265 1345 362 1399 rici
399 1345 548 1409 facti,
590 1357 878 1421 utrumque
922 1370 1020 1424 pro
1057 1358 1204 1410 varia
1249 1367 1549 1428 temporum
1592 1375 1654 1414 ac
1691 1359 1834 1414 loco-

263 1451 384 1491 rum
421 1439 854 1499 consideratione
885 1448 1135 1516 usurpari
1172 1449 1242 1504 ab
1278 1448 1520 1504 Ecclesia
1565 1451 1831 1520 potuisse,

258 1529 510 1598 equidem
561 1547 716 1587 suum
766 1536 958 1603 cuique
983 1539 1226 1595 societati
1253 1555 1455 1595 morem
1488 1543 1834 1606 servandum,

259 1635 361 1674 nec
387 1621 527 1675 inter
570 1639 665 1679 eos
699 1627 789 1696 qui
817 1629 1029 1686 diverso
1053 1646 1193 1701 pane
1227 1641 1453 1689 utuntur
1491 1633 1615 1690 lites
1643 1634 1745 1689 hac
1770 1634 1836 1690 de

257 1726 320 1766 re
345 1715 621 1771 serend’as.
1827 1723 1831 1728 ⁷

1936 549 2130 602 scopus
2155 533 2516 600 Hieracensis,
2542 537 2593 589 in
2616 535 2842 605 epistola
2865 536 2930 590 ad
2953 536 3171 592 Graecos
3191 549 3288 606 pro
3311 535 3508 589 unione

1934 626 2217 695 utriusque
2263 625 2534 690 Ecclesiae,
2578 627 2851 682 existimat
2902 627 3150 682 fermenti
3183 643 3336 680 usum
3369 627 3510 697 apud

1933 713 2154 770 Graecos
2191 715 2261 770 ab
2308 716 2464 770 initio
2515 717 2804 772 invaluisse
2831 759 2846 783 ,
2894 717 2971 773 uti
3009 716 3510 791 azymorumlapud

1935 803 2179 860 Latinos.
2218 824 2236 857 ι
2282 805 2570 873 Quoniam,
2622 808 3088 879 inquit,'apostoli
3134 807 3321 862 eadem
3367 808 3511 861 enim

1934 897 2211 952 tradentes
2245 897 2497 968 mysteria
2529 913 2635 951 non
2674 897 3035 952 distinxerunt
3067 899 3178 952 sive
3223 897 3513 952 fermenta-

1935 995 2049 1040 tum
2078 987 2192 1042 sive
2221 1003 2469 1059 azymum
2497 1005 2511 1054 ;
2545 988 2833 1044 Orientalis
2870 989 3107 1043 Ecclesia
3136 988 3394 1044 continuo
3422 1000 3516 1042 ce-

1933 1078 2014 1148 pit
2057 1078 2473 1142 fermentatum,
2523 1079 2885 1136 Occidentalis
2937 1095 3067 1134 vero
3116 1095 3399 1151 azymum,
3448 1092 3514 1134 eo

1935 1170 2076 1239 quod
2117 1172 2257 1241 gerit
2287 1158 2574 1244 imaginem
2614 1173 2887 1242 puritatis,
2923 1171 3253 1226 sinceritatis
3280 1179 3334 1225 et
3367 1171 3514 1224 veri-

1937 1260 2084 1316 tatis.
2133 1279 2152 1313 ι
2187 1262 2386 1317 Eadem
2423 1271 2506 1318 est
2531 1264 2799 1318 sententia
2835 1262 3079 1332 Gregorii
3126 1262 3516 1334 Protosyncelli

1936 1351 1990 1406 in
2021 1353 2370 1423 responsione
2403 1354 2469 1407 ad
2507 1355 2788 1421 epistolam
2821 1353 2985 1408 Marci
3023 1354 3294 1422 Ephesini,
3322 1354 3410 1408 ubi
3439 1351 3518 1407 ait

1935 1443 2151 1500 Grzecos
2180 1445 2447 1500 fermento
2471 1447 2537 1501 ab
2572 1449 2792 1504 exordio
2821 1464 2964 1514 usos,
2995 1461 3111 1501 eam
3141 1463 3355 1518 semper
3379 1463 3514 1502 con-

1937 1525 2278 1593 suetudinem
2304 1539 2613 1593 retinuisse.
3363 1603 3368 1609 ι

1948 1621 1950 1624 ’
2009 1626 2210 1682 Contra
2243 1644 2372 1683 vero
2411 1628 2686 1684 Cortesius
2727 1629 2900 1684 Brana
2934 1627 3334 1692 Mazaracenus,
3369 1625 3516 1681 Gras-

1938 1731 2124 1773 carum
2165 1718 2471 1774 litterarum
2523 1718 2799 1789 professor
2856 1721 2908 1774 in
2966 1717 3179 1789 publico
3236 1717 3518 1790 gymnasio

329 1801 667 1873 Quapropter
716 1807 1126 1866 immoderatum
1152 1829 1340 1868 eorum
1364 1815 1536 1870 ze‘um
1562 1816 1702 1870 ferre
1730 1830 1834 1870 non
1867 1788 1908 1846 Β
1940 1810 2310 1880 Neapolitano,
2344 1811 2396 1864 in
2437 1810 2616 1866 libello
2661 1813 2728 1866 de
2757 1811 2958 1866 Graeca
3005 1823 3062 1866 et
3099 1811 3304 1885 Latina:
3335 1809 3517 1864 missae

256 1908 475 1960 possum
507 1897 601 1965 qui
632 1898 784 1954 nefas
833 1911 1024 1972 putant
1069 1905 1317 1960 dulntare
1351 1923 1419 1961 an
1457 1907 1697 1963 Ecclesia
1733 1908 1840 1962 La-

259 1986 372 2040 tina
403 1987 564 2042 alium
592 2006 787 2061 panem
823 1995 1134 2051 adhibuerit
1163 2014 1324 2068 quam
1362 2015 1636 2071 azymum,
1678 2001 1835 2072 quasi

255 2086 354 2132 aut
379 2073 686 2136 necessaria
727 2083 843 2156 lege
868 2088 1077 2159 azymis
1109 2089 1327 2144 addicta
1364 2090 1531 2146 fuerit
1556 2094 1625 2148 ab
1655 2092 1831 2158 initio,

256 2176 352 2222 aut
395 2169 518 2225 ﬁdei
545 2174 793 2244 dogmata
841 2178 1111 2246 pertineat
1159 2194 1474 2252 azymorum
1519 2200 1674 2241 usus.
1705 2185 1836 2253 Quae

256 2260 501 2313 sanelior
532 2267 851 2321 constitutio
879 2283 999 2324 esse
1029 2280 1245 2339 poterat
1277 2289 1436 2343 quam
1468 2292 1587 2344 quae
1615 2277 1683 2333 ab
1707 2292 1838 2347 apo-

256 2350 412 2406 stolis
441 2352 678 2412 dictante
705 2357 904 2428 Spiritu
933 2371 1120 2418 saucto
1153 2363 1296 2420 facta
1319 2374 1424 2430 est,
1452 2367 1834 2426 abstinendum

254 2458 378 2498 esse
405 2461 432 2498 a
464 2450 726 2519 sanguine
754 2463 809 2507 et
841 2454 1145 2511 sufl‘oeato?
1179 2458 1245 2512 Et
1282 2469 1462 2516 tamen
1491 2461 1574 2515 lex
1599 2461 1688 2516 illa
1715 2478 1836 2532 qua:

257 2553 359 2605 per
398 2541 564 2595 multa
591 2543 784 2598 saecula
816 2545 870 2598 in
898 2545 1140 2602 Ecclesia
1166 2549 1360 2620 viguit,
1387 2552 1591 2607 servari
1621 2554 1834 2608 tandem

255 2629 439 2686 desiit.
473 2632 669 2700 Quidni
695 2637 856 2692 etiam
881 2637 934 2692 in
966 2654 1282 2709 azymorum
1312 2658 1410 2698 usu
1444 2643 1675 2713 idipsum
1700 2658 1831 2699 con-

256 2722 469 2788 tingere
495 2727 706 2793 putuit?
734 2728 886 2796 Quod
908 2731 952 2785 si
975 2733 1168 2801 potuit,
1194 2749 1293 2789 cur
1317 2750 1380 2790 ea
1401 2735 1467 2790 de
1493 2752 1550 2792 re
1576 2738 1834 2807 quaestio-

256 2828 382 2867 nem
407 2830 625 2873 movere
650 2834 756 2874 non
787 2815 951 2876 licet?

862 2978 1092 3036 CAPUT
1129 2981 1212 3036 lii.

369 3113 452 3166 An
479 3111 651 3169 Gnaei
674 3116 745 3170 ab.
764 3117 910 3171 initio
932 3115 1182 3174 Ecclesia!
1204 3120 1458 3190 fermento
1495 3123 1576 3177 usi
1604 3125 1725 3179 sint.

334 3267 446 3321 Etsi
475 3269 639 3335 Beda,
688 3270 737 3324 in
771 3271 1023 3326 Historiae
1049 3288 1158 3328 suae
1181 3271 1272 3328 lib.
1305 3291 1358 3328 tv
1386 3291 1506 3346 cap.
1553 3279 1604 3332 l.
1652 3287 1841 3335 auctor

260 3366 346 3410 est
371 3355 590 3414 Graecos
614 3379 632 3412 ‹
674 3361 792 3416 ﬁdei
820 3362 1093 3416 contraria
1131 3362 1436 3420 admiscere
1460 3367 1670 3432 solitos,
1708 3389 1725 3420 ι
1759 3376 1841 3423 ta-

265 3465 388 3503 men
417 3449 617 3506 G'l‘aber
660 3451 946 3518 Rodulfus,
987 3454 1039 3507 in
1087 3452 1180 3510 lib.
1212 3470 1245 3508 v
1275 3471 1395 3525 cap.
1438 3457 1488 3522 l,
1529 3472 1622 3512 eos
1660 3457 1842 3514 lattdat

266 3542 369 3596 hoc
415 3545 631 3599 nomine
666 3546 809 3615 quod
847 3547 986 3616 apud
1025 3561 1121 3602 eos
1161 3566 1179 3599 ι
1225 3563 1440 3617 semper
1481 3558 1636 3604 tenor
1669 3551 1844 3606 eccle-

266 3631 522 3686 siasticus
551 3634 864 3690 cautissime
893 3635 1144 3704 viguerit.
1179 3655 1198 3692 ι
1236 3638 1416 3708 Atque
1463 3648 1522 3694 ut
1573 3640 1843 3709 proclives

267 3720 476 3776 fuerint
497 3723 565 3778 ad
594 3739 729 3780 nova
757 3724 1014 3792 dicenda,
1064 3737 1214 3784 certe
1260 3729 1463 3784 rituum
1492 3746 1716 3786 suorum
1748 3748 1843 3788 eos

267 3828 484 3883 semper
525 3817 981 3872 retinentissimus
1021 3817 1187 3875 fuisse
1224 3830 1456 3876 constat.
1504 3821 1638 3880 Hinc
1687 3825 1842 3880 nobis

267 3905 444 3975 primo
495 3905 615 3962 loco
665 3908 1043 3978 inquirendum
1099 3919 1181 3965 est
1231 3927 1298 3966 an
1359 3913 1609 3970 fermenti
1659 3931 1841 3982 usmn,

268 4013 430 4067 quem
460 3998 664 4055 Latinae
688 4001 945 4056 Ecclesia:
986 4010 1136 4058 tanto
1167 4004 1444 4060 molimine
1465 4007 1532 4062 ab
1559 4008 1842 4064 undecimo

269 4088 469 4145 smcnlo
499 4091 775 4162 imponere
816 4095 993 4150 conati
1033 4107 1180 4161 sunt,
1226 4097 1294 4152 ab
1327 4108 1447 4152 ortu
1481 4100 1738 4154 Ecclesiae
1765 4112 1844 4155 te-

271 4179 509 4246 nuerint,
540 4197 607 4236 an
635 4198 785 4247 vero,
816 4186 1047 4254 receptis
1079 4187 1368 4256 aliquando
1393 4188 1617 4256 azymis,
1658 4201 1841 4256 postea

271 4268 627 4328 fermentatos
672 4290 843 4344 panes
892 4277 1230 4332 admiserint.
1279 4275 1471 4334 Varias
1519 4278 1621 4334 hac
1670 4280 1735 4334 de
1784 4295 1843 4336 re

271 4373 550 4418 auctorum
601 4368 918 4435 sententias,
954 4378 1063 4424 tum
1124 4385 1238 4425 rem
1300 4370 1471 4442 ipsam
1535 4375 1842 4430 considere-

273 4468 414 4506 lllllS.
547 4507 552 4514 _
853 4511 855 4513 .

342 4548 692 4605 innocentius
739 4567 875 4623 papa
906 4552 1000 4619 ill,
1037 4554 1088 4608 in
1121 4554 1214 4610 lib.
1250 4571 1303 4609 tv
1334 4555 1400 4612 de
1432 4555 1592 4612 Missa
1629 4575 1752 4629 Cap.
1782 4560 1840 4624 4,

273 4639 552 4696 existimat
592 4640 812 4699 Grmcos
847 4663 864 4696 ‹
896 4653 1184 4715 postquam
1225 4647 1464 4701 tunicam
1511 4647 1721 4704 Domini
1761 4651 1842 4705 in-

273 4729 596 4783 eonsutiiem
628 4731 949 4798 diviserunt,
984 4743 1041 4786 ut
1077 4743 1351 4804 perpetua:
1385 4735 1661 4792 divisionis
1689 4753 1846 4794 scan-

275 4820 453 4876 dalum
485 4822 912 4891 interponerent,
959 4826 1214 4882 sacrilicii
1265 4827 1428 4881 ritum
1486 4836 1687 4883 temere
1730 4847 1846 4884 mu-

277 4921 438 4976 tasse,
476 4933 494 4965 ι
538 4915 743 4970 scilicet
784 4915 902 4970 loco
945 4932 1256 4988 azymorum
1317 4917 1627 4974 adhibendo
1677 4935 1846 4989 panes

282 5004 658 5064 fermentatos.
697 5005 930 5074 Iacchus
968 5008 1036 5063 de
1070 5007 1333 5075 Vitriaco,
1366 5010 1418 5064 in
1451 5008 1701 5064 Historiae
1743 5011 1850 5069 0c-

276 5095 559 5152 cidentalis
592 5113 713 5168 cap.
751 5100 842 5166 58,
895 5100 1083 5155 iisdem
1119 5097 1233 5154 fere
1269 5101 1448 5156 verbis
1481 5100 1724 5156 eamdem
1755 5119 1852 5161 ex-

274 5189 427 5256 ponit
451 5189 800 5254 sententiam,
822 5190 1076 5244 nimirum
1098 5187 1318 5246 Graecos
1339 5197 1464 5260 post
1485 5191 1848 5252 secessionem

265 5296 294 5334 a
336 5275 548 5332 Latinis
578 5277 839 5335 defecisse
869 5278 937 5333 ab
965 5293 1064 5333 usu
1098 5292 1432 5347 azymorum,
1472 5297 1492 5330 ι
1539 5293 1607 5333 ne
1651 5279 1852 5341 Roma-

265 5383 469 5394 _-._...“
535 5366 828 5394 ΩΑΑΙΑηὲιι-..ι
880 5367 1082 5394 ἔ...2ι..-.2
1137 5366 1454 5394 ονὲᾹΑ--..ιη-
1520 5387 1535 5394 -
1590 5368 1701 5394 Π..-

1937 1917 2242 1969 consensu,
2289 1901 2446 1957 docet
2492 1918 2614 1958 cum
2664 1903 2832 1968 Soto,
2886 1903 2939 1957 in
2995 1903 3030 1956 ι
3085 1899 3472 1957 sententiarum
3501 1939 3516 1958 .

1936 2001 2223 2062 utramque
2255 1992 2550 2048 Ecclesiam
2599 1993 2754 2048 initio
2783 1995 3208 2049 sacratissimam
3253 1990 3518 2046 Euchari-

1937 2083 2097 2139 stiam
2130 2083 2182 2138 in
2211 2083 2415 2155 azymis
2453 2082 2790 2150 confecisse;
2825 2084 2916 2138 sed
2952 2093 3137 2153 postea
3168 2083 3238 2138 ob
3273 2081 3517 2136 hzeresim

1937 2173 2312 2229 Ebionitarum
2338 2219 2354 2244 ,
2395 2175 2487 2244 qui
2537 2175 2726 2246 legalia
2779 2174 3039 2230 servanda
3086 2189 3206 2230 esse
3245 2171 3519 2235 volebant,

1937 2267 2198 2338 ahjecisse
2229 2283 2443 2339 azymos
2471 2283 2638 2339 panes
2663 2285 2676 2334 ;
2726 2278 2836 2323 tum
2867 2269 3055 2324 haeresi
3082 2269 3348 2322 exstincta
3377 2265 3523 2320 Lati-

1937 2373 2064 2412 nam
2113 2358 2339 2413 rediiSse
2381 2359 2447 2414 ad
2477 2375 2720 2432 azymos,
2752 2359 2996 2417 Graecam
3024 2374 3153 2415 vero
3185 2359 3240 2414 in
3269 2358 3523 2413 fermenti

1936 2464 2038 2503 usu
2069 2463 2470 2518 perseverasse.
2963 2456 2966 2458 ⁷
3205 2501 3207 2504 i
3517 2441 3519 2444 ⁴

2008 2539 2281 2608 Expositis
2328 2552 2607 2594 auctorum
2653 2541 2820 2595 variis
2865 2541 3192 2606 sententiis,
3225 2540 3525 2594 observan-

1939 2633 2066 2687 dum
2114 2643 2199 2688 est
2242 2632 2573 2688 Orientalem
2619 2633 2916 2689 Ecclesiam
2961 2635 3030 2688 ab
3078 2634 3197 2704 ipso
3247 2632 3526 2708 nascentis

1939 2720 2262 2777 Christianae
2310 2721 2587 2792 religionis
2641 2723 2908 2792 principio
2957 2722 3213 2777 habuisse
3263 2721 3402 2776 ritus
3456 2721 3526 2774 ab

1941 2812 2274 2869 Occidentali
2325 2813 2586 2868 diversos.
2634 2813 2732 2868 Cui
2783 2814 2859 2868 rei
2908 2824 3228 2884 argumento
3275 2821 3360 2868 est
3407 2822 3520 2867 tum

1934 2905 2310 2962 controversia
2359 2905 2424 2959 de
2469 2903 2753 2972 Pascliate,
2801 2920 2920 2975 quae
2968 2907 3109 2959 inter
3155 2905 3429 2958 Asiaticos
3471 2911 3527 2956 et

1942 2997 2214 3052 Victorem
2271 3009 2464 3065 papam
2525 2993 2809 3058 efferbuit,
2864 3003 2974 3049 lum
3037 2994 3224 3050 Ιηηωί
3285 2994 3523 3069 episcopi

1941 3086 2316 3156 Lugdunensis
2347 3084 2594 3158 epistola,
2625 3085 2777 3156 cujus
2822 3086 3186 3156 fragmentum
3230 3083 3396 3138 refert
3422 3083 3526 3137 Eu-

1866 3166 1909 3228 C
1941 3181 2124 3236 sebius
2155 3179 2422 3251 Pamphili
2470 3180 2522 3234 in
2570 3179 2820 3235 Historiae
2863 3195 2976 3234 sua:
3019 3178 3112 3233 lib.
3161 3193 3214 3240 v,
3268 3175 3522 3245 eap."21.

1943 3271 2145 3326 Scribit
2171 3271 2368 3342 quippe
2405 3272 2457 3325 in
2487 3285 2550 3325 ea
2580 3270 2801 3342 epistola
2834 3270 3068 3326 lrenzeus
3106 3287 3124 3320 ε
3171 3269 3386 3323 beatum
3425 3266 3530 3319 Po-

1941 3363 2215 3435 lycarpum
2244 3362 2453 3418 Aniceti
2485 3377 2637 3432 papa:
2676 3361 3006 3430 temporibus
3035 3359 3264 3416 Romam
3292 3357 3526 3424 venisse,

1943 3461 2108 3523 atque
2139 3453 2281 3509 inter
2310 3453 2432 3509 illos
2472 3469 2595 3509 cum
2635 3454 2701 3508 de
2745 3452 3030 3518 Paschale,
3073 3461 3184 3506 tum
3215 3450 3280 3505 de
3309 3439 3528 3519 quibus?
3569 3463 3572 3466 ’

1943 3545 2068 3600 dam
2123 3545 2244 3600 aliis
2293 3547 2456 3601 rebus
2507 3546 2770 3601 modicam
2830 3544 2998 3599 fuisse
3055 3540 3523 3603 controversiam;

1942 3653 2006 3692 ac
2031 3638 2214 3694 statim
2245 3647 2430 3693 mutuo
2458 3639 2606 3709 pacis
2636 3637 2822 3694 osculo
2848 3651 2970 3692 sese
3006 3634 3333 3705 complexos,
3377 3648 3528 3687 com-

1943 3730 2248 3785 municasse
2297 3731 2397 3785 sibi
2445 3731 2700 3796 invicem,
2745 3739 2800 3785 et
2853 3729 3140 3784 Anicetum
3195 3727 3248 3780 in
3283 3723 3524 3779 Ecclesia

1943 3820 2294 3879 consecrandi
2326 3835 2520 3875 munus
2549 3819 2846 3890 Polycarpo
2875 3819 3095 3874 honoris
3117 3831 3280 3872 causa
3308 3829 3528 3870 conces.

1943 3913 2100 3966 sisse.
2145 3930 2166 3965 ι
2224 3911 2336 3966 Etsi
2373 3926 2503 3966 vero
2554 3927 2658 3966 non
2702 3910 2957 3982 exprimit
3001 3909 3231 3965 lrenarus
3279 3922 3525 3978 quamam

1943 4003 2147 4058 fuerint
2174 4002 2281 4057 alia
2330 4001 2418 4056 illa
2458 4003 2654 4072 capita,
2695 4002 2747 4055 in
2788 4001 2982 4069 quibus
3027 4000 3286 4055 Anicetus
3315 4014 3342 4051 a
3375 3997 3527 4068 Poly-

1943 4107 2111 4162 carpo
2139 4092 2454 4156 dissidebat,
2487 4091 2813 4160 conjectura:
2861 4101 3039 4145 tamen
3081 4090 3233 4146 locus
3279 4105 3400 4145 esse
3432 4104 3522 4163 pug

1945 4191 2052 4237 test
2100 4183 2153 4237 in
2199 4183 2284 4237 his
2338 4182 2507 4239 fuisse
2570 4182 2862 4240 discrimen
2922 4182 3076 4252 panis
3134 4182 3482 4237 eucharistici
3513 4223 3527 4246 ,

1943 4289 2105 4345 quem
2134 4283 2365 4348 utraque
2398 4275 2634 4331 Ecclesia
2669 4276 2941 4331 diversum
2968 4274 3280 4330 adhibebat.

2019 4367 2168 4424 Hane
2222 4365 2582 4435 conjecturam
2623 4370 2777 4440 juvat
2833 4369 3085 4440 Origenis
3135 4367 3428 4422 auctoritas
3477 4367 3526 4419 in

1949 4458 2182 4514 Μαιηιωὶ
2215 4468 2377 4530 caput
2418 4476 2504 4515 xvi
2537 4462 2603 4515 ad
2648 4477 2861 4516 versum
2916 4461 3000 4526 16,
3040 4459 3130 4515 ubi
3169 4461 3234 4515 de
3263 4458 3530 4514 fermento

1949 4552 2346 4607 Pharisaeorum
2375 4568 2560 4625 agens,
2589 4554 2663 4609 ait
2698 4554 3021 4611 fermentum
3055 4569 3158 4608 non
3188 4553 3358 4608 solum
3390 4551 3529 4605 sumi

1951 4661 2048 4713 pro
2083 4645 2349 4707 doctrina,
2383 4646 2476 4699 sed
2519 4647 2690 4700 etiam
2723 4661 2822 4717 pro
2846 4646 2966 4699 aliis
2995 4647 3153 4699 rebus
3202 4655 3310 4699 tam
3339 4643 3394 4697 in
3423 4639 3529 4694 Ve-

1954 4738 2052 4792 teri
2081 4755 2244 4807 qnam
2279 4737 2330 4790 in
2363 4736 2511 4791 Novo
2550 4737 2919 4792 Testamento.
2951 4736 3086 4790 Tum
3119 4736 3303 4791 subdit
3334 4751 3347 4789 τ
3382 4734 3534 4792 οὕτω

1953 4824 2008 4880 δέ
2049 4832 2243 4897 μήποτε
2281 4829 2412 4894 ζύμη
2442 4828 2499 4880 οὐ
2530 4830 2878 4902 προσφέρεται
2918 4829 3000 4881 ἐπὶ
3028 4829 3088 4896 τὸ
3122 4829 3490 4898 ουσιαστὴριον
3516 4842 3530 4890 ;

1960 4938 1977 4969 ι
2009 4919 2089 4972 An
2131 4935 2236 4973 non
2270 4927 2325 4971 et
2374 4917 2661 4985 aliquando
2711 4919 3033 4974 fermentqu
3072 4917 3297 4976 oil‘ertur
3321 4919 3419 4973 sub
3462 4919 3539 4973 al-

1957 5009 2115 5063 tare?
2141 5028 2160 5060 ι
2195 5010 2309 5065 Etsi
2331 5009 2475 5063 enim
2513 5024 2618 5062 non
2652 5011 2812 5080 plane
2839 5019 3045 5066 certum
3073 5011 3166 5074 sit,
3203 5027 3330 5067 num
3359 5010 3543 5079 potius

1956 5102 2020 5157 de
2049 5099 2198 5155 Novo
2230 5103 2483 5169 loquatur
2510 5115 2668 5166 quam
2717 5103 2781 5157 de
2809 5099 2989 5156 Veteri
3039 5099 3393 5159 Testamento
3422 5139 3436 5164 ,
3487 5102 3549 5158 in

1955 5208 2063 5262 quo
2099 5190 2410 5249 fermentati
2438 5202 2604 5258 panes
2627 5207 3008 5261 nonnunquam
3055 5192 3428 5252 offerebantur
3478 5207 3553 5250 ex

1957 5282 2179 5338 Levitici
2222 5279 2492 5351 capitibus
2541 5293 2613 5333 vlt
2659 5291 2716 5337 et
2781 5297 2974 5347 xxvu,
3027 5291 3204 5339 tamen
3251 5280 3434 5357 potius
3481 5282 3558 5338 de
3628 5328 3637 5353 η

1962 5373 2100 5394 ΛΙ-..-..
2137 5373 2168 5394 ξ.
2199 5386 2210 5394 ι
2255 5369 2516 5394 11ξκΑ..ι¹.-ιι
2550 5371 2760 5394 ι.ἓ.¹-ι--..
2790 5389 2833 5394 _-
2881 5388 2933 5394 Α-
2982 5375 3116 5394 __--__‘
