4064 5394
552 265 696 361 i239

2406 226 2593 245 u-c..~4v"

1648 288 1988 386 serenant
2026 309 2113 363 an
2150 310 2377 385 QPERA
2418 311 2789 367 tlUMBElt't‘l.
3659 311 3776 366 tam

548 424 762 496 Quibus
784 425 1069 494 respondet
1094 442 1156 483 ea
1179 426 1358 481 omnia
1388 443 1491 481 non
1514 428 1624 498 jam
1660 443 1716 484 re
1746 430 1877 498 ipsa,
1900 428 1993 483 sed
2024 426 2129 494 spi-
2158 420 2209 486 Ἀ
2238 426 2422 481 iiceret
2448 425 2562 494 ejus
2585 435 2982 498 argumentum.
3010 418 3127 481 Iam
3161 441 3289 498 ergo
3317 425 3592 497 Philopoui
3616 432 3777 492 etate,

549 513 696 570 ritali
734 530 897 571 sensu
932 518 1235 577 exercenda
1263 533 1402 574 esse.
1435 519 1586 586 Quod
1616 520 1716 576 etsi
1760 520 1827 575 de
1858 530 1970 576 tota
1997 521 2133 577 ritus

549 607 826 678 paschalis
850 609 1230 665 observatione
1255 608 1457 666 dictum
1510 611 1677 667 videri
1710 624 1900 683 possu,
1955 621 2133 667 tamen

549 696 619 752 ad
652 699 1036 761 removendum
1078 693 1242 767 etiam
1289 716 1599 771 azymorum
1631 716 1784 756 usuin
1832 702 2130 767 extenden-

548 789 675 865 dum
720 788 953 845 videtur.
982 790 1127 847 Idem
1170 791 1455 846 dicendum
1497 803 1579 847 est
1630 793 1696 848 de
1729 791 1936 847 Joanne
1961 792 2133 862 Chry-

548 888 812 947 sostomo,
845 879 1317 948 cujusconsimilia
1362 880 1522 937 verba
1548 894 1676 936 sunt
1720 881 1772 935 in
1824 881 2041 937 humilia
2067 880 2133 937 dc

550 971 855 1041 proditione
880 969 1050 1027 ludat.
1122 1032 1129 1039 ι
1222 1018 1225 1019 ν
2128 1031 2132 1034 .

620 1056 781 1125 Aliud
817 1061 1182 1117 testimonium
1208 1079 1306 1135 pro
1335 1066 1556 1135 antiquo
1584 1056 1834 1121 fermenti
1862 1081 1959 1120 usu
1988 1063 2128 1135 apud

549 1147 770 1218 Graecos
801 1151 1008 1207 desumi
1041 1163 1219 1221 potest
1247 1168 1311 1208 ex
1339 1154 1608 1210 Chronico
1640 1155 1736 1210 Ms.
1772 1153 2133 1219 DaitiiMcdiOe

551 1242 792 1298 lanensis
835 1244 1116 1315 episcopi,
1159 1245 1251 1315 qui
1305 1247 1482 1303 medio
1527 1256 1680 1302 sexto
1730 1246 1932 1302 szecnlo
1973 1238 2130 1302 vixit.

552 1330 670 1400 Quo
721 1334 775 1389 iu
810 1333 1093 1389 Chronico
1143 1345 1363 1391 sanctus
1405 1336 1722 1393 Ambrosius
1764 1357 1782 1390 ‹
1819 1338 2130 1394 Graecorum

547 1423 843 1481 Ecclesiatn
866 1426 919 1480 in
941 1426 1186 1495 plurimis
1208 1425 1398 1482 olIiciis
1427 1429 1803 1483 venerabiliter
1829 1430 2072 1485 imitatus
2103 1448 2122 1481 ι

545 1512 714 1570 fuisse
740 1514 956 1583 dicitur,
991 1536 1009 1569 ι
1042 1525 1097 1573 et
1131 1517 1460 1574 sacrificium
1505 1534 1693 1574 eorum
1720 1559 1739 1587 ,
1772 1519 1978 1577 scilicet
2021 1514 2133 1575 fer;

546 1612 869 1672 mentatum,
901 1623 1023 1662 cum
1057 1616 1244 1664 nostro
1270 1623 1462 1680 azyma
1500 1609 1552 1663 iu
1582 1609 1953 1664 celeberrimis
1978 1607 2128 1675 feslie

547 1698 844 1764 vitatibus,
895 1700 1132 1755 maxime
1176 1699 1229 1755 in
1279 1701 1676 1756 resurrectione
1712 1700 1924 1757 Domini
1963 1701 2128 1757 bene-

548 1789 768 1847 dixisse.
803 1809 822 1843 ι
849 1788 907 1845 Si
931 1806 1058 1861 vero
1081 1790 1391 1847 fermentati
1412 1792 1571 1863 panis
1596 1808 1724 1847 usus
1744 1792 1886 1863 apud
1907 1791 2129 1865 Graecos

547 1875 937 1961 ieceptuserat
967 1881 1247 1939 Ambrosii
1272 1892 1431 1939 aztate
1456 1924 1472 1951 ,
1505 1883 1730 1940 credere
1761 1879 1862 1956 par
1889 1897 1973 1940 est
2015 1902 2129 1951 mo:

544 1991 657 2029 rem
674 1977 816 2031 liiinc
829 1988 894 2031 ex
905 1974 1078 2048 prima
1087 1974 1162 2028 ria
1176 1974 1489 2043 Graecorum
1502 1974 1744 2032 Ecclesia
1761 1977 2128 2033 descendisse.

545 2068 613 2119 At
644 2069 899 2137 quoniam
941 2068 1009 2124 de
1049 2067 1209 2139 hujus
1243 2066 1495 2125 Chronici
1523 2069 1850 2125 auctoritate
1879 2070 2128 2126 dubitant

547 2156 827 2224 nonnulli,
876 2161 1071 2230 quibus
1112 2160 1515 2233 supposilitimu
1558 2171 1614 2215 et
1662 2158 1984 2217 recentioris
2028 2163 2128 2218 aevi

547 2265 675 2333 esse.
693 2251 925 2317 videtur,
955 2252 1019 2309 de
1048 2267 1113 2308 eo
1141 2252 1371 2323 amplius
1400 2255 1452 2308 iu
1480 2251 1937 2321 consequentibus
1966 2265 2129 2324 agen-

548 2341 695 2394 dum.
736 2339 956 2396 interim
988 2353 1116 2399 noto
1142 2341 1449 2399 Chronicon
1480 2342 1645 2407 istud,
1674 2341 1777 2395 etsi
1810 2340 2129 2396 recentioris

546 2431 620 2484 sit
665 2432 925 2498 auctoris,
974 2448 1080 2487 non
1130 2443 1309 2488 tamen
1357 2430 1614 2489 continuo
1669 2429 1962 2502 rejicienda
2009 2446 2129 2486 esse

546 2506 880 2593 quacunque
912 2521 963 2575 in
991 2536 1057 2575 eo
1085 2521 1358 2593 leguntur,
1383 2523 1617 2576 maxime
1640 2519 1930 2592 singularia
1963 2521 2126 2588 facta,

545 2606 665 2681 qua:
689 2628 795 2668 non
826 2612 930 2669 nisi
958 2628 1027 2669 ex
1063 2614 1463 2685 antiquioribus
1492 2614 1855 2670 monumentis
1881 2615 2130 2686 accipere

544 2699 721 2769 potuit
752 2700 840 2757 ille
860 2704 1170 2773 quicunque
1200 2712 1283 2759 est
1312 2712 1519 2759 auctor.

620 2792 820 2848 Verum
879 2791 1212 2848 luculentum
1267 2800 1354 2848 est
1400 2791 1819 2848 de'Crzrcorum
1867 2793 2130 2850 fermento

546 2878 775 2940 Joannis
823 2884 1108 2955 Philopoui
1160 2870 1523 2940 testimonium
1569 2885 1622 2939 in
1664 2885 2027 2957 disputatione
2061 2887 2130 2945 de

545 2972 834 3047 Paschate,
884 2974 937 3029 in
989 2991 1120 3043 qua,
1175 2982 1235 3027 ut
1271 2972 1383 3041 jam
1441 2973 1594 3039 dixi,
1658 2986 1845 3031 auctor
1901 2979 2130 3047 probare

546 3064 740 3122 nititur
787 3062 1084 3122 Christum
1118 3065 1171 3120 iu
1221 3064 1408 3120 ultima
1456 3065 1622 3121 (Zama
1670 3080 1777 3121 non
1827 3068 2130 3126 celebrasse

546 3154 760 3212 Pascha
797 3157 991 3225 legale,
1021 3171 1198 3227 neque
1228 3171 1423 3229 agnum
1454 3167 1547 3212 aut
1592 3173 1778 3230 azyma
1809 3162 2126 3228 comedisse,
2158 3147 2201 3208 Ο

490 3304 493 3307 _
546 3234 662 3300 tum
690 3242 1087 3301 Eucharistiam
1116 3262 1224 3302 non
1255 3262 1317 3301 ex
1359 3263 1548 3319 azymo
1586 3265 1751 3319 pane,
1804 3251 1896 3307 sed
1929 3246 2132 3307 exfer-

549 3345 790 3391 mentato
818 3335 1123 3393 confectam
1159 3336 1344 3394 fuisse.
1383 3338 1518 3395 Nam
1562 3342 1833 3412 proposita
1882 3344 1984 3400 sibi
2036 3346 2133 3415 ουτ

543 3426 781 3497 jectione
819 3442 1007 3484 eorum
1040 3428 1133 3498 qui
1156 3429 1406 3486 dicebant
1431 3430 1702 3487 Christum
1731 3426 2128 3491 Eucharistiam

550 3518 829 3588 discipulis
855 3519 1151 3591 prtebuisse
1201 3521 1375 3591 primo
1403 3522 1491 3577 die
1528 3538 1864 3597 azymorum,
1916 3503 2131 3597 quando

549 3611 760 3668 Pascha
791 3612 1178 3678 immolabant,
1216 3613 1493 3685 simulque
1533 3630 1702 3687 agnus
1748 3596 2132 3674 comedebatur

547 3716 603 3761 et
627 3723 876 3778 azymum
901 3724 1022 3764 cum
1047 3707 1231 3765 herbis
1263 3709 1482 3777 amaris,
1508 3710 1796 3782 respondet
1821 3726 1913 3766 eos
1935 3726 2000 3766 ex
2029 3713 2131 3768 hoc

547 3799 667 3871 ipso
699 3799 935 3857 maxime
978 3799 1203 3857 refutari
1230 3815 1246 3856 :
1277 3802 1438 3860 οὐδὲν
1458 3804 1579 3878 γὰρ,
1624 3803 1818 3873 inquit,
1841 3810 1891 3859 δν
1911 3814 2000 3881 ,τῷ
2025 3802 2129 3861 δεί-

546 3911 675 3964 πνῳ,
708 3892 879 3967 γέγονε
909 3900 1157 3958 τοιοῦτον,
1184 3896 1252 3956 ὡς
1281 3892 1376 3955 ἠδη
1408 3891 1567 3956 (nos,
1598 3892 1714 3950 οὐδὲ
1744 3892 1938 3966 ἄζυμον
1978 3893 2132 3973 ἄρτον

544 3984 821 4041 ἀντίτυπον
840 3991 929 4053 τοῦ
957 3983 1085 4041 ἰδίου
1116 3989 1355 4060 σῶματος
1377 3984 1480 4048 rei;
1513 3987 1697 4043 ἑαυτοῦ
1721 3989 1975 4061 μαθηταῖς
2000 3988 2133 4045 ἔδω-ο

544 4092 629 4130 κεν
654 4072 679 4127 ὁ
706 4075 946 4150 Χριστὸς.
972 4075 1047 4148 ’ἰὴ
1059 4097 1191 4132 rutro
1233 4081 1330 4156 γὰρ
1356 4071 1416 4133 ἂν
1457 4082 1542 4135 καὶ
1563 4080 1747 4153 μέχρι,
1776 4089 1882 4136 νῦν.
1908 4089 1967 4136 Εἴ
1995 4078 2049 4136 δί
2071 4080 2128 4143 ἦν

547 4165 727 4236 πρώτη
773 4173 873 4220 τῶν
913 4167 1121 4237 ἀζύμων
1147 4169 1337 4233 ἐκείνη,
1366 4168 1614 4227 ἁδυνατον
1634 4171 1694 4234 ἦν
1721 4177 1942 4246 {omnis
1977 4173 2129 4250 ἄρτον

546 4257 717 4314 αὐτῆς
747 4257 1023 4332 εὑρεθῆναι.
1050 4258 1101 4313 id
1128 4269 1241 4323 est,
1277 4278 1296 4311 ‹
1331 4260 1465 4316 Nam
1495 4262 1626 4318 nihil
1661 4266 1851 4321 horum
1892 4268 1942 4322 in
1975 4284 2127 4324 creua

548 4342 795 4416 contigit,
825 4345 1014 4415 utjam
1045 4349 1155 4403 dixi
1178 4391 1193 4409 ,
1226 4367 1402 4421 neque
1428 4368 1675 4423 azymum
1705 4358 1906 4427 proprii
1936 4375 2128 4431 corpo-

543 4440 620 4496 ris
644 4440 949 4511 autitypum
977 4440 1251 4512 discipulis
1278 4443 1391 4498 suis
1425 4442 1673 4500 Christus
1712 4447 1877 4502 dedit.
1909 4446 2040 4504 Nam
2069 4461 2124 4508 et

546 4534 646 4587 hoc
688 4531 853 4586 etiam
902 4548 1043 4586 nunc
1080 4534 1252 4587 lica-et.
1304 4533 1358 4587 Si
1390 4543 1568 4589 autem
1612 4535 1700 4590 illa
1734 4535 1921 4592 fuisset
1952 4542 2122 4610 prima

545 4624 660 4681 dies
688 4639 1000 4695 azymorum
1026 4666 1043 4687 .
1090 4641 1194 4681 nou
1242 4627 1503 4697 potuisset
1551 4629 1789 4699 reperire
1833 4631 2125 4687 fermenta-

460 4796 467 4801 Δ
538 4712 681 4771 tum.
723 4736 742 4770 ι
775 4716 852 4771 Ex
886 4717 969 4772 his
995 4717 1275 4789 Philoponi
1316 4718 1496 4774 verbis
1521 4719 1728 4776 clarum
1760 4731 1842 4778 est
1863 4740 1963 4780 suo
1990 4734 2121 4780 tem-

548 4825 679 4878 pore
704 4809 942 4875 Graacos,
976 4826 1081 4865 non
1109 4827 1380 4882 azymum,
1414 4813 1506 4868 sed
1533 4813 1909 4872 fermentatum
1931 4834 2120 4888 panem

540 4898 600 4972 in
638 4915 755 4954 rem
790 4915 1003 4955 sacram
1053 4900 1385 4968 adhibuisse,
1440 4907 1875 4978 quandoquidem
1919 4911 2034 4977 ait,
2079 4912 2122 4965 si

539 4989 794 5048 Christus
818 4992 869 5046 in
895 5008 1086 5063 azymo
1122 4992 1520 5051 Eucharistiam
1549 4998 1829 5069 discipulis
1856 5001 1971 5057 suis
2001 5018 2123 5072 por-

2235 520 2287 575 id
2317 531 2399 576 est
2433 521 2535 576 sub
2565 521 2725 576 ﬁnem
2755 520 2932 576 saeculi
2958 518 3103 592 (nam
3133 508 3341 574 Iustino
3364 516 3599 573 secundo
3633 516 3779 585 impe-

2233 620 2389 667 rante
2418 608 2708 682 scribebat)
2744 610 2994 666 fermenti
3030 624 3156 666 usus
3180 617 3307 665 ante
3337 606 3647 665 memoriam
3675 622 3779 661 om-

2233 716 2356 756 nem
2387 700 2527 770 apud
2556 699 2772 756 Grzecos
2802 700 3120 754 invaluerat.

2242 860 2245 863 γ
2305 790 2441 846 lliuc
2473 800 2559 846 est
2580 790 2721 863 quod
2748 790 2924 845 Latini
2972 775 3162 844 exorto
3194 787 3487 843 schismate
3526 781 3781 844 Michaelis

2231 881 2534 948 Cerularii,
2580 897 2702 937 cum
2756 896 3003 953 azymum
3056 894 3248 949 panem
3307 877 3630 932 fermentata
3676 877 3781 947 iure

2232 972 2475 1047 prteferri
2535 988 2693 1044 posse
2736 972 3149 1038 contenderent,
3194 985 3461 1040 nusquam
3510 977 3685 1024 tamen
3722 969 3779 1038 (si

2233 1064 2638 1137 benememini)
2678 1063 2895 1121 Graecos
2940 1063 3188 1121 admissze
3231 1058 3488 1117 novitatis
3522 1050 3782 1115 insimula-

2232 1166 2379 1224 runt,
2434 1157 2587 1228 quasi
2637 1164 2853 1228 recepto
2888 1153 3159 1225 quondam
3202 1154 3391 1225 azymo
3420 1150 3780 1209 fermentatum

2229 1236 2417 1320 postea
2465 1247 2793 1303 induxerint.
2838 1245 2992 1315 Quod
3037 1252 3355 1314 argumento
3390 1251 3473 1297 est
3497 1239 3781 1295 Latinosin

2231 1354 2293 1395 ea
2328 1339 2497 1395 fuisse
2524 1333 3225 1410 persuasione,Gr:ecorum
3270 1333 3597 1388 fermentum
3618 1346 3649 1384 a
3684 1331 3783 1402 pri-

2232 1430 2335 1489 mis
2366 1432 2696 1502 temporibus
2719 1429 3039 1486 obtinuiSse.
3068 1427 3306 1499 Denique
3327 1420 3659 1480 Humbertus
3683 1438 3785 1477 car-

2232 1520 2444 1597 dinalis,
2474 1523 2530 1579 in
2575 1520 2927 1592 responsione
2970 1520 3037 1574 ad
3083 1518 3350 1584 Nicetam,
3382 1525 3572 1587 aperte
3612 1512 3785 1574 innuit,

2234 1623 2476 1686 tempore
2519 1621 2688 1670 sextae
2735 1611 2969 1685 synodi,
3020 1609 3075 1665 id
3122 1617 3207 1666 est
3254 1607 3355 1663 sub
3412 1605 3578 1660 linem
3628 1601 3787 1657 saeculi

2231 1707 2467 1777 septimi.
2497 1720 2618 1777 quae
2645 1719 2789 1759 anno
2821 1701 2925 1759 680
2948 1700 3130 1758 habita
3156 1711 3257 1763 est,
3285 1698 3505 1754 Graecos
3537 1694 3647 1777 alio
3669 1709 3791 1764 pane

2231 1774 2358 1854 usos
2380 1774 2544 1852 fuisse
2578 1811 2743 1867 quam
2779 1793 3021 1858 Latinos,
3053 1806 3119 1847 ac
3146 1788 3402 1844 Romanae
3428 1786 3580 1843 sedis
3596 1774 3793 1856 legatos

2233 1876 2441 1945 morem
2479 1897 2635 1944 suum
2662 1883 2846 1941 utendi
2875 1882 3080 1957 azymis
3115 1879 3467 1939 Constantino
3494 1874 3791 1949 imperatori

2232 1980 2581 2051 approbasse.
2940 1980 2943 1981 ⁷

2302 2070 2399 2125 liis
2448 2069 2573 2124 addi
2625 2076 2852 2140 possunt
2891 2075 2947 2123 et
2990 2065 3108 2122 alia:
3155 2066 3496 2134 conjecturae.
3548 2063 3795 2119 Nimirum

2232 2162 2375 2232 quod
2404 2161 2645 2224 Photius,
2666 2160 2721 2215 in
2738 2158 2962 2231 epistola
2993 2158 3085 2224 δι,
3108 2156 3350 2229 agnoscit
3374 2154 3729 2212 differentiam
3749 2164 3794 2209 et

2231 2246 2719 2310 dissimilitudinem
2735 2266 2831 2323 per
2856 2251 3030 2306 varias
3044 2248 3314 2305 Ecclesias
3333 2247 3390 2305 ἓν
3403 2256 3524 2311 ταῖς
3538 2250 3795 2318 μυστικάς

2230 2348 2457 2411 θυσίαις,
2488 2362 2507 2397 ι
2538 2345 2591 2400 iu
2615 2342 2856 2415 mysticis
2886 2340 3165 2396 sacriﬁciis
3189 2357 3204 2408 ;
3240 2357 3259 2393 ›
3284 2340 3426 2410 quod
3450 2339 3519 2393 de
3542 2353 3682 2409 pane
3701 2336 3793 2391 Eu-

2230 2438 2523 2494 charistico
2566 2436 2731 2491 etiam
2763 2433 2986 2505 intelligi
3032 2441 3228 2504 potest,
3277 2431 3545 2501 siquidem
3599 2436 3796 2483 sanctus

2231 2524 2423 2595 Nicon,
2458 2543 2563 2582 non
2590 2526 2802 2596 integro
2832 2532 2954 2594 post
2982 2521 3229 2578 Photiqu
3258 2520 3453 2576 smeulo
3482 2519 3692 2590 elapso,
3721 2533 3794 2571 re-

2229 2615 2519 2688 prehendit
2558 2615 2825 2670 Armenos
2864 2613 3006 2682 quod
3058 2612 3264 2683 azymis
3301 2618 3589 2666 uterentur
3629 2616 3797 2663 contra

2231 2726 2437 2768 morem
2475 2709 2808 2766 Graecorum.
2830 2707 2912 2762 Ad
2937 2706 3050 2761 luce
3075 2704 3217 2775 quod
3239 2701 3409 2760 Grteci
3432 2712 3563 2756 ante
3582 2701 3798 2756 schisma

2229 2801 2555 2857 Photianum
2581 2813 2721 2870 pane
2743 2797 2930 2854 eodem
2953 2794 3111 2850 modo
3136 2795 3385 2855 formato,
3408 2789 3621 2847 scilicet
3648 2790 3797 2844 denso

2230 2904 2285 2951 et
2316 2896 2548 2965 integro,
2580 2892 2770 2946 iisdem
2793 2887 3017 2944 omnino
3038 2883 3410 2941 instrumentis
3431 2891 3602 2952 atque
3624 2879 3799 2935 ritibus

2232 2984 2526 3041 utebantur
2553 2982 2606 3036 in
2633 2979 2851 3051 liturgia
2876 2992 3030 3032 sacra
3068 2975 3265 3046 quibus
3290 2972 3454 3028 etiam
3481 2985 3634 3025 nunc
3654 2978 3798 3023 utun-

2234 3086 2342 3132 tur.
2366 3064 2743 3131 ‘lnstrumenta
2772 3069 3046 3142 praecipua
3077 3074 3205 3124 sunt
3225 3067 3415 3137 167m.
3446 3062 3635 3125 eaea..-
3656 3102 3672 3127 ,
3696 3062 3801 3114 «ἀσ-

2230 3176 2350 3246 τήρ,
2383 3182 2502 3240 quae
2538 3164 2775 3221 Joannes
2809 3161 3226 3232 Chrysostomus
3263 3160 3316 3217 in
3345 3157 3594 3229 Liturgia
3624 3170 3717 3246 sua
3753 3162 3800 3209 et

2230 3245 2536 3315 Germanus
2578 3251 2884 3327 patriarcha
2920 3248 3546 3323 Constantinopolitanus
3579 3248 3634 3302 iu
3673 3245 3800 3301 Cou-

2232 3349 2578 3420 templatione
2613 3362 2726 3403 sua
2771 3350 3217 3399 commemorant.
3263 3339 3431 3396 Porro
3461 3354 3526 3394 ex
3576 3352 3646 3394 eo
3672 3332 3799 3407 quod

2231 3441 2298 3496 de
2335 3455 2475 3511 pane
2509 3438 2723 3512 integro
2751 3444 2806 3491 et
2833 3434 3001 3489 denso
3029 3430 3340 3488 eoronulam
3362 3428 3611 3484 lanceola
3635 3428 3799 3482 deme-

2227 3520 2362 3584 bant
2386 3530 2438 3583 in
2470 3526 2817 3590 sacrificium,
2845 3518 3040 3594 colligo
3076 3536 3244 3591 panes
3270 3521 3337 3575 ab
3367 3517 3499 3590 ipsis
3518 3528 3641 3572 tum
3662 3515 3800 3572 adhi-

2230 3622 2371 3677 bitos
2401 3621 2566 3675 fuisse
2589 3629 2803 3674 crassos
2831 3626 2885 3671 et
2909 3614 3146 3681 inﬂatos,
3175 3610 3362 3683 quales
3385 3611 3439 3665 iu
3464 3626 3630 3666 usum
3660 3623 3800 3664 com-

2233 3730 2448 3771 munem
2475 3713 2696 3776 cedunt,
2737 3710 2788 3765 id
2819 3715 2904 3764 est
2927 3705 3301 3763 fermentatus.
3336 3702 3537 3775 Verum
3569 3700 3656 3755 his
3678 3716 3800 3754 cou—

2224 3806 2451 3876 jecturis
2476 3805 2687 3877 potiora
2716 3810 2842 3859 sunt
2871 3807 3186 3873 argumenta
3216 3812 3335 3867 quae
3369 3811 3436 3852 ex
3467 3795 3801 3865 superiorqu

2231 3909 2515 3955 auctorum
2549 3894 2873 3954 testimoniis
2903 3893 3125 3958 adduxi,
3156 3907 3221 3947 ex
3249 3891 3444 3961 quibus
3476 3887 3597 3944 sola
3626 3886 3799 3941 Philo-

2231 3993 2355 4064 poni
2385 3989 2683 4047 auctoritas
2708 3987 2955 4043 suilicere
2984 3986 3198 4041 videtur
3237 3984 3302 4038 ad
3332 3982 3675 4056 probandum
3702 3977 3800 4033 fer-

2233 4093 2474 4140 mentum
2506 4081 2647 4153 apud
2673 4079 2890 4136 Graecos
2918 4078 2985 4133 ab
3030 4078 3183 4133 initio
3220 4075 3495 4141 Ecclesiae,
3525 4084 3624 4130 aut
3668 4077 3800 4127 certe

2231 4190 2397 4246 prope
2426 4174 2494 4228 ab
2524 4171 2697 4238 initio,
2734 4179 3007 4240 receptum
3051 4181 3425 4239 perseverasse
3455 4165 3524 4220 ad
3555 4162 3800 4220 saeculum

2230 4268 2515 4339 septimum
2542 4282 2557 4332 ;
2591 4255 2709 4335 quoi
2734 4279 2799 4319 ex
2824 4272 3066 4332 tempore
3091 4269 3302 4317 constat
3335 4273 3613 4328 nunquam
3644 4257 3800 4311 inter-

2228 4357 2454 4412 missum
2482 4355 2667 4410 fuisse.

2300 4448 2394 4502 [iis
2426 4456 2604 4502 tamen
2636 4458 2934 4516 repugnare
2969 4442 3178 4498 videtur
3207 4441 3357 4495 locus
3383 4437 3529 4510 apud
3556 4446 3801 4492 sanctum

2227 4537 2496 4595 Iustinum
2524 4538 2577 4592 in
2627 4535 2850 4605 Βίλλιοεο
2895 4550 3019 4589 cum
3050 4531 3355 4604 'l'ryphoue,
3395 4530 3482 4584 ubi
3509 4529 3712 4586 oblatio
3733 4529 3800 4582 si-

2229 4620 2368 4685 mila:
2388 4646 2487 4701 pro
2514 4630 2594 4684 eis
2619 4629 2708 4697 qui
2737 4643 2767 4681 a
2791 4627 2936 4697 lepra
2957 4626 3345 4697 purgabantur,
3372 4638 3493 4693 qua:
3514 4618 3800 4676 infermen-

2224 4708 2341 4776 tata
2371 4728 2508 4786 erat,
2536 4739 2555 4772 ι
2590 4720 2756 4789 figura
2784 4718 2940 4788 panis
2965 4715 3308 4771 cucharistici
3343 4733 3361 4765 ι
3394 4713 3561 4768 fuisse
3583 4710 3798 4772 dicitur,

2227 4815 2389 4875 τύπος
2410 4810 2468 4871 ἦν
2487 4817 2574 4866 τοῦ
2595 4808 2629 4865 ἆ
2646 4831 2733 4864 του
2755 4816 2846 4870 τῆς
2867 4808 3224 4884 εὐχαριστίας.
3248 4803 3441 4857 Verum
3458 4816 3682 4877 necesse
3703 4817 3800 4855 non

2229 4917 2312 4960 est
2344 4914 2400 4959 ut
2428 4902 2599 4975 figura
2637 4903 2696 4955 in
2721 4900 2970 4954 omnibus
3004 4900 3077 4953 rei
3119 4898 3357 4967 figuratze
3388 4894 3734 4967 respondeat.

2842 5025 3069 5083 CAPUT
3098 5024 3185 5080 IV.

543 5081 791 5147 rexisset,
828 5082 944 5139 fore
969 5095 1028 5139 ut
1063 5086 1114 5140 id
1136 5085 1299 5142 etiam
1340 5098 1449 5143 tum
1483 5091 1535 5144 in
1567 5090 1804 5147 Ecclesia
1840 5093 2011 5149 ﬁeret.
2044 5095 2123 5150 Ex
2220 5073 2227 5083 ζ

544 5186 612 5229 co
637 5187 767 5228 vero
797 5175 941 5245 quod
971 5190 1128 5233 secus
1158 5193 1245 5234 res
1276 5196 1335 5236 se
1373 5181 1619 5246 haberet,
1673 5183 1832 5240 infert
1870 5182 2122 5255 Philopo-

2334 5141 2495 5208 ρατιιὶ
2521 5157 2657 5212 pane
2685 5152 2902 5196 utantur
2929 5141 3052 5196 alite
3070 5141 3340 5223 societates
3361 5137 3703 5194 Christiana.
