4064 5394
320 178 448 234 l2“

1317 172 1710 231 MABILLONIJ
1753 168 2164 239 DlSQUlSI'l‘lO
2205 172 2290 224 UE
2327 171 2583 230 AZYMO.

3444 186 3583 243 ηιξ.

384 294 720 359 Nestoriani,
747 293 827 350 sic
873 293 1004 350 dicti
1034 308 1064 347 a
1092 291 1367 363 Nestor-io}
1381 293 1535 363 cujus
1564 304 1778 347 errores
1804 304 1891 345 se-
1924 292 1973 353 Α
2003 287 2389 364 Eutychianam
2437 297 2686 368 proprius
2717 312 2827 353 non
2869 306 2952 355 est
2982 315 3111 356 usus
3139 316 3474 374 azymorum,
3506 298 3585 361 si;

315 403 553 459 ctantur,
604 410 624 447 ι
675 403 742 444 ex
772 386 1096 443 fermentata
1153 404 1173 438 ι
1232 386 1416 440 itidem
1463 404 1481 436 ι
1526 384 1709 440 divina
1746 395 1899 437 mare

314 486 630 546 Graecarum
669 479 1001 545 coniiciunt,
1040 499 1058 532 ι
1098 487 1325 533 testante
1372 476 1572 533 Jacoba
1601 491 1631 532 a
1659 475 1899 533 Vitriaca

318 579 373 634 in
410 574 662 632 Historiae
690 570 980 628 Orientalis
1010 582 1126 640 cap.
1165 568 1233 625 78
1257 611 1271 634 ,
1303 568 1546 639 adeoque
1587 567 1661 623 illi
1703 568 1793 638 qui
1844 567 1897 621 in

314 670 464 724 terra
495 661 798 737 presbyteri
843 660 1069 718 Joannis
1103 671 1512 717 commorantur
1533 701 1549 726 ,
1582 660 1766 714 itidem
1800 658 1880 714 Ne

318 758 571 824 storiani,
599 771 736 828 quos
755 762 908 811 notat
927 753 1233 810 Cassander
1257 753 1434 808 facere
1455 753 1621 808 libum
1645 766 1897 824 magnum

318 861 413 904 aut
460 862 688 918 parvum
731 860 832 917 pro
885 844 1233 900 multitudine
1284 843 1489 914 gentis,
1542 844 1667 913 quia
1710 856 1900 897 omnes

313 938 758 1003 communicant;
789 945 844 993 et
874 949 975 1009 pro
1004 936 1374 1007 magnitudine
1400 950 1647 990 crassum
1677 934 1900 990 dimidio

318 1032 487 1102 digito
512 1040 605 1087 aut
634 1031 867 1104 integra,
898 1038 995 1086 aut
1036 1030 1200 1085 etiam
1231 1030 1557 1086 crassiorem
1596 1042 1793 1099 magna
1820 1026 1900 1082 di-

308 1130 448 1193 gnto.

390 1213 610 1269 Suriani
655 1212 845 1279 etiam,
882 1212 978 1283 qui
1024 1212 1077 1267 in
1125 1211 1285 1282 Syria
1321 1211 1544 1283 degunt,
1585 1209 1899 1267 Graecorum

309 1304 593 1361 erroribus
637 1304 884 1371 involuti,
929 1317 998 1358 ex
1046 1302 1370 1358 fermentata
1421 1316 1560 1371 pane
1604 1299 1899 1358 coniiciunt

313 1405 676 1461 sacramenta,
715 1406 941 1453 auctore
965 1394 1171 1452 Jacobo
1216 1411 1249 1451 n
1305 1395 1544 1452 Yitriaca
1573 1395 1628 1450 in
1659 1392 1899 1464 ejusdem
1998 1399 2003 1403 ’

313 1486 565 1544 Historia
594 1501 717 1558 cap.
754 1487 843 1542 τε.

381 1579 584 1636 Contra
614 1579 896 1639 Maronitae
915 1590 972 1637 et
990 1581 1255 1648 Armenii,
1283 1596 1380 1637 seu
1403 1580 1681 1645 Jacabitze,
1708 1595 1901 1652 azyma

2000 388 2216 458 quidem
2264 385 2498 442 Joannes
2544 384 2896 460 Phil0ponus,
2949 399 3004 447 et
3049 393 3162 464 ipse
3191 394 3562 466 Eutychianus

2000 478 2252 534 fermenti
2298 494 2454 533 usum
2485 478 2541 533 in
2589 493 2648 535 re
2691 495 2848 537 sacra
2877 483 3089 554 prohat,
3119 493 3179 540 ut
3226 488 3474 557 superius
3499 488 3585 544 vi-

2001 570 2202 625 dimus.

2071 663 2280 718 Prmter
2330 664 2431 718 bos
2480 662 2833 731 Mozarabes,
2875 665 2991 722 sive
3032 666 3191 723 Gothi
3222 668 3276 724 in
3327 668 3583 742 Hispania

2001 756 2282 828 degentes,
2309 755 2625 812 Mozarabes
2653 756 2805 822 dicti,
2829 757 2970 829 quod
2996 769 3184 830 postea
3213 765 3455 832 permiin
3476 766 3588 824 sint

1999 846 2272 902 Arabibus
2301 844 2643 915 Sarracenis,
2673 848 2839 904 etiam
2869 864 3060 923 azyma
3084 867 3225 923 pane
3254 855 3337 911 usi
3368 866 3494 911 sunt
3518 856 3585 913 ab

2000 937 2225 1009 antiqua
2249 979 2265 1005 ,
2294 947 2353 993 ut
2400 937 2573 994 fusius
2601 940 2655 995 in
2684 941 3142 1011 consequentibus
3185 945 3585 1015 demonstrabo.

2000 1031 2094 1089 Usi
2125 1039 2251 1088 sunt
2279 1033 2443 1089 etiam
2474 1031 2967 1105 llierasalymttani,
2998 1044 3059 1091 ut
3095 1036 3289 1107 probat
3324 1038 3588 1096 "umber-

2003 1134 2088 1181 tus
2128 1126 2418 1182 cardinalis
2465 1126 2517 1182 in
2552 1127 2904 1199 responsione
2948 1126 3019 1185 ad
3056 1128 3373 1187 Michaelem
3412 1120 3584 1190 Ceru-

2002 1217 2220 1273 larium.

2623 1333 2852 1390 CAPUT
2894 1336 2960 1390 γ.

2224 1445 2401 1501 Varia:
2426 1449 2697 1502 sententia:
2719 1448 2785 1503 de
2811 1448 3012 1519 Azymo
3041 1449 3367 1511 Latinorum.

2070 1581 2266 1637 Mirum
2305 1591 2388 1639 est
2418 1598 2579 1652 quam
2607 1578 2771 1637 variae
2798 1583 2910 1638 sint
2938 1583 3220 1654 opiniones
3265 1585 3331 1639 de
3373 1580 3592 1658 azyma;

310 1680 726 1743 mutantur;
759 1673 813 1729 in
835 1674 1063 1730 calicem
1092 1689 1222 1732 vero
1248 1674 1386 1731 nihil
1416 1689 1571 1744 aqum
1598 1672 1901 1729 admiscent
1932 1654 1975 1714 Β
2005 1690 2125 1729 rum
2155 1690 2254 1729 usu
2282 1674 2336 1729 in
2361 1673 2605 1730 Ecclesia
2631 1673 2845 1729 Latina.
2875 1673 3125 1744 Quinque
3148 1654 3596 1732 auctorum‘clas‘o

309 1763 577 1820 Armenii.
613 1763 823 1821 Juverit
852 1764 954 1822 hoc
976 1765 1097 1822 loco
1122 1775 1309 1821 notare
1335 1764 1627 1821 Armenios
1649 1763 1703 1819 in
1730 1762 1900 1834 Euty~

308 1855 630 1915 chianorum
679 1858 928 1914 hmresim
955 1898 970 1924 ,
1022 1859 1326 1915 Theodosio
1354 1859 1679 1928 imperante,
1717 1853 1899 1928 prola-

311 1959 440 2015 psos
463 1945 651 2014 fuisse,
682 1957 742 2003 ut
769 1949 968 2005 docent
992 1965 1094 2006 nos
1117 1949 1362 2021 epistolae
1390 1948 1564 2005 Procli
1589 1947 1902 2005 Constanti-

310 2034 611 2105 nopolitani
640 2038 902 2109 episcopi,
939 2048 995 2095 et
1041 2039 1283 2113 Dionysii
1335 2039 1531 2111 Exigui
1581 2038 1675 2109 qui
1723 2036 1901 2094 Procli

310 2128 597 2198 epistolam
616 2128 869 2188 Latinam
894 2131 1044 2189 fecit.
1070 2134 1155 2190 Ab
1186 2149 1255 2190 eo
1283 2141 1525 2204 tempore
1545 2146 1737 2203 azyma
1764 2142 1903 2201 pane

300 2228 366 2275 et
383 2218 501 2276 solo
522 2222 652 2278 vino
675 2222 756 2278 usi
787 2223 1043 2280 videntur
1062 2225 1117 2280 in
1142 2240 1201 2280 re
1220 2239 1396 2291 sacra,
1420 2224 1496 2280 uti
1538 2222 1639 2293 ipsi
1680 2221 1902 2277 tradunt

308 2312 577 2369 Armenii.
599 2313 763 2370 Certe
799 2316 941 2385 quod
979 2316 1152 2371 solum
1182 2316 1368 2371 vinum
1407 2314 1736 2370 adhiberent
1760 2327 1899 2383 aqua

310 2401 534 2471 reiecta,
566 2404 806 2459 damnati
835 2413 961 2460 sunt
991 2406 1060 2461 ab
1098 2405 1368 2474 episcopis
1396 2405 1712 2460 auctoribus
1738 2418 1904 2459 cano-

307 2509 440 2549 num
484 2493 538 2549 in
568 2492 754 2551 Trulla
778 2496 1049 2551 editorum
1094 2506 1216 2567 post
1252 2498 1516 2569 synodum
1564 2504 1798 2563 sextam,
1844 2504 1905 2551 ut

306 2597 462 2658 patet
486 2604 553 2644 ex
577 2602 786 2644 canone
818 2589 908 2656 32,
940 2589 992 2644 in
1024 2605 1133 2659 quo
1164 2590 1405 2661 graviter
1434 2589 1904 2661 reprehenduntur

308 2677 454 2748 quod
497 2675 628 2736 οἶνον
666 2680 814 2750 μόνον
847 2680 899 2735 in
946 2695 1134 2753 mensa
1170 2695 1329 2736 sacra
1366 2679 1649 2734 offerrent.
1691 2677 1810 2747 Quo
1846 2677 1901 2731 in

310 2770 433 2827 loco
460 2771 563 2826 etsi
590 2771 735 2826 nulla
764 2773 921 2843 panis
950 2773 1128 2844 azymi
1168 2772 1265 2827 fiat
1285 2773 1513 2839 mentio,
1545 2780 1728 2826 tamen
1756 2771 1903 2840 ipsos

304 2861 418 2930 jam
458 2880 524 2919 eo
570 2880 701 2920 usos
741 2864 908 2921 fuisse
957 2882 1045 2921 res
1085 2875 1236 2922 certa
1274 2867 1507 2922 videtur.
1556 2865 1772 2920 Primus
1805 2878 1901 2919 eos

308 2958 381 3037 ob
429 2974 585 3013 usum
624 2960 808 3030 azymi
859 2961 1037 3029 arguit
1087 2967 1307 3017 sanctus
1348 2958 1542 3026 Nicon,
1588 2957 1807 3013 natione
1845 2963 1901 3010 et

2003 1781 2091 1821 ses
2117 1767 2333 1823 invenio
2374 1766 2477 1821 hac
2517 1765 2572 1821 in
2616 1780 2679 1821 re
2703 1766 2770 1820 ab
2805 1780 2924 1820 sese
2974 1765 3375 1820 dissidentium.
3404 1764 3589 1821 Prima

2002 1865 2087 1912 est
2117 1855 2436 1912 Graecorum
2468 1857 2828 1926 quorumdam
2857 1872 2871 1923 ;
2904 1857 3136 1911 secunda
3160 1854 3472 1913 Latinorum
3495 1871 3592 1911 co-

1999 1962 2122 2002 rum
2146 1947 2238 2018 qui
2262 1956 2505 2017 tempore
2529 1956 2623 2002 aut
2643 1947 2889 2019 proxime
2911 1956 3033 2017 post
3051 1956 3261 2019 tempus
3279 1946 3590 2002 schismatis

2002 2056 2031 2093 a
2061 2039 2321 2097 Michaele
2364 2038 2646 2096 Cerularia
2694 2038 2912 2096 conﬂati
2955 2040 3251 2105 vixerunt;
3298 2038 3457 2094 tertia
3508 2034 3594 2093 est

1998 2132 2453 2189 scholasticorum
2476 2138 2801 2188 vetcrumac
2830 2133 3330 2202 recentiorum,qui
3359 2146 3466 2186 non
3480 2144 3595 2186 om-

2004 2241 2101 2281 nes
2131 2225 2274 2280 inter
2296 2239 2358 2281 se
2391 2225 2759 2290 conveniunt;
2795 2233 2990 2295 quarta
3035 2232 3120 2280 est
3149 2223 3366 2278 Martini
3388 2221 3592 2287 .Polini»,

1996 2314 2228 2372 'Platinm
2255 2325 2312 2373 et
2333 2316 2561 2372 Joannis
2582 2315 2789 2372 Calvini
2815 2334 2829 2382 ;
2863 2318 3053 2387 quinta
3078 2315 3263 2372 Jacobi
3291 2314 3593 2380 Sirmundi,

2001 2421 2165 2476 quam
2208 2408 2671 2463 eminentissimus
2718 2407 3011 2463 cardinalis
3046 2407 3195 2461 Bona
3242 2406 3593 2477 aliquomodo

2007 2499 2354 2568 temperavit,
2386 2498 2463 2553 uti
2489 2499 2603 2568 jam
2635 2498 2771 2553 satis
2797 2497 3044 2568 exposita
3065 2507 3168 2553 est.
3574 2514 3579 2519 ·

2072 2586 2251 2643 Graeci
2290 2587 2556 2653 nonnulli,
2587 2598 2727 2657 quos
2758 2587 2988 2644 Allatius
3013 2588 3066 2643 in
3092 2587 3495 2643 Exercitationc
3519 2589 3592 2644 28

2006 2679 2059 2735 in
2089 2679 2379 2735 concilium
2408 2680 2782 2736 Florentinum
2808 2689 3226 2745 commemorat,
3255 2696 3377 2735 eam
3421 2681 3593 2735 iniere

1998 2776 2352 2836 sententiam,
2384 2788 2635 2845 azymum
2660 2773 2713 2827 in
2744 2771 2991 2828 Latinam
3021 2773 3319 2829 Ecclesiam
3353 2772 3597 2827 introdu-

1994 2872 2149 2920 ctum
2161 2863 2329 2920 fuisse
2354 2871 2611 2934 regnante
2630 2864 2826 2919 Carolo
2846 2863 3143 2934 M.iguo.'ln
3175 2864 3261 2919 his
3284 2864 3586 2919 Demetrius

2004 2955 2397 3023 Chamatenus,
2429 2954 2786 3027 Bulgarorum
2820 2954 3280 3026 archiepiscopus,
3313 2971 3435 3010 cum
3471 2955 3596 3009 nul-

456 3021 749 3108 Armenius
771 3092 786 3118 ,
835 3021 949 3123 qui
973 3053 1155 3110 media
1200 3052 1400 3109 saecula
1438 3021 1668 3116 decimo,
1697 3048 1897 3104 ﬂoruit.
1926 3021 1973 3086 θ
2004 3047 2115 3103 lum
2142 3021 2404 3103 canonem
2429 3021 2888 3117 provadmittendo
2913 3021 3107 3119 azyma
3136 3021 3409 3102 conditum
3422 3060 3464 3099 ’a
3489 3045 3596 3101 Lai.

310 3140 452 3199 Nam
486 3142 633 3201 inter
659 3144 841 3202 varios
867 3160 1086 3201 errores
1114 3161 1251 3215 quos
1280 3145 1340 3200 in
1370 3144 1503 3215 ipsis
1528 3142 1725 3213 carpit,
1763 3155 1904 3197 unus

314 3241 422 3301 est,
447 3236 592 3306 quod
621 3237 676 3292 in
714 3254 735 3288 ι
770 3252 910 3307 pane
951 3238 1183 3309 mystico
1212 3246 1434 3295 utantur
1478 3235 1709 3307 azymis,
1753 3241 1811 3290 et
1846 3233 1902 3289 iu

312 3335 562 3382 sanctum
607 3327 833 3383 calicem
880 3342 1079 3397 aquam
1121 3344 1229 3385 non
1264 3328 1579 3383 immittunt.
1616 3344 1636 3380 ι
1672 3326 1752 3380 Ex
1794 3340 1903 3393 qua

317 3416 638 3488 intelligitur
664 3418 857 3475 Patres
884 3418 1172 3487 Trullanos
1199 3419 1377 3493 azymi
1401 3434 1556 3476 usum
1589 3419 1733 3474 inter
1757 3415 1904 3474 ἀδιά-

308 3530 449 3584 φρα
473 3511 803 3580 reposuisse,
833 3527 958 3566 cum
990 3510 1416 3567 eum-Armeniis
1445 3524 1551 3565 non
1580 3508 1900 3579 objecerint.

314 3602 550 3673 Ideoque
597 3602 883 3660 formulam
939 3603 1084 3659 illam
1131 3603 1493 3660 confessionis
1536 3601 1682 3665 ﬁdei.
1738 3615 1901 3672 quam

315 3692 493 3749 Graeci
528 3694 598 3750 ab
645 3695 920 3751 Armeniis
970 3695 1038 3750 ad
1086 3693 1401 3756 Grecorum
1452 3693 1752 3749 Ecclesiam
1814 3707 1903 3747 re-

315 3782 605 3840 deuntibus
631 3785 943 3856 exigebant,
972 3797 1134 3856 prout
1180 3787 1249 3842 ab
1294 3785 1668 3842 eruditissimo
1692 3782 1902 3838 Joanne

308 3870 555 3947 Baptista
577 3876 846 3933 Cotelerio
867 3878 1014 3933 edita
1037 3886 1120 3932 est
1137 3878 1412 3933 conditam
1437 3891 1558 3941 esse
1580 3883 1699 3946 post
1730 3874 1901 3929 schis-

306 3981 405 4022 sua
436 3966 714 4025 Michaelis
745 3967 1030 4025 Cerularii.
1059 3968 1193 4024 Nam
1220 3969 1364 4024 inter
1388 3968 1567 4024 varios
1589 3965 1902 4022 auahema-

306 4057 510 4114 ﬁsmos
548 4076 687 4131 quos
728 4060 1012 4131 proferunt
1058 4061 1438 4131 resipiscentes
1463 4100 1480 4126 ,
1526 4061 1617 4116 hic
1660 4058 1896 4130 legitur:

308 4149 373 4205 It?
392 4172 473 4212 τις
490 4154 552 4206 οὐ
571 4152 743 4223 βάλλει
770 4158 841 4213 si:
868 4158 961 4213 τήν
985 4155 1283 4228 προσφορὰν
1310 4157 1472 4224 ζυμήν
1493 4156 1579 4209 καὶ
1604 4150 1728 4213 ἅλας
1744 4191 1759 4214 .
1785 4147 1899 4206 οὖδᾶ

312 4240 453 4316 ἅγιον
474 4250 713 4321 ποτάμιον
746 4243 1054 4317 (legendum
1077 4245 1188 4301 οὐδὲ
1210 4243 1349 4320 ὕδωρ
1381 4247 1452 4306 εἷς
1477 4243 1616 4318 ἅγιον
1636 4242 1897 4319 recipe»)

310 4338 442 4409 μιτά
460 4334 552 4392 τοῦ
581 4344 738 4403 οἴνου,
771 4339 1017 4408 ἀνάθεμα,
1056 4337 1107 4392 id
1130 4346 1253 4393 est:
1292 4356 1311 4388 ί
1357 4336 1413 4392 Si
1461 4335 1584 4406 quis
1626 4334 1679 4388 in
1704 4347 1897 4403 panem

311 4426 601 4483 oblationis
622 4445 726 4484 non
760 4429 1000 4484 itmnittit
1023 4429 1345 4484 fermentum
1372 4435 1427 4483 et
1449 4426 1546 4490 sal,
1580 4440 1681 4481 nec
1699 4440 1898 4494 aquam

306 4517 435 4573 cum
462 4519 588 4575 vino
616 4519 669 4574 in
695 4530 942 4575 sanctum
975 4520 1222 4583 calicem,
1255 4520 1543 4573 anathema
1580 4516 1667 4573 sit.
1699 4536 1719 4570 ι
1752 4515 1894 4578 llmc,

312 4596 553 4680 inquam,
587 4611 840 4679 formula,
874 4615 929 4667 in
960 4628 1065 4683 qua
1096 4612 1156 4667 lit
1182 4612 1382 4667 mentio
1408 4612 1652 4680 septima:
1681 4608 1898 4681 synodi,

310 4688 529 4758 condita
575 4702 789 4758 videtur
834 4712 958 4774 post
999 4704 1236 4759 schismn
1281 4700 1556 4756 Michaelis
1593 4697 1897 4756 Cerularii:

310 4807 419 4862 quo
445 4807 508 4848 ex
540 4802 785 4864 tempore
830 4793 1002 4850 οι·ωοί
1037 4794 1255 4849 Latinos
1295 4794 1366 4849 ob
1396 4804 1710 4862 azymorum
1741 4801 1898 4854 usum

311 4881 443 4938 diris
483 4883 752 4941 devovere
780 4891 1087 4956 cmperunt.
1119 4884 1177 4939 In
1205 4884 1307 4940 hac
1337 4898 1467 4939 vero
1511 4879 1742 4935 formula
1771 4893 1896 4934 cum

308 4965 502 5043 legitur
524 4975 814 5032 Armenios
836 4978 904 5032 ad
932 4976 1093 5031 fidem
1128 4995 1145 5027 ι
1175 4975 1600 5032 orthodoxorum
1630 4970 1894 5025 Romano-

311 5064 428 5117 rum
469 5083 490 5120 θ
522 5071 860 5122 revertentes
885 5106 900 5133 ,
937 5081 1058 5121 eam
1093 5083 1112 5117 ι
1160 5060 1606 5122 Renuntiatianis
1639 5082 1658 5114 ι
1692 5060 1898 5116 formu~

307 5148 604 5213 lamedere
649 5153 857 5224 solitos,
909 5176 928 5210 ι
978 5154 1343 5215 Romanorum
1380 5176 1398 5208 ι
1449 5155 1668 5210 nomine
1700 5156 1895 5211 intelli-

303 5246 461 5317 gendi
495 5257 627 5305 sunt
653 5246 903 5306 homines
942 5247 1143 5304 Graeca:
1187 5246 1605 5314 communiattis,
1642 5250 1721 5303 sic
1767 5247 1895 5303 dicti

304 5337 373 5391 ab
399 5336 590 5394 incolis
618 5351 773 5392 novae
793 5338 1004 5394 Romm.
1031 5355 1149 5394 nua:
1174 5353 1338 5394 cannl.
1362 5346 1448 5394 est
1469 5338 1678 5394 imperii
1703 5339 1895 5394 Orien-

1997 3140 2134 3197 tiuis
2155 3139 2653 3207 animadvertisset,
2674 3140 2850 3212 azymi
2876 3155 3031 3196 usum
3057 3141 3111 3194 in
3138 3138 3380 3195 Ecclesia
3401 3137 3595 3193 Latina

2004 3246 2110 3285 non
2135 3230 2239 3286 nisi
2268 3240 2392 3302 post
2413 3231 2649 3287 schisma
2677 3229 2853 3286 Photii
2881 3231 3170 3287 invaluisse
3209 3230 3435 3301 putavit,
3476 3243 3597 3300 qua:

1992 3327 2086 3393 “est
2114 3319 2344 3390 ipsemet
2380 3318 2659 3375 Sirmundi
2687 3320 2982 3376 sententia.
3016 3319 3085 3373 At
3116 3318 3408 3375 observare
3440 3317 3599 3390 juvat

2003 3410 2274 3465 neminem
2296 3409 2621 3467 Graecorum
2652 3410 2745 3481 qui
2774 3411 2933 3466 initia
2980 3410 3295 3473 scbismatis
3319 3409 3599 3466 Michaelis

2002 3501 2272 3558 Cerularii
2311 3504 2582 3575 scripsere
2624 3504 2886 3559 adversus
2928 3501 3191 3568 Latinos,
3234 3501 3597 3557 recentiorem

2004 3610 2318 3668 azymorum
2352 3614 2507 3655 usum
2540 3598 2593 3652 in
2629 3596 2874 3653 Ecclesia
2916 3595 3107 3651 Latina
3140 3610 3376 3665 unquam
3410 3609 3598 3650 causar-

1995 3672 2116 3753 [tum
2147 3688 2352 3756 fuisse;
2384 3690 2531 3760 quod
2559 3689 2690 3747 solis
2719 3688 3112 3744 recentioribus
3132 3685 3337 3742 Graecis
3363 3684 3513 3742 venit
3534 3684 3591 3749 in

2003 3791 2265 3837 tuentem.
3474 3806 3475 3809 ‘
3494 3796 3499 3801 ’

2073 3869 2252 3925 Latini
2302 3872 2611 3928 econtrario
2653 3872 2776 3942 qui,
2815 3870 3059 3926 fervente
3110 3868 3370 3940 praedicto
3421 3868 3598 3927 schis-

2004 3970 2167 4027 mate,
2208 3962 2414 4018 Grmcis
2451 3979 2701 4036 azymum
2734 3964 3171 4035 obtrectantibus
3198 3959 3597 4033 responderunt

2003 4068 2320 4124 azymorum
2355 4069 2511 4110 usum
2542 4054 2795 4110 abinitio
2828 4054 3240 4124 Ecclesiaeapud
3275 4068 3333 4107 se
3355 4052 3598 4125 viguisse

2005 4153 2101 4199 aut
2135 4156 2464 4215 supponunt,
2523 4153 2617 4199 aut
2673 4144 2946 4216 probant,
3004 4143 3221 4199 nemine
3277 4141 3596 4204 Gmcorum

2004 4236 2391 4309 (quod'sciam)
2427 4236 2777 4292 reclamante.
2811 4236 2869 4291 In
2905 4236 3097 4308 primis
3122 4235 3231 4291 Leo
3254 4249 3391 4305 papa
3418 4248 3597 4288 nonus

2006 4331 2058 4385 in
2085 4330 2310 4401 epistola
2340 4329 2407 4383 ad
2437 4328 2758 4384 Michaelem
2785 4328 3127 4383 Cerularium
3152 4327 3220 4382 de
3250 4325 3455 4398 azymis
3488 4324 3598 4386 duo

2005 4423 2194 4488 docet,
2253 4437 2444 4492 nempe
2468 4420 2747 4477 Christum
2794 4422 2847 4475 in
2883 4419 3213 4476 instituenda
3252 4418 3598 4473 Eucharistia

2008 4529 2163 4569 usum
2210 4513 2377 4568 fuisse
2421 4512 2653 4582 azymis,
2692 4519 2748 4567 et
2782 4511 2954 4580 ipsius
2996 4507 3246 4578 exemplo
3282 4507 3429 4560 hunc
3480 4521 3599 4562 mo-

2008 4623 2144 4669 rem,
2174 4604 2381 4660 Latinis
2412 4594 2711 4674 receptum,
2741 4601 2809 4656 ab
2847 4601 3001 4656 initio
3032 4600 3288 4655 tenuisse.
3314 4596 3429 4651 Hoc
3453 4599 3600 4667 quod

2008 4697 2279 4769 posterius
2319 4696 2430 4751 dixi
2485 4696 2565 4750 sic
2611 4706 2769 4766 urget
2802 4690 3066 4762 pontifex,
3108 4687 3430 4745 Michaelem
3465 4687 3609 4753 alla:

2004 4806 2181 4863 quens
2217 4805 2232 4844 :
2270 4809 2287 4842 ι
2324 4789 2459 4844 Illud
2485 4796 2669 4842 autem
2706 4786 2829 4857 quis
2873 4801 2979 4840 non
3028 4792 3248 4855 stupeat
3284 4781 3432 4853 quod
3478 4794 3611 4854 post

2009 4889 2338 4938 totsanctos
2386 4888 2443 4931 et
2483 4876 2822 4933 orthodoxos
2864 4875 3057 4931 Patres
3110 4892 3208 4948 per
3251 4872 3401 4930 mille
3444 4884 3619 4939 etv"-

2006 4973 2144 5047 ginti
2184 4989 2215 5027 a
2263 4970 2517 5041 passione
2550 4964 2855 5024 Salvataris
2892 4981 3065 5022 annos
3105 4981 3279 5024 novus
3305 4961 3635 5034 calumnia-

2008 5077 2094 5121 tor
2121 5063 2380 5119 Ecclesia:
2412 5057 2741 5117 Latinorum
2781 5058 3055 5117 emersisti
3080 5102 3098 5129 ,
3128 5058 3642 5129 anathematizans

2003 5172 2195 5214 omnes
2215 5163 2269 5209 et
2301 5151 2571 5222 publicam
2623 5150 3054 5222 persecutionem
3100 5155 3354 5209 excitans
3381 5142 3464 5219 [in
3497 5158 3649 5230 eos]

2003 5248 2317 5319 quicunque
2367 5240 2829 5314 participarentur
2871 5256 2935 5296 ex
2977 5243 3238 5313 azymis?
3275 5260 3298 5296 ι
3335 5238 3481 5294 Hinc
3510 5253 3657 5310 cog-

2003 5344 2109 5394 litzo
2148 5337 2343 5394 Leonis
2380 5339 2615 5390 mentem
2660 5335 2833 5391 fuisse
2879 5349 3194 5394 azvmorum
3224 5346 3390 5389 usum
3429 5330 3488 5385 in
3526 5336 3659 5394 Ερ-
