4064 5394
508 289 652 346 ιςιδ

1582 281 1923 339 ΑΡΞἙΜἊΧ
1959 280 2050 371 AD
2082 281 2309 338 OPERA
2350 279 2720 338 llUMBERTl.

3640 283 3774 337 ιιιι

500 409 649 469 mille
680 415 735 464 et
770 404 957 478 viginti
992 421 1022 459 a
1068 403 1322 475 passione
1355 401 1657 455 Salvator-is
1683 413 1855 453 annos
1896 418 1913 448 ι
1950 413 2083 461 prae-
2122 405 2165 460 Α
2265 395 2321 450 lu
2365 398 2605 450 secundo
2650 397 2841 451 ordine
2904 406 2989 449 est
3041 394 3350 451 Alexander
3399 395 3621 451 Alensis
3662 398 3715 450 in
3750 398 3781 450 ι

500 513 586 558 ter
629 499 948 556 Michaelem
995 498 1248 551 inventus
1287 496 1358 549 sit
1407 508 1584 554 nemo,
1614 491 1705 562 qui
1750 488 1976 567 Latinos
2021 489 2092 544 ob

500 609 819 666 azymorum
876 604 1031 645 usum
1091 585 1493 662 reprehendere
1544 598 1710 638 ausus
1751 583 1868 646 sit,
1899 594 2094 636 consc-

500 700 677 755 queus
709 689 797 737 est
821 697 917 736 eos
961 696 1059 750 per
1099 688 1271 734 totum
1303 677 1432 733 illud
1467 687 1681 746 tempus
1712 674 1918 745 azymis
1945 686 2093 737 usos,

503 784 599 832 aut
626 774 817 830 saltem
863 772 1031 828 Leoni
1060 771 1134 829 ita
1178 784 1504 840 persuasum
1545 766 1735 823 fuisse.
1768 765 1916 820 Alias
1960 762 2092 818 nihil

504 867 713 922 valeret
771 865 939 935 ipsius
986 871 1370 933 argumentum
1433 860 1694 915 adversus
1752 856 2093 913 Michaelem.

504 958 692 1028 Neque
714 957 859 1012 enim
888 954 1178 1009 calumnia:
1204 953 1551 1008 occasionem
1595 950 1840 1020 prtebere
1885 947 2095 1018 potuis-

417 1100 423 1106 .
505 1059 589 1104 sct
619 1062 749 1101 usus
777 1045 884 1109 ille,
915 1044 959 1099 si
996 1042 1235 1097 noudmn
1273 1040 1595 1096 exstitisset.
1629 1040 1759 1093 Eam
1791 1053 1953 1107 porro
1974 1051 2096 1093 esse

504 1144 707 1201 Leonis
734 1153 995 1206 mentem,
1026 1154 1202 1209 neque
1236 1138 1302 1192 de
1321 1137 1467 1208 jure,
1501 1138 1596 1192 sed
1626 1136 1693 1191 de
1737 1134 1883 1190 facto
1926 1132 2093 1204 expli-

505 1236 619 1292 cari
652 1248 811 1305 posse
853 1241 1000 1304 patet
1036 1247 1104 1287 ex
1148 1230 1375 1302 epistola
1401 1229 1427 1283 1
1461 1229 1529 1284 ad
1567 1227 1816 1284 eumdem
1864 1224 2099 1280 Michae-

505 1327 634 1391 lem,
666 1326 721 1381 in
742 1341 850 1395 qua
880 1323 1070 1378 scribit
1098 1337 1291 1376 omnes
1315 1326 1581 1390 quotquot
1608 1317 1676 1372 ab
1718 1317 1966 1371 instituta
1997 1314 2095 1369 Ec-

504 1416 670 1473 clesia
711 1414 970 1471 exstitere
1022 1422 1293 1483 martyres
1344 1411 1486 1482 apud
1535 1408 1759 1463 Latinos
1787 1448 1803 1473 ,
1848 1408 2095 1478 azymis,

505 1510 560 1565 id
604 1516 691 1566 est
726 1508 1069 1563 Eucharistia
1124 1505 1177 1560 in
1223 1505 1430 1576 azymis
1480 1510 1822 1565 consecrata,
1872 1503 2096 1570 Sagitta-

506 1610 591 1656 tos
652 1599 846 1665 fuisse,
888 1593 945 1654 et
974 1588 1134 1670 paulo
1180 1605 1312 1651 ante
1356 1598 1533 1652 innuit
1584 1596 1898 1650 Latinorum
1950 1596 2096 1650 hunc

506 1706 713 1747 morem
759 1707 824 1746 ex
878 1691 1053 1747 sancti
1095 1689 1241 1745 l’etri
1293 1689 1634 1744 institutione
1694 1689 2091 1745 descendisse:

512 1804 531 1838 ι
569 1785 943 1855 Quapropter,
971 1785 1180 1855 inquit,
1211 1800 1241 1839 a
1286 1793 1437 1840 tanta
1486 1783 1726 1838 amentia
1756 1782 1871 1853 jam
1902 1781 2097 1854 resipi-
2129 1775 2172 1832 Β

505 1875 765 1941 scite~,et
823 1875 1052 1930 Latinos
1103 1890 1230 1930 vere
1279 1875 1620 1939 catholicos,
1661 1883 1828 1945 atque
1874 1873 2095 1928 maximi

504 1965 651 2023 Petri
681 1966 981 2023 familiares
1003 1948 1329 2038 discipulos,
1359 1946 1826 2037 institutionisque
1854 1966 1971 2036 ejus
2006 1965 2100 2020 dc-

507 2061 749 2118 votiores
791 2070 1096 2117 sectatores
1141 2070 1351 2116 cessate
1398 2061 1789 2117 subsannando
1830 2058 2099 2129 azymitas

509 2166 729 2208 vocare.
760 2172 784 2207 ι

581 2264 779 2319 Eadem
812 2265 913 2322 fuit
948 2266 1219 2321 sententia
1257 2266 1542 2322 llnmberti
1575 2266 1873 2322 cardiualis
1919 2267 1973 2321 in
2007 2281 2099 2321 re-

509 2360 800 2430 sponsione
824 2361 891 2415 ad
932 2360 1252 2417 Michaelem
1282 2361 1511 2417 dicentis
1558 2360 1859 2416 Ecclesiam
1899 2359 2101 2414 Roma-

509 2468 645 2507 nam
665 2451 732 2506 ad
780 2468 936 2507 suum
969 2469 1143 2523 usque
1182 2463 1397 2523 tempus
1446 2468 1554 2508 non
1587 2466 1832 2509 cessasse
1882 2452 1951 2506 ab
1999 2466 2098 2506 usu

510 2558 849 2613 azymorum,
900 2553 955 2598 et
1001 2545 1055 2598 in
1103 2545 1458 2615 responsione
1502 2547 1569 2599 ad
1618 2543 1882 2605 Nicetam.
1932 2543 2101 2598 tradi-

508 2635 709 2689 tionem
733 2648 853 2690 esse
883 2636 1193 2706 apostolica!
1222 2637 1385 2692 sedis.
1415 2636 1773 2692 Consentium
1794 2636 2022 2704 Algerus
2043 2635 2099 2691 in

507 2726 604 2781 lib.
635 2742 695 2789 ιι.
729 2741 849 2798 cap.
878 2728 935 2792 5,
965 2729 1058 2798 qui
1095 2744 1311 2784 omnem
1359 2728 1658 2786 Ecclesiam
1709 2730 1905 2798 praeter
1951 2727 2104 2783 Grze-

509 2834 628 2873 mm
659 2835 724 2873 ex
759 2820 1052 2876 traditione
1077 2821 1383 2891 principum
1407 2822 1667 2877 Ecclesia:
1692 2821 1837 2876 Petri
1869 2829 1925 2874 et
1950 2818 2099 2874 Pauli

510 2910 565 2964 in
612 2911 820 2981 azymis
847 2912 1156 2968 celebrasse
1188 2930 1204 2978 ;
1235 2912 1389 2985 [iugo
1419 2912 1630 2968 Tuscus
1658 2928 1752 2968 seu
1789 2911 2097 2976 Eterianus,

508 3002 677 3066 quiin
702 3002 796 3057 lib.
826 3020 865 3058 ιι
899 3003 964 3057 de
1010 3002 1351 3070 llzercsihus,
1382 3020 1502 3074 cap.
1541 3005 1628 3070 17,
1660 3003 1957 3059 Ecclesiain
2002 3001 2103 3055 La-

515 3093 685 3147 tinam
721 3110 915 3166 azyma
961 3098 1224 3166 perpetno
1260 3097 1609 3164 immolasse;
1635 3106 1691 3151 et
1721 3097 1993 3164 Rupertus
2044 3095 2096 3149 in

510 3183 606 3239 lib.
635 3200 698 3247 tt,
729 3187 795 3242 de
839 3187 1050 3243 Divinis
1083 3188 1310 3255 Olliciis,
1359 3206 1482 3261 cap.
1512 3189 1617 3253 ἦ.
1651 3189 1742 3259 qui
1801 3187 2099 3243 Ecclesium

512 3273 812 3330 Romana-n
869 3290 1060 3334 censet
1117 3280 1447 3336 fermentum
1504 3281 1558 3336 in
1615 3279 1890 3335 saerillcio
1955 3295 2096 3334 nun-

511 3378 675 3433 quam
706 3364 1039 3424 adhibuisse.

594 3477 844 3547 Ejusdem
885 3481 1193 3538 traditionis
1239 3486 1461 3541 ineunte
1519 3486 1705 3541 seculo
1752 3501 1853 3541 xm
1900 3500 2104 3556 propu-

513 3581 709 3637 gnator
734 3570 833 3626 fuit
868 3571 1218 3631 innocentius
1257 3578 1402 3648 Papa
1447 3577 1535 3644 lli,
1568 3579 1660 3648 qui
1692 3580 1759 3634 de
1780 3578 2100 3633 Latinorum

512 3661 720 3732 azymis
751 3678 939 3735 agens,
978 3681 1166 3721 eorum
1199 3679 1519 3740 perpetuum
1550 3685 1710 3724 usum
1752 3669 1995 3726 defendit
2046 3669 2100 3724 in

513 3751 590 3807 lih
612 3768 688 3818 iV,
721 3752 789 3810 de
835 3755 1017 3820 Missa,
1048 3773 1168 3828 cap.
1216 3761 1287 3814 «ιε
1320 3780 1340 3813 ‹
1370 3761 1453 3815 Ab
1498 3761 1631 3831 ipsis
1673 3775 1805 3832 ergo
1833 3801 1847 3823 .
1881 3760 2055 3830 inquit
2082 3800 2100 3825 ,

511 3842 686 3899 beatis
720 3847 978 3914 apostolis
1017 3847 1181 3905 Petro
1229 3861 1284 3906 et
1326 3850 1517 3910 Paulo.
1554 3867 1691 3920 quos
1722 3860 1777 3906 et
1807 3852 1962 3906 rivos
2004 3850 2099 3908 ha—

510 3933 629 3989 buit
654 3933 922 4006 (Romana
952 3937 1217 4008 Ecclesia)
1244 3949 1300 3996 et
1340 3940 1627 3997 defunctos
1661 3941 1923 4006 custodit,
1955 3942 2102 3997 hunc

512 4028 764 4083 sacrificii
798 4029 1231 4102 ritum'accepit,
1275 4047 1435 4103 quem
1477 4016 1744 4089 hactenus
1797 4032 2099 4087 inviolabili

511 4117 661 4172 cultu
695 4121 957 4175 se:vavit.
1000 4139 1022 4175 ι

583 4231 899 4288 lnnocentio
924 4250 956 4290 e
980 4237 1211 4308 vestigio
1237 4240 1501 4295 successit
1545 4240 1994 4296 scholasticorum
2025 4253 2100 4294 az-

504 4329 621 4395 tas,
660 4336 892 4391 quorum
927 4324 1112 4394 Opinio
1139 4327 1208 4381 de
1258 4344 1451 4398 azymo
1495 4329 1814 4384 Latinorum
1851 4340 1935 4384 est
1981 4329 2099 4398 ejus

502 4410 672 4466 rsum
706 4411 772 4465 ah
799 4410 956 4467 initio
987 4417 1263 4471 nascentis
1300 4418 1556 4473 Ecclesiae
1599 4419 1920 4489 incmpisse;
1951 4428 2099 4489 post-

2197 499 2392 559 quarst.
2425 490 2514 553 '52,
2558 490 2801 544 membro
2846 490 2902 550 5,
2950 489 3016 543 ad
3063 488 3360 554 ultimum;
3406 504 3644 558 eumque
3692 506 3780 544 se-

2196 592 2355 635 cutus
2384 581 2759 636 Bonavcntura
2803 579 3024 635 totidem
3057 580 3268 644 verbis;
3298 589 3353 634 et
3386 588 3614 635 sanctus
3639 579 3783 635 Tho-

2198 687 2315 727 mas
2370 672 2427 726 in
2492 671 2772 740 prolixiori
2840 671 3233 726 commentario
3292 668 3344 725 in
3412 670 3445 724 ι
3497 670 3626 725 dist.
3678 685 3784 735 ιι,

2195 772 2388 834 quaest.
2414 765 2471 828 2,
2500 772 2604 818 art.
2633 763 2690 829 2;
2723 764 2813 833 qui
2847 772 3097 819 auctores
3138 771 3331 819 testem
3374 761 3608 817 afferunt
3638 761 3783 817 Leo-

2195 873 2316 912 nem
2344 872 2536 928 papam
2573 857 2864 921 diccntcm,
2919 857 3238 912 imminente
3269 857 3464 912 haeresi
3506 856 3789 912 EbioniLt-

2196 964 2338 1011 rum,
2365 956 2586 1003 sanctos
2640 947 2830 1002 Patres
2875 947 3199 1017 pra-cepisse
3230 956 3288 1002 ut
3331 946 3663 1005 sacrificium
3716 960 3789 1003 ex

2198 1035 2525 1093 fermentata
2551 1037 2914 1094 conficeretur
2933 1038 3001 1093 ad
3032 1048 3266 1109 tempus.

2268 1173 2510 1244 Denique
2530 1166 2818 1229 Duraudus
2850 1173 2901 1228 in
2924 1173 2959 1227 4
3001 1174 3127 1230 dist.
3160 1189 3237 1239 ιι,
3265 1184 3457 1246 quast.
3482 1174 3540 1235 4.
3570 1176 3626 1229 in
3658 1189 3789 1231 cor-

2197 1281 2328 1335 pore
2363 1268 2439 1321 ait
2481 1267 2754 1338 apostolos
2786 1267 2840 1321 in
2874 1267 3147 1336 primitiva
3194 1267 3437 1323 Ecclesia
3468 1282 3629 1323 usum
3659 1281 3797 1339 azy-

2197 1366 2407 1411 morum
2445 1359 2719 1422 tenuisse,
2748 1365 2805 1412 et
2845 1359 2915 1413 ab
2964 1358 3029 1413 iis
3070 1359 3215 1413 hunc
3251 1349 3457 1414 morem
3486 1352 3791 1428 accepisse

2198 1445 2494 1501 Ecclesiam
2511 1445 2833 1503 Romanam.
2849 1447 3040 1504 Postea
3055 1449 3393 1505 increscente
3412 1449 3612 1505 haeresi
3628 1449 3793 1503 libid-

2198 1532 2459 1605 nitarum,
2490 1538 2581 1608 qui
2621 1538 2873 1595 dicebant
2902 1539 3063 1595 simul
3090 1555 3214 1596 cum
3253 1539 3545 1611 Evangelia
3588 1539 3788 1609 legali:

2198 1626 2557 1695 observanda,
2582 1640 2804 1684 sanctos
2829 1628 3035 1692 Patres,
3068 1644 3136 1684 ne
3178 1630 3260 1685 eis
3283 1629 3598 1685 consentire
3642 1630 3798 1683 vide-

2201 1729 2419 1787 rentur,
2468 1716 2706 1777 roluissc
2753 1722 2820 1776 ad
2866 1718 3077 1791 tempus
3120 1723 3224 1778 hoc
3269 1730 3688 1777 sacramentum
3726 1736 3795 1774 ex

2200 1809 2527 1866 fermentato
2569 1812 2799 1877 confici;
2833 1821 2891 1866 at
2937 1823 3194 1868 cessante
3239 1811 3433 1867 haeresi
3484 1811 3795 1867 Ecclesium

2201 1902 2496 1957 Romanam
2547 1904 2614 1958 ad
2660 1903 2951 1973 pristinum
3005 1903 3236 1960 rediisse
3282 1918 3529 1967 morem.
3569 1902 3799 1959 Graece

2199 2010 2330 2050 vero
2357 1994 2597 2050 noluisse
2624 1994 2819 2050 redire.
2868 1994 2995 2050 llaec
3039 1994 3107 2049 de
3156 1994 3371 2065 placitis
3424 1992 3797 2049 scholastico-

2199 2101 2319 2139 rum
2342 2095 2609 2151 veterum,
2642 2086 2841 2155 quibus
2884 2086 3219 2142 recentiores
3244 2086 3521 2157 plerique,
3553 2084 3649 2139 alii
3669 2084 3799 2140 aliis

2197 2193 2298 2248 pro
2323 2178 2425 2233 sua
2459 2180 2692 2249 quisque
2740 2191 2912 2244 secta,
2946 2179 3245 2234 adlnerent.
3282 2179 3529 2235 Joannes
3578 2176 3797 2233 Gel-son

2202 2270 2255 2324 in
2289 2270 2546 2326 Tractatu
2585 2272 2654 2327 de
2700 2272 3086 2327 communione
3136 2280 3323 2326 censet
3362 2270 3594 2325 Latinos
3621 2285 3801 2338 quon-

2200 2361 2322 2416 dam
2359 2362 2668 2418 sacerdotes
2698 2363 3000 2418 confecisse
3036 2361 3434 2418 Eucharistiam
3465 2361 3519 2415 in
3555 2360 3799 2415 tenuent.

2204 2460 2442 2517 tato;at
2485 2468 2593 2523 quo
2647 2463 2927 2524 tempore,
2959 2468 3135 2525 quare
3182 2452 3493 2517 occasione,
3544 2466 3658 2507 non
3706 2466 3803 2503 es-

2201 2543 2409 2613 primit.
2868 2574 2871 2575 ν
2982 2564 2987 2573 ·

2271 2655 2448 2711 Aliam
2479 2656 2649 2712 iniere
2682 2657 2825 2713 viam
2856 2657 3100 2713 historici
3126 2655 3348 2727 quidam
3403 2653 3749 2710 recentiores
3782 2668 3797 2704 :

2202 2748 2458 2804 nimirum
2493 2749 2758 2806 Martinus
2784 2750 3019 2807 Polonus
3047 2759 3102 2805 et
3126 2749 3335 2805 Platina
3354 2790 3368 2814 ,
3403 2747 3606 2820 quibus
3630 2744 3802 2804 Ioan-

2203 2855 2300 2895 nes
2353 2840 2606 2896 Calvinus
2659 2841 2999 2915 astipulatur.
3041 2841 3120 2896 Ex
3177 2841 3261 2897 his
3304 2841 3515 2912 primus
3574 2839 3657 2893 ad
3695 2854 3802 2894 au-

2203 2945 2331 2983 lum
2358 2930 2479 2994 l52,
2521 2931 2610 2985 ubi
2655 2931 2723 2986 de
2765 2922 3080 2987 Alexandro
3099 2945 3236 3002 papa
3276 2931 3409 3001 agit,
3439 2924 3557 2984 haec
3582 2929 3757 2983 habet
3782 2946 3799 2981 :

2207 3037 2227 3070 ‹
2252 3020 2353 3075 Hic
2367 3021 2532 3075 etiam
2565 3022 2758 3077 statuit
2786 3031 2845 3077 ut
2871 3022 2999 3077 vino
3029 3036 3170 3092 aqua
3203 3021 3626 3078 misceretur....
3658 3028 3717 3076 et
3740 3030 3803 3074 ut

2200 3106 2589 3165 oblatio'fieret
2622 3126 2689 3167 ex
2727 3110 2921 3183 azymo
2971 3123 3027 3167 et
3064 3112 3120 3166 in
3144 3124 3153 3133 ‘
3177 3112 3387 3167 modica
3436 3110 3759 3181 quantitate
3782 3150 3800 3173 ,

2201 3198 2389 3255 dicens
2416 3218 2429 3254 :
2460 3199 2587 3256 Haec
2629 3201 2833 3257 oblatio
2877 3211 3083 3274 quanto
3105 3190 3312 3274 potior,
3345 3211 3499 3258 tanto
3536 3203 3743 3256 rarior.
3776 3218 3797 3253 ι

2200 3287 2397 3345 Nescio
2426 3306 2496 3345 an
2547 3307 2615 3346 ex
2660 3292 2851 3348 eodem
2899 3293 3043 3350 fonte
3077 3293 3394 3350 Barlaamus
3442 3282 3804 3349 Hieraeensis

2201 3380 2511 3453 episcopus,
2538 3381 2755 3438 Martini
2788 3385 2903 3440 fere
2944 3385 3190 3455 aequalis,
3219 3385 3369 3440 idcm‘
3391 3384 3556 3439 tradit
3588 3385 3646 3439 in
3683 3385 3805 3455 epi-

2199 3471 2339 3528 stola
2383 3472 2453 3529 de
2493 3474 2696 3532 unione
2727 3475 3013 3547 utriusque
3043 3476 3321 3532 Ecclesiae.
3351 3474 3563 3530 Platina
3620 3474 3677 3529 id
3727 3473 3803 3528 ab

2200 3567 2513 3625 Alexandro
2554 3579 2822 3626 statutum
2867 3571 3019 3639 dicit,
3055 3590 3075 3624 ι
3109 3583 3166 3626 ιιι
3212 3570 3485 3626 Ebionitis
3517 3566 3803 3623 haereticis

2199 3659 2574 3717 calumniandi
2591 3662 2811 3719 occasio
2845 3659 3175 3717 auferretur.
3204 3680 3224 3713 ι
3251 3660 3317 3715 Et
3339 3658 3601 3715 Calvinus
3623 3658 3683 3712 in
3710 3656 3803 3712 luo

2201 3750 2549 3806 stitutionum
2569 3751 2666 3807 lib.
2690 3767 2745 3806 tv
2767 3771 2779 3804 :
2810 3771 2830 3805 ι
2850 3749 3499 3819 Ρθιδιιιειιιιιιιιιι.«ἰικιιιίι,
3522 3758 3581 3804 et
3602 3745 3803 3816 vulga-

2201 3851 2316 3898 tum
2354 3857 2551 3914 panem
2592 3843 2760 3899 fuisse
2802 3851 2931 3899 ante
2973 3853 3187 3913 tempus
3227 3840 3519 3897 Alexandri
3558 3838 3799 3894 Romani

2199 3935 2441 4005 episcopi
2476 3945 2700 3989 narrant
2729 3934 3003 3999 historiae,
3032 3934 3125 4004 qui
3170 3933 3379 4004 primus
3423 3944 3621 4001 azymo
3653 3942 3802 3997 pane

2201 4027 2506 4082 delectatus
2542 4039 2649 4083 est.
2693 4026 2808 4093 Qua
2839 4027 2893 4081 id
2940 4027 3176 4092 ratione,
3207 4041 3315 4080 non
3360 4024 3539 4087 video,
3570 4022 3681 4076 nisi
3737 4030 3802 4074 ut.

2199 4118 2374 4190 plebis
2401 4118 2588 4175 oculos
2622 4132 2763 4173 novo
2790 4109 3108 4189 spectaculo
3131 4118 3184 4172 in
3225 4114 3643 4171 admirationem
3675 4121 3801 4166 tra-

2201 4209 2358 4263 heret
2395 4210 2567 4278 magis
2610 4224 2773 4278 quam
2806 4217 2866 4263 ut
2902 4208 3117 4262 animos
3165 4207 3333 4277 proba
3385 4205 3653 4274 religione
3706 4203 3801 4259 in-

2199 4307 2453 4354 strueret.
2490 4319 2508 4351 ι
2544 4299 2729 4353 Eidem
2776 4300 3060 4355 sententia!
3089 4298 3306 4354 accedit
3342 4293 3613 4351 Badulfus
3638 4294 3798 4351 Tun-

2200 4389 2414 4459 grensis
2440 4388 2507 4442 de
2535 4403 2805 4443 canonum
2831 4387 3201 4453 observantia,
3232 4402 3353 4458 cap.
3375 4387 3470 4441 25.
3528 4406 3535 4411 τ

515 4516 578 4556 ea
620 4515 768 4565 vero,
824 4502 1111 4574 ingruente
1156 4506 1534 4562 Ebionmorum
1575 4509 1765 4563 haeresi
1813 4509 1906 4578 qui
1955 4509 2098 4579 lega-

2270 4516 2401 4573 Tam
2429 4529 2729 4591 pugnantes
2766 4496 3045 4575 hominum
3069 4519 3372 4575 sententias
3405 4517 3659 4574 retulisse
3687 4518 3798 4574 huc
3842 4514 3851 4519 ”

515 4591 587 4646 lia
620 4593 901 4650 observari
949 4608 1202 4667 oportere
1234 4601 1536 4665 docebant,
1559 4600 1891 4671 praeceptum
1930 4602 2100 4659 fuisse

512 4696 573 4739 ut
602 4687 821 4753 rejectis
847 4691 1055 4761 azymis
1095 4690 1479 4748 fermentatum
1522 4696 1906 4750 admitteretur
1938 4713 1952 4761 ;
1985 4706 2097 4751 tum

513 4777 800 4836 desinente
831 4780 1045 4848 hieresi,
1072 4783 1294 4839 Latinos
1319 4788 1387 4840 ad
1411 4802 1601 4856 azyma
1641 4787 1819 4841 denuo
1851 4787 2097 4843 rediisse.

513 4867 685 4938 llnjns
739 4875 986 4944 prmcepti
1038 4873 1272 4931 Leonem
1318 4893 1511 4947 papam
1551 4878 1642 4932 alii
1684 4880 1871 4935 dicunt
1913 4889 2101 4935 aucto-

513 4979 655 5028 rem,
689 4963 781 5018 alii
832 4980 940 5020 non
977 4981 1256 5022 aucmrem
1285 5009 1299 5034 ,
1330 4970 1425 5024 sed
1468 4980 1659 5026 testem
1689 4980 1979 5039 asserunt,
2007 4972 2099 5027 alii

514 5068 614 5107 nec
651 5064 872 5118 testem,
903 5072 1003 5110 nec
1041 5067 1341 5114 auctorem.
1384 5061 1441 5115 in
1495 5062 1685 5133 primis
1733 5072 1818 5119 est
1861 5063 2101 5120 Joannes

515 5141 665 5198 Duns
714 5144 911 5201 Scotus
958 5147 1008 5200 in
1035 5146 1221 5204 4dist.
1267 5167 1342 5216 xl,
1388 5163 1581 5222 quast.
1613 5155 1688 5210 5:
1725 5175 1743 5208 ι
1795 5154 1909 5212 Sub
1958 5172 2098 5228 papa

514 5230 696 5270 [anno
774 5234 945 5270 innuit
1013 5237 1112 5270 fni.
1175 5241 1365 5270 '\.v\rnn:

774 5234 945 5270 innuis
1013 5237 1112 5270 fni!
1175 5241 1395 5270 '\.nrnn:n
1448 5260 1670 5270 ΑΑ--.Ακα
1737 5247 1905 5270 1-...νμμ

2199 4610 2390 4667 saltem
2416 4611 2652 4683 juverit,
2682 4621 2742 4667 ut
2785 4612 3088 4684 intelligant
3109 4626 3301 4667 omnes
3331 4626 3494 4681 quam
3534 4608 3794 4665 intricata

2199 4703 2267 4754 sit
2317 4703 2687 4756 controversia
2727 4704 2794 4757 de
2837 4717 3050 4773 azymo,
3084 4702 3304 4772 quantis
3332 4700 3651 4771 ambagibus
3706 4700 3793 4753 in-

2201 4792 2423 4860 voluta;
2458 4804 2569 4848 tum
2603 4806 2865 4866 quantum
2902 4794 3141 4859 intersit,
3166 4810 3272 4849 non
3308 4808 3375 4848 ex
3425 4794 3591 4847 trivio
3627 4790 3797 4845 falsa-

2201 4900 2319 4938 rmn
2369 4887 2747 4954 traditionum,
2774 4897 2869 4942 aut
2918 4903 2986 4942 ex
3037 4887 3395 4958 supposititiis
3436 4885 3793 4957 auctoribus,
3881 4870 3893 4883 ’

2200 4977 2388 5032 sed'ex
2434 4979 2656 5049 optimis
2700 4980 3044 5051 antiquitatis
3072 4978 3439 5034 monumentis
3468 4991 3670 5032 eruere
3700 4990 3793 5031 ve-

2201 5069 2442 5124 ritatem.
2493 5069 2663 5138 Quam
2712 5074 2853 5127 viam
2897 5074 3208 5143 quicunque
3254 5087 3360 5126 non
3410 5077 3706 5125 tenuerunt
3734 5070 3795 5126 in

2200 5165 2421 5234 supinos
2458 5176 2511 5220 et
2541 5168 2779 5238 insignes
2808 5184 3021 5225 errores
3048 5150 3247 5237 delapsi
3293 5176 3439 5222 sunt.
3467 5164 3657 5224 Etate
3691 5182 3794 5222 ve—
