4064 5394
180 238 350 302 {235

1209 256 1602 315 ιιΑΒιιιοΝιι
1641 256 2056 325 οιδουιειτιο
2088 259 2177 315 DE
2205 260 2467 320 AZYMO.

3347 275 3484 331 ιεισ

167 372 433 427 azyma.
469 361 578 416 huc
627 362 837 420 inducti
884 375 1012 422 sunt
1053 370 1382 425 auctoritate
1435 371 1607 424 sancti
1659 368 1787 437 Epi-
1817 369 1946 429 Ain
1996 368 2242 424 Czesarca
2293 373 2664 438 Bibliotheca.
2717 375 2952 434 habetur
3007 381 3280 438 canticum
3339 383 3482 438 istud

169 463 185 514 ι
217 449 408 505 lianii.
441 451 574 507 Cum
602 457 746 509 enim
778 459 920 526 apud
953 459 1314 529 Epiphaniam
1349 463 1590 531 legerent
1621 461 1784 514 Ebio-

175 556 346 597 meos
391 545 596 600 erroris
643 551 882 613 notatos,
917 554 1058 620 quod
1113 555 1371 622 mysteria
1410 553 1670 608 offerrent
1719 570 1786 607 ex

173 646 393 702 azyutu
421 644 476 688 et
508 643 646 705 aqua
679 640 810 703 sola,
833 653 1162 710 putaverunt
1192 661 1508 714 azymorum
1541 661 1694 700 usum
1722 662 1786 700 ea

172 722 483 778 o-casione
513 727 863 795 rejectutn'ab
912 731 1148 785 Ecclesia
1193 731 1382 788 fuisse.
1419 735 1483 788 Et
1513 737 1637 804 quia
1671 751 1787 805 per-

173 826 414 867 suasum
443 815 715 872 habebant
743 835 950 874 morem
987 825 1171 877 utendi
1205 827 1413 895 azymis
1444 827 1585 897 apud
1633 827 1784 882 Lati.-

171 917 289 956 sius
344 918 375 956 a
431 904 631 962 Christi
686 912 932 982 exemplo
972 914 1337 982 descendisse,
1389 917 1532 972 banc
1567 919 1782 972 demum

177 991 523 1049 invenerunt
570 1001 929 1057 conciliandae
955 1005 1286 1061 dillicultatis
1330 1008 1510 1073 viam,
1543 1018 1600 1060 ut
1649 1025 1782 1080 azy-

178 1099 340 1138 nium
372 1099 594 1158 propter
636 1091 922 1149 Ebionzeos
966 1098 1034 1150 ab
1083 1098 1324 1154 Ecclesia
1371 1099 1632 1167 rejectum
1685 1117 1780 1157 seu

173 1175 560 1236 intermissum
592 1183 876 1250 dicerent;
921 1199 1106 1258 postea
1135 1207 1264 1245 vero
1311 1203 1562 1248 cessante
1586 1194 1781 1254 haeresi

171 1269 446 1335 praedicta
485 1273 814 1332 restitutum.
845 1278 1042 1334 Verum
1068 1281 1136 1336 de
1172 1282 1473 1352 Epiphanio
1499 1293 1705 1354 postea.

805 1419 1034 1479 CAPUT
1075 1424 1159 1478 Vl.

339 1529 591 1593 Quadam
627 1534 926 1613 t'eslimom'a
969 1538 1142 1593 dubia:
1156 1540 1289 1613 ﬁdei
1320 1559 1416 1609 pro
1456 1560 1642 1613 azyma

623 1601 935 1659 Latinorum
964 1601 1348 1677 expenduntur.

255 1705 312 1760 In
340 1710 487 1764 omni
518 1717 912 1777 controversia.
948 1728 1008 1772 ut
1048 1734 1173 1775 vera
1214 1737 1243 1776 a
1277 1723 1455 1790 falsis,
1488 1725 1569 1780 sic
1622 1737 1771 1782 certa

174 1797 250 1853 ab
310 1799 536 1858 incertis
588 1813 645 1858 et
695 1807 875 1864 dubiis
925 1826 1214 1867 secernere
1265 1813 1440 1882 juvat.
1501 1817 1640 1873 llinc
1688 1830 1772 1876 est

174 1891 327 1956 quod
347 1893 528 1949 minus
571 1897 762 1965 peritis
789 1916 992 1970 morem
1025 1919 1222 1972 gerens
1255 1909 1344 1974 qui
1375 1908 1441 1961 ad
1473 1910 1586 1964 lucc
1627 1921 1770 1966 trac-

175 1985 346 2039 tanda
389 1989 552 2043 rudes
577 2000 632 2044 et
679 1992 933 2063 imparati
975 2000 1260 2062 accedunt,
1293 2001 1396 2055 hoc
1450 2001 1568 2058 loco
1616 2019 1772 2058 seor-

176 2075 285 2130 sim
316 2078 524 2134 institui
563 2097 725 2154 agere
752 2086 821 2140 de
868 2089 1143 2144 nonnullis
1175 2092 1500 2148 testimoniis
1537 2104 1629 2150 aut
1674 2097 1774 2150 fal-

173 2165 257 2220 sis
281 2176 375 2220 aut
407 2168 584 2226 dubiis
619 2189 740 2243 qua:
767 2191 865 2243 pro
894 2194 1087 2249 azymo
1117 2180 1297 2235 afferri
1326 2194 1572 2252 possunt,
1604 2202 1688 2248 ne,
1724 2187 1769 2241 si

174 2273 242 2312 ea
279 2261 473 2316 tacitus
501 2269 936 2335 praetermisero,
968 2271 1058 2326 fiat
1115 2282 1173 2327 ιιι
1221 2275 1421 2330 incauti
1465 2278 1547 2332 vel
1592 2279 1770 2335 dubiis

121 2350 300 2428 .plus
345 2369 499 2423 aequo
553 2359 1079 2431 tidem'adhibeant,
1133 2365 1216 2422 vel
1263 2368 1414 2422 falsis
1467 2372 1673 2427 seducti
1712 2373 1769 2427 in

167 2456 414 2500 errorem
448 2447 723 2505 labantur.

250 2535 307 2588 ln
344 2538 526 2593 dubiis
576 2542 810 2610 primum
861 2549 1102 2602 occurrit
1134 2550 1442 2607 Cbronicon
1472 2556 1614 2624 qttod
1666 2556 1769 2610 sub

171 2628 396 2682 nomine
446 2628 586 2685 Dalii
615 2631 1034 2694 Mediolanensis
1065 2641 1304 2712 episc0pi
1349 2643 1400 2696 in
1443 2644 1765 2700 bibliotheca

171 2715 416 2785 ejusdem
447 2721 702 2778 Ecclesize
730 2739 1046 2784 asservatur
1070 2747 1084 2796 ;
1123 2747 1230 2801 quo
1258 2733 1310 2787 in
1356 2733 1625 2790 Chronico
1652 2736 1766 2790 haec

169 2807 241 2864 de
265 2823 456 2866 sancto
480 2813 772 2873 Ambrosio
798 2815 1091 2889 leguntur:
1128 2842 1148 2875 ι
1185 2823 1418 2878 Sanctus
1443 2825 1766 2882 Ambrosius

173 2898 490 2958 Graecorum
528 2905 832 2964 Ecclesiam
861 2912 914 2966 in
965 2913 1214 2983 plurimis
1249 2915 1457 2971 ofﬁciis
1479 2919 1762 2972 venerabi-

172 2989 298 3046 liter
333 2994 576 3052 imitatus
605 3010 712 3066 est,
762 3004 855 3072 qui
882 3016 936 3060 et
965 3008 1292 3063 sacrificium
1313 3025 1524 3075 eorum,
1551 3012 1759 3068 scilicet

1889 479 2013 516 eum
2044 464 2150 518 hoc
2191 467 2392 520 titulo:
2432 485 2450 517 ι
2491 467 2736 540 Hymnus
2768 486 2930 540 quem
2978 483 3202 530 sanctus
3250 475 3482 531 Ambro-

1888 554 2000 607 sius
2056 565 2112 610 et
2139 567 2359 611 sanctus
2392 558 2726 629 Augustinus
2763 561 2994 618 invicem
3029 565 3408 620 condiderunt.
3456 585 3475 615 ι

1887 644 2039 710 Quod
2065 655 2121 698 ut
2148 663 2339 716 parum
2367 659 2573 726 certum
2600 651 2690 714 sit,
2713 653 2837 707 hinc
2875 663 3049 710 tamen
3092 665 3314 725 apparet
3359 672 3486 726 per-

1887 741 2197 794 suasionem
2249 741 2314 794 de
2368 743 2687 798 auctoribus
2739 745 2895 798 istius
2944 748 3139 802 cantici
3200 765 3306 802 non
3359 764 3484 804 esse

1887 831 2171 886 admodum
2234 848 2426 889 novam
2456 843 2511 888 et
2537 846 2832 900 recentem,
2862 839 2954 892 sed
3002 850 3092 894 aut
3139 840 3307 910 ipsius
3339 840 3482 898 Dalii

1887 931 2152 989 tempore,
2181 931 2276 976 aut
2306 923 2467 992 paulo
2498 934 2622 992 post
2668 937 2966 996 receptam.

1957 1012 2245 1068 Meuardus
2285 1025 2473 1070 noster
2499 1017 2551 1070 in
2584 1017 2729 1072 notis
2761 1019 2826 1072 ad
2864 1019 3060 1072 librum
3091 1018 3480 1076 Sacramento—

1884 1121 2046 1171 rum,
2083 1107 2173 1162 ubi
2231 1108 2298 1162 de
2352 1111 2457 1164 hoc
2508 1112 2722 1165 cantico
2776 1111 2915 1182 agit,
2971 1093 3482 1170 duobttsmtovetnr

1884 1200 2215 1267 argumentis
2261 1200 2332 1254 ad
2379 1199 2688 1256 Chronicon
2743 1201 2885 1256 istud
2945 1203 3101 1258 Datio
3157 1202 3480 1258 subtrahen-

1883 1289 2031 1354 dum,
2082 1305 2274 1359 nempe
2325 1299 2379 1345 et
2430 1291 2572 1360 quod
2633 1292 2912 1362 Augustini
2980 1295 3264 1348 conversio
3329 1295 3381 1348 in
3413 1310 3480 1356 eo

1881 1383 2156 1438 Chronico
2197 1382 2356 1438 aliter
2404 1398 2626 1452 quama
2681 1383 2928 1438 POssidio
2966 1393 3022 1438 et
3073 1385 3142 1439 ab
3197 1384 3315 1453 ipso
3372 1386 3478 1437 Au-

1883 1477 2102 1546 gustino
2131 1476 2418 1542 referatur,
2450 1487 2520 1554 et.
2552 1478 2694 1548 quod
2722 1479 3028 1534 Chronicon
3070 1496 3099 1534 a
3150 1480 3300 1536 nullo
3351 1495 3480 1534 auc-

1883 1575 2004 1621 tore
2054 1567 2280 1621 citatum
2327 1567 2556 1636 legatur.
2591 1567 2792 1624 Verum
2823 1580 2881 1624 ut
2928 1573 3081 1638 prius
3123 1570 3198 1625 ita
3238 1571 3328 1632 sit,
3369 1586 3476 1625 non

1884 1674 2012 1713 raro
2051 1667 2300 1715 auctores
2329 1661 2498 1715 etiam
2545 1661 2784 1731 aequales
2819 1663 2872 1716 in
2913 1663 3075 1718 unius
3123 1663 3478 1734 ejusdemque

1808 1737 1849 1795 Β
1881 1749 2006 1804 facti
2041 1753 2352 1806 narratione
2403 1753 2735 1823 discrepant.
2778 1754 3061 1809 Posterius
3106 1755 3230 1809 inde
3272 1751 3476 1809 refelli-

1875 1851 1982 1906 tur,
2007 1844 2149 1912 quod
2186 1844 2493 1900 Cbronicon
2526 1846 2666 1900 istud
2696 1846 2795 1901 sub
2819 1847 3037 1902 nomine
3069 1849 3205 1901 Datii
3245 1847 3470 1902 citatum

1873 1935 2140 2000 videatur,
2175 1947 2288 1991 tum
2323 1940 2462 2009 apud
2507 1940 2734 1994 Paulum
2768 1943 3055 1997 diaconum
3108 1945 3160 1996 in
3215 1942 3476 1997 Historia:

1875 2026 2124 2082 Miscellze
2160 2029 2295 2083 libro
2334 2047 2444 2094 xw,
2475 2040 2586 2087 tum
2639 2035 2780 2102 apud
2816 2034 3093 2102 vulgatum
3124 2033 3471 2088 Anastasium

1873 2120 1939 2174 de
1976 2122 2161 2176 Gestis
2209 2125 2550 2192 mutilieium
2605 2127 2656 2180 in
2709 2126 2942 2182 Silverio
2995 2143 3155 2196 papa,
3184 2127 3274 2182 ubi
3331 2135 3472 2181 tem-

1873 2226 2004 2282 pore
2034 2214 2194 2284 lmjus
2224 2215 2497 2284 pontificis
2529 2216 2700 2271 fames
2738 2218 2928 2287 ingens
2977 2219 3219 2273 smviisse
3263 2231 3472 2273 memo-

1874 2316 2026 2359 ratur
2068 2327 2085 2356 ι
2127 2323 2192 2362 ex
2229 2308 2492 2362 relatione.
2522 2309 2662 2364 Dalii
2691 2311 2930 2381 episcopi
2970 2309 3408 2365 Mediolanensis.
3445 2327 3465 2362 ι

1871 2397 2002 2464 Quae
2038 2414 2126 2452 res
2165 2402 2208 2453 si
2238 2401 2291 2453 in
2320 2402 2578 2468 praedicto
2605 2401 2880 2457 Chronico
2923 2401 3156 2469 legatur,
3187 2399 3466 2456 fatendum

1870 2497 1953 2542 est
1993 2499 2089 2544 aut
2139 2491 2354 2545 Datium
2387 2493 2505 2561 ejus
2535 2509 2654 2547 esse
2700 2504 3000 2555 auctorem,
3027 2503 3120 2548 aut
3175 2503 3326 2547 certe
3369 2492 3467 2547 ali-

1869 2594 2032 2648 quem
2086 2581 2252 2635 alium
2304 2582 2471 2636 Patdu
2511 2584 2769 2648 Diacono,
2821 2585 3005 2649 idest,
3037 2595 3232 2639 octavo
3260 2583 3461 2638 sarculo

1869 2671 2246 2740 superiorem,
2303 2672 2527 2742 ejusque
2573 2677 2979 2742 persuasionem
3035 2676 3206 2730 fuisse
3252 2691 3468 2748 azymo-

1869 2776 1988 2816 rum
2017 2779 2175 2818 usum
2216 2781 2329 2818 aevo
2372 2767 2643 2821 Ambrosii
2677 2768 2915 2838 viguisse
2941 2769 3080 2838 apud
3107 2767 3352 2823 Latinos.

1937 2853 2163 2910 Detnum
2195 2855 2407 2911 etiamsi
2447 2857 2754 2913 Chronicon
2807 2859 2947 2912 istud
2985 2859 3084 2912 arvi
3134 2859 3206 2912 sit
3261 2871 3459 2913 recen-

1866 2944 2040 3006 tioris.
2067 2961 2172 3000 non
2220 2955 2400 3001 tamen
2447 2949 2709 3002 continuo
2759 2948 3122 3018 respuendum
3167 2957 3250 3004 est
3297 2947 3460 3018 quid-

1863 3036 1991 3104 quid
2025 3036 2076 3090 in
2114 3037 2206 3090 illo
2251 3037 2582 3102 continetur,
2627 3047 2738 3092 tum
2770 3039 2898 3107 quia
2950 3047 3166 3102 auctor,
3206 3038 3458 3107 quisquis

171 3085 548 3148 fermentatum
579 3135 594 3160 ,
623 3111 748 3151 cum
798 3108 988 3154 nostro
1045 3118 1237 3174 azymo
1285 3104 1339 3158 in
1383 3105 1756 3162 celeberrimis

1869 3085 1990 3104 τ---
2116 3085 2201 3090 ----
2629 3085 2738 3092 η-.-
2773 3085 2898 3107 τη
2951 3085 3166 3102 νην-υ-.

1867 3129 2086 3183 tandem
2120 3127 2207 3182 ille
2251 3131 2345 3195 sit,
2379 3129 2429 3182 id
2461 3146 2524 3184 ex
2573 3131 2851 3184 veteribus
2906 3130 3279 3184 monumentis
3317 3128 3459 3182 acci-

169 3178 572 3247 festivit'atibus,
603 3188 837 3242 maxime
869 3191 922 3245 in
969 3195 1371 3249 resurrectione
1415 3197 1628 3252 Domini
1667 3199 1760 3253 be-

171 3273 473 3332 nedicebat.
503 3298 523 3331 »
556 3278 614 3334 Si
647 3281 716 3336 de
756 3283 915 3352 hujus
941 3284 1199 3343 Chronici
1249 3292 1577 3346 auctoritate
1625 3308 1758 3347 con-

173 3371 363 3430 staret,
395 3365 725 3425 lnculentum
763 3373 1090 3433 haberemus
1124 3382 1496 3436 testimonium
1531 3385 1596 3437 ad
1624 3401 1754 3454 pro-

168 3452 400 3511 bandum
443 3457 690 3517 Latinam
730 3465 1030 3522 Ecclesiam
1085 3481 1328 3543 tempore
1375 3452 1649 3530 Ambrosii
1700 3479 1753 3532 in

167 3559 354 3617 azyuto
380 3564 750 3610 consecrasse.
782 3559 853 3613 At
899 3560 1002 3615 viri
1037 3562 1176 3616 docti
1224 3567 1468 3620 nonnulli
1516 3569 1750 3624 Chroni-

166 3650 267 3690 con
319 3637 462 3696 istud
515 3647 792 3702 recentius
845 3665 971 3706 esse
1031 3662 1224 3721 putant
1287 3655 1438 3711 Datio
1495 3661 1752 3730 episcopo

167 3729 294 3799 qui,
327 3729 522 3804 Vigilio
572 3753 709 3808 papa
760 3742 1002 3810 sedente,
1047 3746 1149 3802 hoc
1194 3757 1276 3804 est
1323 3760 1453 3805 ante
1509 3729 1748 3809 medium

164 3819 412 3876 saeculum
461 3825 697 3892 sextum,
747 3825 1203 3891 Mediolanensem
1253 3838 1554 3895 Ecclesiam
1592 3859 1746 3914 rcge-

162 3913 272 3965 bat.
305 3911 533 3973 Causam
566 3937 665 3975 eur
701 3923 846 3979 istud
898 3926 1203 3984 Chronicon
1255 3932 1410 3988 Datio
1464 3911 1746 4004 adjudiea-

162 4013 310 4061 rctur
331 4010 518 4064 sedqu
552 4015 834 4084 inquisivi,
867 4027 979 4074 tum
1014 4023 1232 4091 scriptis
1257 4025 1322 4077 ad
1353 4026 1558 4082 amicos
1602 4028 1744 4084 litte-

162 4094 278 4155 ris.
325 4105 434 4152 tum
501 4105 670 4171 petito
727 4105 844 4172 ejus
913 4112 1161 4182 exemplo
1221 4129 1286 4167 ex
1351 4115 1738 4176 Mediolanensi

159 4183 532 4256 Bibliotheca,
591 4197 937 4254 utilectione
991 4202 1248 4259 Cbronici
1308 4206 1385 4260 rei
1450 4209 1738 4264 Veritatem

158 4281 417 4348 expiscari
446 4302 684 4355 possem.
727 4293 927 4348 Verum
963 4297 1092 4350 nihil
1126 4297 1272 4352 aliud
1303 4313 1364 4354 ea
1408 4300 1474 4354 de
1506 4317 1565 4356 re
1606 4304 1735 4358 mihi

157 4375 354 4427 rescire
389 4375 541 4432 licuit
586 4391 782 4449 praeter
815 4400 879 4438 ea
908 4401 1028 4456 qua:
1069 4403 1193 4443 mox
1236 4391 1524 4458 adducam,
1557 4411 1735 4464 neque

157 4463 412 4521 hactenus
461 4473 767 4540 exemplum
815 4453 1113 4546 expetitum
1179 4482 1447 4551 accipere.
1503 4453 1734 4551 Quo-fit
1766 4453 1812 4512 θ

155 4562 218 4608 ιιι
250 4555 311 4609 de
343 4556 503 4627 hujus
539 4561 795 4619 Chronici
843 4570 1172 4624 auctoritate
1225 4571 1356 4626 mihi
1407 4583 1558 4629 certo
1602 4591 1732 4646 pro-

156 4647 393 4704 nuntiare
434 4667 539 4705 non
571 4653 749 4708 liceat.
807 4690 812 4695 -

161 4779 164 4786 .
221 4736 342 4793 Illud
412 4741 464 4796 in
524 4747 714 4813 primis
789 4761 1094 4819 suspectum
1165 4756 1343 4811 reddit
1392 4773 1526 4828 Opus
1588 4759 1727 4814 istul

155 4833 286 4909 quod
311 4834 475 4889 refert
517 4839 787 4896 Antonius
818 4841 1148 4899 POSsevinus
1175 4847 1242 4903 de
1282 4850 1384 4904 hoc
1434 4851 1725 4919 Chronico,

161 4939 178 4971 ι
207 4923 254 4977 in
284 4940 388 4994 quo
424 4928 634 4984 scilicet
675 4933 748 4986 ait
797 4934 1057 5002 scriptum
1089 4948 1304 4994 exstare
1347 4942 1620 4994 canticum
1657 4941 1726 4997 Te

157 5013 309 5068 Deum
353 5016 640 5074 laudamus
669 5037 700 5075 a
748 5026 952 5080 sanctis
985 5027 1276 5087 Ambrosio
1323 5042 1378 5086 et
1421 5033 1725 5102 Augustino

151 5106 315 5161 statim
346 5122 378 5161 τι
432 5110 702 5179 baptismo
741 5113 978 5181 ejusdem
1028 5119 1254 5187 Augusti
1306 5123 1616 5179 alternatim
1668 5137 1724 5182 et

150 5213 208 5252 ex
238 5203 477 5270 tempore
517 5214 798 5262 cantatum
857 5209 1056 5274 fuisse,
1089 5224 1255 5286 atque
1309 5217 1436 5270 inde
1484 5219 1552 5272 ab
1597 5221 1721 5275 uni-

149 5303 288 5345 versa
323 5291 564 5348 Ecclesia
593 5292 925 5366 frequentari
957 5299 1210 5368 ccepisse.
1250 5327 1269 5360 ι
1302 5306 1435 5374 Quae
1467 5322 1552 5362 res
1581 5325 1719 5365 non-

1861 3233 1991 3288 pere
2013 3220 2205 3288 potuit,
2249 3230 2359 3274 tum
2389 3221 2513 3290 quia
2544 3222 2648 3274 hoc
2694 3221 2870 3290 ipsum
2904 3221 3048 3292 quod
3079 3222 3144 3274 dc
3167 3236 3360 3291 azytno
3400 3221 3455 3275 in

1859 3323 1924 3362 eo
1970 3308 2167 3379 legitur
2221 3326 2287 3364 ex
2344 3313 2505 3364 missa
2560 3312 2922 3367 Ambrosiaua
2973 3312 3186 3381 pondus
3249 3311 3452 3367 trahere

1845 3397 2092 3455 videtur.
2125 3400 2179 3454 In
2224 3401 2327 3455 hac
2365 3403 2506 3455 enim
2539 3403 2628 3456 tibi
2668 3402 2737 3456 de
2768 3403 3044 3458 oblatione.
3068 3404 3222 3471 panis
3249 3403 3452 3472 agitur.

1856 3493 2090 3549 orationi
2141 3496 2495 3563 prmmittitur
2531 3497 2620 3552 hic
2671 3496 2862 3552 titulus
2909 3497 3051 3568 apud
3099 3495 3446 3552 Pamelium:

1861 3602 1880 3636 ι
1913 3584 2128 3641 Oblatio
2166 3589 2321 3657 panis
2353 3589 2526 3660 azymi
2583 3604 2705 3644 cunt
2755 3600 2972 3658 patena.
3007 3609 3025 3640 ι
3057 3587 3226 3643 Porro
3270 3586 3448 3641 Missa:

1855 3674 2036 3742 hujus.
2074 3693 2196 3746 quae
2231 3679 2596 3734 Ambrosiana
2628 3680 2850 3745 dicitur,
2887 3690 3162 3733 auctorem
3195 3678 3444 3749 agnoscit

1853 3775 2100 3820 sanctum
2128 3767 2497 3822 Ambrosium.
2525 3767 2858 3822 Walafridus
2890 3767 3117 3844 Strabus
3150 3769 3201 3821 in
3231 3767 3324 3821 lib.
3366 3767 3445 3822 De

1848 3854 2012 3910 rebus
2057 3856 2464 3921 ecclesiasticis,
2508 3873 2607 3928 cap
2637 3859 2706 3912 2?.
2743 3876 2756 3913 :
2789 3879 2806 3909 ‹
2846 3857 3185 3922 Ambrosius,
3234 3857 3436 3927 inquit,

1849 3945 2264 4002 Mediolanensis
2291 3949 2598 4017 episcopus,
2633 3958 2742 4002 tam
2796 3949 2975 4003 missae
3001 3963 3163 4017 quam
3212 3956 3439 4002 caetero-

1848 4052 1969 4090 rum
1992 4038 2399 4106 dispositionem
2442 4038 2739 4093 ciliciorum
2786 4055 2896 4094 suae
2946 4039 3201 4093 Ecclesia:
3236 4047 3290 4092 et
3321 4037 3442 4094 aliis

1846 4127 2138 4200 Liguribus
2164 4130 2454 4192 ordinavit.
2481 4146 2600 4200 qum
2637 4140 2695 4185 et
2723 4147 2892 4200 usque
2921 4131 3082 4184 hodie
3133 4130 3186 4183 in
3230 4128 3435 4182 Medio-

1843 4221 2052 4278 lanensi
2119 4232 2372 4278 tenentur
2433 4223 2697 4279 Ecclesia.
2773 4243 2791 4276 ι
2848 4223 3036 4294 Neque
3100 4237 3229 4277 vero
3278 4221 3437 4274 facile

1840 4317 2125 4372 dicendum
2151 4329 2233 4372 est
2266 4319 2478 4373 titulum
2506 4320 2822 4389 prtedictum
2871 4334 2899 4371 a
2935 4317 3325 4374 recentioribus
3355 4317 3439 4371 in-

1839 4419 2043 4462 sertum
2094 4408 2290 4476 fuisse,
2329 4411 2431 4465 nisi
2478 4411 2530 4464 id
2573 4411 2832 4480 probetur
2884 4410 3095 4466 idoneis
3147 4423 3440 4478 argumen-

1841 4501 1928 4553 tis.
2369 4521 2372 4526 '
2793 4543 2797 4546 -
3050 4523 3053 4526 '

1908 4591 2052 4646 Inter
2099 4594 2440 4662 supposititia
2474 4609 2572 4664 pro
2602 4610 2796 4665 azymo
2841 4594 3148 4649 testimonia
3200 4606 3436 4646 censen-

1835 4683 1961 4736 dum
1992 4694 2076 4738 cst
2107 4684 2470 4753 fragmentqu
2516 4688 2758 4754 epistola:
2784 4688 2885 4739 sub
2916 4686 3135 4740 nomine
3182 4683 3430 4752 Gregorii

1833 4789 2004 4842 papa),
2033 4779 2227 4844 partim
2268 4793 2297 4829 a
2335 4788 2524 4832 sancto
2553 4778 2762 4833 Thema
2802 4777 3075 4847 Aquinate
3103 4777 3332 4831 relatum
3375 4775 3429 4828 itt

1833 4865 2072 4921 Summae
2100 4884 2158 4921 ιιι
2195 4877 2366 4936 parte,
2400 4867 2574 4921 fusius
2602 4885 2730 4924 vero
2763 4869 2814 4922 in
2842 4870 3082 4938 ejusdem
3121 4877 3315 4923 eatena
3341 4880 3436 4918 su-

1833 4954 1930 5028 per
1958 4959 2269 5015 Matthzeum
2299 4961 2385 5015 his
2423 4960 2607 5015 verbis
2635 4977 2650 5015 :
2682 4980 2699 5012 ι
2746 4960 3041 5029 Gregorius
3069 4961 3122 5014 in
3155 4958 3435 5028 Registro.

1833 5049 1983 5104 Solet
2029 5060 2209 5106 autem
2263 5051 2560 5108 nonnullos
2599 5057 2837 5108 movere
2883 5051 3024 5121 quod
3077 5052 3132 5108 in
3182 5047 3435 5107 Ecclesia

1830 5145 2072 5198 nonnulli
2121 5144 2356 5201 olTernnt
2403 5159 2572 5213 panes
2618 5160 2878 5218 azymos,
2913 5143 3000 5196 alii
3044 5144 3431 5200 fermentatus.

1829 5231 2067 5289 Ecclesia
2130 5251 2364 5305 namque
2423 5234 2670 5291 Romana
2733 5236 2892 5290 offert
2940 5250 3162 5306 azymos
3220 5248 3441 5305 panes,

1826 5337 2114 5394 propterea
2179 5328 2318 5394 quod
2379 5327 2640 5383 Dominus
2701 5329 2820 5385 sine
2871 5328 2976 5382 ulla
3042 5327 3443 5387 commistione
