4064 5394
588 190 730 247 li”

1659 181 2000 238 APPENDIX
2037 182 2129 236 AD
2157 181 2385 238 OPERA
2430 181 2807 238 ilUMBERTl.

3733 183 3853 237 1⁵333

587 312 838 374 azymum
880 287 1042 371 quam
1091 297 1472 355 fermentatum
1506 298 1631 351 dum
1677 296 1964 360 sumimus,
2012 310 2177 348 unum
2205 296 2256 356 Λ
2285 291 2370 363 plo
2404 292 2616 348 Sancta:
2661 293 2877 364 Sophia:
2919 307 3072 348 sacra
3103 308 3168 349 ex
3203 293 3519 365 praescripto
3549 294 3853 352 Latinorum

584 408 784 463 corpus
814 392 1028 448 Domini
1057 389 1359 446 Salvatoris
1386 389 1558 444 nostri
1605 386 1890 443 efficimur.
1924 408 1942 439 ι
1992 387 2178 456 Neque

582 486 725 539 enim
767 485 880 537 haec
913 483 1072 537 verba
1111 481 1457 550 reperiuntur
1505 481 1556 534 in
1587 480 1838 550 chistro
1885 495 1999 535 sive
2043 478 2180 535 Gre-

577 571 740 647 gorii
772 590 923 646 papae
973 575 1177 645 primi,
1211 574 1327 630 sive
1390 575 1638 646 Gregorii
1693 574 1928 644 septimi.
1986 571 2180 627 Exstat

585 668 800 736 quirem
847 665 984 735 apud
1017 665 1335 735 Gregorium
1368 665 1598 733 primum
1625 704 1641 729 ,
1670 673 2030 732 cognomento
2067 662 2177 716 Ma-

585 771 770 826 gnum,
801 753 1028 823 epistola
1058 754 1325 822 quaedam,
1356 754 1612 807 nimirum
1656 751 1749 817 64,
1781 753 1876 806 lib.
1905 769 2003 818 vn,
2037 751 2174 806 iudi-

583 845 779 899 etionis
807 845 1080 909 secundae,
1117 859 1222 914 qua
1270 844 1323 898 iu
1373 843 1598 914 epistola
1626 845 2002 899 sanctissimus
2046 858 2178 913 pon-

583 934 717 989 tifex
745 935 857 1013 agit
879 935 948 990 de
968 935 1134 989 variis
1162 935 1357 989 ritibus
1397 933 1658 989 Ecclesia:
1683 949 1806 989 cum
1843 933 2033 990 Grecae
2062 944 2175 987 tum

582 1027 876 1092 Romana.
925 1036 982 1082 at
1029 1041 1098 1082 ne
1130 1027 1354 1082 verbum
1397 1026 1623 1097 quidem“
1653 1027 1718 1082 de
1761 1042 1971 1099 azymo.
2039 1026 2179 1093 Qua-

581 1132 803 1192 propter
857 1137 925 1175 ex
977 1121 1238 1191 przedicto
1283 1120 1592 1192 fragmento
1635 1119 1770 1176 nihil
1821 1121 1956 1176 certi
2004 1118 2174 1175 contio

580 1227 707 1267 cere
743 1227 1047 1283 possumus.

561 1319 570 1322 ·
651 1304 809 1357 Aliud
832 1303 1070 1371 ejusdem
1115 1304 1329 1374 generis
1374 1313 1751 1374 argumentum
1782 1304 1940 1358 nobis
1981 1318 2175 1372 suppe-

578 1395 711 1448 ditat
737 1394 962 1462 epistola
992 1395 1234 1461 quzedam
1261 1396 1452 1450 lsidori
1474 1396 1807 1462 llispaleusis
1835 1397 2071 1466 episeOpi
2105 1396 2174 1450 ad

576 1486 898 1542 ltcdemtum
954 1489 1422 1553 archidiaconum,
1469 1491 1524 1544 in
1575 1505 1681 1559 qua
1730 1491 1846 1545 haec
1889 1490 2050 1544 verba
2098 1489 2174 1544 le—

578 1586 778 1648 guntur
821 1596 834 1632 :
881 1596 901 1630 ι
955 1577 1241 1633 lnuotuisti
1289 1579 1540 1634 nobisin
1591 1581 1772 1634 animo
1820 1580 1915 1636 tibi
1961 1579 2170 1634 versari

2278 387 2603 453 celebrasse,
2636 386 2841 442 Grzccis
2868 387 3120 441 omnilms
3147 388 3364 443 modum
3396 387 3662 443 sacrificii
3690 387 3857 447 Latini

2277 478 2732 534 collaudantibus.
2757 479 2839 532 Ἐν
2861 486 2929 549 τῷ
2953 480 3078 547 νάῳ,
3109 479 3303 547 inquit,
3344 487 3437 540 τῆς
3475 485 3655 553 ’Δγίας
3687 487 3855 551 Σοφίας

2275 579 2350 642 τῷ
2376 573 2485 642 Θέῷ
2516 575 2860 646 χαρὶζμένους
2895 572 3142 645 ἑορτάσαι
3179 580 3486 636 Λατινικῶς,
3524 572 3855 629 ἐπαινοῦντα»

2282 663 2411 720 ὅλων
2459 673 2558 719 τῶν
2603 666 2842 725 Ἑλλήνων
2895 665 3087 740 τρόπον
3119 666 3202 720 τὸν
3248 666 3434 723 θυσίας
3471 673 3770 725 Auri-pede.
3806 665 3854 720 Μ

2278 752 2460 809 forsan
2495 755 2676 809 hausit
2706 753 2948 810 Hilarion
2987 771 3051 810 ex
3085 755 3302 826 vulgato
3341 755 3638 809 Anastasio
3670 757 3762 823 qui
3789 756 3853 808 ita

2279 846 2333 901 in
2389 847 2673 917 Agathone
2711 861 2850 916 papa
2891 846 3167 916 loquitur:
3207 865 3226 899 ι
3263 847 3435 901 Tanta
3462 855 3648 902 autem
3697 847 3854 915 gratia

2276 935 2459 990 divina
2503 933 2906 1007 Omnipoteutis
2933 951 3192 992 concessa
3223 945 3307 990 est
3335 937 3520 991 missis
3551 937 3704 990 sedis
3731 951 3854 1006 apo-

2275 1027 2479 1083 Stolicae
2505 1038 2564 1082 ut
2595 1030 2662 1082 ad
2690 1029 2930 1083 laetitiam
2979 1028 3258 1099 populivel
3285 1029 3461 1084 sancti
3496 1029 3743 1093 concilii,
3773 1029 3853 1098 qui

2276 1118 2329 1174 in
2365 1120 2512 1189 regia
2555 1120 2691 1175 urbe
2728 1128 2907 1184 erant,
2951 1119 3190 1176 Joannes
3219 1122 3509 1191 episcopus
3545 1119 3854 1176 Portuensis

2276 1212 2558 1267 Dominico
2598 1213 2684 1267 die
2711 1221 3023 1267 octavarum
3059 1211 3281 1268 Pascha:
3312 1213 3366 1267 in
3396 1213 3637 1268 ecclesia
3685 1211 3854 1268 Beat:

2275 1305 2492 1374 Sophim
2540 1305 2736 1362 missas
2784 1305 3031 1376 publicas
3075 1305 3269 1362 Latine
3322 1306 3633 1361 celebraret
3675 1321 3854 1362 coram

2275 1396 2520 1467 principe
2571 1406 2627 1450 et
2684 1398 3027 1467 patriarcha,
3076 1408 3135 1453 ut
3181 1414 3368 1454 omnes
3416 1400 3758 1453 unanimiter
3805 1399 3856 1454 in

2277 1485 2464 1540 laudes
2491 1497 2546 1540 et
2567 1487 2820 1543 victorias
2854 1488 3217 1558 piissimorum
3248 1489 3643 1559 imperatorum
3673 1503 3742 1544 eo
3778 1491 3856 1545 die

2275 1577 2484 1634 Latinis
2514 1580 2736 1635 vocibus
2776 1581 3161 1637 acclamarent.
3189 1601 3206 1633 ι
3244 1582 3318 1636 Ex
3341 1582 3542 1651 quibus
3568 1582 3754 1636 verbis
3773 1584 3857 1658 iu-

557 1647 913 1740 scrupulum,
943 1670 1084 1739 quod
1122 1670 1418 1726 Orientalis
1439 1672 1642 1728 Christi
1680 1672 1926 1728 Ecclesia
1960 1688 2024 1728 ex
2063 1672 2171 1727 fer-
2198 1647 2248 1708 Β
2278 1657 2569 1740 ιεΙΙίεἰιιιιιε
2608 1675 2828 1728 missam
2853 1674 2917 1728 ab
2931 1673 3121 1745 legatis
3135 1673 3324 1728 Latino
3353 1647 3506 1728 more
3529 1655 3856 1728 celebratam

576 1768 820 1818 mentato
865 1777 1006 1832 pane
1031 1803 1046 1827 ,
1074 1763 1438 1819 Occidentalis
1483 1780 1548 1819 ex
1579 1780 1771 1836 azymo
1813 1763 2170 1819 sacratissimi

573 1856 819 1924 corporis
855 1866 1259 1912 sacramentum
1297 1857 1569 1912 coniicere
1615 1859 1921 1922 consuevit,
1963 1866 2018 1911 et
2045 1857 2171 1927 quia

556 1947 1010 2022 lesi-(_)rientales
1036 1947 1261 2004 Latinos
1293 1966 1458 2018 super
1489 1951 1594 2006 hoc
1627 1951 2028 2020 reprehendere
2064 1963 2170 2003 non

575 2020 853 2092 ver—entur.
886 2057 905 2090 ι
935 2039 1070 2093 'lnm
1114 2049 1306 2093 auctor
1360 2040 1616 2096 Romana:
1662 2040 1916 2095 Ecclesia:
1965 2054 2170 2093 morem

580 2131 888 2198 approbare
913 2140 967 2185 et
1005 2130 1318 2186 Graecorum
1359 2133 1592 2202 objectis
1637 2134 1957 2189 satisfacere
2006 2146 2172 2187 cona-

563 2230 684 2274 ‘tur.
712 2222 874 2290 Atqui
907 2224 1020 2278 htec
1054 2224 1283 2292 epistola
1328 2226 1524 2280 merito
1554 2236 1807 2294 suspecta
1837 2224 2071 2290 videtur,
2104 2241 2172 2280 ne

573 2309 746 2364 dicam
775 2312 980 2379 spuria.
1036 2313 1150 2369 Etsi
1195 2316 1340 2370 enim
1387 2314 1626 2370 Isidorus
1677 2314 2010 2386 Hispalensis
2059 2315 2171 2382 epi-

573 2416 768 2472 sc0pus
815 2402 1136 2460 Redemtum
1190 2408 1633 2463 archidiaconum
1682 2407 1951 2470 habuerit,
1989 2413 2170 2460 tamen

573 2495 627 2548 in
679 2511 744 2557 ea
786 2498 1038 2568 epistola,
1077 2499 1222 2555 sicut
1266 2501 1430 2554 etiam
1482 2501 1535 2554 iu
1587 2499 1953 2570 praecedenti,
2001 2497 2168 2553 multa

554 2599 697 2645 sunt
721 2608 840 2662 qua:
879 2593 1210 2662 persuadent
1238 2601 1607 2646 commentum
1652 2605 1773 2646 esse
1803 2590 2168 2646 recentiorum

571 2687 899 2750 temporum.
964 2682 1122 2737 Nulla
1176 2682 1323 2739 (\uim
1383 2682 1483 2752 (ut
1535 2691 1731 2736 ctntera
1788 2677 2168 2748 dissimulem)

560 2771 876 2828 Orientales
919 2772 1060 2828 inter
1097 2781 1153 2828 et
1201 2771 1582 2829 Occidentales
1641 2770 2008 2826 controversia
2066 2769 2165 2824 fuit

558 2862 636 2916 tle
683 2876 874 2933 azymo
890 2872 1014 2918 ante
1043 2863 1299 2918 szeculum
1335 2877 1392 2917 ll
1415 2901 1428 2926 ,
1458 2871 1518 2914 ut
1541 2871 1754 2916 constat
1777 2861 2086 2915 testimonio
2113 2860 2167 2914 in

569 2953 761 3020 primis
809 2953 1010 3008 Leonis
1056 2969 1206 3024 papa:
1253 2955 1414 3022 noni,
1447 2953 1538 3023 qui
1591 2952 1905 3008 Michaelem
1955 2951 2168 3006 Cerula-

2275 1761 2474 1827 fuisse;
2500 1778 2566 1816 an
2598 1778 2727 1819 vero
2757 1765 2809 1819 in
2851 1766 3060 1836 azymis
3090 1766 3212 1821 inde
3237 1781 3340 1821 non
3371 1775 3613 1821 constat.
3643 1764 3772 1820 Haec
3801 1767 3857 1817 de

2274 1853 2453 1910 dubiis
2481 1863 2536 1909 et
2559 1854 2707 1910 falsis
2735 1859 3090 1926 argumentis.

2871 1995 3096 2052 CAPUT
3154 1995 3256 2052 ΠΙ.

2273 2105 2654 2178 Propommtur
2701 2110 3019 2180 conjectum
3043 2119 3432 2180 etargumcntq
3473 2109 3734 2179 quwdam
3771 2125 3858 2178 pro

2484 2181 2700 2248 antiquo
2747 2179 2845 2235 usit
2887 2197 3194 2252 azymorum
3236 2179 3377 2251 apud
3406 2179 3654 2234 Latinos.

2345 2293 2488 2348 Ante
2514 2291 2698 2346 omnia
2727 2290 3184 2346 considerandum
3212 2300 3296 2347 est
3317 2292 3606 2346 silentium
3645 2292 3886 2372 Patrum.

2273 2384 2591 2440 Latinorum
2628 2382 2803 2438 Photii
2855 2392 3017 2438 aetate
3070 2383 3430 2453 superiorum,
3463 2385 3561 2454 qui
3606 2370 3866 2440 Eucharié

2271 2477 2434 2532 stiam
2488 2477 2707 2531 ineunte
2761 2491 2987 2546 vespera
3039 2490 3351 2547 azymorum
3395 2491 3461 2530 ac
3521 2477 3760 2545 proinde
3817 2479 3863 2530 in

2273 2568 2499 2640 azymis,
2547 2567 2848 2623 institutam
2896 2567 3113 2622 docent.
3139 2567 3241 2634 Qui
3285 2582 3408 2621 cum
3458 2566 3615 2622 facto
3665 2568 3863 2623 Christi

2273 2659 2486 2713 Domini
2519 2659 2886 2713 inhaerendum
2910 2673 3031 2713 esse
3069 2659 3122 2712 in
3159 2657 3316 2712 istius
3361 2661 3707 2714 sacramenti
3740 2676 3864 2714 con—

2274 2751 2507 2806 fectione
2568 2751 2772 2817 dicant,
2803 2761 2968 2820 atque
3015 2750 3068 2805 in
3108 2750 3385 2804 nonnullis
3441 2750 3666 2814 ritibus,
3697 2753 3867 2806 sicubi

2271 2843 2498 2898 obvenit
2548 2842 2801 2906 mutatio,
2848 2843 3088 2897 rationes
3139 2839 3298 2896 facta:
3345 2842 3674 2896 mutationis
3698 2843 3868 2912 inqui-

2275 2945 2418 3000 rant,
2461 2935 2661 2990 mtllam
2718 2944 2898 2990 tamen
2948 2935 3014 2990 de
3041 2944 3248 2990 mutato
3287 2949 3480 3005 azymo
3505 2935 3868 3004 qua-stionem

571 3043 712 3097 rium
768 3059 964 3100 novum
1015 3044 1328 3098 Latinorum
1367 3045 1436 3098 ob
1481 3059 1670 3115 azyma
1716 3043 2164 3098 calumniatorem

2273 3037 2512 3084 moveut.
2575 3029 2666 3084 Sic
2692 3044 2758 3083 ex
2808 3028 3062 3083 Patribus
3102 3027 3505 3096 antiquioribus
3553 3028 3869 3098 complures

569 3144 689 3206 post
719 3137 863 3191 mille
891 3146 945 3191 et
975 3137 1165 3209 viginti
1195 3153 1226 3192 a
1267 3137 1468 3193 Christi
1500 3136 1753 3208 passione
1789 3151 1962 3191 annos
2000 3136 2168 3191 exsti-

560 3229 702 3282 tisse
747 3228 999 3283 aﬂirmat.

561 3349 568 3358 -
645 3320 788 3374 Inter
810 3323 968 3376 dubia
1011 3321 1140 3377 item
1177 3332 1499 3390 argumenta
1537 3337 1638 3391 pro
1673 3336 1864 3392 azymo
1894 3318 2169 3376 recenseil

559 3413 730 3468 debet
767 3415 817 3469 id
850 3417 993 3487 quod
1041 3416 1370 3482 llumbertus
1401 3415 1693 3471 cardinalis
1734 3416 1787 3467 in
1821 3415 2168 3483 respoasione

569 3507 637 3559 ad
666 3505 904 3561 Nicetam
943 3508 1286 3563 Pectoratum
1332 3507 1503 3562 refert
1553 3522 1616 3561 cx
1664 3507 1987 3576 quihusdam
2035 3507 2170 3560 actis

567 3609 739 3655 sextae
767 3601 982 3673 synodi,
1012 3601 1065 3653 iu
1118 3602 1315 3668 quibus
1347 3601 1623 3672 legebatur
1654 3600 1864 3668 legatos
1914 3598 2168 3666 apostoli-

561 3694 664 3745 "cos
721 3701 939 3760 perac'a
991 3693 1198 3762 synodo
1230 3708 1258 3744 a
1310 3691 1663 3745 Constantino
1705 3690 2034 3758 imperatore
2082 3691 2169 3743 in—

566 3793 896 3852 terrogatos,
941 3782 1172 3851 qualiter
1231 3783 1472 3836 ﬂuuiana
1534 3781 1773 3834 Ecclesia
1834 3780 1900 3832 de
1956 3780 2166 3833 sacriﬁ-

570 3877 657 3929 cio
685 3877 930 3945 corporis
967 3884 1024 3931 et
1053 3875 1333 3944 sanguinis
1361 3873 1571 3928 Domini
1603 3871 1771 3926 nostri
1794 3869 1920 3925 Jesu
1964 3869 2164 3924 Christi

566 3967 813 4018 ordinem
849 3975 1079 4030 teneret,
1105 3966 1248 4019 inter
1275 3964 1382 4018 alia
1415 3963 1760 4032 respondisse
1797 3979 1810 4015 :
1857 3980 1876 4012 ι
1917 3959 2166 4017 Oblatio-

565 4069 695 4107 nem
749 4071 870 4124 qua:
929 4058 984 4110 iu
1036 4055 1364 4110 sacrificium
1417 4055 1608 4109 altaris
1662 4052 1931 4115 oﬂ'ertur,
1964 4050 2164 4106 nullam

571 4167 1000 4206 commistionem
1067 4159 1160 4203 aut
1208 4150 1610 4219 corruptionem
1665 4146 1915 4201 fermenti
1967 4145 2166 4200 habere

570 4244 796 4307 debere,
843 4243 934 4298 sed
973 4242 1170 4297 debere
1213 4255 1336 4295 esse
1387 4238 1674 4302 mundam,
1708 4238 1856 4306 justa
1912 4236 2056 4304 quod
2109 4236 2162 4288 in

561 4336 749 4392 ‘Gestis
785 4333 1190 4406 pontificalibus
1240 4333 1468 4402 legimus
1496 4345 1620 4385 esse
1647 4338 1932 4384 statutum.
1963 4349 1982 4381 ι
2027 4328 2161 4382 Tum

571 4429 751 4486 suddit
790 4425 1120 4480 ilumhertus
1148 4445 1159 4478 :
1189 4443 1206 4474 ι
1242 4424 1393 4478 Tunc
1429 4421 1631 4491 placuit
1662 4419 1904 4488 piissimo
1932 4419 2161 4489 principi

561 4521 921 4578 Constantino
952 4521 1067 4573 lucc
1099 4517 1308 4571 traditio
1337 4515 1646 4584 postolirte
1672 4513 1834 4567 sedis.
1864 4531 1882 4563 ι
1914 4511 2026 4568 lloc
2046 4514 2163 4581 qni-

571 4613 691 4667 dem
727 4611 1090 4666 testimonium
1129 4607 1364 4660 validum
1395 4614 1535 4660 esset
1566 4605 1633 4659 ad
1661 4602 1994 4674 probandum
2023 4604 2164 4658 anti-

571 4719 737 4774 quum
773 4718 926 4758 usum
957 4715 1270 4772 azymorum
1311 4700 1450 4767 apud
1479 4697 1702 4752 Latinos
1742 4705 1866 4750 ante
1895 4696 2159 4766 synodum

560 4805 805 4856 sextam,
834 4793 880 4847 si
931 4794 998 4847 de
1047 4792 1237 4845 horum
1275 4791 1530 4844 Actorum
1583 4789 1811 4844 veritate
1863 4794 2158 4842 constaret.

575 4885 774 4941 Verum
827 4890 1080 4951 suspecta
1129 4879 1381 4934 videntur
1425 4879 1541 4933 haec
1597 4878 1728 4934 Acta
1767 4886 1880 4932 tum
1919 4877 2047 4946 quia
2101 4875 2157 4929 in

569 4974 806 5044 vulgatis
833 4981 1000 5027 sexta:
1053 4971 1242 5042 synodi
1272 4970 1424 5024 Actis
1458 4969 1600 5023 nulla
1653 4969 1768 5036 ejus
1821 4968 1900 5024 rei
1958 4966 2161 5021 mentio

569 5063 858 5130 reperitur,
907 5073 1020 5117 tum
1080 5063 1206 5132 quia
1257 5063 1308 5115 in
1353 5061 1532 5116 Gestis
1570 5061 1970 5130 pontiﬁcalibus
2023 5058 2159 5113 nihil

560 5155 638 5206 .de
662 5166 851 5224 azymo
901 5169 932 5206 a
980 5152 1242 5207 Silveslro
1293 5167 1426 5221 papa
1473 5159 1732 5206 statutum
1782 5150 2022 5219 legitur,
2063 5148 2156 5202 sed

574 5253 780 5297 tantum
827 5249 893 5300 de
939 5246 1108 5301 linteo
1157 5245 1298 5316 quod
1344 5245 1541 5299 lineum
1570 5259 1692 5299 esse
1713 5245 1990 5312 przecepit.

643 5335 1024 5390 Verumtamen
1049 5337 1286 5390 llilarion
1316 5336 1633 5394 monachus.
1681 5335 1732 5386 iu
1784 5333 2031 5387 oratione
2084 5332 2154 5386 de

2271 3121 2502 3178 sollicite
2540 3135 2760 3177 causam
2803 3121 3059 3190 indagant
3093 3136 3190 3175 cur
3216 3135 3247 3173 a
3270 3117 3471 3188 jejunis
3513 3118 3866 3174 Eucharistia

2253 3214 2626 3285 a-percipiatur,
2653 3229 2776 3268 cum
2809 3212 2876 3267 ab
2911 3211 3143 3267 coeuntis
3167 3211 3426 3281 apostolis
3457 3222 3730 3281 percepta
3772 3213 3865 3277 sit;

2270 3306 2452 3360 nullus
2499 3319 2631 3360 vero
2687 3302 2912 3373 inquirit
2963 3317 3061 3356 cur
3112 3300 3355 3356 Ecclesia
3383 3301 3646 3370 neglecto
3677 3317 3869 3372 azyma

2267 3395 2570 3467 praetulerit
2624 3394 3028 3450 fermentatum.
3065 3391 3215 3461 Quod
3269 3406 3401 3446 sane
3433 3393 3481 3447 si
3516 3395 3868 3462 COllligia‘ieCl,

2269 3505 2376 3544 non
2417 3488 2671 3543 omissuri
2702 3485 2867 3542 fuisse
2896 3485 3146 3540 videntur
3170 3498 3361 3540 omnes
3387 3501 3401 3537 :
3443 3500 3574 3539 cum
3599 3502 3783 3555 magis
3806 3487 3867 3541 ad

2269 3595 2382 3634 rem
2411 3580 2739 3635 sacramenti
2789 3581 3015 3634 accedat
3045 3577 3369 3634 feru'teutum
3399 3593 3568 3648 quam
3592 3578 3870 3650 jejunium

2266 3679 2362 3726 aut
2390 3672 2628 3726 coenatio
2645 3670 3017 3740 percipientis.

2342 3761 2499 3816 Dices
2548 3759 2810 3815 Patribus
2841 3759 3082 3829 antiquis
3153 3760 3204 3814 id
3247 3758 3418 3814 fuisse
3480 3761 3868 3829 exploratum.

2267 3853 2478 3908 scilicet
2502 3852 2796 3914 Christum,
2832 3861 3038 3907 tantum
3087 3867 3153 3905 ex
3202 3852 3489 3906 occasione
3536 3863 3595 3907 et
3644 3865 3870 3922 propter

2269 3961 2473 4000 morem
2502 3947 2701 4014 gentis,
2720 3959 2971 4014 azymuut
2997 3944 3064 3996 ad
3080 3943 3484 3997 Eucharistiam
3508 3945 3861 4005 adhibuisse.

2270 4037 2516 4105 ideoque,
2547 4045 2602 4089 et
2633 4036 2678 4090 si
2722 4035 3050 4090 fermentato
3079 4051 3216 4105 pane
3239 4035 3319 4089 usi
3344 4035 3476 4099 sint,
3521 4051 3638 4090 non
3690 4039 3866 4091 visunt

2270 4127 2435 4184 fuisse
2497 4129 2867 4186 necessarium
2956 4128 3232 4197 inquirere
3309 4127 3466 4184 facta:
3533 4131 3866 4186 mutationis

2267 4236 2484 4276 causam
2519 4236 2636 4290 qua:
2657 4220 2908 4276 omnibus
2930 4230 3114 4289 aperta
3137 4230 3276 4275 erat.

2338 4311 2419 4365 Ad
2449 4311 2550 4365 hoc
2603 4324 2806 4380 repono
2862 4309 3027 4364 etiam
3083 4309 3382 4375 Christum,
3437 4325 3501 4366 ex
3564 4314 3866 4368 occasione

2190 4371 2240 4430 Ῐ)
2270 4384 2490 4454 tantum'
2508 4407 2562 4454 et
2602 4399 2673 4455 ob
2705 4415 2908 4454 morem
2957 4398 3266 4465 Judaicum,
3309 4416 3509 4470 aquam
3545 4402 3598 4458 in
3632 4403 3863 4458 calicem

2270 4493 2647 4547 immiscuisse.
2690 4491 2847 4556 Nam,
2882 4501 2940 4546 ιιι
2975 4491 3207 4548 Jacobus
3253 4508 3283 4547 a
3318 4491 3564 4548 Vitr-iaco
3600 4495 3866 4549 observat

2266 4587 2319 4640 iu
2362 4586 2610 4641 Historiae
2635 4584 2998 4640 Occidentalis
3019 4601 3140 4655 cap.
3168 4585 3268 4650 58,
3298 4604 3317 4636 ι
3357 4585 3481 4638 vino
3514 4601 3658 4654 puro
3701 4602 3863 4643 nemo

2266 4680 2436 4733 utitur
2467 4680 2519 4733 in
2550 4679 2798 4749 partibus
2826 4679 2954 4734 illis.
2988 4698 3007 4731 ι
3058 4687 3112 4733 et
3153 4688 3329 4732 tamen
3376 4687 3598 4733 veteres
3640 4678 3859 4738 Patres.

2265 4772 2568 4842 Cyprianus
2602 4773 2655 4827 in
2709 4773 2898 4843 primis
2928 4772 2981 4826 iu
3016 4771 3244 4840 epistola
3269 4771 3334 4824 ad
3364 4770 3676 4835 Crecilium,
3710 4781 3864 4826 tanta

2264 4879 2389 4917 cum
2420 4863 2676 4934 religione
2701 4863 3081 4918 admistiouem
3113 4878 3268 4932 aqua:
3291 4861 3342 4915 in
3371 4861 3602 4917 calicem
3635 4873 3866 4915 tuentur

2264 4954 2510 5021 exemplo
2536 4953 2874 5019 Servatoris,
2908 4965 2966 5008 ut
2988 4969 3146 5009 secus
3187 4954 3501 5008 factitantes
3534 4968 3641 5022 pro
3677 4953 3865 5007 bare.

2267 5047 2387 5101 ticis
2417 5047 2723 5101 habuerint.
2760 5048 2815 5101 Si
2863 5062 2992 5115 ergo
3021 5047 3258 5115 antiquis
3289 5045 3393 5099 illis
3431 5044 3698 5100 Patribus
3738 5062 3865 5114 pcr-

2263 5156 2480 5195 suasum
2499 5141 2599 5194 fuit
2633 5142 2715 5212 (ut
2762 5154 2909 5196 certe
2945 5150 3159 5196 constat
3200 5139 3340 5207 apud
3368 5137 3511 5205 illos)
3569 5139 3865 5194 Cl-ri.~tnm

2264 5235 2318 5286 in
2362 5233 2692 5288 instituenda
2717 5233 3072 5288 Eucltaristia
3099 5247 3252 5287 usum
3276 5231 3487 5300 azymis
3513 5230 3712 5290 fuisse,
3745 5246 3861 5283 non

2263 5321 2421 5375 video
2453 5337 2568 5382 cur.
2600 5325 2644 5377 si
2676 5323 2834 5378 aliter
2885 5323 2934 5378 id
2965 5333 3076 5378 tum
3111 5323 3326 5378 fecisset
3373 5321 3651 5383 Ecclesia,
3696 5336 3862 5376 nemo

3995 40 4009 502 ε
