  <div class='ocr_page' id='page_1' title='image "/cluster/home/n/w/nwhite01/storage/ocr_20150623/143/hvd.32044015471816/626.png"; bbox 0 0 4064 5394; ppageno 0'>
   <div class='ocr_carea' id='block_1_1' title="bbox 234 236 374 295">
    <p class='ocr_par' dir='ltr' id='par_1_1' title="bbox 234 236 374 295">
     <span class='ocr_line' id='line_1_1' title="bbox 234 236 374 295; baseline 0.036 -4"><span class='ocrx_word' id='word_1_1' title='bbox 234 236 374 295; x_wconf 63' lang='lat'><strong>19.49</strong></span> 
     </span>
    </p>
   </div>
   <div class='ocr_carea' id='block_1_2' title="bbox 1226 240 2476 309">
    <p class='ocr_par' dir='ltr' id='par_1_2' title="bbox 1226 240 2476 309">
     <span class='ocr_line' id='line_1_2' title="bbox 1226 240 2476 309; baseline 0.009 -15"><span class='ocrx_word' id='word_1_2' title='bbox 1226 240 1613 298; x_wconf 70' lang='lat' dir='ltr'><strong>MABiLLONlI</strong></span> <span class='ocrx_word' id='word_1_3' title='bbox 1656 241 2059 309; x_wconf 81' lang='lat' dir='ltr'><strong>DlSQUtSlTlU</strong></span> <span class='ocrx_word' id='word_1_4' title='bbox 2095 245 2178 298; x_wconf 74' lang='lat' dir='ltr'><strong>DE</strong></span> <span class='ocrx_word' id='word_1_5' title='bbox 2219 247 2476 304; x_wconf 72' lang='lat' dir='ltr'><strong>AZYMO.</strong></span> 
     </span>
    </p>
   </div>
   <div class='ocr_carea' id='block_1_3' title="bbox 3340 268 3488 325">
    <p class='ocr_par' dir='ltr' id='par_1_3' title="bbox 3340 268 3488 325">
     <span class='ocr_line' id='line_1_3' title="bbox 3340 268 3488 325; baseline 0.027 -4"><span class='ocrx_word' id='word_1_6' title='bbox 3340 268 3488 325; x_wconf 60' lang='lat'><strong>1950</strong></span> 
     </span>
    </p>
   </div>
   <div class='ocr_carea' id='block_1_4' title="bbox 231 352 3501 440">
    <p class='ocr_par' dir='ltr' id='par_1_4' title="bbox 231 352 3501 440">
     <span class='ocr_line' id='line_1_4' title="bbox 231 352 3501 440; baseline 0.011 -35"><span class='ocrx_word' id='word_1_7' title='bbox 231 357 298 406; x_wconf 85' lang='lat' dir='ltr'><strong>de</strong></span> <span class='ocrx_word' id='word_1_8' title='bbox 326 366 464 422; x_wconf 85' lang='lat' dir='ltr'><strong>pane</strong></span> <span class='ocrx_word' id='word_1_9' title='bbox 485 352 1807 425; x_wconf 81' lang='lat' dir='ltr'><strong>sacrificii,ejusquecompositionemdescribant,</strong></span> <span class='ocrx_word' id='word_1_10' title='bbox 1840 363 1887 419; x_wconf 86' lang='grc' dir='ltr'><strong>Λ</strong></span> <span class='ocrx_word' id='word_1_11' title='bbox 1916 356 2085 411; x_wconf 86' lang='lat' dir='ltr'><strong>uisset</strong></span> <span class='ocrx_word' id='word_1_12' title='bbox 2143 365 2372 418; x_wconf 94' lang='lat' dir='ltr'><strong>mutatio</strong></span> <span class='ocrx_word' id='word_1_13' title='bbox 2422 366 2474 419; x_wconf 89' lang='lat' dir='ltr'><strong>in</strong></span> <span class='ocrx_word' id='word_1_14' title='bbox 2542 382 2679 436; x_wconf 90' lang='lat' dir='ltr'><strong>pane</strong></span> <span class='ocrx_word' id='word_1_15' title='bbox 2729 370 3117 436; x_wconf 76' lang='lat' dir='ltr'><strong>eucharistiro.</strong></span> <span class='ocrx_word' id='word_1_16' title='bbox 3171 377 3305 434; x_wconf 86' lang='lat' dir='ltr'><strong>Cum</strong></span> <span class='ocrx_word' id='word_1_17' title='bbox 3355 383 3501 440; x_wconf 82' lang='lat' dir='ltr'><strong>enim</strong></span> 
     </span>
    </p>
   </div>
   <div class='ocr_carea' id='block_1_5' title="bbox 232 442 1813 520">
    <p class='ocr_par' dir='ltr' id='par_1_5' title="bbox 232 442 1813 520">
     <span class='ocr_line' id='line_1_5' title="bbox 232 442 1813 520; baseline 0.005 -23"><span class='ocrx_word' id='word_1_18' title='bbox 232 459 499 514; x_wconf 82' lang='lat' dir='ltr'><strong>nusquam</strong></span> <span class='ocrx_word' id='word_1_19' title='bbox 535 442 784 498; x_wconf 89' lang='lat' dir='ltr'><strong>fermenti</strong></span> <span class='ocrx_word' id='word_1_20' title='bbox 839 445 1041 500; x_wconf 89' lang='lat' dir='ltr'><strong>faciant</strong></span> <span class='ocrx_word' id='word_1_21' title='bbox 1073 449 1422 504; x_wconf 74' lang='lat' dir='ltr'><strong>mentionem.</strong></span> <span class='ocrx_word' id='word_1_22' title='bbox 1475 448 1553 504; x_wconf 81' lang='lat' dir='ltr'><strong>Ex</strong></span> <span class='ocrx_word' id='word_1_23' title='bbox 1597 450 1682 503; x_wconf 91' lang='lat' dir='ltr'><strong>his</strong></span> <span class='ocrx_word' id='word_1_24' title='bbox 1706 449 1813 520; x_wconf 82' lang='lat' dir='ltr'><strong>Cy-</strong></span> 
     </span>
    </p>
   </div>
   <div class='ocr_carea' id='block_1_6' title="bbox 230 534 1814 610">
    <p class='ocr_par' dir='ltr' id='par_1_6' title="bbox 230 534 1814 610">
     <span class='ocr_line' id='line_1_6' title="bbox 230 534 1814 610; baseline 0.008 -26"><span class='ocrx_word' id='word_1_25' title='bbox 230 534 457 604; x_wconf 81' lang='lat' dir='ltr'><strong>prianas</strong></span> <span class='ocrx_word' id='word_1_26' title='bbox 479 535 534 588; x_wconf 91' lang='lat' dir='ltr'><strong>in</strong></span> <span class='ocrx_word' id='word_1_27' title='bbox 579 536 802 604; x_wconf 73' lang='lat' dir='ltr'><strong>epistola</strong></span> <span class='ocrx_word' id='word_1_28' title='bbox 829 537 895 589; x_wconf 90' lang='lat' dir='ltr'><strong>ad</strong></span> <span class='ocrx_word' id='word_1_29' title='bbox 923 536 1213 602; x_wconf 64' lang='lat' dir='ltr'><strong>Ciecilium,</strong></span> <span class='ocrx_word' id='word_1_30' title='bbox 1252 549 1305 594; x_wconf 90' lang='lat' dir='ltr'><strong>et</strong></span> <span class='ocrx_word' id='word_1_31' title='bbox 1348 550 1467 610; x_wconf 86' lang='lat' dir='ltr'><strong>post</strong></span> <span class='ocrx_word' id='word_1_32' title='bbox 1495 555 1618 596; x_wconf 90' lang='lat' dir='ltr'><strong>eum</strong></span> <span class='ocrx_word' id='word_1_33' title='bbox 1646 541 1814 596; x_wconf 86' lang='lat' dir='ltr'><strong>Isido-</strong></span> 
     </span>
    </p>
   </div>
   <div class='ocr_carea' id='block_1_7' title="bbox 230 627 1812 700">
    <p class='ocr_par' dir='ltr' id='par_1_7' title="bbox 230 627 1812 700">
     <span class='ocr_line' id='line_1_7' title="bbox 230 627 1812 700; baseline 0.007 -21"><span class='ocrx_word' id='word_1_34' title='bbox 230 643 326 681; x_wconf 87' lang='lat' dir='ltr'><strong>rus</strong></span> <span class='ocrx_word' id='word_1_35' title='bbox 355 627 689 696; x_wconf 82' lang='lat' dir='ltr'><strong>i-lispalensis</strong></span> <span class='ocrx_word' id='word_1_36' title='bbox 717 629 1006 700; x_wconf 87' lang='lat' dir='ltr'><strong>episcopus</strong></span> <span class='ocrx_word' id='word_1_37' title='bbox 1050 632 1103 684; x_wconf 93' lang='lat' dir='ltr'><strong>in</strong></span> <span class='ocrx_word' id='word_1_38' title='bbox 1131 632 1222 686; x_wconf 85' lang='lat' dir='ltr'><strong>lib.</strong></span> <span class='ocrx_word' id='word_1_39' title='bbox 1257 647 1272 686; x_wconf 97' lang='grc' dir='ltr'><strong>ι</strong></span> <span class='ocrx_word' id='word_1_40' title='bbox 1302 633 1368 687; x_wconf 91' lang='lat' dir='ltr'><strong>de</strong></span> <span class='ocrx_word' id='word_1_41' title='bbox 1399 633 1602 690; x_wconf 87' lang='lat' dir='ltr'><strong>Officiis</strong></span> <span class='ocrx_word' id='word_1_42' title='bbox 1637 635 1812 690; x_wconf 89' lang='lat' dir='ltr'><strong>eccle-</strong></span> 
     </span>
    </p>
   </div>
   <div class='ocr_carea' id='block_1_8' title="bbox 231 717 1811 792">
    <p class='ocr_par' dir='ltr' id='par_1_8' title="bbox 231 717 1811 792">
     <span class='ocr_line' id='line_1_8' title="bbox 231 717 1811 792; baseline 0.006 -20"><span class='ocrx_word' id='word_1_43' title='bbox 231 717 490 784; x_wconf 81' lang='lat' dir='ltr'><strong>siasticis,</strong></span> <span class='ocrx_word' id='word_1_44' title='bbox 525 735 646 789; x_wconf 86' lang='lat' dir='ltr'><strong>cap.</strong></span> <span class='ocrx_word' id='word_1_45' title='bbox 682 721 768 786; x_wconf 84' lang='lat' dir='ltr'><strong>l8,</strong></span> <span class='ocrx_word' id='word_1_46' title='bbox 800 722 1038 792; x_wconf 87' lang='lat' dir='ltr'><strong>loquitur</strong></span> <span class='ocrx_word' id='word_1_47' title='bbox 1083 724 1135 777; x_wconf 91' lang='lat' dir='ltr'><strong>in</strong></span> <span class='ocrx_word' id='word_1_48' title='bbox 1185 724 1326 778; x_wconf 92' lang='lat' dir='ltr'><strong>hunc</strong></span> <span class='ocrx_word' id='word_1_49' title='bbox 1368 727 1621 781; x_wconf 88' lang='lat' dir='ltr'><strong>modum:</strong></span> <span class='ocrx_word' id='word_1_50' title='bbox 1667 745 1683 778; x_wconf 80' lang='grc' dir='ltr'><strong>ι</strong></span> <span class='ocrx_word' id='word_1_51' title='bbox 1719 727 1811 781; x_wconf 89' lang='lat' dir='ltr'><strong>Sic</strong></span> 
     </span>
    </p>
   </div>
   <div class='ocr_carea' id='block_1_9' title="bbox 228 811 1812 889">
    <p class='ocr_par' dir='ltr' id='par_1_9' title="bbox 228 811 1812 889">
     <span class='ocr_line' id='line_1_9' title="bbox 228 811 1812 889; baseline 0.006 -26"><span class='ocrx_word' id='word_1_52' title='bbox 228 826 359 866; x_wconf 79' lang='lat' dir='ltr'><strong>vero</strong></span> <span class='ocrx_word' id='word_1_53' title='bbox 385 811 524 866; x_wconf 76' lang='lat' dir='ltr'><strong>calix</strong></span> <span class='ocrx_word' id='word_1_54' title='bbox 557 812 768 866; x_wconf 92' lang='lat' dir='ltr'><strong>Domini</strong></span> <span class='ocrx_word' id='word_1_55' title='bbox 813 814 982 868; x_wconf 88' lang='lat' dir='ltr'><strong>nostri</strong></span> <span class='ocrx_word' id='word_1_56' title='bbox 1043 813 1168 869; x_wconf 85' lang='lat' dir='ltr'><strong>Jesu</strong></span> <span class='ocrx_word' id='word_1_57' title='bbox 1200 815 1403 871; x_wconf 87' lang='lat' dir='ltr'><strong>Christi</strong></span> <span class='ocrx_word' id='word_1_58' title='bbox 1457 833 1563 872; x_wconf 86' lang='lat' dir='ltr'><strong>non</strong></span> <span class='ocrx_word' id='word_1_59' title='bbox 1631 827 1812 889; x_wconf 85' lang='lat' dir='ltr'><strong>potest</strong></span> 
     </span>
    </p>
   </div>
   <div class='ocr_carea' id='block_1_10' title="bbox 227 903 1808 978">
    <p class='ocr_par' dir='ltr' id='par_1_10' title="bbox 227 903 1808 978">
     <span class='ocr_line' id='line_1_10' title="bbox 227 903 1808 978; baseline 0.004 -22"><span class='ocrx_word' id='word_1_60' title='bbox 227 917 352 956; x_wconf 89' lang='lat' dir='ltr'><strong>esse</strong></span> <span class='ocrx_word' id='word_1_61' title='bbox 381 918 521 973; x_wconf 90' lang='lat' dir='ltr'><strong>aqua</strong></span> <span class='ocrx_word' id='word_1_62' title='bbox 553 903 688 968; x_wconf 91' lang='lat' dir='ltr'><strong>sola,</strong></span> <span class='ocrx_word' id='word_1_63' title='bbox 719 905 1012 958; x_wconf 83' lang='lat' dir='ltr'><strong>autvinum</strong></span> <span class='ocrx_word' id='word_1_64' title='bbox 1039 906 1236 970; x_wconf 88' lang='lat' dir='ltr'><strong>solum,</strong></span> <span class='ocrx_word' id='word_1_65' title='bbox 1266 906 1369 960; x_wconf 92' lang='lat' dir='ltr'><strong>nisi</strong></span> <span class='ocrx_word' id='word_1_66' title='bbox 1395 917 1684 978; x_wconf 89' lang='lat' dir='ltr'><strong>utrumque</strong></span> <span class='ocrx_word' id='word_1_67' title='bbox 1707 909 1808 963; x_wconf 86' lang='lat' dir='ltr'><strong>sibi</strong></span> 
     </span>
    </p>
   </div>
   <div class='ocr_carea' id='block_1_11' title="bbox 231 993 1811 1072">
    <p class='ocr_par' dir='ltr' id='par_1_11' title="bbox 231 993 1811 1072">
     <span class='ocr_line' id='line_1_11' title="bbox 231 993 1811 1072; baseline 0.006 -23"><span class='ocrx_word' id='word_1_68' title='bbox 231 996 546 1059; x_wconf 80' lang='lat' dir='ltr'><strong>misceatur,</strong></span> <span class='ocrx_word' id='word_1_69' title='bbox 573 997 846 1068; x_wconf 89' lang='lat' dir='ltr'><strong>quomodo</strong></span> <span class='ocrx_word' id='word_1_70' title='bbox 868 1014 966 1052; x_wconf 93' lang='lat' dir='ltr'><strong>nec</strong></span> <span class='ocrx_word' id='word_1_71' title='bbox 993 1014 1187 1068; x_wconf 88' lang='lat' dir='ltr'><strong>corpus</strong></span> <span class='ocrx_word' id='word_1_72' title='bbox 1219 993 1430 1054; x_wconf 87' lang='lat' dir='ltr'><strong>Domini</strong></span> <span class='ocrx_word' id='word_1_73' title='bbox 1479 1011 1655 1072; x_wconf 85' lang='lat' dir='ltr'><strong>potest</strong></span> <span class='ocrx_word' id='word_1_74' title='bbox 1691 1017 1811 1058; x_wconf 85' lang='lat' dir='ltr'><strong>esse</strong></span> 
     </span>
    </p>
   </div>
   <div class='ocr_carea' id='block_1_12' title="bbox 231 1087 1808 1162">
    <p class='ocr_par' dir='ltr' id='par_1_12' title="bbox 231 1087 1808 1162">
     <span class='ocr_line' id='line_1_12' title="bbox 231 1087 1808 1162; baseline 0.006 -23"><span class='ocrx_word' id='word_1_75' title='bbox 231 1087 408 1140; x_wconf 85' lang='lat' dir='ltr'><strong>simila</strong></span> <span class='ocrx_word' id='word_1_76' title='bbox 436 1087 570 1153; x_wconf 89' lang='lat' dir='ltr'><strong>sola,</strong></span> <span class='ocrx_word' id='word_1_77' title='bbox 604 1099 696 1142; x_wconf 94' lang='lat' dir='ltr'><strong>aut</strong></span> <span class='ocrx_word' id='word_1_78' title='bbox 719 1104 856 1158; x_wconf 90' lang='lat' dir='ltr'><strong>aqua</strong></span> <span class='ocrx_word' id='word_1_79' title='bbox 909 1089 1049 1155; x_wconf 89' lang='lat' dir='ltr'><strong>sola,</strong></span> <span class='ocrx_word' id='word_1_80' title='bbox 1075 1090 1177 1144; x_wconf 84' lang='lat' dir='ltr'><strong>nisi</strong></span> <span class='ocrx_word' id='word_1_81' title='bbox 1204 1100 1492 1162; x_wconf 88' lang='lat' dir='ltr'><strong>utrumque</strong></span> <span class='ocrx_word' id='word_1_82' title='bbox 1515 1094 1808 1148; x_wconf 90' lang='lat' dir='ltr'><strong>adunatum</strong></span> 
     </span>
    </p>
   </div>
   <div class='ocr_carea' id='block_1_13' title="bbox 229 1177 1805 1252">
    <p class='ocr_par' dir='ltr' id='par_1_13' title="bbox 229 1177 1805 1252">
     <span class='ocr_line' id='line_1_13' title="bbox 229 1177 1805 1252; baseline 0.004 -21"><span class='ocrx_word' id='word_1_83' title='bbox 229 1177 467 1234; x_wconf 81' lang='lat' dir='ltr'><strong>fueritet</strong></span> <span class='ocrx_word' id='word_1_84' title='bbox 489 1181 798 1250; x_wconf 91' lang='lat' dir='ltr'><strong>copulatum</strong></span> <span class='ocrx_word' id='word_1_85' title='bbox 822 1182 978 1250; x_wconf 89' lang='lat' dir='ltr'><strong>panis</strong></span> <span class='ocrx_word' id='word_1_86' title='bbox 993 1182 1151 1235; x_wconf 89' lang='lat' dir='ltr'><strong>unius</strong></span> <span class='ocrx_word' id='word_1_87' title='bbox 1177 1197 1435 1252; x_wconf 82' lang='lat' dir='ltr'><strong>compage</strong></span> <span class='ocrx_word' id='word_1_88' title='bbox 1450 1184 1762 1239; x_wconf 90' lang='lat' dir='ltr'><strong>solidatam.</strong></span> <span class='ocrx_word' id='word_1_89' title='bbox 1786 1203 1805 1238; x_wconf 82' lang='grc' dir='ltr'><strong>ι</strong></span> 
     </span>
    </p>
   </div>
   <div class='ocr_carea' id='block_1_14' title="bbox 229 1268 1809 1342">
    <p class='ocr_par' dir='ltr' id='par_1_14' title="bbox 229 1268 1809 1342">
     <span class='ocr_line' id='line_1_14' title="bbox 229 1268 1809 1342; baseline 0.006 -21"><span class='ocrx_word' id='word_1_90' title='bbox 229 1268 436 1324; x_wconf 75' lang='lat' dir='ltr'><strong>Eadem</strong></span> <span class='ocrx_word' id='word_1_91' title='bbox 477 1270 642 1324; x_wconf 86' lang='lat' dir='ltr'><strong>verba</strong></span> <span class='ocrx_word' id='word_1_92' title='bbox 671 1270 1149 1340; x_wconf 64' lang='lat' dir='ltr'><strong>praeterlsidorum</strong></span> <span class='ocrx_word' id='word_1_93' title='bbox 1190 1273 1384 1342; x_wconf 85' lang='lat' dir='ltr'><strong>repetit</strong></span> <span class='ocrx_word' id='word_1_94' title='bbox 1424 1274 1733 1331; x_wconf 81' lang='lat' dir='ltr'><strong>Amalarius</strong></span> <span class='ocrx_word' id='word_1_95' title='bbox 1756 1277 1809 1331; x_wconf 92' lang='lat' dir='ltr'><strong>in</strong></span> 
     </span>
    </p>
   </div>
   <div class='ocr_carea' id='block_1_15' title="bbox 226 1357 1810 1434">
    <p class='ocr_par' dir='ltr' id='par_1_15' title="bbox 226 1357 1810 1434">
     <span class='ocr_line' id='line_1_15' title="bbox 226 1357 1810 1434; baseline 0.008 -24"><span class='ocrx_word' id='word_1_96' title='bbox 226 1357 322 1412; x_wconf 74' lang='lat' dir='ltr'><strong>lib.</strong></span> <span class='ocrx_word' id='word_1_97' title='bbox 357 1373 416 1414; x_wconf 88' lang='lat' dir='ltr'><strong>nt</strong></span> <span class='ocrx_word' id='word_1_98' title='bbox 446 1360 514 1414; x_wconf 89' lang='lat' dir='ltr'><strong>de</strong></span> <span class='ocrx_word' id='word_1_99' title='bbox 557 1358 764 1415; x_wconf 87' lang='lat' dir='ltr'><strong>Officiis</strong></span> <span class='ocrx_word' id='word_1_100' title='bbox 811 1361 1219 1428; x_wconf 88' lang='lat' dir='ltr'><strong>ecclesiasticis,</strong></span> <span class='ocrx_word' id='word_1_101' title='bbox 1248 1368 1368 1434; x_wconf 86' lang='lat' dir='ltr'><strong>cap.</strong></span> <span class='ocrx_word' id='word_1_102' title='bbox 1406 1364 1488 1420; x_wconf 84' lang='lat' dir='ltr'><strong>l9.</strong></span> <span class='ocrx_word' id='word_1_103' title='bbox 1519 1365 1663 1420; x_wconf 87' lang='lat' dir='ltr'><strong>Sane</strong></span> <span class='ocrx_word' id='word_1_104' title='bbox 1686 1383 1810 1422; x_wconf 90' lang='lat' dir='ltr'><strong>cum</strong></span> 
     </span>
    </p>
   </div>
   <div class='ocr_carea' id='block_1_16' title="bbox 225 1450 1810 1528">
    <p class='ocr_par' dir='ltr' id='par_1_16' title="bbox 225 1450 1810 1528">
     <span class='ocr_line' id='line_1_16' title="bbox 225 1450 1810 1528; baseline 0.009 -29"><span class='ocrx_word' id='word_1_105' title='bbox 225 1450 530 1520; x_wconf 67' lang='lat' dir='ltr'><strong>Cyprianus</strong></span> <span class='ocrx_word' id='word_1_106' title='bbox 555 1451 658 1507; x_wconf 90' lang='lat' dir='ltr'><strong>hoc</strong></span> <span class='ocrx_word' id='word_1_107' title='bbox 678 1451 800 1506; x_wconf 89' lang='lat' dir='ltr'><strong>loco</strong></span> <span class='ocrx_word' id='word_1_108' title='bbox 840 1463 966 1524; x_wconf 91' lang='lat' dir='ltr'><strong>agat</strong></span> <span class='ocrx_word' id='word_1_109' title='bbox 995 1451 1062 1510; x_wconf 87' lang='lat' dir='ltr'><strong>de</strong></span> <span class='ocrx_word' id='word_1_110' title='bbox 1093 1455 1481 1524; x_wconf 87' lang='lat' dir='ltr'><strong>compositione</strong></span> <span class='ocrx_word' id='word_1_111' title='bbox 1515 1459 1669 1528; x_wconf 90' lang='lat' dir='ltr'><strong>panis</strong></span> <span class='ocrx_word' id='word_1_112' title='bbox 1699 1459 1810 1513; x_wconf 60' lang='lat' dir='ltr'><strong>Eu-</strong></span> 
     </span>
    </p>
   </div>
   <div class='ocr_carea' id='block_1_17' title="bbox 224 1539 1810 1615">
    <p class='ocr_par' dir='ltr' id='par_1_17' title="bbox 224 1539 1810 1615">
     <span class='ocr_line' id='line_1_17' title="bbox 224 1539 1810 1615; baseline 0.009 -26"><span class='ocrx_word' id='word_1_113' title='bbox 224 1539 525 1606; x_wconf 81' lang='lat' dir='ltr'><strong>charistici,</strong></span> <span class='ocrx_word' id='word_1_114' title='bbox 547 1541 770 1610; x_wconf 85' lang='lat' dir='ltr'><strong>ejusque</strong></span> <span class='ocrx_word' id='word_1_115' title='bbox 791 1551 976 1612; x_wconf 84' lang='lat' dir='ltr'><strong>partes</strong></span> <span class='ocrx_word' id='word_1_116' title='bbox 993 1543 1248 1599; x_wconf 89' lang='lat' dir='ltr'><strong>distincte</strong></span> <span class='ocrx_word' id='word_1_117' title='bbox 1264 1544 1490 1615; x_wconf 82' lang='lat' dir='ltr'><strong>explicet</strong></span> <span class='ocrx_word' id='word_1_118' title='bbox 1503 1587 1520 1613; x_wconf 97' lang='lat'><strong>,</strong></span> <span class='ocrx_word' id='word_1_119' title='bbox 1537 1563 1648 1602; x_wconf 89' lang='lat' dir='ltr'><strong>non</strong></span> <span class='ocrx_word' id='word_1_120' title='bbox 1672 1549 1810 1603; x_wconf 85' lang='lat' dir='ltr'><strong>omi—</strong></span> 
     </span>
    </p>
   </div>
   <div class='ocr_carea' id='block_1_18' title="bbox 222 1627 1804 1709">
    <p class='ocr_par' dir='ltr' id='par_1_18' title="bbox 222 1627 1804 1709">
     <span class='ocr_line' id='line_1_18' title="bbox 222 1627 1804 1709; baseline 0.01 -30"><span class='ocrx_word' id='word_1_121' title='bbox 222 1628 390 1682; x_wconf 81' lang='lat' dir='ltr'><strong>sisset</strong></span> <span class='ocrx_word' id='word_1_122' title='bbox 433 1627 779 1699; x_wconf 85' lang='lat' dir='ltr'><strong>fermentum,</strong></span> <span class='ocrx_word' id='word_1_123' title='bbox 813 1633 856 1689; x_wconf 89' lang='lat' dir='ltr'><strong>si</strong></span> <span class='ocrx_word' id='word_1_124' title='bbox 895 1633 1052 1704; x_wconf 88' lang='lat' dir='ltr'><strong>panis</strong></span> <span class='ocrx_word' id='word_1_125' title='bbox 1080 1650 1306 1707; x_wconf 81' lang='lat' dir='ltr'><strong>asymus</strong></span> <span class='ocrx_word' id='word_1_126' title='bbox 1341 1652 1439 1693; x_wconf 88' lang='lat' dir='ltr'><strong>suo</strong></span> <span class='ocrx_word' id='word_1_127' title='bbox 1477 1647 1721 1709; x_wconf 87' lang='lat' dir='ltr'><strong>tempore</strong></span> <span class='ocrx_word' id='word_1_128' title='bbox 1751 1640 1804 1695; x_wconf 93' lang='lat' dir='ltr'><strong>in</strong></span> 
     </span>
    </p>
   </div>
   <div class='ocr_carea' id='block_1_19' title="bbox 225 1719 712 1776">
    <p class='ocr_par' dir='ltr' id='par_1_19' title="bbox 225 1719 712 1776">
     <span class='ocr_line' id='line_1_19' title="bbox 225 1719 712 1776; baseline 0.012 -6"><span class='ocrx_word' id='word_1_129' title='bbox 225 1734 324 1770; x_wconf 92' lang='lat' dir='ltr'><strong>usu</strong></span> <span class='ocrx_word' id='word_1_130' title='bbox 360 1735 466 1773; x_wconf 90' lang='lat' dir='ltr'><strong>non</strong></span> <span class='ocrx_word' id='word_1_131' title='bbox 500 1719 712 1776; x_wconf 88' lang='lat' dir='ltr'><strong>fuisset.</strong></span> 
     </span>
    </p>
   </div>
   <div class='ocr_carea' id='block_1_20' title="bbox 293 1813 1801 1913">
    <p class='ocr_par' dir='ltr' id='par_1_20' title="bbox 293 1813 1801 1913">
     <span class='ocr_line' id='line_1_20' title="bbox 293 1813 1801 1913; baseline 0.011 -29"><span class='ocrx_word' id='word_1_132' title='bbox 293 1831 382 1898; x_wconf 85' lang='lat' dir='ltr'><strong>At,</strong></span> <span class='ocrx_word' id='word_1_133' title='bbox 415 1813 616 1904; x_wconf 79' lang='lat' dir='ltr'><strong>inquis,</strong></span> <span class='ocrx_word' id='word_1_134' title='bbox 676 1835 810 1891; x_wconf 89' lang='lat' dir='ltr'><strong>satis</strong></span> <span class='ocrx_word' id='word_1_135' title='bbox 857 1815 1186 1894; x_wconf 82' lang='lat' dir='ltr'><strong>fermentum</strong></span> <span class='ocrx_word' id='word_1_136' title='bbox 1233 1841 1491 1913; x_wconf 80' lang='lat' dir='ltr'><strong>exprimit</strong></span> <span class='ocrx_word' id='word_1_137' title='bbox 1540 1860 1664 1900; x_wconf 91' lang='lat' dir='ltr'><strong>cum</strong></span> <span class='ocrx_word' id='word_1_138' title='bbox 1705 1847 1801 1912; x_wconf 92' lang='lat' dir='ltr'><strong>ait,</strong></span> 
     </span>
    </p>
   </div>
   <div class='ocr_carea' id='block_1_21' title="bbox 218 1923 1807 1998">
    <p class='ocr_par' dir='ltr' id='par_1_21' title="bbox 218 1923 1807 1998">
     <span class='ocr_line' id='line_1_21' title="bbox 218 1923 1807 1998; baseline 0.012 -27"><span class='ocrx_word' id='word_1_139' title='bbox 218 1933 421 1989; x_wconf 83' lang='lat' dir='ltr'><strong>corpus</strong></span> <span class='ocrx_word' id='word_1_140' title='bbox 471 1923 684 1979; x_wconf 86' lang='lat' dir='ltr'><strong>Domini</strong></span> <span class='ocrx_word' id='word_1_141' title='bbox 711 1940 830 1980; x_wconf 92' lang='lat' dir='ltr'><strong>esse</strong></span> <span class='ocrx_word' id='word_1_142' title='bbox 864 1939 970 1981; x_wconf 88' lang='lat' dir='ltr'><strong>non</strong></span> <span class='ocrx_word' id='word_1_143' title='bbox 1024 1943 1185 1998; x_wconf 83' lang='lat' dir='ltr'><strong>posse</strong></span> <span class='ocrx_word' id='word_1_144' title='bbox 1235 1929 1469 1986; x_wconf 79' lang='lat' dir='ltr'><strong>similam</strong></span> <span class='ocrx_word' id='word_1_145' title='bbox 1501 1933 1674 1988; x_wconf 86' lang='lat' dir='ltr'><strong>solam</strong></span> <span class='ocrx_word' id='word_1_146' title='bbox 1711 1945 1807 1990; x_wconf 91' lang='lat' dir='ltr'><strong>aut</strong></span> 
     </span>
    </p>
   </div>
   <div class='ocr_carea' id='block_1_22' title="bbox 219 2012 1806 2089">
    <p class='ocr_par' dir='ltr' id='par_1_22' title="bbox 219 2012 1806 2089">
     <span class='ocr_line' id='line_1_22' title="bbox 219 2012 1806 2089; baseline 0.011 -28"><span class='ocrx_word' id='word_1_147' title='bbox 219 2026 421 2079; x_wconf 87' lang='lat' dir='ltr'><strong>aquam</strong></span> <span class='ocrx_word' id='word_1_148' title='bbox 449 2012 642 2081; x_wconf 87' lang='lat' dir='ltr'><strong>solam,</strong></span> <span class='ocrx_word' id='word_1_149' title='bbox 679 2033 700 2069; x_wconf 84' lang='lat' dir='ltr'><strong>s</strong></span> <span class='ocrx_word' id='word_1_150' title='bbox 738 2017 843 2072; x_wconf 87' lang='lat' dir='ltr'><strong>nisi</strong></span> <span class='ocrx_word' id='word_1_151' title='bbox 892 2027 1182 2089; x_wconf 88' lang='lat' dir='ltr'><strong>utramque</strong></span> <span class='ocrx_word' id='word_1_152' title='bbox 1213 2020 1510 2077; x_wconf 90' lang='lat' dir='ltr'><strong>adanatum</strong></span> <span class='ocrx_word' id='word_1_153' title='bbox 1540 2022 1704 2078; x_wconf 89' lang='lat' dir='ltr'><strong>fuerit</strong></span> <span class='ocrx_word' id='word_1_154' title='bbox 1749 2033 1806 2078; x_wconf 91' lang='lat' dir='ltr'><strong>et</strong></span> 
     </span>
    </p>
   </div>
   <div class='ocr_carea' id='block_1_23' title="bbox 217 2103 1804 2184">
    <p class='ocr_par' dir='ltr' id='par_1_23' title="bbox 217 2103 1804 2184">
     <span class='ocr_line' id='line_1_23' title="bbox 217 2103 1804 2184; baseline 0.011 -29"><span class='ocrx_word' id='word_1_155' title='bbox 217 2103 554 2170; x_wconf 84' lang='lat' dir='ltr'><strong>copulatum,</strong></span> <span class='ocrx_word' id='word_1_156' title='bbox 571 2116 626 2161; x_wconf 91' lang='lat' dir='ltr'><strong>et</strong></span> <span class='ocrx_word' id='word_1_157' title='bbox 640 2109 796 2178; x_wconf 90' lang='lat' dir='ltr'><strong>panis</strong></span> <span class='ocrx_word' id='word_1_158' title='bbox 812 2109 972 2165; x_wconf 84' lang='lat' dir='ltr'><strong>unius</strong></span> <span class='ocrx_word' id='word_1_159' title='bbox 997 2125 1257 2182; x_wconf 82' lang='lat' dir='ltr'><strong>compage</strong></span> <span class='ocrx_word' id='word_1_160' title='bbox 1289 2113 1630 2169; x_wconf 75' lang='lat' dir='ltr'><strong>solidatum.s</strong></span> <span class='ocrx_word' id='word_1_161' title='bbox 1646 2115 1804 2184; x_wconf 73' lang='lat' dir='ltr'><strong>Quod</strong></span> 
     </span>
    </p>
   </div>
   <div class='ocr_carea' id='block_1_24' title="bbox 218 2194 1693 2270">
    <p class='ocr_par' dir='ltr' id='par_1_24' title="bbox 218 2194 1693 2270">
     <span class='ocr_line' id='line_1_24' title="bbox 218 2194 1693 2270; baseline 0.009 -24"><span class='ocrx_word' id='word_1_162' title='bbox 218 2194 370 2247; x_wconf 86' lang='lat' dir='ltr'><strong>enim</strong></span> <span class='ocrx_word' id='word_1_163' title='bbox 407 2198 647 2268; x_wconf 88' lang='lat' dir='ltr'><strong>c0pulat,</strong></span> <span class='ocrx_word' id='word_1_164' title='bbox 673 2201 876 2255; x_wconf 90' lang='lat' dir='ltr'><strong>adanat</strong></span> <span class='ocrx_word' id='word_1_165' title='bbox 901 2210 958 2257; x_wconf 91' lang='lat' dir='ltr'><strong>et</strong></span> <span class='ocrx_word' id='word_1_166' title='bbox 985 2201 1202 2270; x_wconf 85' lang='lat' dir='ltr'><strong>solidat,</strong></span> <span class='ocrx_word' id='word_1_167' title='bbox 1227 2202 1554 2259; x_wconf 84' lang='lat' dir='ltr'><strong>fermentum</strong></span> <span class='ocrx_word' id='word_1_168' title='bbox 1588 2214 1693 2260; x_wconf 90' lang='lat' dir='ltr'><strong>est.</strong></span> 
     </span>
    </p>
   </div>
   <div class='ocr_carea' id='block_1_25' title="bbox 296 2305 1803 2390">
    <p class='ocr_par' dir='ltr' id='par_1_25' title="bbox 296 2305 1803 2390">
     <span class='ocr_line' id='line_1_25' title="bbox 296 2305 1803 2390; baseline 0.012 -32"><span class='ocrx_word' id='word_1_169' title='bbox 296 2305 492 2364; x_wconf 80' lang='lat' dir='ltr'><strong>Veram</strong></span> <span class='ocrx_word' id='word_1_170' title='bbox 526 2310 652 2367; x_wconf 86' lang='lat' dir='ltr'><strong>huic</strong></span> <span class='ocrx_word' id='word_1_171' title='bbox 675 2315 1009 2385; x_wconf 86' lang='lat' dir='ltr'><strong>responsioni</strong></span> <span class='ocrx_word' id='word_1_172' title='bbox 1039 2317 1222 2372; x_wconf 85' lang='lat' dir='ltr'><strong>obviat</strong></span> <span class='ocrx_word' id='word_1_173' title='bbox 1256 2318 1589 2390; x_wconf 74' lang='lat' dir='ltr'><strong>Augustinus</strong></span> <span class='ocrx_word' id='word_1_174' title='bbox 1613 2321 1667 2375; x_wconf 90' lang='lat' dir='ltr'><strong>in</strong></span> <span class='ocrx_word' id='word_1_175' title='bbox 1689 2337 1803 2376; x_wconf 77' lang='lat' dir='ltr'><strong>ser-</strong></span> 
     </span>
    </p>
   </div>
   <div class='ocr_carea' id='block_1_26' title="bbox 215 2402 1801 2483">
    <p class='ocr_par' dir='ltr' id='par_1_26' title="bbox 215 2402 1801 2483">
     <span class='ocr_line' id='line_1_26' title="bbox 215 2402 1801 2483; baseline 0.013 -34"><span class='ocrx_word' id='word_1_176' title='bbox 215 2413 380 2453; x_wconf 87' lang='lat' dir='ltr'><strong>mone</strong></span> <span class='ocrx_word' id='word_1_177' title='bbox 404 2402 472 2456; x_wconf 81' lang='grc'><strong>85</strong></span> <span class='ocrx_word' id='word_1_178' title='bbox 501 2402 565 2458; x_wconf 92' lang='lat' dir='ltr'><strong>de</strong></span> <span class='ocrx_word' id='word_1_179' title='bbox 582 2404 832 2471; x_wconf 79' lang='lat' dir='ltr'><strong>diversis,</strong></span> <span class='ocrx_word' id='word_1_180' title='bbox 868 2408 958 2462; x_wconf 90' lang='lat' dir='ltr'><strong>ubi</strong></span> <span class='ocrx_word' id='word_1_181' title='bbox 990 2423 1181 2464; x_wconf 87' lang='lat' dir='ltr'><strong>recens</strong></span> <span class='ocrx_word' id='word_1_182' title='bbox 1212 2411 1504 2482; x_wconf 83' lang='lat' dir='ltr'><strong>baptizatis</strong></span> <span class='ocrx_word' id='word_1_183' title='bbox 1527 2427 1801 2483; x_wconf 80' lang='lat' dir='ltr'><strong>exponens</strong></span> 
     </span>
    </p>
   </div>
   <div class='ocr_carea' id='block_1_27' title="bbox 215 2493 1802 2578">
    <p class='ocr_par' dir='ltr' id='par_1_27' title="bbox 215 2493 1802 2578">
     <span class='ocr_line' id='line_1_27' title="bbox 215 2493 1802 2578; baseline 0.013 -36"><span class='ocrx_word' id='word_1_184' title='bbox 215 2507 423 2548; x_wconf 68' lang='lat' dir='ltr'><strong>mensae</strong></span> <span class='ocrx_word' id='word_1_185' title='bbox 463 2493 756 2552; x_wconf 70' lang='lat' dir='ltr'><strong>DOillilliCiB</strong></span> <span class='ocrx_word' id='word_1_186' title='bbox 785 2512 1210 2568; x_wconf 86' lang='lat' dir='ltr'><strong>sacramentum,</strong></span> <span class='ocrx_word' id='word_1_187' title='bbox 1242 2512 1295 2558; x_wconf 91' lang='lat' dir='ltr'><strong>et</strong></span> <span class='ocrx_word' id='word_1_188' title='bbox 1331 2505 1544 2576; x_wconf 86' lang='lat' dir='ltr'><strong>singula</strong></span> <span class='ocrx_word' id='word_1_189' title='bbox 1575 2523 1802 2578; x_wconf 67' lang='lat' dir='ltr'><strong>qumque</strong></span> 
     </span>
    </p>
   </div>
   <div class='ocr_carea' id='block_1_28' title="bbox 215 2585 1798 2656">
    <p class='ocr_par' dir='ltr' id='par_1_28' title="bbox 215 2585 1798 2656">
     <span class='ocr_line' id='line_1_28' title="bbox 215 2585 1798 2656; baseline 0.012 -20"><span class='ocrx_word' id='word_1_190' title='bbox 215 2585 514 2642; x_wconf 87' lang='lat' dir='ltr'><strong>traducens</strong></span> <span class='ocrx_word' id='word_1_191' title='bbox 534 2587 601 2641; x_wconf 86' lang='lat' dir='ltr'><strong>ad</strong></span> <span class='ocrx_word' id='word_1_192' title='bbox 632 2604 810 2644; x_wconf 88' lang='lat' dir='ltr'><strong>mores</strong></span> <span class='ocrx_word' id='word_1_193' title='bbox 836 2632 851 2656; x_wconf 92' lang='lat'><strong>,</strong></span> <span class='ocrx_word' id='word_1_194' title='bbox 898 2608 1004 2647; x_wconf 90' lang='lat' dir='ltr'><strong>non</strong></span> <span class='ocrx_word' id='word_1_195' title='bbox 1038 2593 1212 2649; x_wconf 91' lang='lat' dir='ltr'><strong>solum</strong></span> <span class='ocrx_word' id='word_1_196' title='bbox 1262 2594 1516 2652; x_wconf 80' lang='lat' dir='ltr'><strong>fern&#39;ieuti</strong></span> <span class='ocrx_word' id='word_1_197' title='bbox 1548 2615 1652 2654; x_wconf 91' lang='lat' dir='ltr'><strong>non</strong></span> <span class='ocrx_word' id='word_1_198' title='bbox 1684 2617 1798 2654; x_wconf 83' lang='lat' dir='ltr'><strong>me-</strong></span> 
     </span>
    </p>
   </div>
   <div class='ocr_carea' id='block_1_29' title="bbox 210 2674 1799 2759">
    <p class='ocr_par' dir='ltr' id='par_1_29' title="bbox 210 2674 1799 2759">
     <span class='ocr_line' id='line_1_29' title="bbox 210 2674 1799 2759; baseline 0.013 -33"><span class='ocrx_word' id='word_1_199' title='bbox 210 2674 399 2743; x_wconf 85' lang='lat' dir='ltr'><strong>minit,</strong></span> <span class='ocrx_word' id='word_1_200' title='bbox 422 2677 518 2732; x_wconf 87' lang='lat' dir='ltr'><strong>sed</strong></span> <span class='ocrx_word' id='word_1_201' title='bbox 539 2681 701 2734; x_wconf 88' lang='lat' dir='ltr'><strong>etiam</strong></span> <span class='ocrx_word' id='word_1_202' title='bbox 745 2699 1034 2752; x_wconf 87' lang='lat' dir='ltr'><strong>granorum</strong></span> <span class='ocrx_word' id='word_1_203' title='bbox 1061 2701 1154 2740; x_wconf 88' lang='lat' dir='ltr'><strong>seu</strong></span> <span class='ocrx_word' id='word_1_204' title='bbox 1191 2686 1409 2757; x_wconf 89' lang='lat' dir='ltr'><strong>pollinis</strong></span> <span class='ocrx_word' id='word_1_205' title='bbox 1458 2687 1799 2759; x_wconf 82' lang='lat' dir='ltr'><strong>conjunctio-</strong></span> 
     </span>
    </p>
   </div>
   <div class='ocr_carea' id='block_1_30' title="bbox 208 2770 1801 2850">
    <p class='ocr_par' dir='ltr' id='par_1_30' title="bbox 208 2770 1801 2850">
     <span class='ocr_line' id='line_1_30' title="bbox 208 2770 1801 2850; baseline 0.013 -32"><span class='ocrx_word' id='word_1_206' title='bbox 208 2781 342 2819; x_wconf 88' lang='lat' dir='ltr'><strong>nem</strong></span> <span class='ocrx_word' id='word_1_207' title='bbox 372 2775 422 2822; x_wconf 91' lang='lat' dir='ltr'><strong>et</strong></span> <span class='ocrx_word' id='word_1_208' title='bbox 441 2770 843 2839; x_wconf 89' lang='lat' dir='ltr'><strong>copulatioaem</strong></span> <span class='ocrx_word' id='word_1_209' title='bbox 877 2790 982 2830; x_wconf 90' lang='lat' dir='ltr'><strong>non</strong></span> <span class='ocrx_word' id='word_1_210' title='bbox 1013 2777 1113 2832; x_wconf 91' lang='lat' dir='ltr'><strong>nisi</strong></span> <span class='ocrx_word' id='word_1_211' title='bbox 1134 2793 1234 2848; x_wconf 88' lang='lat' dir='ltr'><strong>per</strong></span> <span class='ocrx_word' id='word_1_212' title='bbox 1262 2795 1456 2850; x_wconf 89' lang='lat' dir='ltr'><strong>aquam</strong></span> <span class='ocrx_word' id='word_1_213' title='bbox 1493 2781 1612 2836; x_wconf 81' lang='lat' dir='ltr'><strong>ﬁeri</strong></span> <span class='ocrx_word' id='word_1_214' title='bbox 1643 2783 1801 2839; x_wconf 89' lang='lat' dir='ltr'><strong>docet</strong></span> 
     </span>
    </p>
   </div>
   <div class='ocr_carea' id='block_1_31' title="bbox 211 2857 1799 2946">
    <p class='ocr_par' dir='ltr' id='par_1_31' title="bbox 211 2857 1799 2946">
     <span class='ocr_line' id='line_1_31' title="bbox 211 2857 1799 2946; baseline 0.014 -37"><span class='ocrx_word' id='word_1_215' title='bbox 211 2857 303 2911; x_wconf 84' lang='lat' dir='ltr'><strong>his</strong></span> <span class='ocrx_word' id='word_1_216' title='bbox 328 2859 506 2916; x_wconf 79' lang='lat' dir='ltr'><strong>verbis</strong></span> <span class='ocrx_word' id='word_1_217' title='bbox 537 2878 551 2915; x_wconf 90' lang='lat'><strong>:</strong></span> <span class='ocrx_word' id='word_1_218' title='bbox 585 2879 604 2914; x_wconf 74' lang='grc' dir='ltr'><strong>ι</strong></span> <span class='ocrx_word' id='word_1_219' title='bbox 641 2862 996 2922; x_wconf 88' lang='lat' dir='ltr'><strong>Commendat</strong></span> <span class='ocrx_word' id='word_1_220' title='bbox 1027 2870 1183 2924; x_wconf 84' lang='lat' dir='ltr'><strong>vobis</strong></span> <span class='ocrx_word' id='word_1_221' title='bbox 1230 2871 1297 2925; x_wconf 75' lang='lat' dir='ltr'><strong>in.</strong></span> <span class='ocrx_word' id='word_1_222' title='bbox 1339 2873 1444 2927; x_wconf 90' lang='lat' dir='ltr'><strong>isto</strong></span> <span class='ocrx_word' id='word_1_223' title='bbox 1474 2888 1616 2944; x_wconf 89' lang='lat' dir='ltr'><strong>pane</strong></span> <span class='ocrx_word' id='word_1_224' title='bbox 1658 2891 1799 2946; x_wconf 84' lang='lat' dir='ltr'><strong>quo--</strong></span> 
     </span>
    </p>
   </div>
   <div class='ocr_carea' id='block_1_32' title="bbox 207 2949 1798 3038">
    <p class='ocr_par' dir='ltr' id='par_1_32' title="bbox 207 2949 1798 3038">
     <span class='ocr_line' id='line_1_32' title="bbox 207 2949 1798 3038; baseline 0.015 -39"><span class='ocrx_word' id='word_1_225' title='bbox 207 2949 502 3005; x_wconf 88' lang='lat' dir='ltr'><strong>dammodo</strong></span> <span class='ocrx_word' id='word_1_226' title='bbox 534 2955 795 3011; x_wconf 88' lang='lat' dir='ltr'><strong>anitatem</strong></span> <span class='ocrx_word' id='word_1_227' title='bbox 820 2974 1025 3014; x_wconf 88' lang='lat' dir='ltr'><strong>amare.</strong></span> <span class='ocrx_word' id='word_1_228' title='bbox 1061 2960 1316 3032; x_wconf 85' lang='lat' dir='ltr'><strong>Nunquid</strong></span> <span class='ocrx_word' id='word_1_229' title='bbox 1348 2965 1491 3019; x_wconf 87' lang='lat' dir='ltr'><strong>enim</strong></span> <span class='ocrx_word' id='word_1_230' title='bbox 1525 2968 1678 3038; x_wconf 89' lang='lat' dir='ltr'><strong>panis</strong></span> <span class='ocrx_word' id='word_1_231' title='bbox 1711 2968 1798 3024; x_wconf 86' lang='lat' dir='ltr'><strong>ille</strong></span> 
     </span>
    </p>
   </div>
   <div class='ocr_carea' id='block_1_33' title="bbox 209 3041 1868 3126">
    <p class='ocr_par' dir='ltr' id='par_1_33' title="bbox 209 3041 1868 3126">
     <span class='ocr_line' id='line_1_33' title="bbox 209 3041 1868 3126; baseline 0.015 -34"><span class='ocrx_word' id='word_1_232' title='bbox 209 3041 280 3094; x_wconf 85' lang='lat' dir='ltr'><strong>de</strong></span> <span class='ocrx_word' id='word_1_233' title='bbox 303 3057 410 3098; x_wconf 92' lang='lat' dir='ltr'><strong>uno</strong></span> <span class='ocrx_word' id='word_1_234' title='bbox 439 3060 606 3116; x_wconf 88' lang='lat' dir='ltr'><strong>grano</strong></span> <span class='ocrx_word' id='word_1_235' title='bbox 639 3047 814 3105; x_wconf 86' lang='lat' dir='ltr'><strong>factas</strong></span> <span class='ocrx_word' id='word_1_236' title='bbox 848 3052 966 3106; x_wconf 77' lang='lat' dir='ltr'><strong>est?</strong></span> <span class='ocrx_word' id='word_1_237' title='bbox 1004 3051 1194 3109; x_wconf 89' lang='lat' dir='ltr'><strong>Nonne</strong></span> <span class='ocrx_word' id='word_1_238' title='bbox 1225 3056 1397 3112; x_wconf 89' lang='lat' dir='ltr'><strong>multa</strong></span> <span class='ocrx_word' id='word_1_239' title='bbox 1429 3069 1588 3114; x_wconf 89' lang='lat' dir='ltr'><strong>erant</strong></span> <span class='ocrx_word' id='word_1_240' title='bbox 1627 3061 1792 3116; x_wconf 89' lang='lat' dir='ltr'><strong>tritici</strong></span> <span class='ocrx_word' id='word_1_241' title='bbox 1822 3064 1868 3126; x_wconf 88' lang='lat' dir='ltr'><strong><em>C</em></strong></span> 
     </span>
    </p>
   </div>
   <div class='ocr_carea' id='block_1_34' title="bbox 205 3134 1796 3224">
    <p class='ocr_par' dir='ltr' id='par_1_34' title="bbox 205 3134 1796 3224">
     <span class='ocr_line' id='line_1_34' title="bbox 205 3134 1796 3224; baseline 0.018 -41"><span class='ocrx_word' id='word_1_242' title='bbox 205 3134 415 3200; x_wconf 78' lang='lat' dir='ltr'><strong>grana?</strong></span> <span class='ocrx_word' id='word_1_243' title='bbox 461 3135 567 3192; x_wconf 82' lang='lat' dir='ltr'><strong>Sed</strong></span> <span class='ocrx_word' id='word_1_244' title='bbox 599 3149 891 3212; x_wconf 83' lang='lat' dir='ltr'><strong>antequam</strong></span> <span class='ocrx_word' id='word_1_245' title='bbox 922 3146 988 3198; x_wconf 91' lang='lat' dir='ltr'><strong>ad</strong></span> <span class='ocrx_word' id='word_1_246' title='bbox 1023 3161 1216 3216; x_wconf 90' lang='lat' dir='ltr'><strong>panem</strong></span> <span class='ocrx_word' id='word_1_247' title='bbox 1239 3149 1514 3219; x_wconf 83' lang='lat' dir='ltr'><strong>venirent,</strong></span> <span class='ocrx_word' id='word_1_248' title='bbox 1545 3163 1796 3224; x_wconf 88' lang='lat' dir='ltr'><strong>separata</strong></span> 
     </span>
    </p>
   </div>
   <div class='ocr_carea' id='block_1_35' title="bbox 206 3233 1794 3317">
    <p class='ocr_par' dir='ltr' id='par_1_35' title="bbox 206 3233 1794 3317">
     <span class='ocr_line' id='line_1_35' title="bbox 206 3233 1794 3317; baseline 0.019 -43"><span class='ocrx_word' id='word_1_249' title='bbox 206 3233 404 3292; x_wconf 85' lang='lat' dir='ltr'><strong>erant;</strong></span> <span class='ocrx_word' id='word_1_250' title='bbox 437 3243 535 3296; x_wconf 89' lang='lat' dir='ltr'><strong>per</strong></span> <span class='ocrx_word' id='word_1_251' title='bbox 563 3245 760 3300; x_wconf 91' lang='lat' dir='ltr'><strong>aquam</strong></span> <span class='ocrx_word' id='word_1_252' title='bbox 808 3236 1100 3306; x_wconf 87' lang='lat' dir='ltr'><strong>conjuncta</strong></span> <span class='ocrx_word' id='word_1_253' title='bbox 1149 3249 1298 3308; x_wconf 89' lang='lat' dir='ltr'><strong>sunt,</strong></span> <span class='ocrx_word' id='word_1_254' title='bbox 1341 3251 1396 3298; x_wconf 90' lang='lat' dir='ltr'><strong>et</strong></span> <span class='ocrx_word' id='word_1_255' title='bbox 1441 3256 1566 3315; x_wconf 86' lang='lat' dir='ltr'><strong>post</strong></span> <span class='ocrx_word' id='word_1_256' title='bbox 1598 3263 1794 3317; x_wconf 89' lang='lat' dir='ltr'><strong>quam-</strong></span> 
     </span>
    </p>
   </div>
   <div class='ocr_carea' id='block_1_36' title="bbox 206 3316 1795 3408">
    <p class='ocr_par' dir='ltr' id='par_1_36' title="bbox 206 3316 1795 3408">
     <span class='ocr_line' id='line_1_36' title="bbox 206 3316 1795 3408; baseline 0.021 -42"><span class='ocrx_word' id='word_1_257' title='bbox 206 3316 335 3370; x_wconf 70' lang='lat' dir='ltr'><strong>rfam</strong></span> <span class='ocrx_word' id='word_1_258' title='bbox 385 3321 788 3379; x_wconf 89' lang='lat' dir='ltr'><strong>contritionetn.</strong></span> <span class='ocrx_word' id='word_1_259' title='bbox 821 3325 935 3382; x_wconf 89' lang='lat' dir='ltr'><strong>Nisi</strong></span> <span class='ocrx_word' id='word_1_260' title='bbox 981 3333 1128 3385; x_wconf 86' lang='lat' dir='ltr'><strong>enim</strong></span> <span class='ocrx_word' id='word_1_261' title='bbox 1166 3334 1402 3391; x_wconf 85' lang='lat' dir='ltr'><strong>molatur</strong></span> <span class='ocrx_word' id='word_1_262' title='bbox 1445 3316 1710 3408; x_wconf 83' lang='lat' dir='ltr'><strong>triticum,</strong></span> <span class='ocrx_word' id='word_1_263' title='bbox 1741 3351 1795 3400; x_wconf 87' lang='lat' dir='ltr'><strong>et</strong></span> 
     </span>
    </p>
   </div>
   <div class='ocr_carea' id='block_1_37' title="bbox 204 3423 1794 3493">
    <p class='ocr_par' dir='ltr' id='par_1_37' title="bbox 204 3423 1794 3493">
     <span class='ocr_line' id='line_1_37' title="bbox 204 3423 1794 3493; baseline 0.018 -29"><span class='ocrx_word' id='word_1_264' title='bbox 204 3423 308 3477; x_wconf 79' lang='lat' dir='ltr'><strong>per</strong></span> <span class='ocrx_word' id='word_1_265' title='bbox 331 3425 525 3480; x_wconf 86' lang='lat' dir='ltr'><strong>aquam</strong></span> <span class='ocrx_word' id='word_1_266' title='bbox 559 3431 972 3491; x_wconf 89' lang='lat' dir='ltr'><strong>conspergatur,</strong></span> <span class='ocrx_word' id='word_1_267' title='bbox 1005 3426 1070 3478; x_wconf 89' lang='lat' dir='ltr'><strong>ad</strong></span> <span class='ocrx_word' id='word_1_268' title='bbox 1102 3425 1262 3481; x_wconf 91' lang='lat' dir='ltr'><strong>istam</strong></span> <span class='ocrx_word' id='word_1_269' title='bbox 1311 3427 1542 3487; x_wconf 86' lang='lat' dir='ltr'><strong>formam</strong></span> <span class='ocrx_word' id='word_1_270' title='bbox 1571 3435 1794 3493; x_wconf 85' lang='lat' dir='ltr'><strong>minime</strong></span> 
     </span>
    </p>
   </div>
   <div class='ocr_carea' id='block_1_38' title="bbox 205 3503 1794 3595">
    <p class='ocr_par' dir='ltr' id='par_1_38' title="bbox 205 3503 1794 3595">
     <span class='ocr_line' id='line_1_38' title="bbox 205 3503 1794 3595; baseline 0.018 -41"><span class='ocrx_word' id='word_1_271' title='bbox 205 3503 357 3560; x_wconf 82' lang='lat' dir='ltr'><strong>venit</strong></span> <span class='ocrx_word' id='word_1_272' title='bbox 388 3519 510 3576; x_wconf 61' lang='lat' dir='ltr'><strong>quae</strong></span> <span class='ocrx_word' id='word_1_273' title='bbox 537 3512 690 3580; x_wconf 90' lang='lat' dir='ltr'><strong>panis</strong></span> <span class='ocrx_word' id='word_1_274' title='bbox 721 3524 965 3568; x_wconf 87' lang='lat' dir='ltr'><strong>vocatur.</strong></span> <span class='ocrx_word' id='word_1_275' title='bbox 993 3515 1086 3571; x_wconf 91' lang='lat' dir='ltr'><strong>Sic</strong></span> <span class='ocrx_word' id='word_1_276' title='bbox 1113 3528 1168 3572; x_wconf 90' lang='lat' dir='ltr'><strong>et</strong></span> <span class='ocrx_word' id='word_1_277' title='bbox 1193 3534 1291 3575; x_wconf 88' lang='lat' dir='ltr'><strong>vos</strong></span> <span class='ocrx_word' id='word_1_278' title='bbox 1325 3522 1664 3595; x_wconf 88' lang='lat' dir='ltr'><strong>antejejunii</strong></span> <span class='ocrx_word' id='word_1_279' title='bbox 1693 3528 1794 3582; x_wconf 83' lang='lat' dir='ltr'><strong>hu-</strong></span> 
     </span>
    </p>
   </div>
   <div class='ocr_carea' id='block_1_39' title="bbox 207 3599 1820 3686">
    <p class='ocr_par' dir='ltr' id='par_1_39' title="bbox 207 3599 1820 3686">
     <span class='ocr_line' id='line_1_39' title="bbox 207 3599 1820 3686; baseline 0.015 -33"><span class='ocrx_word' id='word_1_280' title='bbox 207 3599 570 3658; x_wconf 88' lang='lat' dir='ltr'><strong>miliationem</strong></span> <span class='ocrx_word' id='word_1_281' title='bbox 626 3609 914 3664; x_wconf 81' lang='lat' dir='ltr'><strong>exorcismi</strong></span> <span class='ocrx_word' id='word_1_282' title='bbox 967 3624 1313 3669; x_wconf 90' lang='lat' dir='ltr'><strong>sacramento</strong></span> <span class='ocrx_word' id='word_1_283' title='bbox 1344 3619 1500 3686; x_wconf 90' lang='lat' dir='ltr'><strong>quasi</strong></span> <span class='ocrx_word' id='word_1_284' title='bbox 1553 3621 1820 3677; x_wconf 18' lang='lat' dir='ltr'><strong>moleba-i</strong></span> 
     </span>
    </p>
   </div>
   <div class='ocr_carea' id='block_1_40' title="bbox 205 3691 1794 3784">
    <p class='ocr_par' dir='ltr' id='par_1_40' title="bbox 205 3691 1794 3784">
     <span class='ocr_line' id='line_1_40' title="bbox 205 3691 1794 3784; baseline 0.017 -41"><span class='ocrx_word' id='word_1_285' title='bbox 205 3691 364 3748; x_wconf 82' lang='lat' dir='ltr'><strong>mini.</strong></span> <span class='ocrx_word' id='word_1_286' title='bbox 388 3692 640 3752; x_wconf 82' lang='lat' dir='ltr'><strong>Accessit</strong></span> <span class='ocrx_word' id='word_1_287' title='bbox 669 3699 970 3771; x_wconf 85' lang='lat' dir='ltr'><strong>baptismus</strong></span> <span class='ocrx_word' id='word_1_288' title='bbox 1007 3715 1063 3759; x_wconf 90' lang='lat' dir='ltr'><strong>et</strong></span> <span class='ocrx_word' id='word_1_289' title='bbox 1104 3720 1273 3775; x_wconf 89' lang='lat' dir='ltr'><strong>squa;</strong></span> <span class='ocrx_word' id='word_1_290' title='bbox 1321 3711 1476 3779; x_wconf 91' lang='lat' dir='ltr'><strong>quasi</strong></span> <span class='ocrx_word' id='word_1_291' title='bbox 1511 3716 1794 3784; x_wconf 84' lang='lat' dir='ltr'><strong>conspersi</strong></span> 
     </span>
    </p>
   </div>
   <div class='ocr_carea' id='block_1_41' title="bbox 204 3784 1790 3862">
    <p class='ocr_par' dir='ltr' id='par_1_41' title="bbox 204 3784 1790 3862">
     <span class='ocr_line' id='line_1_41' title="bbox 204 3784 1790 3862; baseline 0.016 -28"><span class='ocrx_word' id='word_1_292' title='bbox 204 3784 360 3848; x_wconf 88' lang='lat' dir='ltr'><strong>estis,</strong></span> <span class='ocrx_word' id='word_1_293' title='bbox 381 3795 440 3840; x_wconf 91' lang='lat' dir='ltr'><strong>ut</strong></span> <span class='ocrx_word' id='word_1_294' title='bbox 467 3788 535 3842; x_wconf 89' lang='lat' dir='ltr'><strong>ad</strong></span> <span class='ocrx_word' id='word_1_295' title='bbox 563 3787 792 3845; x_wconf 88' lang='lat' dir='ltr'><strong>formam</strong></span> <span class='ocrx_word' id='word_1_296' title='bbox 818 3794 972 3862; x_wconf 86' lang='lat' dir='ltr'><strong>panis</strong></span> <span class='ocrx_word' id='word_1_297' title='bbox 999 3797 1280 3852; x_wconf 87' lang='lat' dir='ltr'><strong>veniretis.</strong></span> <span class='ocrx_word' id='word_1_298' title='bbox 1307 3797 1414 3854; x_wconf 89' lang='lat' dir='ltr'><strong>Sed</strong></span> <span class='ocrx_word' id='word_1_299' title='bbox 1441 3803 1678 3858; x_wconf 89' lang='lat' dir='ltr'><strong>nondum</strong></span> <span class='ocrx_word' id='word_1_300' title='bbox 1705 3813 1790 3860; x_wconf 89' lang='lat' dir='ltr'><strong>est</strong></span> 
     </span>
    </p>
   </div>
   <div class='ocr_carea' id='block_1_42' title="bbox 205 3873 1793 3962">
    <p class='ocr_par' dir='ltr' id='par_1_42' title="bbox 205 3873 1793 3962">
     <span class='ocr_line' id='line_1_42' title="bbox 205 3873 1793 3962; baseline 0.018 -40"><span class='ocrx_word' id='word_1_301' title='bbox 205 3873 364 3942; x_wconf 77' lang='lat' dir='ltr'><strong>panis</strong></span> <span class='ocrx_word' id='word_1_302' title='bbox 390 3876 507 3934; x_wconf 88' lang='lat' dir='ltr'><strong>sine</strong></span> <span class='ocrx_word' id='word_1_303' title='bbox 534 3878 678 3950; x_wconf 88' lang='lat' dir='ltr'><strong>igne.</strong></span> <span class='ocrx_word' id='word_1_304' title='bbox 707 3881 861 3949; x_wconf 88' lang='lat' dir='ltr'><strong>Quod</strong></span> <span class='ocrx_word' id='word_1_305' title='bbox 891 3901 1024 3956; x_wconf 88' lang='lat' dir='ltr'><strong>ergo</strong></span> <span class='ocrx_word' id='word_1_306' title='bbox 1053 3887 1324 3958; x_wconf 86' lang='lat' dir='ltr'><strong>significat</strong></span> <span class='ocrx_word' id='word_1_307' title='bbox 1352 3891 1526 3962; x_wconf 90' lang='lat' dir='ltr'><strong>ignis,</strong></span> <span class='ocrx_word' id='word_1_308' title='bbox 1559 3893 1661 3950; x_wconf 91' lang='lat' dir='ltr'><strong>hoc</strong></span> <span class='ocrx_word' id='word_1_309' title='bbox 1708 3906 1793 3952; x_wconf 89' lang='lat' dir='ltr'><strong>est</strong></span> 
     </span>
    </p>
   </div>
   <div class='ocr_carea' id='block_1_43' title="bbox 203 3965 1790 4050">
    <p class='ocr_par' dir='ltr' id='par_1_43' title="bbox 203 3965 1790 4050">
     <span class='ocr_line' id='line_1_43' title="bbox 203 3965 1790 4050; baseline 0.018 -34"><span class='ocrx_word' id='word_1_310' title='bbox 203 3965 466 4021; x_wconf 83' lang='lat' dir='ltr'><strong>chrisma.</strong></span> <span class='ocrx_word' id='word_1_311' title='bbox 497 3988 517 4022; x_wconf 76' lang='grc' dir='ltr'><strong>ι</strong></span> <span class='ocrx_word' id='word_1_312' title='bbox 547 3971 882 4044; x_wconf 81' lang='lat' dir='ltr'><strong>Augustinus</strong></span> <span class='ocrx_word' id='word_1_313' title='bbox 912 3977 998 4032; x_wconf 87' lang='lat' dir='ltr'><strong>his</strong></span> <span class='ocrx_word' id='word_1_314' title='bbox 1030 3978 1262 4050; x_wconf 86' lang='lat' dir='ltr'><strong>aliisque</strong></span> <span class='ocrx_word' id='word_1_315' title='bbox 1295 3984 1479 4038; x_wconf 81' lang='lat' dir='ltr'><strong>verbis</strong></span> <span class='ocrx_word' id='word_1_316' title='bbox 1535 3996 1790 4044; x_wconf 81' lang='lat' dir='ltr'><strong>accurate</strong></span> 
     </span>
    </p>
   </div>
   <div class='ocr_carea' id='block_1_44' title="bbox 202 4056 1790 4144">
    <p class='ocr_par' dir='ltr' id='par_1_44' title="bbox 202 4056 1790 4144">
     <span class='ocr_line' id='line_1_44' title="bbox 202 4056 1790 4144; baseline 0.018 -37"><span class='ocrx_word' id='word_1_317' title='bbox 202 4056 413 4127; x_wconf 88' lang='lat' dir='ltr'><strong>singula</strong></span> <span class='ocrx_word' id='word_1_318' title='bbox 469 4061 780 4136; x_wconf 76' lang='lat' dir='ltr'><strong>distinguit;</strong></span> <span class='ocrx_word' id='word_1_319' title='bbox 834 4083 1130 4139; x_wconf 80' lang='lat' dir='ltr'><strong>granorum</strong></span> <span class='ocrx_word' id='word_1_320' title='bbox 1186 4075 1592 4144; x_wconf 91' lang='lat' dir='ltr'><strong>contritionem,</strong></span> <span class='ocrx_word' id='word_1_321' title='bbox 1659 4095 1790 4134; x_wconf 88' lang='lat' dir='ltr'><strong>con-</strong></span> 
     </span>
    </p>
   </div>
   <div class='ocr_carea' id='block_1_45' title="bbox 199 4148 1791 4237">
    <p class='ocr_par' dir='ltr' id='par_1_45' title="bbox 199 4148 1791 4237">
     <span class='ocr_line' id='line_1_45' title="bbox 199 4148 1791 4237; baseline 0.017 -38"><span class='ocrx_word' id='word_1_322' title='bbox 199 4148 536 4214; x_wconf 86' lang='lat' dir='ltr'><strong>spersionem</strong></span> <span class='ocrx_word' id='word_1_323' title='bbox 583 4162 639 4208; x_wconf 89' lang='lat' dir='ltr'><strong>et</strong></span> <span class='ocrx_word' id='word_1_324' title='bbox 665 4155 1102 4226; x_wconf 90' lang='lat' dir='ltr'><strong>conjunctionem</strong></span> <span class='ocrx_word' id='word_1_325' title='bbox 1139 4178 1239 4232; x_wconf 90' lang='lat' dir='ltr'><strong>per</strong></span> <span class='ocrx_word' id='word_1_326' title='bbox 1267 4181 1465 4236; x_wconf 91' lang='lat' dir='ltr'><strong>aquam</strong></span> <span class='ocrx_word' id='word_1_327' title='bbox 1512 4169 1704 4237; x_wconf 89' lang='lat' dir='ltr'><strong>solam,</strong></span> <span class='ocrx_word' id='word_1_328' title='bbox 1734 4179 1791 4226; x_wconf 91' lang='lat' dir='ltr'><strong>et</strong></span> 
     </span>
    </p>
   </div>
   <div class='ocr_carea' id='block_1_46' title="bbox 200 4240 1788 4324">
    <p class='ocr_par' dir='ltr' id='par_1_46' title="bbox 200 4240 1788 4324">
     <span class='ocr_line' id='line_1_46' title="bbox 200 4240 1788 4324; baseline 0.017 -33"><span class='ocrx_word' id='word_1_329' title='bbox 200 4240 523 4324; x_wconf 84' lang='lat' dir='ltr'><strong>coctionem.</strong></span> <span class='ocrx_word' id='word_1_330' title='bbox 541 4244 722 4302; x_wconf 81' lang='lat' dir='ltr'><strong>Altam</strong></span> <span class='ocrx_word' id='word_1_331' title='bbox 753 4249 819 4304; x_wconf 87' lang='lat' dir='ltr'><strong>de</strong></span> <span class='ocrx_word' id='word_1_332' title='bbox 847 4250 1117 4310; x_wconf 87' lang='lat' dir='ltr'><strong>fermento</strong></span> <span class='ocrx_word' id='word_1_333' title='bbox 1143 4255 1418 4314; x_wconf 86' lang='lat' dir='ltr'><strong>silentium</strong></span> <span class='ocrx_word' id='word_1_334' title='bbox 1443 4261 1577 4316; x_wconf 87' lang='lat' dir='ltr'><strong>satis</strong></span> <span class='ocrx_word' id='word_1_335' title='bbox 1607 4262 1788 4319; x_wconf 92' lang='lat' dir='ltr'><strong>innuit</strong></span> 
     </span>
    </p>
   </div>
   <div class='ocr_carea' id='block_1_47' title="bbox 201 4329 1780 4411">
    <p class='ocr_par' dir='ltr' id='par_1_47' title="bbox 201 4329 1780 4411">
     <span class='ocr_line' id='line_1_47' title="bbox 201 4329 1780 4411; baseline 0.019 -29"><span class='ocrx_word' id='word_1_336' title='bbox 201 4329 332 4386; x_wconf 91' lang='lat' dir='ltr'><strong>illud</strong></span> <span class='ocrx_word' id='word_1_337' title='bbox 383 4349 450 4390; x_wconf 91' lang='lat' dir='ltr'><strong>eo</strong></span> <span class='ocrx_word' id='word_1_338' title='bbox 497 4346 738 4408; x_wconf 90' lang='lat' dir='ltr'><strong>tempore</strong></span> <span class='ocrx_word' id='word_1_339' title='bbox 788 4343 1105 4401; x_wconf 90' lang='lat' dir='ltr'><strong>inusitatum</strong></span> <span class='ocrx_word' id='word_1_340' title='bbox 1139 4347 1324 4406; x_wconf 91' lang='lat' dir='ltr'><strong>fuisse.</strong></span> <span class='ocrx_word' id='word_1_341' title='bbox 1355 4352 1505 4408; x_wconf 84' lang='lat' dir='ltr'><strong>Adde</strong></span> <span class='ocrx_word' id='word_1_342' title='bbox 1525 4365 1780 4411; x_wconf 83' lang='lat' dir='ltr'><strong>sanctam</strong></span> 
     </span>
    </p>
   </div>
   <div class='ocr_carea' id='block_1_48' title="bbox 1913 451 3580 540">
    <p class='ocr_par' dir='ltr' id='par_1_48' title="bbox 1913 451 3580 540">
     <span class='ocr_line' id='line_1_48' title="bbox 1913 451 3580 540; baseline 0.016 -36"><span class='ocrx_word' id='word_1_343' title='bbox 1913 451 2086 504; x_wconf 82' lang='lat' dir='ltr'><strong>sancti</strong></span> <span class='ocrx_word' id='word_1_344' title='bbox 2132 451 2320 507; x_wconf 86' lang='lat' dir='ltr'><strong>Patres</strong></span> <span class='ocrx_word' id='word_1_345' title='bbox 2349 463 2458 508; x_wconf 88' lang='lat' dir='ltr'><strong>tam</strong></span> <span class='ocrx_word' id='word_1_346' title='bbox 2482 459 2695 514; x_wconf 86' lang='lat' dir='ltr'><strong>solliciti</strong></span> <span class='ocrx_word' id='word_1_347' title='bbox 2729 459 2930 516; x_wconf 86' lang='lat' dir='ltr'><strong>fuerint</strong></span> <span class='ocrx_word' id='word_1_348' title='bbox 2956 466 3022 522; x_wconf 79' lang='lat' dir='ltr'><strong>de</strong></span> <span class='ocrx_word' id='word_1_349' title='bbox 3047 467 3112 522; x_wconf 89' lang='lat' dir='ltr'><strong>iis</strong></span> <span class='ocrx_word' id='word_1_350' title='bbox 3150 485 3268 540; x_wconf 75' lang='lat' dir='ltr'><strong>qua:</strong></span> <span class='ocrx_word' id='word_1_351' title='bbox 3293 474 3360 527; x_wconf 91' lang='lat' dir='ltr'><strong>ad</strong></span> <span class='ocrx_word' id='word_1_352' title='bbox 3399 491 3498 529; x_wconf 81' lang='lat' dir='ltr'><strong>au~</strong></span> <span class='ocrx_word' id='word_1_353' title='bbox 3577 513 3580 517; x_wconf 61' lang='grc' dir='ltr'><em>η</em></span> 
     </span>
    </p>
   </div>
   <div class='ocr_carea' id='block_1_49' title="bbox 1913 542 3550 633">
    <p class='ocr_par' dir='ltr' id='par_1_49' title="bbox 1913 542 3550 633">
     <span class='ocr_line' id='line_1_49' title="bbox 1913 542 3550 633; baseline 0.015 -40"><span class='ocrx_word' id='word_1_354' title='bbox 1913 542 2280 612; x_wconf 86' lang='lat' dir='ltr'><strong>gustissimum</strong></span> <span class='ocrx_word' id='word_1_355' title='bbox 2320 544 2682 605; x_wconf 74' lang='lat' dir='ltr'><strong>Eacharistize</strong></span> <span class='ocrx_word' id='word_1_356' title='bbox 2727 568 3130 614; x_wconf 84' lang='lat' dir='ltr'><strong>sacramentum</strong></span> <span class='ocrx_word' id='word_1_357' title='bbox 3185 548 3550 633; x_wconf 36' lang='lat' dir='ltr'><strong>pertinent}.i</strong></span> 
     </span>
    </p>
   </div>
   <div class='ocr_carea' id='block_1_50' title="bbox 1913 635 3495 717">
    <p class='ocr_par' dir='ltr' id='par_1_50' title="bbox 1913 635 3495 717">
     <span class='ocr_line' id='line_1_50' title="bbox 1913 635 3495 717; baseline 0.018 -30"><span class='ocrx_word' id='word_1_358' title='bbox 1913 649 2034 688; x_wconf 92' lang='lat' dir='ltr'><strong>cum</strong></span> <span class='ocrx_word' id='word_1_359' title='bbox 2061 643 2138 689; x_wconf 91' lang='lat' dir='ltr'><strong>tot</strong></span> <span class='ocrx_word' id='word_1_360' title='bbox 2160 635 2377 692; x_wconf 87' lang='lat' dir='ltr'><strong>decreta</strong></span> <span class='ocrx_word' id='word_1_361' title='bbox 2410 641 2755 700; x_wconf 88' lang='lat' dir='ltr'><strong>condiderint</strong></span> <span class='ocrx_word' id='word_1_362' title='bbox 2791 648 2858 703; x_wconf 88' lang='lat' dir='ltr'><strong>de</strong></span> <span class='ocrx_word' id='word_1_363' title='bbox 2914 651 3192 717; x_wconf 86' lang='lat' dir='ltr'><strong>altaribus,</strong></span> <span class='ocrx_word' id='word_1_364' title='bbox 3232 667 3340 712; x_wconf 92' lang='lat' dir='ltr'><strong>tam</strong></span> <span class='ocrx_word' id='word_1_365' title='bbox 3371 658 3495 716; x_wconf 86' lang='lat' dir='ltr'><strong>fixis</strong></span> 
     </span>
    </p>
   </div>
   <div class='ocr_carea' id='block_1_51' title="bbox 1912 728 3491 817">
    <p class='ocr_par' dir='ltr' id='par_1_51' title="bbox 1912 728 3491 817">
     <span class='ocr_line' id='line_1_51' title="bbox 1912 728 3491 817; baseline 0.02 -41"><span class='ocrx_word' id='word_1_366' title='bbox 1912 740 2073 794; x_wconf 89' lang='lat' dir='ltr'><strong>quam</strong></span> <span class='ocrx_word' id='word_1_367' title='bbox 2111 728 2417 792; x_wconf 88' lang='lat' dir='ltr'><strong>mobilibus.</strong></span> <span class='ocrx_word' id='word_1_368' title='bbox 2449 731 2517 786; x_wconf 93' lang='lat' dir='ltr'><strong>de</strong></span> <span class='ocrx_word' id='word_1_369' title='bbox 2556 736 2702 791; x_wconf 82' lang='lat' dir='ltr'><strong>vasis</strong></span> <span class='ocrx_word' id='word_1_370' title='bbox 2746 744 2973 796; x_wconf 90' lang='lat' dir='ltr'><strong>sacratis</strong></span> <span class='ocrx_word' id='word_1_371' title='bbox 3007 745 3181 817; x_wconf 87' lang='lat' dir='ltr'><strong>deque</strong></span> <span class='ocrx_word' id='word_1_372' title='bbox 3230 749 3413 806; x_wconf 91' lang='lat' dir='ltr'><strong>linteis</strong></span> <span class='ocrx_word' id='word_1_373' title='bbox 3439 753 3491 806; x_wconf 90' lang='lat' dir='ltr'><strong>in</strong></span> 
     </span>
    </p>
   </div>
   <div class='ocr_carea' id='block_1_52' title="bbox 1912 819 3491 915">
    <p class='ocr_par' dir='ltr' id='par_1_52' title="bbox 1912 819 3491 915">
     <span class='ocr_line' id='line_1_52' title="bbox 1912 819 3491 915; baseline 0.017 -41"><span class='ocrx_word' id='word_1_374' title='bbox 1912 819 2181 877; x_wconf 89' lang='lat' dir='ltr'><strong>sacrificio</strong></span> <span class='ocrx_word' id='word_1_375' title='bbox 2236 824 2471 890; x_wconf 86' lang='lat' dir='ltr'><strong>usitatis,</strong></span> <span class='ocrx_word' id='word_1_376' title='bbox 2514 826 2580 882; x_wconf 91' lang='lat' dir='ltr'><strong>de</strong></span> <span class='ocrx_word' id='word_1_377' title='bbox 2628 828 2973 890; x_wconf 87' lang='lat' dir='ltr'><strong>Eucharistia</strong></span> <span class='ocrx_word' id='word_1_378' title='bbox 3022 839 3109 908; x_wconf 88' lang='lat' dir='ltr'><strong>pie</strong></span> <span class='ocrx_word' id='word_1_379' title='bbox 3136 857 3199 896; x_wconf 88' lang='lat' dir='ltr'><strong>ac</strong></span> <span class='ocrx_word' id='word_1_380' title='bbox 3239 843 3491 915; x_wconf 88' lang='lat' dir='ltr'><strong>religiose</strong></span> 
     </span>
    </p>
   </div>
   <div class='ocr_carea' id='block_1_53' title="bbox 1915 911 3492 1004">
    <p class='ocr_par' dir='ltr' id='par_1_53' title="bbox 1915 911 3492 1004">
     <span class='ocr_line' id='line_1_53' title="bbox 1915 911 3492 1004; baseline 0.018 -42"><span class='ocrx_word' id='word_1_381' title='bbox 1915 918 2027 964; x_wconf 90' lang='lat' dir='ltr'><strong>tum</strong></span> <span class='ocrx_word' id='word_1_382' title='bbox 2057 911 2389 970; x_wconf 87' lang='lat' dir='ltr'><strong>conficienda</strong></span> <span class='ocrx_word' id='word_1_383' title='bbox 2413 933 2427 981; x_wconf 87' lang='lat'><strong>;</strong></span> <span class='ocrx_word' id='word_1_384' title='bbox 2451 926 2565 997; x_wconf 87' lang='lat' dir='ltr'><strong>tum</strong></span> <span class='ocrx_word' id='word_1_385' title='bbox 2606 924 2950 994; x_wconf 90' lang='lat' dir='ltr'><strong>porrigenda,</strong></span> <span class='ocrx_word' id='word_1_386' title='bbox 2986 937 3094 982; x_wconf 91' lang='lat' dir='ltr'><strong>tum</strong></span> <span class='ocrx_word' id='word_1_387' title='bbox 3118 911 3492 1004; x_wconf 74' lang='lat' dir='ltr'><strong>percip&#39;enda,</strong></span> 
     </span>
    </p>
   </div>
   <div class='ocr_carea' id='block_1_54' title="bbox 1915 994 3497 1083">
    <p class='ocr_par' dir='ltr' id='par_1_54' title="bbox 1915 994 3497 1083">
     <span class='ocr_line' id='line_1_54' title="bbox 1915 994 3497 1083; baseline 0.02 -31"><span class='ocrx_word' id='word_1_388' title='bbox 1915 1009 2022 1054; x_wconf 89' lang='lat' dir='ltr'><strong>tum</strong></span> <span class='ocrx_word' id='word_1_389' title='bbox 2053 1007 2380 1061; x_wconf 89' lang='lat' dir='ltr'><strong>asservanda</strong></span> <span class='ocrx_word' id='word_1_390' title='bbox 2408 994 2528 1062; x_wconf 88' lang='lat' dir='ltr'><strong>cum</strong></span> <span class='ocrx_word' id='word_1_391' title='bbox 2553 1019 2630 1065; x_wconf 93' lang='lat' dir='ltr'><strong>tot</strong></span> <span class='ocrx_word' id='word_1_392' title='bbox 2652 1017 2868 1071; x_wconf 89' lang='lat' dir='ltr'><strong>statutis</strong></span> <span class='ocrx_word' id='word_1_393' title='bbox 2891 1019 3235 1077; x_wconf 79' lang='lat' dir='ltr'><strong>decreverint</strong></span> <span class='ocrx_word' id='word_1_394' title='bbox 3263 1027 3497 1083; x_wconf 88' lang='lat' dir='ltr'><strong>retinen-</strong></span> 
     </span>
    </p>
   </div>
   <div class='ocr_carea' id='block_1_55' title="bbox 1912 1092 3495 1174">
    <p class='ocr_par' dir='ltr' id='par_1_55' title="bbox 1912 1092 3495 1174">
     <span class='ocr_line' id='line_1_55' title="bbox 1912 1092 3495 1174; baseline 0.017 -30"><span class='ocrx_word' id='word_1_395' title='bbox 1912 1092 2033 1146; x_wconf 82' lang='lat' dir='ltr'><strong>dam</strong></span> <span class='ocrx_word' id='word_1_396' title='bbox 2066 1110 2219 1164; x_wconf 60' lang='lat' dir='ltr'><strong>aqua!</strong></span> <span class='ocrx_word' id='word_1_397' title='bbox 2245 1097 2620 1157; x_wconf 90' lang='lat' dir='ltr'><strong>admistionem</strong></span> <span class='ocrx_word' id='word_1_398' title='bbox 2654 1104 2704 1157; x_wconf 91' lang='lat' dir='ltr'><strong>in</strong></span> <span class='ocrx_word' id='word_1_399' title='bbox 2730 1106 2977 1174; x_wconf 90' lang='lat' dir='ltr'><strong>calicem,</strong></span> <span class='ocrx_word' id='word_1_400' title='bbox 3020 1110 3324 1168; x_wconf 89' lang='lat' dir='ltr'><strong>mirandum</strong></span> <span class='ocrx_word' id='word_1_401' title='bbox 3346 1126 3495 1172; x_wconf 87' lang='lat' dir='ltr'><strong>certe</strong></span> 
     </span>
    </p>
   </div>
   <div class='ocr_carea' id='block_1_56' title="bbox 1913 1181 3492 1267">
    <p class='ocr_par' dir='ltr' id='par_1_56' title="bbox 1913 1181 3492 1267">
     <span class='ocr_line' id='line_1_56' title="bbox 1913 1181 3492 1267; baseline 0.016 -31"><span class='ocrx_word' id='word_1_402' title='bbox 1913 1181 2074 1239; x_wconf 87' lang='lat' dir='ltr'><strong>fuerit</strong></span> <span class='ocrx_word' id='word_1_403' title='bbox 2109 1187 2152 1240; x_wconf 90' lang='lat' dir='ltr'><strong>si</strong></span> <span class='ocrx_word' id='word_1_404' title='bbox 2186 1185 2364 1244; x_wconf 90' lang='lat' dir='ltr'><strong>Latini</strong></span> <span class='ocrx_word' id='word_1_405' title='bbox 2415 1190 2705 1262; x_wconf 87' lang='lat' dir='ltr'><strong>aliquando</strong></span> <span class='ocrx_word' id='word_1_406' title='bbox 2751 1197 2964 1267; x_wconf 84' lang='lat' dir='ltr'><strong>abjeclo</strong></span> <span class='ocrx_word' id='word_1_407' title='bbox 3005 1201 3276 1260; x_wconf 84' lang='lat' dir='ltr'><strong>fermento</strong></span> <span class='ocrx_word' id='word_1_408' title='bbox 3315 1206 3492 1261; x_wconf 89' lang='lat' dir='ltr'><strong>admi-</strong></span> 
     </span>
    </p>
   </div>
   <div class='ocr_carea' id='block_1_57' title="bbox 1912 1277 3494 1354">
    <p class='ocr_par' dir='ltr' id='par_1_57' title="bbox 1912 1277 3494 1354">
     <span class='ocr_line' id='line_1_57' title="bbox 1912 1277 3494 1354; baseline 0.015 -24"><span class='ocrx_word' id='word_1_409' title='bbox 1912 1277 2082 1332; x_wconf 87' lang='lat' dir='ltr'><strong>serint</strong></span> <span class='ocrx_word' id='word_1_410' title='bbox 2122 1295 2394 1351; x_wconf 83' lang='lat' dir='ltr'><strong>azymum,</strong></span> <span class='ocrx_word' id='word_1_411' title='bbox 2425 1282 2477 1337; x_wconf 89' lang='lat' dir='ltr'><strong>id</strong></span> <span class='ocrx_word' id='word_1_412' title='bbox 2505 1289 2778 1342; x_wconf 88' lang='lat' dir='ltr'><strong>communi</strong></span> <span class='ocrx_word' id='word_1_413' title='bbox 2816 1305 3081 1346; x_wconf 90' lang='lat' dir='ltr'><strong>consensu</strong></span> <span class='ocrx_word' id='word_1_414' title='bbox 3135 1293 3336 1350; x_wconf 85' lang='lat' dir='ltr'><strong>factum</strong></span> <span class='ocrx_word' id='word_1_415' title='bbox 3374 1296 3494 1354; x_wconf 76' lang='lat' dir='ltr'><strong>sine</strong></span> 
     </span>
    </p>
   </div>
   <div class='ocr_carea' id='block_1_58' title="bbox 1911 1367 3310 1440">
    <p class='ocr_par' dir='ltr' id='par_1_58' title="bbox 1911 1367 3310 1440">
     <span class='ocr_line' id='line_1_58' title="bbox 1911 1367 3310 1440; baseline 0.014 -20"><span class='ocrx_word' id='word_1_416' title='bbox 1911 1367 2027 1438; x_wconf 87' lang='lat' dir='ltr'><strong>lege</strong></span> <span class='ocrx_word' id='word_1_417' title='bbox 2052 1368 2241 1437; x_wconf 87' lang='lat' dir='ltr'><strong>fuisse,</strong></span> <span class='ocrx_word' id='word_1_418' title='bbox 2272 1375 2488 1429; x_wconf 90' lang='lat' dir='ltr'><strong>nemine</strong></span> <span class='ocrx_word' id='word_1_419' title='bbox 2521 1377 2852 1434; x_wconf 88' lang='lat' dir='ltr'><strong>reclamante</strong></span> <span class='ocrx_word' id='word_1_420' title='bbox 2883 1391 2977 1438; x_wconf 89' lang='lat' dir='ltr'><strong>aut</strong></span> <span class='ocrx_word' id='word_1_421' title='bbox 3011 1382 3310 1440; x_wconf 86' lang='lat' dir='ltr'><strong>referente.</strong></span> 
     </span>
    </p>
   </div>
   <div class='ocr_carea' id='block_1_59' title="bbox 1980 1483 3500 1572">
    <p class='ocr_par' dir='ltr' id='par_1_59' title="bbox 1980 1483 3500 1572">
     <span class='ocr_line' id='line_1_59' title="bbox 1980 1483 3500 1572; baseline 0.016 -35"><span class='ocrx_word' id='word_1_422' title='bbox 1980 1483 2062 1538; x_wconf 78' lang='lat' dir='ltr'><strong>Ad</strong></span> <span class='ocrx_word' id='word_1_423' title='bbox 2097 1485 2239 1540; x_wconf 91' lang='lat' dir='ltr'><strong>hunc</strong></span> <span class='ocrx_word' id='word_1_424' title='bbox 2281 1486 2456 1543; x_wconf 91' lang='lat' dir='ltr'><strong>locum</strong></span> <span class='ocrx_word' id='word_1_425' title='bbox 2490 1505 2751 1548; x_wconf 90' lang='lat' dir='ltr'><strong>revocare</strong></span> <span class='ocrx_word' id='word_1_426' title='bbox 2791 1507 2946 1562; x_wconf 75' lang='lat' dir='ltr'><strong>Juvat</strong></span> <span class='ocrx_word' id='word_1_427' title='bbox 2985 1498 3037 1552; x_wconf 92' lang='lat' dir='ltr'><strong>id</strong></span> <span class='ocrx_word' id='word_1_428' title='bbox 3064 1504 3208 1568; x_wconf 85' lang='lat' dir='ltr'><strong>quod</strong></span> <span class='ocrx_word' id='word_1_429' title='bbox 3244 1503 3500 1572; x_wconf 78' lang='lat' dir='ltr'><strong>superius</strong></span> 
     </span>
    </p>
   </div>
   <div class='ocr_carea' id='block_1_60' title="bbox 1911 1576 3499 1664">
    <p class='ocr_par' dir='ltr' id='par_1_60' title="bbox 1911 1576 3499 1664">
     <span class='ocr_line' id='line_1_60' title="bbox 1911 1576 3499 1664; baseline 0.015 -32"><span class='ocrx_word' id='word_1_430' title='bbox 1911 1576 2194 1635; x_wconf 83' lang='lat' dir='ltr'><strong>observavi</strong></span> <span class='ocrx_word' id='word_1_431' title='bbox 2227 1597 2294 1637; x_wconf 78' lang='lat' dir='ltr'><strong>ex</strong></span> <span class='ocrx_word' id='word_1_432' title='bbox 2339 1583 2505 1639; x_wconf 88' lang='lat' dir='ltr'><strong>missa</strong></span> <span class='ocrx_word' id='word_1_433' title='bbox 2554 1586 2938 1656; x_wconf 83' lang='lat' dir='ltr'><strong>Ambrosiana,</strong></span> <span class='ocrx_word' id='word_1_434' title='bbox 2999 1593 3054 1647; x_wconf 92' lang='lat' dir='ltr'><strong>in</strong></span> <span class='ocrx_word' id='word_1_435' title='bbox 3100 1609 3203 1664; x_wconf 90' lang='lat' dir='ltr'><strong>qua</strong></span> <span class='ocrx_word' id='word_1_436' title='bbox 3235 1613 3255 1647; x_wconf 75' lang='grc' dir='ltr'><strong>ι</strong></span> <span class='ocrx_word' id='word_1_437' title='bbox 3293 1596 3499 1656; x_wconf 82' lang='lat' dir='ltr'><strong>oblatio</strong></span> 
     </span>
    </p>
   </div>
   <div class='ocr_carea' id='block_1_61' title="bbox 1837 1669 3490 1769">
    <p class='ocr_par' dir='ltr' id='par_1_61' title="bbox 1837 1669 3490 1769">
     <span class='ocr_line' id='line_1_61' title="bbox 1837 1669 3490 1769; baseline 0.013 -49"><span class='ocrx_word' id='word_1_438' title='bbox 1837 1709 1880 1769; x_wconf 69' lang='grc' dir='ltr'><strong>Β</strong></span> <span class='ocrx_word' id='word_1_439' title='bbox 1910 1669 2068 1736; x_wconf 88' lang='lat' dir='ltr'><strong>panis</strong></span> <span class='ocrx_word' id='word_1_440' title='bbox 2111 1672 2285 1741; x_wconf 82' lang='lat' dir='ltr'><strong>azymi</strong></span> <span class='ocrx_word' id='word_1_441' title='bbox 2346 1689 2467 1728; x_wconf 92' lang='lat' dir='ltr'><strong>cum</strong></span> <span class='ocrx_word' id='word_1_442' title='bbox 2512 1684 2709 1746; x_wconf 90' lang='lat' dir='ltr'><strong>patena</strong></span> <span class='ocrx_word' id='word_1_443' title='bbox 2758 1678 3008 1736; x_wconf 88' lang='lat' dir='ltr'><strong>facienda</strong></span> <span class='ocrx_word' id='word_1_444' title='bbox 3038 1686 3440 1753; x_wconf 65' lang='lat' dir='ltr'><strong>praescribitur.</strong></span> <span class='ocrx_word' id='word_1_445' title='bbox 3470 1706 3490 1741; x_wconf 82' lang='grc' dir='ltr'><strong>ι</strong></span> 
     </span>
    </p>
   </div>
   <div class='ocr_carea' id='block_1_62' title="bbox 1911 1756 3494 1848">
    <p class='ocr_par' dir='ltr' id='par_1_62' title="bbox 1911 1756 3494 1848">
     <span class='ocr_line' id='line_1_62' title="bbox 1911 1756 3494 1848; baseline 0.015 -38"><span class='ocrx_word' id='word_1_446' title='bbox 1911 1756 2179 1815; x_wconf 82' lang='lat' dir='ltr'><strong>Pamelias</strong></span> <span class='ocrx_word' id='word_1_447' title='bbox 2206 1761 2403 1832; x_wconf 90' lang='lat' dir='ltr'><strong>quippe</strong></span> <span class='ocrx_word' id='word_1_448' title='bbox 2429 1764 2544 1820; x_wconf 83' lang='lat' dir='ltr'><strong>haec</strong></span> <span class='ocrx_word' id='word_1_449' title='bbox 2571 1768 2735 1824; x_wconf 86' lang='lat' dir='ltr'><strong>verba</strong></span> <span class='ocrx_word' id='word_1_450' title='bbox 2772 1769 2904 1841; x_wconf 82' lang='lat' dir='ltr'><strong>legit</strong></span> <span class='ocrx_word' id='word_1_451' title='bbox 2925 1771 2978 1826; x_wconf 93' lang='lat' dir='ltr'><strong>in</strong></span> <span class='ocrx_word' id='word_1_452' title='bbox 3023 1775 3212 1832; x_wconf 88' lang='lat' dir='ltr'><strong>codice</strong></span> <span class='ocrx_word' id='word_1_453' title='bbox 3251 1791 3354 1831; x_wconf 91' lang='lat' dir='ltr'><strong>ms.</strong></span> <span class='ocrx_word' id='word_1_454' title='bbox 3385 1793 3494 1848; x_wconf 88' lang='lat' dir='ltr'><strong>quo</strong></span> 
     </span>
    </p>
   </div>
   <div class='ocr_carea' id='block_1_63' title="bbox 1906 1851 3496 1939">
    <p class='ocr_par' dir='ltr' id='par_1_63' title="bbox 1906 1851 3496 1939">
     <span class='ocr_line' id='line_1_63' title="bbox 1906 1851 3496 1939; baseline 0.016 -39"><span class='ocrx_word' id='word_1_455' title='bbox 1906 1863 2039 1924; x_wconf 84' lang='lat' dir='ltr'><strong>usus</strong></span> <span class='ocrx_word' id='word_1_456' title='bbox 2090 1859 2177 1904; x_wconf 89' lang='lat' dir='ltr'><strong>est</strong></span> <span class='ocrx_word' id='word_1_457' title='bbox 2228 1851 2281 1905; x_wconf 92' lang='lat' dir='ltr'><strong>in</strong></span> <span class='ocrx_word' id='word_1_458' title='bbox 2308 1853 2546 1909; x_wconf 91' lang='lat' dir='ltr'><strong>editione</strong></span> <span class='ocrx_word' id='word_1_459' title='bbox 2589 1856 2749 1915; x_wconf 89' lang='lat' dir='ltr'><strong>istius</strong></span> <span class='ocrx_word' id='word_1_460' title='bbox 2788 1859 2985 1929; x_wconf 67' lang='lat' dir='ltr'><strong>Missa),</strong></span> <span class='ocrx_word' id='word_1_461' title='bbox 3010 1879 3131 1933; x_wconf 74' lang='lat' dir='ltr'><strong>qua:</strong></span> <span class='ocrx_word' id='word_1_462' title='bbox 3161 1867 3228 1921; x_wconf 86' lang='lat' dir='ltr'><strong>ab</strong></span> <span class='ocrx_word' id='word_1_463' title='bbox 3254 1870 3496 1939; x_wconf 85' lang='lat' dir='ltr'><strong>antiquis</strong></span> 
     </span>
    </p>
   </div>
   <div class='ocr_carea' id='block_1_64' title="bbox 1903 1938 3492 2015">
    <p class='ocr_par' dir='ltr' id='par_1_64' title="bbox 1903 1938 3492 2015">
     <span class='ocr_line' id='line_1_64' title="bbox 1903 1938 3492 2015; baseline 0.014 -23"><span class='ocrx_word' id='word_1_464' title='bbox 1903 1938 2194 1996; x_wconf 78' lang='lat' dir='ltr'><strong>Ambrosio</strong></span> <span class='ocrx_word' id='word_1_465' title='bbox 2246 1943 2538 2013; x_wconf 88' lang='lat' dir='ltr'><strong>tribuitur;</strong></span> <span class='ocrx_word' id='word_1_466' title='bbox 2591 1964 2691 2004; x_wconf 91' lang='lat' dir='ltr'><strong>nec</strong></span> <span class='ocrx_word' id='word_1_467' title='bbox 2747 1949 2905 2006; x_wconf 80' lang='lat' dir='ltr'><strong>facile</strong></span> <span class='ocrx_word' id='word_1_468' title='bbox 2957 1955 3282 2012; x_wconf 87' lang='lat' dir='ltr'><strong>crediderim</strong></span> <span class='ocrx_word' id='word_1_469' title='bbox 3337 1938 3492 2015; x_wconf 89' lang='lat' dir='ltr'><strong>men-</strong></span> 
     </span>
    </p>
   </div>
   <div class='ocr_carea' id='block_1_65' title="bbox 1905 2030 3496 2117">
    <p class='ocr_par' dir='ltr' id='par_1_65' title="bbox 1905 2030 3496 2117">
     <span class='ocr_line' id='line_1_65' title="bbox 1905 2030 3496 2117; baseline 0.013 -33"><span class='ocrx_word' id='word_1_470' title='bbox 1905 2030 2108 2086; x_wconf 83' lang='lat' dir='ltr'><strong>tionem</strong></span> <span class='ocrx_word' id='word_1_471' title='bbox 2146 2036 2322 2105; x_wconf 69' lang='lat' dir='ltr'><strong>azyini</strong></span> <span class='ocrx_word' id='word_1_472' title='bbox 2355 2051 2385 2089; x_wconf 93' lang='lat' dir='ltr'><strong>a</strong></span> <span class='ocrx_word' id='word_1_473' title='bbox 2417 2040 2810 2096; x_wconf 82' lang='lat' dir='ltr'><strong>recentioribus</strong></span> <span class='ocrx_word' id='word_1_474' title='bbox 2853 2044 3148 2115; x_wconf 86' lang='lat' dir='ltr'><strong>adjectam,</strong></span> <span class='ocrx_word' id='word_1_475' title='bbox 3180 2049 3376 2117; x_wconf 87' lang='lat' dir='ltr'><strong>quibus</strong></span> <span class='ocrx_word' id='word_1_476' title='bbox 3399 2052 3496 2104; x_wconf 87' lang='lat' dir='ltr'><strong>du-</strong></span> 
     </span>
    </p>
   </div>
   <div class='ocr_carea' id='block_1_66' title="bbox 1902 2123 3436 2218">
    <p class='ocr_par' dir='ltr' id='par_1_66' title="bbox 1902 2123 3436 2218">
     <span class='ocr_line' id='line_1_66' title="bbox 1902 2123 3436 2218; baseline 0.013 -39"><span class='ocrx_word' id='word_1_477' title='bbox 1902 2123 2095 2179; x_wconf 88' lang='lat' dir='ltr'><strong>bitatio</strong></span> <span class='ocrx_word' id='word_1_478' title='bbox 2131 2128 2196 2182; x_wconf 91' lang='lat' dir='ltr'><strong>de</strong></span> <span class='ocrx_word' id='word_1_479' title='bbox 2224 2127 2498 2186; x_wconf 74' lang='lat' dir='ltr'><strong>offerendo</strong></span> <span class='ocrx_word' id='word_1_480' title='bbox 2528 2149 2718 2205; x_wconf 83' lang='lat' dir='ltr'><strong>azymo</strong></span> <span class='ocrx_word' id='word_1_481' title='bbox 2743 2137 2886 2192; x_wconf 89' lang='lat' dir='ltr'><strong>nulla</strong></span> <span class='ocrx_word' id='word_1_482' title='bbox 2919 2140 3155 2196; x_wconf 88' lang='lat' dir='ltr'><strong>suboriri</strong></span> <span class='ocrx_word' id='word_1_483' title='bbox 3183 2155 3436 2218; x_wconf 80' lang='lat' dir='ltr'><strong>poterat.</strong></span> 
     </span>
    </p>
   </div>
   <div class='ocr_carea' id='block_1_67' title="bbox 1972 2236 3528 2324">
    <p class='ocr_par' dir='ltr' id='par_1_67' title="bbox 1972 2236 3528 2324">
     <span class='ocr_line' id='line_1_67' title="bbox 1972 2236 3528 2324; baseline 0.015 -31"><span class='ocrx_word' id='word_1_484' title='bbox 1972 2236 2196 2311; x_wconf 87' lang='lat' dir='ltr'><strong>Insuper</strong></span> <span class='ocrx_word' id='word_1_485' title='bbox 2226 2253 2549 2324; x_wconf 84' lang='lat' dir='ltr'><strong>argumenta</strong></span> <span class='ocrx_word' id='word_1_486' title='bbox 2595 2262 2716 2318; x_wconf 68' lang='lat' dir='ltr'><strong>qua)</strong></span> <span class='ocrx_word' id='word_1_487' title='bbox 2749 2249 2974 2306; x_wconf 85' lang='lat' dir='ltr'><strong>inferius</strong></span> <span class='ocrx_word' id='word_1_488' title='bbox 3022 2269 3120 2324; x_wconf 90' lang='lat' dir='ltr'><strong>pro</strong></span> <span class='ocrx_word' id='word_1_489' title='bbox 3163 2238 3528 2315; x_wconf 29' lang='lat' dir='ltr'><strong>stabiliendo-</strong></span> 
     </span>
    </p>
   </div>
   <div class='ocr_carea' id='block_1_68' title="bbox 1901 2322 3490 2407">
    <p class='ocr_par' dir='ltr' id='par_1_68' title="bbox 1901 2322 3490 2407">
     <span class='ocr_line' id='line_1_68' title="bbox 1901 2322 3490 2407; baseline 0.014 -23"><span class='ocrx_word' id='word_1_490' title='bbox 1901 2345 2216 2404; x_wconf 82' lang='lat' dir='ltr'><strong>azymorum</strong></span> <span class='ocrx_word' id='word_1_491' title='bbox 2260 2322 2535 2392; x_wconf 61' lang='lat' dir='ltr'><strong>comtnu&#39;ni</strong></span> <span class='ocrx_word' id='word_1_492' title='bbox 2571 2355 2670 2394; x_wconf 87' lang='lat' dir='ltr'><strong>usu</strong></span> <span class='ocrx_word' id='word_1_493' title='bbox 2728 2351 2856 2397; x_wconf 87' lang='lat' dir='ltr'><strong>ante</strong></span> <span class='ocrx_word' id='word_1_494' title='bbox 2886 2345 3120 2399; x_wconf 90' lang='lat' dir='ltr'><strong>schisma</strong></span> <span class='ocrx_word' id='word_1_495' title='bbox 3163 2346 3490 2407; x_wconf 86' lang='lat' dir='ltr'><strong>Photianum</strong></span> 
     </span>
    </p>
   </div>
   <div class='ocr_carea' id='block_1_69' title="bbox 1901 2422 3490 2510">
    <p class='ocr_par' dir='ltr' id='par_1_69' title="bbox 1901 2422 3490 2510">
     <span class='ocr_line' id='line_1_69' title="bbox 1901 2422 3490 2510; baseline 0.011 -32"><span class='ocrx_word' id='word_1_496' title='bbox 1901 2422 2260 2492; x_wconf 75' lang='lat' dir='ltr'><strong>adducentur,</strong></span> <span class='ocrx_word' id='word_1_497' title='bbox 2290 2427 2395 2482; x_wconf 91' lang='lat' dir='ltr'><strong>huc</strong></span> <span class='ocrx_word' id='word_1_498' title='bbox 2419 2440 2726 2486; x_wconf 88' lang='lat' dir='ltr'><strong>recurrant.</strong></span> <span class='ocrx_word' id='word_1_499' title='bbox 2759 2433 2862 2500; x_wconf 88' lang='lat' dir='ltr'><strong>Qui</strong></span> <span class='ocrx_word' id='word_1_500' title='bbox 2899 2437 3044 2490; x_wconf 90' lang='lat' dir='ltr'><strong>enim</strong></span> <span class='ocrx_word' id='word_1_501' title='bbox 3082 2453 3332 2509; x_wconf 86' lang='lat' dir='ltr'><strong>azymam</strong></span> <span class='ocrx_word' id='word_1_502' title='bbox 3362 2457 3490 2510; x_wconf 81' lang='lat' dir='ltr'><strong>prn-</strong></span> 
     </span>
    </p>
   </div>
   <div class='ocr_carea' id='block_1_70' title="bbox 1899 2512 3488 2605">
    <p class='ocr_par' dir='ltr' id='par_1_70' title="bbox 1899 2512 3488 2605">
     <span class='ocr_line' id='line_1_70' title="bbox 1899 2512 3488 2605; baseline 0.013 -36"><span class='ocrx_word' id='word_1_503' title='bbox 1899 2512 2032 2569; x_wconf 82' lang='lat' dir='ltr'><strong>bant</strong></span> <span class='ocrx_word' id='word_1_504' title='bbox 2063 2523 2312 2572; x_wconf 90' lang='lat' dir='ltr'><strong>auctores</strong></span> <span class='ocrx_word' id='word_1_505' title='bbox 2361 2519 2458 2586; x_wconf 89' lang='lat' dir='ltr'><strong>illi,</strong></span> <span class='ocrx_word' id='word_1_506' title='bbox 2503 2521 2557 2576; x_wconf 90' lang='lat' dir='ltr'><strong>id</strong></span> <span class='ocrx_word' id='word_1_507' title='bbox 2591 2533 2717 2578; x_wconf 89' lang='lat' dir='ltr'><strong>ante</strong></span> <span class='ocrx_word' id='word_1_508' title='bbox 2757 2541 2976 2605; x_wconf 83' lang='lat' dir='ltr'><strong>omnem</strong></span> <span class='ocrx_word' id='word_1_509' title='bbox 3012 2532 3331 2588; x_wconf 87' lang='lat' dir='ltr'><strong>memoriam</strong></span> <span class='ocrx_word' id='word_1_510' title='bbox 3374 2536 3488 2588; x_wconf 81' lang='lat' dir='ltr'><strong>usi-</strong></span> 
     </span>
    </p>
   </div>
   <div class='ocr_carea' id='block_1_71' title="bbox 1902 2608 2412 2664">
    <p class='ocr_par' dir='ltr' id='par_1_71' title="bbox 1902 2608 2412 2664">
     <span class='ocr_line' id='line_1_71' title="bbox 1902 2608 2412 2664; baseline 0.014 -7"><span class='ocrx_word' id='word_1_511' title='bbox 1902 2612 2073 2660; x_wconf 90' lang='lat' dir='ltr'><strong>tatum</strong></span> <span class='ocrx_word' id='word_1_512' title='bbox 2100 2608 2412 2664; x_wconf 88' lang='lat' dir='ltr'><strong>ostendunt.</strong></span> 
     </span>
    </p>
   </div>
   <div class='ocr_carea' id='block_1_72' title="bbox 2498 2749 2898 2808">
    <p class='ocr_par' dir='ltr' id='par_1_72' title="bbox 2498 2749 2898 2808">
     <span class='ocr_line' id='line_1_72' title="bbox 2498 2749 2898 2808; baseline 0.003 -3"><span class='ocrx_word' id='word_1_513' title='bbox 2498 2749 2726 2808; x_wconf 75' lang='lat' dir='ltr'><strong>CAPUT</strong></span> <span class='ocrx_word' id='word_1_514' title='bbox 2771 2751 2898 2806; x_wconf 79' lang='lat' dir='ltr'><strong>Vlll.</strong></span> 
     </span>
    </p>
   </div>
   <div class='ocr_carea' id='block_1_73' title="bbox 1899 2859 3486 2938">
    <p class='ocr_par' dir='ltr' id='par_1_73' title="bbox 1899 2859 3486 2938">
     <span class='ocr_line' id='line_1_73' title="bbox 1899 2859 3486 2938; baseline 0.011 -26"><span class='ocrx_word' id='word_1_515' title='bbox 1899 2859 2034 2938; x_wconf 65' lang='lat' dir='ltr'><strong>Alia;</strong></span> <span class='ocrx_word' id='word_1_516' title='bbox 2050 2862 2385 2938; x_wconf 73' lang='lat' dir='ltr'><strong>probationes</strong></span> <span class='ocrx_word' id='word_1_517' title='bbox 2404 2881 2468 2918; x_wconf 70' lang='lat' dir='ltr'><strong>ex.</strong></span> <span class='ocrx_word' id='word_1_518' title='bbox 2484 2865 2654 2935; x_wconf 79' lang='lat' dir='ltr'><strong>[anna</strong></span> <span class='ocrx_word' id='word_1_519' title='bbox 2677 2876 2726 2920; x_wconf 78' lang='lat' dir='ltr'><strong>et</strong></span> <span class='ocrx_word' id='word_1_520' title='bbox 2753 2869 3142 2925; x_wconf 70' lang='lat' dir='ltr'><strong>condiiiom‘bus</strong></span> <span class='ocrx_word' id='word_1_521' title='bbox 3161 2872 3486 2938; x_wconf 77' lang='lat' dir='ltr'><strong>hostiarum,</strong></span> 
     </span>
    </p>
   </div>
   <div class='ocr_carea' id='block_1_74' title="bbox 1971 2932 3482 3002">
    <p class='ocr_par' dir='ltr' id='par_1_74' title="bbox 1971 2932 3482 3002">
     <span class='ocr_line' id='line_1_74' title="bbox 1971 2932 3482 3002; baseline 0.011 -18"><span class='ocrx_word' id='word_1_522' title='bbox 1971 2932 2059 3002; x_wconf 48' lang='lat' dir='ltr'><strong>tibi</strong></span> <span class='ocrx_word' id='word_1_523' title='bbox 2084 2933 2418 3001; x_wconf 77' lang='lat' dir='ltr'><strong>explicantur</strong></span> <span class='ocrx_word' id='word_1_524' title='bbox 2447 2932 2668 2990; x_wconf 80' lang='lat' dir='ltr'><strong>canones</strong></span> <span class='ocrx_word' id='word_1_525' title='bbox 2697 2939 2826 3002; x_wconf 83' lang='lat' dir='ltr'><strong>duo,</strong></span> <span class='ocrx_word' id='word_1_526' title='bbox 2855 2956 2990 2994; x_wconf 83' lang='lat' dir='ltr'><strong>unus</strong></span> <span class='ocrx_word' id='word_1_527' title='bbox 3021 2944 3234 2997; x_wconf 85' lang='lat' dir='ltr'><strong>concilii</strong></span> <span class='ocrx_word' id='word_1_528' title='bbox 3263 2932 3482 3000; x_wconf 76' lang='lat' dir='ltr'><strong>secundi</strong></span> 
     </span>
    </p>
   </div>
   <div class='ocr_carea' id='block_1_75' title="bbox 1947 3000 2910 3071">
    <p class='ocr_par' dir='ltr' id='par_1_75' title="bbox 1947 3000 2910 3071">
     <span class='ocr_line' id='line_1_75' title="bbox 1947 3000 2910 3071; baseline 0.008 -15"><span class='ocrx_word' id='word_1_529' title='bbox 1947 3000 2314 3071; x_wconf 67' lang='lat' dir='ltr'><strong>Turonensis,</strong></span> <span class='ocrx_word' id='word_1_530' title='bbox 2356 3006 2490 3059; x_wconf 82' lang='lat' dir='ltr'><strong>alter</strong></span> <span class='ocrx_word' id='word_1_531' title='bbox 2534 3006 2774 3063; x_wconf 79' lang='lat' dir='ltr'><strong>Toletani</strong></span> <span class='ocrx_word' id='word_1_532' title='bbox 2798 3000 2910 3064; x_wconf 72' lang='lat' dir='ltr'><strong>m.</strong></span> 
     </span>
    </p>
   </div>
   <div class='ocr_carea' id='block_1_76' title="bbox 1969 3137 3485 3206">
    <p class='ocr_par' dir='ltr' id='par_1_76' title="bbox 1969 3137 3485 3206">
     <span class='ocr_line' id='line_1_76' title="bbox 1969 3137 3485 3206; baseline 0.009 -13"><span class='ocrx_word' id='word_1_533' title='bbox 1969 3137 2194 3194; x_wconf 85' lang='lat' dir='ltr'><strong>Oblatas</strong></span> <span class='ocrx_word' id='word_1_534' title='bbox 2217 3155 2311 3194; x_wconf 83' lang='lat' dir='ltr'><strong>seu</strong></span> <span class='ocrx_word' id='word_1_535' title='bbox 2327 3140 2530 3198; x_wconf 87' lang='lat' dir='ltr'><strong>hostias</strong></span> <span class='ocrx_word' id='word_1_536' title='bbox 2553 3143 2793 3200; x_wconf 86' lang='lat' dir='ltr'><strong>minutas</strong></span> <span class='ocrx_word' id='word_1_537' title='bbox 2823 3162 2884 3202; x_wconf 88' lang='lat' dir='ltr'><strong>ac</strong></span> <span class='ocrx_word' id='word_1_538' title='bbox 2908 3155 3095 3204; x_wconf 89' lang='lat' dir='ltr'><strong>tenues</strong></span> <span class='ocrx_word' id='word_1_539' title='bbox 3119 3149 3317 3205; x_wconf 84' lang='lat' dir='ltr'><strong>saeculo</strong></span> <span class='ocrx_word' id='word_1_540' title='bbox 3340 3157 3485 3206; x_wconf 86' lang='lat' dir='ltr'><strong>n&#39;ono</strong></span> 
     </span>
    </p>
   </div>
   <div class='ocr_carea' id='block_1_77' title="bbox 1901 3229 3528 3314">
    <p class='ocr_par' dir='ltr' id='par_1_77' title="bbox 1901 3229 3528 3314">
     <span class='ocr_line' id='line_1_77' title="bbox 1901 3229 3528 3314; baseline 0.01 -30"><span class='ocrx_word' id='word_1_541' title='bbox 1901 3229 2085 3297; x_wconf 89' lang='lat' dir='ltr'><strong>fuisse,</strong></span> <span class='ocrx_word' id='word_1_542' title='bbox 2122 3233 2308 3301; x_wconf 90' lang='lat' dir='ltr'><strong>quales</strong></span> <span class='ocrx_word' id='word_1_543' title='bbox 2347 3234 2461 3290; x_wconf 88' lang='lat' dir='ltr'><strong>fere</strong></span> <span class='ocrx_word' id='word_1_544' title='bbox 2503 3239 2662 3294; x_wconf 93' lang='lat' dir='ltr'><strong>modo</strong></span> <span class='ocrx_word' id='word_1_545' title='bbox 2705 3240 3044 3310; x_wconf 89' lang='lat' dir='ltr'><strong>adhibemus,</strong></span> <span class='ocrx_word' id='word_1_546' title='bbox 3076 3244 3200 3298; x_wconf 90' lang='lat' dir='ltr'><strong>hinc</strong></span> <span class='ocrx_word' id='word_1_547' title='bbox 3228 3255 3400 3314; x_wconf 90' lang='lat' dir='ltr'><strong>patet,</strong></span> <span class='ocrx_word' id='word_1_548' title='bbox 3429 3249 3488 3302; x_wconf 86' lang='lat' dir='ltr'><strong>et</strong></span> <span class='ocrx_word' id='word_1_549' title='bbox 3523 3244 3528 3250; x_wconf 71' lang='grc'><strong><em>“</em></strong></span> 
     </span>
    </p>
   </div>
   <div class='ocr_carea' id='block_1_78' title="bbox 1898 3327 3481 3404">
    <p class='ocr_par' dir='ltr' id='par_1_78' title="bbox 1898 3327 3481 3404">
     <span class='ocr_line' id='line_1_78' title="bbox 1898 3327 3481 3404; baseline 0.011 -26"><span class='ocrx_word' id='word_1_550' title='bbox 1898 3327 2040 3394; x_wconf 88' lang='lat' dir='ltr'><strong>quod</strong></span> <span class='ocrx_word' id='word_1_551' title='bbox 2079 3327 2266 3381; x_wconf 74' lang='lat' dir='ltr'><strong>rotula:</strong></span> <span class='ocrx_word' id='word_1_552' title='bbox 2305 3329 2644 3400; x_wconf 84' lang='lat' dir='ltr'><strong>appellantur</strong></span> <span class='ocrx_word' id='word_1_553' title='bbox 2700 3335 2841 3404; x_wconf 89' lang='lat' dir='ltr'><strong>apud</strong></span> <span class='ocrx_word' id='word_1_554' title='bbox 2883 3335 3094 3392; x_wconf 77' lang='lat' dir='ltr'><strong>Isonem</strong></span> <span class='ocrx_word' id='word_1_555' title='bbox 3155 3341 3481 3394; x_wconf 91' lang='lat' dir='ltr'><strong>monachum</strong></span> 
     </span>
    </p>
   </div>
   <div class='ocr_carea' id='block_1_79' title="bbox 1897 3414 3529 3492">
    <p class='ocr_par' dir='ltr' id='par_1_79' title="bbox 1897 3414 3529 3492">
     <span class='ocr_line' id='line_1_79' title="bbox 1897 3414 3529 3492; baseline 0.012 -22"><span class='ocrx_word' id='word_1_556' title='bbox 1897 3414 2460 3485; x_wconf 86' lang='lat' dir='ltr'><strong>Sancti-Gallensem,</strong></span> <span class='ocrx_word' id='word_1_557' title='bbox 2495 3432 2548 3477; x_wconf 91' lang='lat' dir='ltr'><strong>et</strong></span> <span class='ocrx_word' id='word_1_558' title='bbox 2585 3427 2727 3492; x_wconf 90' lang='lat' dir='ltr'><strong>quod</strong></span> <span class='ocrx_word' id='word_1_559' title='bbox 2771 3426 2913 3482; x_wconf 86' lang='lat' dir='ltr'><strong>intra</strong></span> <span class='ocrx_word' id='word_1_560' title='bbox 2947 3427 3152 3486; x_wconf 86' lang='lat' dir='ltr'><strong>ferrum</strong></span> <span class='ocrx_word' id='word_1_561' title='bbox 3188 3433 3478 3488; x_wconf 90' lang='lat' dir='ltr'><strong>characte-</strong></span> <span class='ocrx_word' id='word_1_562' title='bbox 3521 3429 3529 3436; x_wconf 79' lang='grc'><em>’</em></span> 
     </span>
    </p>
   </div>
   <div class='ocr_carea' id='block_1_80' title="bbox 1897 3511 3483 3591">
    <p class='ocr_par' dir='ltr' id='par_1_80' title="bbox 1897 3511 3483 3591">
     <span class='ocr_line' id='line_1_80' title="bbox 1897 3511 3483 3591; baseline 0.012 -32"><span class='ocrx_word' id='word_1_563' title='bbox 1897 3515 2075 3561; x_wconf 89' lang='lat' dir='ltr'><strong>ratum</strong></span> <span class='ocrx_word' id='word_1_564' title='bbox 2131 3511 2584 3568; x_wconf 87' lang='lat' dir='ltr'><strong>conficiebantur.</strong></span> <span class='ocrx_word' id='word_1_565' title='bbox 2645 3513 2884 3572; x_wconf 85' lang='lat' dir='ltr'><strong>Medicas</strong></span> <span class='ocrx_word' id='word_1_566' title='bbox 2936 3534 3066 3574; x_wconf 88' lang='lat' dir='ltr'><strong>vero</strong></span> <span class='ocrx_word' id='word_1_567' title='bbox 3120 3530 3282 3591; x_wconf 89' lang='lat' dir='ltr'><strong>atque</strong></span> <span class='ocrx_word' id='word_1_568' title='bbox 3311 3522 3483 3578; x_wconf 75' lang='lat' dir='ltr'><strong>exiles</strong></span> 
     </span>
    </p>
   </div>
   <div class='ocr_carea' id='block_1_81' title="bbox 1893 3596 3481 3681">
    <p class='ocr_par' dir='ltr' id='par_1_81' title="bbox 1893 3596 3481 3681">
     <span class='ocr_line' id='line_1_81' title="bbox 1893 3596 3481 3681; baseline 0.013 -30"><span class='ocrx_word' id='word_1_569' title='bbox 1893 3596 2051 3670; x_wconf 87' lang='lat' dir='ltr'><strong>longe</strong></span> <span class='ocrx_word' id='word_1_570' title='bbox 2089 3611 2214 3655; x_wconf 90' lang='lat' dir='ltr'><strong>ante</strong></span> <span class='ocrx_word' id='word_1_571' title='bbox 2237 3602 2378 3659; x_wconf 91' lang='lat' dir='ltr'><strong>istud</strong></span> <span class='ocrx_word' id='word_1_572' title='bbox 2429 3613 2639 3676; x_wconf 89' lang='lat' dir='ltr'><strong>tempus</strong></span> <span class='ocrx_word' id='word_1_573' title='bbox 2667 3605 2834 3664; x_wconf 91' lang='lat' dir='ltr'><strong>fuisse</strong></span> <span class='ocrx_word' id='word_1_574' title='bbox 2869 3610 3066 3681; x_wconf 88' lang='lat' dir='ltr'><strong>colligo</strong></span> <span class='ocrx_word' id='word_1_575' title='bbox 3105 3623 3216 3667; x_wconf 89' lang='lat' dir='ltr'><strong>tum</strong></span> <span class='ocrx_word' id='word_1_576' title='bbox 3254 3631 3320 3669; x_wconf 82' lang='lat' dir='ltr'><strong>ex</strong></span> <span class='ocrx_word' id='word_1_577' title='bbox 3343 3630 3481 3670; x_wconf 89' lang='lat' dir='ltr'><strong>con--</strong></span> 
     </span>
    </p>
   </div>
   <div class='ocr_carea' id='block_1_82' title="bbox 1894 3693 3483 3776">
    <p class='ocr_par' dir='ltr' id='par_1_82' title="bbox 1894 3693 3483 3776">
     <span class='ocr_line' id='line_1_82' title="bbox 1894 3693 3483 3776; baseline 0.01 -30"><span class='ocrx_word' id='word_1_578' title='bbox 1894 3693 2017 3748; x_wconf 89' lang='lat' dir='ltr'><strong>cilio</strong></span> <span class='ocrx_word' id='word_1_579' title='bbox 2055 3695 2316 3752; x_wconf 86' lang='lat' dir='ltr'><strong>Toletano</strong></span> <span class='ocrx_word' id='word_1_580' title='bbox 2368 3713 2501 3765; x_wconf 75' lang='lat' dir='ltr'><strong>XVI,</strong></span> <span class='ocrx_word' id='word_1_581' title='bbox 2547 3709 2658 3754; x_wconf 92' lang='lat' dir='ltr'><strong>tam</strong></span> <span class='ocrx_word' id='word_1_582' title='bbox 2690 3716 2758 3756; x_wconf 81' lang='lat' dir='ltr'><strong>ex</strong></span> <span class='ocrx_word' id='word_1_583' title='bbox 2797 3703 2982 3774; x_wconf 87' lang='lat' dir='ltr'><strong>figuris</strong></span> <span class='ocrx_word' id='word_1_584' title='bbox 3010 3705 3311 3771; x_wconf 85' lang='lat' dir='ltr'><strong>nonnullis,</strong></span> <span class='ocrx_word' id='word_1_585' title='bbox 3361 3723 3483 3776; x_wconf 75' lang='lat' dir='ltr'><strong>qua:</strong></span> 
     </span>
    </p>
   </div>
   <div class='ocr_carea' id='block_1_83' title="bbox 1893 3778 3471 3866">
    <p class='ocr_par' dir='ltr' id='par_1_83' title="bbox 1893 3778 3471 3866">
     <span class='ocr_line' id='line_1_83' title="bbox 1893 3778 3471 3866; baseline 0.011 -28"><span class='ocrx_word' id='word_1_586' title='bbox 1893 3778 1948 3839; x_wconf 86' lang='lat' dir='ltr'><strong>in</strong></span> <span class='ocrx_word' id='word_1_587' title='bbox 1979 3786 2216 3856; x_wconf 89' lang='lat' dir='ltr'><strong>antiquis</strong></span> <span class='ocrx_word' id='word_1_588' title='bbox 2254 3791 2671 3848; x_wconf 84' lang='lat' dir='ltr'><strong>numismatibus</strong></span> <span class='ocrx_word' id='word_1_589' title='bbox 2711 3794 2973 3851; x_wconf 85' lang='lat' dir='ltr'><strong>hactenus</strong></span> <span class='ocrx_word' id='word_1_590' title='bbox 2999 3808 3311 3866; x_wconf 86' lang='lat' dir='ltr'><strong>supersunt.</strong></span> <span class='ocrx_word' id='word_1_591' title='bbox 3335 3799 3471 3855; x_wconf 83' lang='lat' dir='ltr'><strong>Tres</strong></span> 
     </span>
    </p>
   </div>
   <div class='ocr_carea' id='block_1_84' title="bbox 1893 3876 3478 3959">
    <p class='ocr_par' dir='ltr' id='par_1_84' title="bbox 1893 3876 3478 3959">
     <span class='ocr_line' id='line_1_84' title="bbox 1893 3876 3478 3959; baseline 0.01 -30"><span class='ocrx_word' id='word_1_592' title='bbox 1893 3876 2050 3932; x_wconf 86' lang='lat' dir='ltr'><strong>nobis</strong></span> <span class='ocrx_word' id='word_1_593' title='bbox 2075 3878 2296 3933; x_wconf 77' lang='lat' dir='ltr'><strong>exhibet</strong></span> <span class='ocrx_word' id='word_1_594' title='bbox 2317 3879 2573 3937; x_wconf 89' lang='lat' dir='ltr'><strong>Claudias</strong></span> <span class='ocrx_word' id='word_1_595' title='bbox 2600 3881 2939 3951; x_wconf 85' lang='lat' dir='ltr'><strong>Boterovius,</strong></span> <span class='ocrx_word' id='word_1_596' title='bbox 2981 3887 3047 3940; x_wconf 88' lang='lat' dir='ltr'><strong>de</strong></span> <span class='ocrx_word' id='word_1_597' title='bbox 3083 3889 3358 3959; x_wconf 86' lang='lat' dir='ltr'><strong>republica</strong></span> <span class='ocrx_word' id='word_1_598' title='bbox 3383 3889 3478 3944; x_wconf 80' lang='lat' dir='ltr'><strong>lit-</strong></span> 
     </span>
    </p>
   </div>
   <div class='ocr_carea' id='block_1_85' title="bbox 1894 3970 3528 4040">
    <p class='ocr_par' dir='ltr' id='par_1_85' title="bbox 1894 3970 3528 4040">
     <span class='ocr_line' id='line_1_85' title="bbox 1894 3970 3528 4040; baseline 0.008 -18"><span class='ocrx_word' id='word_1_599' title='bbox 1894 3970 2093 4024; x_wconf 90' lang='lat' dir='ltr'><strong>teraria</strong></span> <span class='ocrx_word' id='word_1_600' title='bbox 2144 3972 2282 4026; x_wconf 87' lang='lat' dir='ltr'><strong>bene</strong></span> <span class='ocrx_word' id='word_1_601' title='bbox 2328 3973 2574 4040; x_wconf 87' lang='lat' dir='ltr'><strong>meritus,</strong></span> <span class='ocrx_word' id='word_1_602' title='bbox 2625 3975 2680 4029; x_wconf 92' lang='lat' dir='ltr'><strong>in</strong></span> <span class='ocrx_word' id='word_1_603' title='bbox 2717 3975 3063 4033; x_wconf 62' lang='lat' dir='ltr'><strong>’collectaneo</strong></span> <span class='ocrx_word' id='word_1_604' title='bbox 3091 3989 3337 4035; x_wconf 90' lang='lat' dir='ltr'><strong>veterum</strong></span> <span class='ocrx_word' id='word_1_605' title='bbox 3378 3997 3479 4035; x_wconf 80' lang='lat' dir='ltr'><strong>nu-</strong></span> <span class='ocrx_word' id='word_1_606' title='bbox 3519 3975 3528 3981; x_wconf 78' lang='grc'><em>’</em></span> 
     </span>
    </p>
   </div>
   <div class='ocr_carea' id='block_1_86' title="bbox 1892 4060 3478 4132">
    <p class='ocr_par' dir='ltr' id='par_1_86' title="bbox 1892 4060 3478 4132">
     <span class='ocr_line' id='line_1_86' title="bbox 1892 4060 3478 4132; baseline 0.008 -18"><span class='ocrx_word' id='word_1_607' title='bbox 1892 4060 2202 4116; x_wconf 85' lang='lat' dir='ltr'><strong>mismatum</strong></span> <span class='ocrx_word' id='word_1_608' title='bbox 2223 4061 2580 4131; x_wconf 87' lang='lat' dir='ltr'><strong>Francorum,</strong></span> <span class='ocrx_word' id='word_1_609' title='bbox 2600 4081 2790 4122; x_wconf 90' lang='lat' dir='ltr'><strong>omnes</strong></span> <span class='ocrx_word' id='word_1_610' title='bbox 2811 4066 3120 4132; x_wconf 83' lang='lat' dir='ltr'><strong>Chariberti</strong></span> <span class='ocrx_word' id='word_1_611' title='bbox 3147 4069 3478 4127; x_wconf 84' lang='lat' dir='ltr'><strong>Francorum</strong></span> 
     </span>
    </p>
   </div>
   <div class='ocr_carea' id='block_1_87' title="bbox 1890 4153 3530 4229">
    <p class='ocr_par' dir='ltr' id='par_1_87' title="bbox 1890 4153 3530 4229">
     <span class='ocr_line' id='line_1_87' title="bbox 1890 4153 3530 4229; baseline 0.01 -23"><span class='ocrx_word' id='word_1_612' title='bbox 1890 4153 2058 4224; x_wconf 85' lang='lat' dir='ltr'><strong>regis,</strong></span> <span class='ocrx_word' id='word_1_613' title='bbox 2100 4154 2192 4225; x_wconf 85' lang='lat' dir='ltr'><strong>qui</strong></span> <span class='ocrx_word' id='word_1_614' title='bbox 2252 4170 2484 4227; x_wconf 89' lang='lat' dir='ltr'><strong>regnare</strong></span> <span class='ocrx_word' id='word_1_615' title='bbox 2525 4159 2692 4229; x_wconf 61' lang='lat' dir='ltr'><strong>carpit</strong></span> <span class='ocrx_word' id='word_1_616' title='bbox 2733 4175 2877 4216; x_wconf 90' lang='lat' dir='ltr'><strong>anno</strong></span> <span class='ocrx_word' id='word_1_617' title='bbox 2913 4161 3011 4218; x_wconf 74' lang='lat'><strong>56!</strong></span> <span class='ocrx_word' id='word_1_618' title='bbox 3050 4164 3102 4220; x_wconf 93' lang='lat' dir='ltr'><strong>in</strong></span> <span class='ocrx_word' id='word_1_619' title='bbox 3131 4181 3303 4221; x_wconf 89' lang='lat' dir='ltr'><strong>annos</strong></span> <span class='ocrx_word' id='word_1_620' title='bbox 3345 4175 3474 4223; x_wconf 76' lang='lat' dir='ltr'><strong>&#39;sex.</strong></span> <span class='ocrx_word' id='word_1_621' title='bbox 3525 4180 3530 4186; x_wconf 84' lang='lat'><em>&#39;</em></span> 
     </span>
    </p>
   </div>
   <div class='ocr_carea' id='block_1_88' title="bbox 1889 4250 3476 4332">
    <p class='ocr_par' dir='ltr' id='par_1_88' title="bbox 1889 4250 3476 4332">
     <span class='ocr_line' id='line_1_88' title="bbox 1889 4250 3476 4332; baseline 0.006 -25"><span class='ocrx_word' id='word_1_622' title='bbox 1889 4250 2070 4307; x_wconf 83' lang='lat' dir='ltr'><strong>Prima</strong></span> <span class='ocrx_word' id='word_1_623' title='bbox 2095 4252 2265 4324; x_wconf 78' lang='lat' dir='ltr'><strong>figura</strong></span> <span class='ocrx_word' id='word_1_624' title='bbox 2306 4263 2490 4309; x_wconf 81' lang='lat' dir='ltr'><strong>exstat</strong></span> <span class='ocrx_word' id='word_1_625' title='bbox 2537 4256 2594 4310; x_wconf 90' lang='lat' dir='ltr'><strong>in</strong></span> <span class='ocrx_word' id='word_1_626' title='bbox 2625 4271 2746 4327; x_wconf 89' lang='lat' dir='ltr'><strong>pag.</strong></span> <span class='ocrx_word' id='word_1_627' title='bbox 2783 4257 2911 4326; x_wconf 70' lang='lat'><strong>247,</strong></span> <span class='ocrx_word' id='word_1_628' title='bbox 2941 4261 3032 4315; x_wconf 88' lang='lat' dir='ltr'><strong>ubi</strong></span> <span class='ocrx_word' id='word_1_629' title='bbox 3063 4261 3303 4332; x_wconf 88' lang='lat' dir='ltr'><strong>pingitur</strong></span> <span class='ocrx_word' id='word_1_630' title='bbox 3333 4262 3476 4318; x_wconf 77' lang='lat' dir='ltr'><strong>calix</strong></span> 
     </span>
    </p>
   </div>
   <div class='ocr_carea' id='block_1_89' title="bbox 1890 4342 3531 4424">
    <p class='ocr_par' dir='ltr' id='par_1_89' title="bbox 1890 4342 3531 4424">
     <span class='ocr_line' id='line_1_89' title="bbox 1890 4342 3531 4424; baseline 0.008 -30"><span class='ocrx_word' id='word_1_631' title='bbox 1890 4349 2117 4398; x_wconf 87' lang='lat' dir='ltr'><strong>ansatus</strong></span> <span class='ocrx_word' id='word_1_632' title='bbox 2167 4343 2219 4396; x_wconf 91' lang='lat' dir='ltr'><strong>in</strong></span> <span class='ocrx_word' id='word_1_633' title='bbox 2251 4342 2447 4399; x_wconf 72' lang='lat' dir='ltr'><strong>lanula:</strong></span> <span class='ocrx_word' id='word_1_634' title='bbox 2477 4359 2683 4401; x_wconf 90' lang='lat' dir='ltr'><strong>cornua</strong></span> <span class='ocrx_word' id='word_1_635' title='bbox 2717 4347 2826 4404; x_wconf 92' lang='lat' dir='ltr'><strong>duo</strong></span> <span class='ocrx_word' id='word_1_636' title='bbox 2865 4350 3130 4416; x_wconf 87' lang='lat' dir='ltr'><strong>eminens,</strong></span> <span class='ocrx_word' id='word_1_637' title='bbox 3163 4352 3213 4407; x_wconf 94' lang='lat' dir='ltr'><strong>in</strong></span> <span class='ocrx_word' id='word_1_638' title='bbox 3242 4369 3478 4424; x_wconf 87' lang='lat' dir='ltr'><strong>quorum</strong></span> <span class='ocrx_word' id='word_1_639' title='bbox 3526 4351 3531 4371; x_wconf 78' lang='grc'>²</span> 
     </span>
    </p>
   </div>
   <div class='ocr_carea' id='block_1_90' title="bbox 200 4423 1801 4516">
    <p class='ocr_par' dir='ltr' id='par_1_90' title="bbox 200 4426 1786 4514">
     <span class='ocr_line' id='line_1_90' title="bbox 200 4426 1786 4514; baseline 0.017 -36"><span class='ocrx_word' id='word_1_640' title='bbox 200 4426 478 4486; x_wconf 88' lang='lat' dir='ltr'><strong>doctorem</strong></span> <span class='ocrx_word' id='word_1_641' title='bbox 509 4435 588 4488; x_wconf 91' lang='lat' dir='ltr'><strong>uti</strong></span> <span class='ocrx_word' id='word_1_642' title='bbox 623 4437 886 4494; x_wconf 91' lang='lat' dir='ltr'><strong>vocabulo</strong></span> <span class='ocrx_word' id='word_1_643' title='bbox 916 4444 1200 4512; x_wconf 74' lang='lat' dir='ltr'><strong>conspersi,</strong></span> <span class='ocrx_word' id='word_1_644' title='bbox 1251 4460 1358 4514; x_wconf 90' lang='lat' dir='ltr'><strong>quo</strong></span> <span class='ocrx_word' id='word_1_645' title='bbox 1395 4463 1630 4505; x_wconf 88' lang='lat' dir='ltr'><strong>massam</strong></span> <span class='ocrx_word' id='word_1_646' title='bbox 1665 4449 1786 4506; x_wconf 89' lang='lat' dir='ltr'><strong>sine</strong></span> 
     </span>
    </p>
   </div>
   <div class='ocr_carea' id='block_1_91' title="bbox 1902 4423 3478 4516">
    <p class='ocr_par' dir='ltr' id='par_1_91' title="bbox 1902 4423 3478 4516">
     <span class='ocr_line' id='line_1_91' title="bbox 1902 4423 3478 4516; baseline 0.008 -30"><span class='ocrx_word' id='word_1_647' title='bbox 1902 4434 2072 4516; x_wconf 71' lang='lat' dir='ltr'><strong>medio</strong></span> <span class='ocrx_word' id='word_1_648' title='bbox 2100 4445 2328 4504; x_wconf 87' lang='lat' dir='ltr'><strong>apparet</strong></span> <span class='ocrx_word' id='word_1_649' title='bbox 2349 4437 2579 4506; x_wconf 80' lang='lat' dir='ltr'><strong>exiguus</strong></span> <span class='ocrx_word' id='word_1_650' title='bbox 2608 4439 2848 4496; x_wconf 89' lang='lat' dir='ltr'><strong>circulus</strong></span> <span class='ocrx_word' id='word_1_651' title='bbox 2895 4443 2964 4496; x_wconf 89' lang='lat' dir='ltr'><strong>ad</strong></span> <span class='ocrx_word' id='word_1_652' title='bbox 2999 4441 3233 4498; x_wconf 86' lang='lat' dir='ltr'><strong>hostiam</strong></span> <span class='ocrx_word' id='word_1_653' title='bbox 3262 4423 3346 4512; x_wconf 59' lang='lat' dir='ltr'><strong>tut</strong></span> <span class='ocrx_word' id='word_1_654' title='bbox 3372 4443 3478 4498; x_wconf 84' lang='lat' dir='ltr'><strong>Bo-</strong></span> 
     </span>
    </p>
   </div>
   <div class='ocr_carea' id='block_1_92' title="bbox 201 4517 1786 4609">
    <p class='ocr_par' dir='ltr' id='par_1_92' title="bbox 201 4517 1786 4609">
     <span class='ocr_line' id='line_1_92' title="bbox 201 4517 1786 4609; baseline 0.016 -38"><span class='ocrx_word' id='word_1_655' title='bbox 201 4517 456 4577; x_wconf 90' lang='lat' dir='ltr'><strong>fermenti</strong></span> <span class='ocrx_word' id='word_1_656' title='bbox 496 4524 819 4582; x_wconf 88' lang='lat' dir='ltr'><strong>admistione</strong></span> <span class='ocrx_word' id='word_1_657' title='bbox 843 4546 984 4601; x_wconf 89' lang='lat' dir='ltr'><strong>aqua</strong></span> <span class='ocrx_word' id='word_1_658' title='bbox 1021 4535 1450 4606; x_wconf 87' lang='lat' dir='ltr'><strong>conglutinatam</strong></span> <span class='ocrx_word' id='word_1_659' title='bbox 1492 4540 1786 4609; x_wconf 85' lang='lat' dir='ltr'><strong>significari</strong></span> 
     </span>
    </p>
   </div>
   <div class='ocr_carea' id='block_1_93' title="bbox 200 4616 1208 4698">
    <p class='ocr_par' dir='ltr' id='par_1_93' title="bbox 200 4616 1208 4698">
     <span class='ocr_line' id='line_1_93' title="bbox 200 4616 1208 4698; baseline 0.019 -36"><span class='ocrx_word' id='word_1_660' title='bbox 200 4620 437 4680; x_wconf 85' lang='lat' dir='ltr'><strong>constat,</strong></span> <span class='ocrx_word' id='word_1_661' title='bbox 468 4623 526 4669; x_wconf 93' lang='lat' dir='ltr'><strong>ut</strong></span> <span class='ocrx_word' id='word_1_662' title='bbox 554 4616 1208 4698; x_wconf 82' lang='lat' dir='ltr'><strong>inferiusdemonstrabo.</strong></span> 
     </span>
    </p>
   </div>
   <div class='ocr_carea' id='block_1_94' title="bbox 269 4722 1833 4817">
    <p class='ocr_par' dir='ltr' id='par_1_94' title="bbox 269 4722 1833 4817">
     <span class='ocr_line' id='line_1_94' title="bbox 269 4722 1833 4817; baseline 0.017 -40"><span class='ocrx_word' id='word_1_663' title='bbox 269 4722 472 4783; x_wconf 86' lang='lat' dir='ltr'><strong>Eodem</strong></span> <span class='ocrx_word' id='word_1_664' title='bbox 500 4729 659 4786; x_wconf 90' lang='lat' dir='ltr'><strong>modo</strong></span> <span class='ocrx_word' id='word_1_665' title='bbox 686 4732 776 4788; x_wconf 92' lang='lat' dir='ltr'><strong>alii</strong></span> <span class='ocrx_word' id='word_1_666' title='bbox 817 4731 1010 4792; x_wconf 87' lang='lat' dir='ltr'><strong>Patres</strong></span> <span class='ocrx_word' id='word_1_667' title='bbox 1051 4737 1351 4808; x_wconf 90' lang='lat' dir='ltr'><strong>loquuntur</strong></span> <span class='ocrx_word' id='word_1_668' title='bbox 1396 4743 1463 4797; x_wconf 91' lang='lat' dir='ltr'><strong>de</strong></span> <span class='ocrx_word' id='word_1_669' title='bbox 1511 4747 1782 4817; x_wconf 80' lang='lat' dir='ltr'><strong>composi-</strong></span> <span class='ocrx_word' id='word_1_670' title='bbox 1831 4793 1833 4795; x_wconf 90' lang='lat'><strong>.</strong></span> 
     </span>
    </p>
   </div>
   <div class='ocr_carea' id='block_1_95' title="bbox 197 4814 1784 4898">
    <p class='ocr_par' dir='ltr' id='par_1_95' title="bbox 197 4814 1784 4898">
     <span class='ocr_line' id='line_1_95' title="bbox 197 4814 1784 4898; baseline 0.016 -31"><span class='ocrx_word' id='word_1_671' title='bbox 197 4814 348 4883; x_wconf 83' lang='lat' dir='ltr'><strong>tione</strong></span> <span class='ocrx_word' id='word_1_672' title='bbox 396 4823 554 4890; x_wconf 84' lang='lat' dir='ltr'><strong>panis</strong></span> <span class='ocrx_word' id='word_1_673' title='bbox 610 4825 1009 4892; x_wconf 73' lang='lat' dir='ltr'><strong>eacharistici,</strong></span> <span class='ocrx_word' id='word_1_674' title='bbox 1042 4844 1181 4898; x_wconf 91' lang='lat' dir='ltr'><strong>quos</strong></span> <span class='ocrx_word' id='word_1_675' title='bbox 1251 4833 1392 4888; x_wconf 88' lang='lat' dir='ltr'><strong>inter</strong></span> <span class='ocrx_word' id='word_1_676' title='bbox 1448 4814 1784 4892; x_wconf 83' lang='lat' dir='ltr'><strong>Gaudentius</strong></span> 
     </span>
    </p>
   </div>
   <div class='ocr_carea' id='block_1_96' title="bbox 197 4906 1782 4992">
    <p class='ocr_par' dir='ltr' id='par_1_96' title="bbox 197 4906 1782 4992">
     <span class='ocr_line' id='line_1_96' title="bbox 197 4906 1782 4992; baseline 0.015 -31"><span class='ocrx_word' id='word_1_677' title='bbox 197 4906 498 4976; x_wconf 76' lang='lat' dir='ltr'><strong>Brixiensis</strong></span> <span class='ocrx_word' id='word_1_678' title='bbox 517 4915 808 4984; x_wconf 85' lang='lat' dir='ltr'><strong>episcopus</strong></span> <span class='ocrx_word' id='word_1_679' title='bbox 835 4917 889 4971; x_wconf 91' lang='lat' dir='ltr'><strong>in</strong></span> <span class='ocrx_word' id='word_1_680' title='bbox 937 4918 1194 4975; x_wconf 85' lang='lat' dir='ltr'><strong>Tractatu</strong></span> <span class='ocrx_word' id='word_1_681' title='bbox 1220 4923 1255 4977; x_wconf 73' lang='lat'><strong>2</strong></span> <span class='ocrx_word' id='word_1_682' title='bbox 1284 4926 1352 4980; x_wconf 90' lang='lat' dir='ltr'><strong>de</strong></span> <span class='ocrx_word' id='word_1_683' title='bbox 1378 4924 1666 4992; x_wconf 81' lang='lat' dir='ltr'><strong>Pascbate,</strong></span> <span class='ocrx_word' id='word_1_684' title='bbox 1694 4944 1782 4984; x_wconf 85' lang='lat' dir='ltr'><strong>ve-</strong></span> 
     </span>
    </p>
   </div>
   <div class='ocr_carea' id='block_1_97' title="bbox 198 5002 1778 5080">
    <p class='ocr_par' dir='ltr' id='par_1_97' title="bbox 198 5002 1778 5080">
     <span class='ocr_line' id='line_1_97' title="bbox 198 5002 1778 5080; baseline 0.013 -24"><span class='ocrx_word' id='word_1_685' title='bbox 198 5002 456 5060; x_wconf 88' lang='lat' dir='ltr'><strong>nerabilis</strong></span> <span class='ocrx_word' id='word_1_686' title='bbox 479 5005 625 5062; x_wconf 87' lang='lat' dir='ltr'><strong>Beda</strong></span> <span class='ocrx_word' id='word_1_687' title='bbox 649 5007 702 5061; x_wconf 93' lang='lat' dir='ltr'><strong>in</strong></span> <span class='ocrx_word' id='word_1_688' title='bbox 725 5006 887 5064; x_wconf 82' lang='lat' dir='ltr'><strong>Lucae</strong></span> <span class='ocrx_word' id='word_1_689' title='bbox 913 5025 1036 5067; x_wconf 85' lang='lat' dir='ltr'><strong>can.</strong></span> <span class='ocrx_word' id='word_1_690' title='bbox 1064 5026 1202 5080; x_wconf 79' lang='lat' dir='ltr'><strong>xxtt,</strong></span> <span class='ocrx_word' id='word_1_691' title='bbox 1232 5025 1284 5072; x_wconf 88' lang='lat' dir='ltr'><strong>et</strong></span> <span class='ocrx_word' id='word_1_692' title='bbox 1310 5015 1426 5080; x_wconf 88' lang='lat' dir='ltr'><strong>alii,</strong></span> <span class='ocrx_word' id='word_1_693' title='bbox 1460 5017 1607 5072; x_wconf 87' lang='lat' dir='ltr'><strong>nulla</strong></span> <span class='ocrx_word' id='word_1_694' title='bbox 1635 5021 1778 5076; x_wconf 81' lang='lat' dir='ltr'><strong>facta</strong></span> 
     </span>
    </p>
   </div>
   <div class='ocr_carea' id='block_1_98' title="bbox 1894 4524 3529 4603">
    <p class='ocr_par' dir='ltr' id='par_1_98' title="bbox 1894 4524 3529 4603">
     <span class='ocr_line' id='line_1_98' title="bbox 1894 4524 3529 4603; baseline 0.008 -27"><span class='ocrx_word' id='word_1_695' title='bbox 1894 4524 2100 4578; x_wconf 86' lang='lat' dir='ltr'><strong>terovio</strong></span> <span class='ocrx_word' id='word_1_696' title='bbox 2127 4526 2301 4582; x_wconf 85' lang='lat' dir='ltr'><strong>visam</strong></span> <span class='ocrx_word' id='word_1_697' title='bbox 2338 4530 2445 4596; x_wconf 88' lang='lat' dir='ltr'><strong>est)</strong></span> <span class='ocrx_word' id='word_1_698' title='bbox 2474 4527 2888 4598; x_wconf 87' lang='lat' dir='ltr'><strong>designandam,</strong></span> <span class='ocrx_word' id='word_1_699' title='bbox 2922 4529 3126 4599; x_wconf 73' lang='lat' dir='ltr'><strong>adjecta</strong></span> <span class='ocrx_word' id='word_1_700' title='bbox 3162 4547 3262 4603; x_wconf 88' lang='lat' dir='ltr'><strong>per</strong></span> <span class='ocrx_word' id='word_1_701' title='bbox 3293 4534 3474 4589; x_wconf 86' lang='lat' dir='ltr'><strong>circu-</strong></span> <span class='ocrx_word' id='word_1_702' title='bbox 3525 4544 3529 4572; x_wconf 76' lang='grc' dir='ltr'>ί</span> 
     </span>
    </p>
   </div>
   <div class='ocr_carea' id='block_1_99' title="bbox 1890 4615 3536 4692">
    <p class='ocr_par' dir='ltr' id='par_1_99' title="bbox 1890 4615 3536 4692">
     <span class='ocr_line' id='line_1_99' title="bbox 1890 4615 3536 4692; baseline 0.008 -24"><span class='ocrx_word' id='word_1_703' title='bbox 1890 4615 2000 4672; x_wconf 85' lang='grc' dir='ltr'>Ιιιιιι</span> <span class='ocrx_word' id='word_1_704' title='bbox 2027 4616 2128 4672; x_wconf 88' lang='lat' dir='ltr'><strong>hac</strong></span> <span class='ocrx_word' id='word_1_705' title='bbox 2155 4617 2893 4688; x_wconf 77' lang='lat' dir='ltr'><strong>inscriptione,Gaaafelano,</strong></span> <span class='ocrx_word' id='word_1_706' title='bbox 2921 4624 3012 4692; x_wconf 91' lang='lat' dir='ltr'><strong>qui</strong></span> <span class='ocrx_word' id='word_1_707' title='bbox 3042 4624 3193 4682; x_wconf 81' lang='lat' dir='ltr'><strong>locus</strong></span> <span class='ocrx_word' id='word_1_708' title='bbox 3219 4636 3304 4679; x_wconf 85' lang='lat' dir='ltr'><strong>est</strong></span> <span class='ocrx_word' id='word_1_709' title='bbox 3329 4639 3478 4680; x_wconf 67' lang='lat' dir='ltr'><strong>casae</strong></span> <span class='ocrx_word' id='word_1_710' title='bbox 3533 4655 3536 4658; x_wconf 82' lang='lat'><strong><em>~</em></strong></span> 
     </span>
    </p>
   </div>
   <div class='ocr_carea' id='block_1_100' title="bbox 1887 4709 3478 4788">
    <p class='ocr_par' dir='ltr' id='par_1_100' title="bbox 1887 4709 3478 4788">
     <span class='ocr_line' id='line_1_100' title="bbox 1887 4709 3478 4788; baseline 0.006 -29"><span class='ocrx_word' id='word_1_711' title='bbox 1887 4716 2152 4782; x_wconf 64' lang='lat' dir='ltr'><strong>monetae;</strong></span> <span class='ocrx_word' id='word_1_712' title='bbox 2183 4725 2252 4766; x_wconf 76' lang='lat' dir='ltr'><strong>ex</strong></span> <span class='ocrx_word' id='word_1_713' title='bbox 2288 4709 2392 4764; x_wconf 83' lang='lat' dir='ltr'><strong>alia</strong></span> <span class='ocrx_word' id='word_1_714' title='bbox 2425 4725 2556 4765; x_wconf 90' lang='lat' dir='ltr'><strong>vero</strong></span> <span class='ocrx_word' id='word_1_715' title='bbox 2599 4721 2758 4784; x_wconf 86' lang='lat' dir='ltr'><strong>parte</strong></span> <span class='ocrx_word' id='word_1_716' title='bbox 2803 4713 3012 4783; x_wconf 78' lang='lat' dir='ltr'><strong>efﬁgies</strong></span> <span class='ocrx_word' id='word_1_717' title='bbox 3053 4716 3198 4788; x_wconf 87' lang='lat' dir='ltr'><strong>regis</strong></span> <span class='ocrx_word' id='word_1_718' title='bbox 3233 4717 3354 4775; x_wconf 82' lang='lat' dir='ltr'><strong>sine</strong></span> <span class='ocrx_word' id='word_1_719' title='bbox 3395 4716 3478 4770; x_wconf 82' lang='lat' dir='ltr'><strong>in-</strong></span> 
     </span>
    </p>
   </div>
   <div class='ocr_carea' id='block_1_101' title="bbox 1886 4800 2196 4870">
    <p class='ocr_par' dir='ltr' id='par_1_101' title="bbox 1886 4800 2196 4870">
     <span class='ocr_line' id='line_1_101' title="bbox 1886 4800 2196 4870; baseline 0.01 -17"><span class='ocrx_word' id='word_1_720' title='bbox 1886 4800 2196 4870; x_wconf 86' lang='lat' dir='ltr'><strong>scriptione.</strong></span> 
     </span>
    </p>
   </div>
   <div class='ocr_carea' id='block_1_102' title="bbox 1961 4918 3487 4995">
    <p class='ocr_par' dir='ltr' id='par_1_102' title="bbox 1961 4918 3487 4995">
     <span class='ocr_line' id='line_1_102' title="bbox 1961 4918 3487 4995; baseline 0.003 -22"><span class='ocrx_word' id='word_1_721' title='bbox 1961 4919 2242 4975; x_wconf 83' lang='lat' dir='ltr'><strong>Habentur</strong></span> <span class='ocrx_word' id='word_1_722' title='bbox 2293 4918 2413 4974; x_wconf 69' lang='lat' dir='ltr'><strong>alite</strong></span> <span class='ocrx_word' id='word_1_723' title='bbox 2439 4918 2562 4975; x_wconf 69' lang='lat' dir='ltr'><strong>duae</strong></span> <span class='ocrx_word' id='word_1_724' title='bbox 2615 4924 2669 4980; x_wconf 89' lang='lat' dir='ltr'><strong>in</strong></span> <span class='ocrx_word' id='word_1_725' title='bbox 2727 4938 2848 4994; x_wconf 87' lang='lat' dir='ltr'><strong>pag.</strong></span> <span class='ocrx_word' id='word_1_726' title='bbox 2893 4920 3019 4986; x_wconf 73' lang='lat'><strong>252,</strong></span> <span class='ocrx_word' id='word_1_727' title='bbox 3050 4939 3282 4995; x_wconf 90' lang='lat' dir='ltr'><strong>quarum</strong></span> <span class='ocrx_word' id='word_1_728' title='bbox 3302 4924 3487 4994; x_wconf 70' lang='lat' dir='ltr'><strong>prima</strong></span> 
     </span>
    </p>
   </div>
   <div class='ocr_carea' id='block_1_103' title="bbox 1887 5012 3501 5084">
    <p class='ocr_par' dir='ltr' id='par_1_103' title="bbox 1887 5012 3501 5084">
     <span class='ocr_line' id='line_1_103' title="bbox 1887 5012 3501 5084; baseline 0.003 -18"><span class='ocrx_word' id='word_1_729' title='bbox 1887 5013 2154 5084; x_wconf 83' lang='lat' dir='ltr'><strong>superiori</strong></span> <span class='ocrx_word' id='word_1_730' title='bbox 2204 5013 2427 5069; x_wconf 90' lang='lat' dir='ltr'><strong>omnino</strong></span> <span class='ocrx_word' id='word_1_731' title='bbox 2472 5012 2677 5074; x_wconf 84' lang='lat' dir='ltr'><strong>similis</strong></span> <span class='ocrx_word' id='word_1_732' title='bbox 2724 5027 2844 5080; x_wconf 88' lang='lat' dir='ltr'><strong>est;</strong></span> <span class='ocrx_word' id='word_1_733' title='bbox 2877 5015 3045 5075; x_wconf 85' lang='lat' dir='ltr'><strong>altera</strong></span> <span class='ocrx_word' id='word_1_734' title='bbox 3089 5029 3202 5075; x_wconf 85' lang='lat' dir='ltr'><strong>tres</strong></span> <span class='ocrx_word' id='word_1_735' title='bbox 3249 5015 3501 5077; x_wconf 74' lang='lat' dir='ltr'><strong>circulos</strong></span> 
     </span>
    </p>
   </div>
   <div class='ocr_carea' id='block_1_104' title="bbox 197 5095 3504 5181">
    <p class='ocr_par' dir='ltr' id='par_1_104' title="bbox 197 5095 3504 5181">
     <span class='ocr_line' id='line_1_104' title="bbox 197 5095 3504 5181; baseline 0.01 -45"><span class='ocrx_word' id='word_1_736' title='bbox 197 5095 469 5153; x_wconf 56' lang='lat' dir='ltr'><strong>mentione</strong></span> <span class='ocrx_word' id='word_1_737' title='bbox 487 5097 763 5155; x_wconf 65' lang='lat' dir='ltr'><strong>fel-menti,</strong></span> <span class='ocrx_word' id='word_1_738' title='bbox 1883 5120 2023 5176; x_wconf 88' lang='lat' dir='ltr'><strong>quos</strong></span> <span class='ocrx_word' id='word_1_739' title='bbox 2071 5104 2394 5161; x_wconf 73' lang='lat' dir='ltr'><strong>BOlCI‘OVillS</strong></span> <span class='ocrx_word' id='word_1_740' title='bbox 2440 5103 2641 5167; x_wconf 86' lang='lat' dir='ltr'><strong>itidem</strong></span> <span class='ocrx_word' id='word_1_741' title='bbox 2685 5107 2894 5164; x_wconf 86' lang='lat' dir='ltr'><strong>hostias</strong></span> <span class='ocrx_word' id='word_1_742' title='bbox 2914 5121 3037 5164; x_wconf 89' lang='lat' dir='ltr'><strong>esse</strong></span> <span class='ocrx_word' id='word_1_743' title='bbox 3081 5118 3260 5181; x_wconf 86' lang='lat' dir='ltr'><strong>putat,</strong></span> <span class='ocrx_word' id='word_1_744' title='bbox 3327 5109 3504 5170; x_wconf 61' lang='grc' dir='ltr'><strong>Ιὶοὶὶίνι</strong></span> 
     </span>
    </p>
   </div>
   <div class='ocr_carea' id='block_1_105' title="bbox 1885 5196 3509 5271">
    <p class='ocr_par' dir='ltr' id='par_1_105' title="bbox 1885 5196 3509 5271">
     <span class='ocr_line' id='line_1_105' title="bbox 1885 5196 3509 5271; baseline 0.003 -21"><span class='ocrx_word' id='word_1_745' title='bbox 1885 5197 2107 5252; x_wconf 79' lang='lat' dir='ltr'><strong>exhibet</strong></span> <span class='ocrx_word' id='word_1_746' title='bbox 2149 5212 2270 5254; x_wconf 90' lang='lat' dir='ltr'><strong>cum</strong></span> <span class='ocrx_word' id='word_1_747' title='bbox 2325 5196 2515 5250; x_wconf 84' lang='lat' dir='ltr'><strong>eadem</strong></span> <span class='ocrx_word' id='word_1_748' title='bbox 2563 5198 2940 5269; x_wconf 87' lang='lat' dir='ltr'><strong>inscriptione,</strong></span> <span class='ocrx_word' id='word_1_749' title='bbox 2998 5203 3305 5271; x_wconf 81' lang='lat' dir='ltr'><strong>eademque</strong></span> <span class='ocrx_word' id='word_1_750' title='bbox 3346 5203 3509 5269; x_wconf 81' lang='lat' dir='ltr'><strong>regis</strong></span> 
     </span>
    </p>
   </div>
   <div class='ocr_carea' id='block_1_106' title="bbox 266 5207 2906 5305">
    <p class='ocr_par' dir='ltr' id='par_1_106' title="bbox 266 5207 2906 5305">
     <span class='ocr_line' id='line_1_106' title="bbox 266 5207 2906 5305; baseline 0.013 -43"><span class='ocrx_word' id='word_1_751' title='bbox 266 5207 529 5268; x_wconf 70' lang='lat' dir='ltr'><strong>Praeterea</strong></span> <span class='ocrx_word' id='word_1_752' title='bbox 545 5211 694 5268; x_wconf 86' lang='lat' dir='ltr'><strong>nulla</strong></span> <span class='ocrx_word' id='word_1_753' title='bbox 718 5213 826 5280; x_wconf 81' lang='lat' dir='ltr'><strong>lex,</strong></span> <span class='ocrx_word' id='word_1_754' title='bbox 855 5215 1060 5270; x_wconf 92' lang='lat' dir='ltr'><strong>nullum</strong></span> <span class='ocrx_word' id='word_1_755' title='bbox 1090 5219 1390 5284; x_wconf 89' lang='lat' dir='ltr'><strong>decretum,</strong></span> <span class='ocrx_word' id='word_1_756' title='bbox 1415 5219 1619 5278; x_wconf 92' lang='lat' dir='ltr'><strong>nullam</strong></span> <span class='ocrx_word' id='word_1_757' title='bbox 1645 5225 1777 5296; x_wconf 89' lang='lat' dir='ltr'><strong>legis</strong></span> <span class='ocrx_word' id='word_1_758' title='bbox 1885 5207 2107 5305; x_wconf 44' lang='grc' dir='ltr'><strong>έξξηξκθί</strong></span> <span class='ocrx_word' id='word_1_759' title='bbox 2305 5207 2515 5305; x_wconf 30' lang='lat' dir='ltr'><strong>fa???</strong></span> <span class='ocrx_word' id='word_1_760' title='bbox 2553 5208 2906 5305; x_wconf 36' lang='lat' dir='ltr'><strong>.mstmwmif</strong></span> 
     </span>
    </p>
   </div>
   <div class='ocr_carea' id='block_1_107' title="bbox 1883 5287 3272 5364">
    <p class='ocr_par' dir='ltr' id='par_1_107' title="bbox 1883 5287 3272 5364">
     <span class='ocr_line' id='line_1_107' title="bbox 1883 5287 3272 5364; baseline 0.004 -24"><span class='ocrx_word' id='word_1_761' title='bbox 1883 5287 2087 5362; x_wconf 80' lang='lat' dir='ltr'><strong>effigie,</strong></span> <span class='ocrx_word' id='word_1_762' title='bbox 2111 5299 2168 5346; x_wconf 89' lang='lat' dir='ltr'><strong>at</strong></span> <span class='ocrx_word' id='word_1_763' title='bbox 2208 5289 2325 5345; x_wconf 88' lang='lat' dir='ltr'><strong>sine</strong></span> <span class='ocrx_word' id='word_1_764' title='bbox 2354 5287 2611 5354; x_wconf 82' lang='lat' dir='ltr'><strong>nominis</strong></span> <span class='ocrx_word' id='word_1_765' title='bbox 2647 5289 3019 5364; x_wconf 83' lang='lat' dir='ltr'><strong>designatione</strong></span> <span class='ocrx_word' id='word_1_766' title='bbox 3055 5309 3272 5352; x_wconf 91' lang='lat' dir='ltr'><strong>omnes.</strong></span> 
     </span>
    </p>
   </div>
   <div class='ocr_carea' id='block_1_108' title="bbox 195 5301 1781 5379">
    <p class='ocr_par' dir='ltr' id='par_1_108' title="bbox 195 5301 1781 5379">
     <span class='ocr_line' id='line_1_108' title="bbox 195 5301 1781 5379; baseline 0.015 -28"><span class='ocrx_word' id='word_1_767' title='bbox 195 5307 290 5353; x_wconf 84' lang='lat' dir='ltr'><strong>aut</strong></span> <span class='ocrx_word' id='word_1_768' title='bbox 308 5301 507 5359; x_wconf 86' lang='lat' dir='ltr'><strong>decreti</strong></span> <span class='ocrx_word' id='word_1_769' title='bbox 549 5304 840 5375; x_wconf 86' lang='lat' dir='ltr'><strong>vestigium</strong></span> <span class='ocrx_word' id='word_1_770' title='bbox 891 5315 1069 5362; x_wconf 79' lang='lat' dir='ltr'><strong>exstat</strong></span> <span class='ocrx_word' id='word_1_771' title='bbox 1105 5315 1246 5379; x_wconf 87' lang='lat' dir='ltr'><strong>apud</strong></span> <span class='ocrx_word' id='word_1_772' title='bbox 1281 5320 1496 5368; x_wconf 86' lang='lat' dir='ltr'><strong>veteres</strong></span> <span class='ocrx_word' id='word_1_773' title='bbox 1533 5313 1601 5369; x_wconf 89' lang='lat' dir='ltr'><strong>de</strong></span> <span class='ocrx_word' id='word_1_774' title='bbox 1639 5320 1781 5373; x_wconf 84' lang='lat' dir='ltr'><strong>reci-</strong></span> 
     </span>
    </p>
   </div>
  </div>
