4064 5394
560 424 694 481 test
722 390 727 395 ’

1608 413 1956 471 APPENDIX
1984 415 2073 471 Al.)
2111 415 2341 473 OPERA
2372 412 2731 474 HUMBERTI

554 542 1063 618 desrgnationeloci
1112 540 1200 597 ubi
1242 551 1374 593 cusa
1400 547 1485 594 est
1513 546 1754 605 moneta,
1786 536 2148 592 Banuiaciaco
2178 545 2224 601 Α
2253 536 2597 593 Eucharistia
2660 538 2714 592 in
2764 535 3029 591 calicibus
3083 533 3375 607 aliquando
3435 535 3506 590 sit
3548 547 3847 590 assert-au.

555 638 783 701 scilicet,
831 635 923 706 qui
951 634 1102 690 locus
1128 634 1312 689 itidem
1346 632 1398 688 in
1435 630 1606 687 tribus
1641 630 1764 685 aliis
1797 627 1909 697 jam
1941 643 2148 683 memo-

558 732 715 797 ratis,
749 729 922 784 tribus
956 728 1218 782 duntaxat
1248 726 1523 798 prioribus
1567 723 1761 778 litteris
1805 720 2148 791 exprimitur,

555 839 664 877 una
691 836 815 877 cum
838 822 1008 875 verbo
1028 817 1394 883 Gavalelano,‘
1422 834 1489 873 ex
1517 816 1621 870 alia
1640 829 1787 881 vero
1816 822 1969 883 parte
2003 812 2149 883 regis

552 914 791 985 effigiem
825 919 1184 982 reprresentat
1213 926 1352 975 cum
1391 909 1496 964 hac
1528 907 1921 976 inscriptione:
1957 904 2149 959 Chari-

552 1010 732 1064 berlus
762 1022 873 1060 rex.
925 1005 1168 1059 Alterum
1216 1011 1597 1075 argumentum
1647 1010 1755 1065 est,
1783 999 1925 1069 quod
1956 997 2151 1053 Chari-

552 1101 710 1155 berto
746 1105 1009 1168 regnante
1038 1088 1201 1164 atque
1232 1103 1458 1150 curante
1488 1092 1826 1148 celebratum
1856 1099 1942 1143 est
1964 1087 2150 1143 conci-

552 1190 684 1245 lium
741 1189 1038 1244 secundum
1072 1187 1390 1241 Turonense
1432 1201 1574 1240 anno
1616 1183 1753 1247 566,
1789 1197 1897 1251 quo
1931 1182 1982 1235 in
2017 1195 2146 1235 con-

551 1283 679 1338 cilio
703 1282 912 1343 Patres,
950 1295 1161 1335 canone
1195 1280 1252 1344 5,
1284 1290 1525 1333 statuere
1555 1298 1573 1329 ι
1612 1286 1671 1331 ιιι
1700 1289 1898 1345 corpus
1932 1272 2145 1329 Domini

551 1375 605 1429 in
633 1373 793 1428 altari
831 1387 937 1428 non
989 1372 1040 1426 in
1074 1370 1400 1442 imaginario
1437 1369 1656 1433 ordine,
1699 1368 1794 1423 sed
1826 1367 1928 1422 sub
1962 1364 2144 1420 crucis

553 1468 712 1524 titulo
767 1476 1145 1538 componatur.
1181 1486 1200 1518 ι
1242 1466 1362 1533 Quo
1412 1480 1477 1519 ex
1514 1463 1634 1519 loco
1684 1462 1768 1516 vir
1818 1457 2146 1528 antiquaria:

551 1562 629 1617 rei
669 1560 1106 1616 studiosissimus
1148 1558 1358 1629 colligit
1396 1556 1723 1612 Chariberto
1773 1552 2041 1623 placuisse
2086 1559 2147 1604 ut

549 1650 605 1708 in
637 1650 957 1707 memoriam
1015 1649 1180 1718 hujus
1217 1649 1408 1704 statuti
1441 1664 1499 1703 se
1526 1655 1857 1718 procurante
1912 1640 2140 1705 conditi,

546 1752 783 1798 moneta:
814 1741 975 1811 regia:
1004 1740 1176 1795 calice
1205 1748 1397 1793 ausato
1424 1752 1546 1792 cum
1576 1735 1772 1790 hostiis
1803 1731 2137 1805 insigniren-

546 1840 661 1901 tur,
687 1847 753 1889 eo
785 1833 996 1889 scilicet
1026 1832 1190 1888 modo
1228 1848 1335 1903 quo
1361 1830 1762 1887 Eucharistiam
1797 1828 1850 1883 in
1876 1825 2140 1882 calicibus

546 1926 754 1982 ansatis
782 1926 851 1981 ab
870 1939 937 1980 eo
961 1935 1207 1994 tempore
1254 1930 1593 1978 asservatam
1624 1920 1793 1975 fuisse
1821 1916 2138 1972 Botcrovius
2168 1911 2214 1971 Β

549 2017 781 2088 probare
806 2016 1061 2071 intendit.
1084 2015 1216 2084 Quae
1247 2015 1428 2069 omnia
1457 2014 1501 2068 si
1528 2022 1677 2069 certa
1695 2011 1827 2076 sint,
1853 2010 1980 2065 inde
2008 2023 2139 2080 pro-

545 2110 730 2165 babile
794 2108 1059 2165 habemus
1128 2118 1509 2180 argumentum
1567 2106 1778 2162 oblatas
1837 2105 2036 2161 szeeulo
2084 2121 2139 2161 γι

547 2210 741 2255 tenues
790 2216 853 2256 ac
888 2201 1152 2263 modicas,
1185 2201 1376 2270 quales
1425 2200 1542 2256 fere
1570 2200 1732 2255 modo
1765 2198 2046 2265 habemus,
2076 2211 2141 2254 ac

546 2292 775 2363 proinde
805 2291 1220 2348 infermeutatas
1246 2292 1436 2347 fuisse.

618 2406 847 2471 Verum,
869 2414 927 2458 ut
957 2405 1060 2459 hac
1099 2405 1165 2459 de
1214 2420 1274 2460 re
1320 2404 1497 2461 dicam
1531 2405 1675 2475 quod
1703 2406 1902 2470 sentio,
1928 2417 2137 2461 certum

547 2498 684 2553 mihi
717 2497 1128 2567 rideturprimo
1151 2497 1369 2567 quidem
1405 2498 1606 2554 calices
1639 2498 1941 2569 antiquitus
1970 2498 2140 2553 fuisse

546 2602 786 2654 ansatus,
816 2601 874 2646 ut
903 2590 1092 2645 multis
1131 2593 1325 2661 probat
1356 2592 1704 2656 Boterovins,
1754 2599 1867 2645 tum
1894 2606 1959 2645 ex
1994 2589 2139 2645 Ana-

544 2684 714 2738 stasio
764 2681 982 2750 vulgato
1032 2682 1085 2736 in
1116 2681 1319 2738 Gestis
1371 2682 1690 2753 pontificum
1738 2682 2134 2748 Romanorum,

545 2786 756 2829 tamex
806 2773 948 2828 aliis.
1000 2772 1102 2841 Qui
1165 2790 1282 2829 mos
1323 2775 1449 2830 imle
1498 2775 1680 2829 forsan
1728 2774 2137 2845 promanaverit

543 2866 687 2935 quod
721 2864 886 2931 calix,
940 2880 1049 2936 quo
1090 2864 1343 2921 Christus
1386 2867 1643 2922 Dominus
1671 2867 1730 2921 in
1768 2868 1956 2920 ultima
1980 2880 2133 2922 omna

543 2971 675 3011 usus
723 2964 828 3021 est,
861 2967 1078 3011 armatus
1124 2956 1293 3011 fuisse
1323 2956 1644 3027 perhibetur
1681 2957 1824 3028 apud
1851 2956 2132 3010 Adamna-

455 3095 461 3102 .
543 3063 675 3102 num
706 3047 981 3103 lliiensem
1016 3048 1416 3104 monachumin
1444 3048 1538 3103 lib.
1576 3065 1593 3102 ι
1627 3049 1702 3105 De
1740 3048 1876 3104 locis
1903 3048 2131 3114 sanctis,

543 3156 668 3212 cap.
693 3142 745 3197 8.
778 3141 982 3197 Locum
1039 3142 1147 3196 huc
1206 3142 1478 3197 ascribam
1510 3141 1560 3194 in
1591 3142 1824 3212 gratiam
1857 3140 2132 3195 studioso-

2162 3238 2219 3355 C~
2239 3271 2422 3329 tentia:
2446 3280 2577 3343 tres.
2608 3230 2791 3323 Prima
2826 3230 3078 3322 Severini
3132 3265 3274 3322 Binii
3322 3266 3559 3322 dicentis
3604 3269 3718 3321 hoc
3752 3267 3851 3322 de-

2164 3396 2167 3401 -
2240 3371 2394 3419 creto
2441 3360 2774 3434 prohiberir
2811 3374 2880 3414 ne
2928 3373 3129 3428 corpus
3176 3358 3391 3414 Domini
3448 3359 3599 3414 inter
3653 3372 3851 3415 Sacra:

542 3328 600 3376 et
650 3323 995 3392 martyrium,
1028 3324 1276 3391 quaedam
1331 3322 1471 3376 inest
1516 3322 1741 3385 exedra,
1790 3321 1843 3376 in
1897 3338 2003 3391 qua
2050 3331 2136 3376 est

541 3411 687 3469 caiix
713 3412 948 3476 Demini,
1001 3431 1166 3485 quem
1199 3432 1229 3470 a
1253 3432 1313 3470 se
1344 3404 1688 3470 benedictum
1718 3415 1939 3486 pr0pria
1970 3430 2135 3470 manu

543 3500 599 3556 in
621 3514 775 3557 omna
803 3498 978 3572 pridie
1016 3519 1179 3573 quam
1210 3513 1513 3574 pateretur,
1561 3506 1677 3574 ipse
1728 3505 1958 3558 conviva
2000 3520 2133 3574 apo-

541 3592 700 3648 stolis
738 3594 961 3648 tradidit
1005 3595 1441 3658 convivantibus,
1498 3596 1590 3665 qui
1648 3606 1940 3665 argenteus
1993 3595 2134 3650 calix

543 3683 770 3738 sextarii
800 3681 995 3738 Gallici
1044 3699 1355 3738 mensuram
1384 3684 1613 3748 habens,
1647 3686 1890 3755 duasque
1916 3684 2136 3739 ansulas
2205 3702 2219 3719 ι

542 3774 597 3828 in
624 3789 683 3829 se
713 3790 779 3830 ex
805 3762 1035 3845 utraque
1059 3784 1219 3845 parte
1246 3774 1571 3831 altrinsecus
1596 3776 1882 3831 continens
1910 3790 2135 3845 compo-

540 3864 698 3916 sitas.
730 3883 748 3915 ι
787 3861 910 3919 ιιωυ
932 3863 1287 3919 Adamnanus
1323 3874 1451 3921 ante
1490 3880 1664 3920 annos
1693 3864 1809 3920 fere
1865 3865 2017 3919 mille
2046 3882 2133 3920 rc-
2170 3909 2175 3913 .

542 3953 753 4010 tulitex
805 3957 1121 4010 narratione
1161 3955 1366 4011 Areulli
1417 3955 1687 4013 Gallicani
1737 3955 1999 4026 episcopi,
2039 3956 2131 4027 qui

539 4051 771 4108 calicem
793 4051 954 4108 istum
977 4064 1358 4125 conspexerat.
1574 4048 1579 4053 ’

614 4165 869 4222 Secunno
897 4181 1108 4222 certum
1141 4169 1272 4223 mihi
1304 4168 1519 4224 videtur
1553 4168 1888 4224 nuutismata
1943 4184 1977 4224 a
2020 4167 2133 4225 Bo-
2171 4202 2177 4213 -

540 4257 751 4313 terovio
775 4259 1021 4315 exhibita
1048 4244 1178 4316 vere
1206 4276 1329 4316 esse
1371 4260 1680 4316 Chariberti
1739 4259 1908 4330 regis,
1956 4274 2133 4330 quan-

538 4350 830 4421 doquidem
853 4350 961 4406 alia
982 4352 1142 4423 plura
1169 4353 1412 4423 ejusdem
1449 4340 1680 4423 igeneris
1709 4352 1884 4423 ipsius
1905 4350 2131 4406 nomine
2171 4377 2175 4381 υ

537 4440 751 4516 signata
777 4442 1054 4499 videntur.

611 4553 799 4612 Tertio
833 4573 989 4629 teque
1022 4557 1365 4627 exploratum
1396 4567 1549 4628 puto,
1589 4559 1645 4615 in
1673 4559 1782 4615 illis
1828 4560 2129 4616 numisma-

538 4648 686 4701 tibus
706 4662 894 4703 revera
931 4648 1134 4704 calices
1178 4651 1843 4720 ansatosreprmsentari,
1891 4653 2128 4707 maxime
2160 4673 2204 4734 ο
2232 4703 2294 4742 ca

537 4738 670 4809 quia
731 4738 975 4810 plerique
1011 4741 1224 4811 signum
1256 4739 1438 4796 crucis
1466 4742 1870 4812 superpositum
1903 4743 2124 4810 habent,

536 4841 595 4886 et
623 4847 766 4888 unus
794 4832 1017 4905 quidem
1042 4848 1167 4887 cum
1187 4844 1656 4905 monogrammate
1684 4832 1892 4892 Christi
1934 4838 2129 4909 adjun-
2172 4848 2179 4857 ‘

536 4932 650 4980 cto.

611 5018 814 5040 n.-....a-
842 5033 1099 5040 _.-..-----_-
1144 5038 1152 5039 κ
1199 5022 1262 5040 -.⁸

2255 626 2389 681 Nam
2413 634 2508 681 aut
2560 627 2611 681 in
2644 625 2925 691 turricula,
2968 625 3138 679 autin
3173 623 3423 681 columba
3457 635 3726 694 argentea
3772 639 3851 679 re.

2253 719 2380 788 poni
2440 717 2673 773 solebat.
2729 715 2987 788 Legimus
3038 717 3258 787 quidem
3315 718 3459 788 apud
3520 715 3847 787 Gregorium

2253 813 2629 868 Turoneusem
2663 812 2979 883 episcopum
3034 810 3088 865 in
3142 809 3238 866 lib.
3274 827 3291 866 t
3325 811 3392 866 de
3422 810 3622 865 Gloria
3648 821 3848 879 marty-

2251 922 2392 971 rum,
2444 922 2565 977 cap.
2620 905 2730 970 47,
2782 905 3012 960 calicem
3064 904 3444 977 crystallinum
3499 908 3597 974 qui
3642 903 3851 958 fractus

2250 998 2443 1058 fuerat,
2480 997 2693 1052 diaconi
2714 996 2967 1051 oratione
2989 1005 3378 1060 restauratum,
3411 995 3576 1067 jussu
3608 994 3851 1067 epiScopi

2247 1105 2556 1159 suspensum
2577 1105 2733 1158 super
2753 1087 2922 1143 altare
2946 1086 3136 1153 fuisse,
3160 1088 3390 1158 ejusque
3423 1088 3501 1142 rei
3523 1088 3847 1143 memoriam

2247 1196 2428 1237 annua
2481 1179 2775 1236 festivitate
2827 1180 3121 1251 quotannis
3171 1179 3534 1235 celebratam.
3587 1181 3677 1233 An
3726 1196 3851 1235 vero

2246 1271 2585 1327 Eucharistia
2620 1271 2672 1327 in
2705 1287 2770 1326 eo
2802 1279 3203 1337 asservaretur,
3230 1287 3334 1327 non
3380 1271 3577 1342 liquet.
3637 1270 3853 1327 Clariot’

2245 1374 2329 1420 est
2360 1364 2510 1419 locus
2542 1365 2593 1418 in
2614 1362 2795 1419 Gestis
2816 1362 3061 1432 Gregorii
3087 1380 3241 1435 papa:
3265 1373 3371 1421 tert
3396 1364 3411 1419 i
3440 1363 3536 1435 qui
3571 1383 3590 1416 ι
3620 1364 3849 1421 calicem

2244 1475 2411 1514 umtm
2442 1469 2758 1531 argenteum
2790 1458 2883 1530 qui
2940 1457 3164 1529 pendet,
3199 1478 3217 1510 ι
3254 1458 3436 1529 inquit
3486 1467 3716 1523 auctor.
3745 1479 3765 1510 ι
3795 1460 3848 1514 in

2243 1550 2431 1619 apside
2457 1530 2709 1614 oratorii,
2746 1568 2764 1602 ι
2806 1544 3021 1604 dedisse
3056 1530 3392 1621 perhibetur,
3425 1564 3535 1607 non
3565 1547 3763 1610 alium.
3797 1558 3855 1603 ut

2242 1644 2479 1708 videtur,
2535 1643 2602 1697 ad
2644 1657 2835 1707 usum,
2872 1656 3036 1713 quam
3064 1641 3137 1697 ad
3165 1640 3604 1698 sacratissimum
3622 1639 3848 1698 Eucha-

2245 1733 2458 1790 ristiam
2503 1733 2960 1789 consecrandam.

2415 1890 2726 1962 Explicatur
2746 1907 2915 1945 canon
2940 1888 2975 1945 5
3002 1889 3211 1944 concilii
3241 1905 3278 1945 ιι
3296 1886 3663 1953 Turonensis.

2317 2052 2383 2109 Et
2423 2051 2866 2122 quandoquidem
2911 2050 3023 2106 huc
3067 2050 3288 2106 devenit
3331 2050 3539 2116 oratio,
3591 2049 3849 2120 quaedam

2243 2144 2539 2201 observare
2583 2143 2741 2214 juvat
2768 2142 2838 2197 ad
2892 2142 3402 2213 interpretationem
3430 2142 3670 2198 canonis
3704 2141 3851 2195 tertii

2165 2248 2168 2293 ἶ
2243 2236 2461 2291 concilii
2512 2235 2872 2301 Turonensis,
2918 2250 3029 2305 quo
3082 2234 3418 2305 pmcipitnr,
3467 2253 3488 2286 ι
3537 2241 3603 2288 ιιι
3649 2246 3853 2302 corpus

2244 2329 2461 2386 Domini
2513 2329 2566 2383 in
2617 2327 2798 2390 altari,
2855 2342 2963 2384 non
3012 2326 3340 2398 imaginario
3368 2324 3854 2388 ordine,sedsub

2243 2420 2426 2478 crucis
2483 2418 2640 2476 titulo
2695 2427 3080 2488 componatur.
3137 2434 3157 2469 ι
3202 2416 3388 2471 Ganon
3441 2416 3549 2470 iste
3601 2414 3853 2469 eruditus

2244 2512 2391 2567 viros
2415 2509 2740 2583 jamdudum
2770 2518 2987 2579 torquet
3017 2518 3308 2577 versatque
3330 2506 3384 2564 in
3408 2506 3597 2561 varias
3619 2516 3755 2576 part
3788 2520 3847 2569 s;

2240 2601 2307 2657 de
2335 2616 2441 2670 quo
2471 2611 2529 2655 ut
2551 2597 2797 2655 nonnihil
2828 2600 3030 2663 dicam,
3057 2597 3350 2652 notandum
3373 2605 3458 2651 est
3479 2597 3536 2650 in
3558 2594 3854 2650 nonnullis

2240 2692 2524 2747 codicibus
2574 2693 2766 2747 abesse
2816 2690 3227 2761 prmpositioncs
3256 2706 3276 2740 ι
3325 2688 3379 2744 in
3427 2707 3449 2741 ι
3501 2697 3559 2742 et
3607 2705 3630 2740 ι
3667 2685 3793 2742 sub.
3824 2706 3845 2737 ι

2243 2785 2831 2856 Deindeimagiuarium
2852 2784 3098 2839 ordinem
3114 2798 3236 2836 eum
3258 2797 3378 2837 esse
3391 2781 3484 2852 qui
3509 2780 3765 2853 imagini:
3787 2795 3853 2836 us

2238 2878 2410 2933 Sacris
2431 2875 2589 2948 vulgo
2620 2876 2977 2932 tribuebatur.
3015 2874 3133 2941 Quo
3171 2874 3223 2929 iu
3248 2887 3410 2929 sensu
3453 2889 3473 2922 ι
3514 2870 3852 2941 imaginaria

2237 2971 2448 3042 pictura
2470 2991 2488 3024 ι
2510 2970 2710 3026 dicitur
2736 2968 2878 3042 apud
2891 2967 3311 3025 Anastasiumin
3337 2965 3594 3021 versione
3618 2962 3852 3020 θεαιυῶ

2235 3062 2455 3119 concilii
2476 3062 2704 3119 Nieami.

2304 3177 2426 3233 Jam
2455 3176 2509 3232 in
2538 3177 2643 3232 hoc
2668 3189 2882 3231 canone
2911 3174 3236 3246 explicando
3265 3173 3497 3231 diversa:
3554 3184 3687 3230 sunt
3720 3190 3853 3230 seu-

2241 3453 2508 3523 imagines
2534 3466 2700 3523 super
2719 3450 2879 3506 altari
2909 3450 3037 3521 poni
3077 3450 3290 3516 solitas,
3335 3451 3428 3505 sed
3458 3451 3645 3522 potius
3669 3449 3847 3504 collo-

2238 3557 2394 3603 cetur
2419 3548 2522 3603 sub
2545 3547 2661 3616 ipsa
2690 3560 2882 3609 cruce,
2899 3558 3019 3613 qua:
3037 3544 3090 3598 in
3113 3542 3416 3597 meditullio
3444 3542 3620 3615 ipsius
3643 3542 3847 3598 altaris

2237 3640 2365 3711 poni
2392 3640 2691 3696 consuerit.
2727 3656 2747 3690 ι
2783 3638 2969 3693 Altera
2996 3646 3081 3693 est
3101 3635 3288 3693 Jacobi
3314 3636 3600 3691 Sirmundi
3624 3631 3685 3690 in
3713 3651 3845 3707 cap.

2236 3731 2269 3785 4
2299 3730 2705 3800 Disquisitionis
2735 3729 2802 3785 de
2827 3744 3043 3800 azymo,
3070 3728 3343 3786 censentis
3387 3728 3525 3784 nihil
3552 3728 3709 3784 aliud
3734 3730 3840 3784 hoc

2238 3839 2445 3880 canone
2487 3839 2650 3895 quam
2679 3843 2699 3876 ι
2730 3833 2788 3878 ιιι
2813 3823 2971 3894 panis
3000 3824 3056 3878 in
3108 3838 3310 3894 corpus
3368 3821 3588 3877 Domini
3642 3836 3847 3879 conse-

2237 3917 2495 3982 crandus,
2545 3932 2652 3971 non
2705 3915 2867 3971 aliter
2920 3932 3019 3986 pro
3063 3915 3326 3985 cujusque
3374 3916 3610 3971 arbitrio
3664 3933 3835 3987 quam

2236 4008 2502 4080 impressa
2543 4024 2706 4065 cruce
2755 4008 3036 4064 formetur.
3070 4027 3090 4062 ι
3123 4008 3309 4063 Tertia
3335 4018 3440 4069 ,est
3472 4008 3580 4063 viri
3632 4009 3844 4064 doctis-

2235 4108 2383 4174 simi,
2425 4106 2518 4175 qui
2564 4104 2844 4161 existimat
2896 4105 3043 4160 hunc
3096 4119 3364 4160 canonent
3415 4103 3839 4175 intelligendum

2234 4218 2357 4258 esse
2377 4202 2445 4257 de
2475 4200 2851 4271 componenda
2891 4198 3170 4253 oblatione
3199 4213 3323 4253 cum
3360 4197 3536 4253 calice
3585 4207 3843 4268 tempore

2233 4293 2488 4350 sacrificii
2535 4308 2569 4348 e
2624 4291 2847 4363 regione
2874 4289 3054 4345 crucis
3081 4289 3135 4345 in
3179 4283 3359 4343 medio
3397 4286 3558 4344 altari
3612 4291 3837 4359 pesitat,

2234 4399 2342 4440 non
2390 4399 2522 4439 vero
2547 4382 2617 4438 ad
2659 4384 2941 4439 dexteram
2969 4389 3069 4437 aut
3109 4381 3178 4436 ad
3226 4379 3508 4436 sinistram
3540 4395 3574 4437 e
3606 4382 3842 4453 regione

2235 4477 2554 4551 imaginum.

2304 4592 2411 4649 Sed
2455 4602 2514 4649 ut
2560 4593 2791 4664 ingenue
2825 4600 3060 4648 mentem
3092 4607 3269 4648 meam
3300 4591 3570 4662 aperiam,
3608 4591 3840 4647 videtur

2301 4703 2406 4742 non
2474 4685 2564 4740 ille
2619 4701 2794 4755 neque
2840 4685 2906 4740 de
2971 4685 3369 4755 compositione
3414 4683 3580 4754 panis
3625 4685 3837 4740 eucha-

2230 4779 2425 4842 ristici,
2478 4792 2654 4848 neque
2699 4777 2766 4830 de
2813 4774 3006 4830 ordine
3058 4789 3221 4845 quem
3265 4785 3512 4844 tempore
3560 4760 3833 4831 sacriﬁcii

2227 4870 2431 4927 oblatio
2455 4879 2641 4923 tenere
2662 4868 2841 4931 debet,
2857 4867 3119 4937 eXplicari
3147 4882 3327 4936 posse.
3345 4865 3627 4935 Nusquam
3652 4866 3831 4930 enim,

2229 4963 2275 5019 si
2304 4979 2411 5017 non
2443 4960 2623 5024 fallor,
2658 4960 3019 5015 Eucharistiat
3055 4975 3251 5015 nomen
3275 4958 3415 5029 apud
3446 4968 3689 5024 veteres,
3723 4961 3830 5014 nisi
