4020 5364
241 369 377 425 Ιὶὸΰ

1236 365 1628 422 MAGILLOXII
1678 362 2090 430 DlSQlllSITlO
2131 364 2214 418 DE
2246 361 2500 418 AZYMO.

3375 362 3514 418 ιεδι

310 481 437 538 Dua:
467 493 590 538 sunt
613 481 954 539 difﬁcultates
983 499 1104 552 quze
1153 483 1292 536 hunc
1331 497 1593 537 canoncm
1645 480 1822 550 pritno
1861 485 1906 541 Α
1941 481 2120 533 tnittici
2179 481 2422 549 corporis
2473 479 2794 542 habebatur,
2843 496 2860 529 ι
2915 476 3100 531 tulisse
3148 476 3347 533 dicitur
3378 497 3396 528 ι
3447 481 3516 533 a.l

239 574 330 631 i‘l'lo
363 573 522 629 modo
550 575 875 645 explicatum
909 575 1204 644 implicant.
1236 575 1440 639 Prima,
1485 590 1592 642 quo
1623 573 1674 627 in
1705 573 1822 627 loco

236 677 550 735 prostarcnt
597 676 726 720 tunc
782 666 1038 736 temporis
1093 666 1360 736 imagines
1421 666 1474 719 in
1527 664 1825 729 Ecclesiis;

237 759 406 812 altera
457 773 564 827 quo
616 759 722 812 ritu
777 757 1118 813 Eucharistia
1154 778 1171 810 ι
1208 759 1309 814 sub
1346 758 1528 813 crucis
1574 758 1730 812 titulo
1778 758 1830 810 in

237 849 395 905 altari
437 870 455 903 ι
491 862 931 922 componeretur.

309 941 392 996 Ad
447 939 709 1010 primam,
772 941 1100 996 crediderim
1153 942 1282 997 totis
1327 943 1515 998 decem
1570 943 1831 998 Ecclesia:

238 1031 453 1088 maculis
485 1031 753 1099 imagines
796 1048 982 1086 sacras
1033 1034 1146 1087 aris
1175 1050 1280 1088 non
1329 1034 1498 1089 fuisse
1526 1035 1829 1104 impositas.

242 1121 502 1178 Testatur
544 1121 654 1177 Leo
684 1138 819 1192 papa
850 1133 1080 1191 quartus
1111 1125 1163 1176 in
1198 1125 1419 1178 homilia
1466 1126 1700 1194 quadam
1750 1125 1835 1178 his

244 1213 433 1269 verbis
463 1228 478 1268 :
514 1231 533 1265 ς
570 1215 743 1284 Super
772 1213 942 1269 altare
975 1215 1106 1269 nihil
1135 1227 1394 1286 ponatur,
1425 1219 1529 1272 nisi
1557 1234 1735 1287 capsa:
1782 1227 1836 1273 et

237 1305 506 1376 reliquiae,
545 1316 636 1359 aut
688 1307 826 1360 forte
876 1317 1114 1375 quatuor
1169 1307 1480 1379 Evangelia.
1530 1319 1586 1365 et
1630 1310 1830 1364 buxida

239 1410 363 1448 cum
402 1410 633 1464 corpore
677 1395 891 1449 Domini
937 1396 1005 1450 ad
1057 1397 1316 1452 viaticum
1350 1397 1608 1464 inlirmis;
1636 1409 1835 1454 caetera

242 1487 296 1540 in
349 1486 522 1540 nitido
562 1485 682 1541 loco
711 1489 1100 1543 recondantur.
1139 1509 1158 1542 ι
1191 1490 1394 1545 Eadem
1441 1492 1604 1546 verba
1637 1492 1836 1561 repetit

241 1578 538 1633 Ratherius
563 1576 897 1633 Veronensis
920 1581 1207 1651 episcopus
1225 1582 1275 1635 in
1301 1583 1558 1654 synodica
1587 1584 1836 1639 oratione

240 1667 306 1719 a.l
344 1670 696 1738 presbyteros
737 1685 886 1725 suos.
932 1669 1124 1725 Flores
1166 1682 1347 1726 tamen
1385 1675 1550 1727 etiam
1595 1692 1613 1724 ι
1671 1689 1836 1742 super

239 1756 412 1810 altare
461 1776 478 1810 ι
535 1758 742 1826 positos
799 1761 995 1829 probat
1044 1760 1342 1818 Venantius
1393 1762 1728 1818 Fortunatus
1778 1765 1831 1818 itt

240 1847 336 1903 lib.
371 1863 486 1912 vnt,
521 1850 764 1903 carmine
792 1852 846 1906 8.
893 1852 958 1906 Et
1003 1869 1139 1908 crux
1173 1870 1338 1924 super
1378 1857 1550 1912 altare
1593 1859 1828 1926 pendere
1862 1860 1904 1919 Β

239 1941 468 2005 solebat,
531 1951 669 1996 teste
728 1943 992 2013 Gregorio
1046 1947 1372 2016 Turonensi,
1423 1962 1620 2020 prater
1666 1953 1826 2008 alios.

241 2031 355 2088 Etsi
390 2048 520 2089 vero
544 2035 769 2099 scrinia,
803 2037 1001 2106 quibus
1043 2050 1356 2095 sanctorum
1383 2044 1626 2113 reliquiae
1661 2046 1830 2100 inclu-

239 2125 460 2188 duntur,
483 2127 780 2198 imaginum
809 2128 930 2185 loco
956 2132 1143 2186 haberi
1166 2135 1394 2202 possint,
1415 2146 1632 2191 constat
1648 2148 1830 2194 tamen

242 2215 504 2286 reliquias
531 2234 739 2285 sacras,
769 2236 834 2274 ae
862 2221 1089 2289 proinde
1139 2223 1453 2293 reliquiaria
1488 2227 1635 2296 ipsa,
1668 2245 1830 2298 super

241 2305 417 2359 altare
461 2308 635 2378 posita
679 2310 765 2363 vix
821 2311 989 2366 fuisse
1032 2323 1156 2367 ante
1198 2315 1454 2370 sarculum
1487 2333 1709 2380 nonum,
1752 2320 1827 2374 uti

241 2395 382 2453 alias
408 2399 777 2454 demonstravi
811 2403 862 2455 in
895 2404 1214 2472 prazfatione
1253 2408 1434 2462 sa:cu|i
1472 2411 1694 2464 secundi
1727 2410 1828 2464 Des

241 2490 520 2546 nedictini.
575 2492 654 2547 Ex
705 2496 906 2564 quibus
977 2498 1300 2569 intelligitur
1361 2510 1605 2570 tempore
1655 2503 1828 2558 habiti

240 2583 457 2639 concilii
487 2583 822 2642 Turonensis
872 2589 1140 2660 imagines
1189 2592 1243 2646 in
1296 2593 1560 2649 altaribus
1596 2612 1704 2650 non
1735 2598 1831 2650 ha-

248 2677 436 2733 buisse
463 2679 662 2736 locum.
686 2681 788 2738 Ubi
814 2685 978 2754 ergo?
1003 2685 1200 2752 inquis.
1215 2685 1376 2741 Certe
1399 2687 1450 2742 iu
1478 2688 1827 2758 baptista-iis,

243 2769 296 2823 in
325 2773 638 2828 secretariis
663 2789 757 2829 seu
784 2778 1052 2832 sacristiis
1080 2780 1239 2848 (quas
1269 2781 1570 2852 vocamus),
1602 2783 1654 2834 in
1701 2797 1830 2852 por-

243 2861 461 2928 ticibus,
501 2863 556 2917 in
589 2866 891 2934 parietibus
943 2877 1000 2922 et
1046 2868 1395 2938 laquearibus
1446 2872 1652 2941 templi.
1695 2872 1832 2928 Ima-

241 2949 399 3020 gines
422 2953 475 3007 in
507 2954 832 3024 baptisterio
855 2959 1148 3015 collocatas
1183 2979 1211 3014 a
1247 2962 1450 3018 Severo
1479 2963 1646 3019 fuisse
1675 2965 1832 3021 docet

241 3050 463 3096 sanctus
514 3041 772 3099 Paulinus
795 3047 1082 3118 episc0pus
1115 3051 1167 3105 in
1195 3053 1420 3121 epistola
1464 3053 1530 3108 12
1558 3056 1624 3110 ad
1650 3057 1826 3125 ipsum

239 3133 466 3204 scripta.
506 3134 756 3192 Statuam
803 3141 1008 3196 Ghrisﬁ
1063 3144 1296 3211 Domini,
1352 3162 1473 3215 qua:
1523 3165 1554 3202 a
1606 3151 1830 3205 muliere

1934 573 2155 636 ostium,
2189 591 2206 623 ι
2247 588 2355 641 quo
2405 571 2615 626 scilicet
2655 587 2721 625 ex
2769 571 3064 625 secretario
3092 570 3146 624 in
3199 570 3519 625 interiorem

1933 664 2236 727 basiliCam,
2265 680 2356 718 seu
2387 664 2453 717 ad
2488 664 2661 717 locum
2681 663 2869 717 altaris
2898 664 3078 717 aditus
3100 672 3240 727 erat,
3264 682 3282 714 ι
3315 671 3521 733 ingrcs-

1934 770 2132 824 susque
2163 754 2418 825 templum
2449 764 2502 808 ut
2535 771 2653 809 earn
2687 754 2844 808 altari
2893 764 3308 824 superponeret,
3337 755 3520 825 elapsa

1935 846 2002 900 de
2034 861 2195 899 manu
2222 845 2356 912 ejus,
2389 846 2667 899 ferebatur
2701 846 2750 899 in
2775 861 2922 899 aera.
2955 867 2970 897 ι
2999 846 3116 913 Quo
3147 848 3290 902 enim
3314 863 3378 901 ex
3405 849 3524 904 loco

1941 958 1959 989 ι
2000 939 2362 993 ministerium
2420 939 2666 1008 corporis
2719 939 2983 992 Dominici
3034 959 3052 990 ι
3113 939 3373 997 detulisse
3413 940 3522 996 diei

1935 1039 2136 1100 potest,
2163 1031 2263 1084 nisi
2288 1046 2354 1085 ex
2383 1031 2716 1084 secretario?
2738 1029 2829 1099 qui
2861 1030 3010 1084 locus
3040 1029 3093 1084 in
3121 1031 3320 1086 exedra
3342 1031 3526 1100 (desti-

1937 1137 2061 1174 nam
2093 1122 2363 1175 vocabant
2419 1121 2689 1191 nonnulli)
2740 1120 2978 1175 basilice:
3021 1121 3280 1176 exteriori
3339 1123 3521 1177 innixa

1935 1217 2338 1280 centinebatur,
2389 1215 2454 1270 ad
2502 1217 2752 1269 dextram
2789 1215 2998 1270 scilicet
3057 1226 3264 1284 partem
3310 1215 3523 1279 altaris,

1939 1317 2172 1362 testante
2200 1307 2426 1361 Paulino
2475 1308 2524 1361 in
2550 1307 2828 1377 prmcitata
2863 1306 3091 1376 epistola
3124 1309 3189 1360 ad
3238 1307 3527 1370 Severum,

1936 1399 2024 1452 ubi
2057 1398 2296 1466 loquitur
2323 1417 2341 1449 ι
2377 1398 2443 1453 de
2475 1399 2786 1453 secretariis
2809 1400 3020 1453 duolms
3044 1399 3200 1468 juxta
3224 1399 3468 1469 apsidem
3497 1420 3517 1453 ι

1937 1493 2111 1563 (locus
2133 1491 2322 1546 altaris
2361 1494 2504 1561 erat)
2538 1493 2792 1562 utrinque
2824 1493 3048 1562 positis;
3105 1491 3380 1562 refertque
3404 1506 3529 1547 ver-

1933 1603 2027 1642 sus
2049 1588 2353 1643 indicantes
2380 1605 2398 1636 ι
2430 1587 2604 1641 ollicia
2628 1587 2990 1658 singulorum.
3020 1605 3040 1640 ι
3075 1586 3140 1640 Ει
3162 1586 3378 1658 quidem
3406 1602 3426 1638 ι
3456 1584 3527 1641 ad

1937 1680 2186 1736 dextram
2225 1699 2242 1730 ι
2272 1679 2325 1734 hi
2357 1688 2513 1735 erant
2541 1697 2555 1734 :

2025 1817 2124 1887 Hie
2154 1819 2287 1887 locus
2309 1817 2686 1887 est_veneran_da
2713 1831 2872 1877 penus
2894 1832 2986 1887 qna
3013 1819 3258 1887 conditur,
3283 1824 3338 1873 et
3359 1831 3456 1887 qua

2089 1880 2338 1931 Promitur
2362 1881 2486 1930 alma
2508 1883 2634 1931 sacri
2658 1895 2829 1945 pompa
2853 1883 3133 1932 ministerii.

1931 2028 2012 2084 Ad
2062 2029 2339 2083 sinistram
2390 2037 2546 2085 erant
2589 2027 2711 2084 libri
2751 2030 2894 2085 sacri
2937 2047 3060 2086 cum
3108 2032 3216 2088 alio
3262 2032 3518 2100 disticho,

1931 2138 2242 2191 quanquam
2272 2138 2376 2177 non
2411 2123 2687 2178 immerito
2714 2125 2950 2178 dubitari
2979 2135 3155 2195 potest
3181 2142 3249 2180 an
3275 2127 3360 2182 his
3381 2127 3520 2182 locis

1938 2232 1956 2264 ι
1994 2213 2357 2268 ministerium
2403 2215 2650 2283 corporis
2695 2214 2959 2270 Dominici
3001 2235 3019 2267 ι
3056 2232 3155 2287 pro
3183 2217 3527 2273 Eucltaristia

1934 2305 2072 2358 sumi
2121 2305 2334 2367 debeat,
2384 2321 2506 2360 cum
2542 2307 2724 2375 potius
2775 2307 2842 2360 de
2887 2323 3042 2363 sacra
3079 2302 3412 2378 supellectile
3457 2313 3524 2366 ad

1934 2389 2264 2443 sacrificium
2298 2392 2554 2459 deputata
2605 2392 3018 2464 intelligendum
3073 2396 3341 2453 videatur.
3372 2398 3526 2465 Quod

1932 2480 2096 2534 etiam
2140 2482 2243 2534 diei
2293 2491 2472 2550 potest
2522 2483 2587 2536 de
2634 2501 2652 2534 ι
2687 2484 2824 2537 turri
2872 2503 2888 2536 ι
2926 2485 3121 2541 Felicis
3170 2487 3527 2544 Bituricensis

1937 2574 2204 2643 episcopi,
2251 2591 2411 2643 quam
2468 2576 2654 2630 laudat
2704 2577 3038 2638 Fortunatus
3069 2579 3121 2634 in
3153 2579 3247 2636 lib.
3276 2596 3358 2645 ut,
3397 2596 3523 2638 car-

1937 2665 2081 2716 mine
2104 2665 2194 2719 25.
2229 2667 2517 2720 Dubitandi
2555 2669 2693 2721 ratio
2721 2670 2926 2738 petitur
2947 2687 3012 2725 ex
3043 2672 3234 2726 eodem
3264 2672 3526 2744 Gregmio

1935 2754 1986 2807 in
2034 2755 2125 2809 lib.
2171 2770 2210 2810 tt
2243 2757 2310 2812 de
2352 2757 2542 2813 Gloria
2579 2770 2903 2832 martyrum,
2956 2779 3076 2834 cap.
3135 2766 3187 2832 8,
3236 2767 3392 2836 cujus
3436 2768 3526 2824 hic

1935 2845 2123 2900 titulus
2158 2865 2170 2900 :
2209 2866 2226 2898 ι
2261 2848 2335 2902 De
2360 2851 2583 2905 interitu
2612 2867 2800 2907 eorum
2829 2855 2922 2924 qui
2968 2856 3331 2912 ministerium
3378 2859 3525 2916 basi-

1933 2939 2051 2994 lica:
2083 2954 2528 3014 exportaverunt.
2568 2966 2586 2998 ι
2624 2945 2722 3001 Ubi
2753 2965 2770 2998 ι
2815 2948 3107 3004 ministerii
3139 2969 3158 3004 ι
3193 2951 3410 3007 nomine
3435 2953 3523 3009 in:

1935 3031 2123 3102 telligit
2157 3051 2173 3082 t
2220 3043 2470 3102 paternam
2522 3045 2577 3089 et
2631 3052 2879 3102 urceum,
2934 3039 3025 3109 qui
3053 3057 3192 3094 anax
3241 3041 3461 3107 dicitur,
3494 3063 3513 3096 ι

1933 3121 2130 3190 inquit,
2153 3139 2272 3192 qua:
2289 3140 2316 3178 a
2339 3125 2564 3181 nefariis
2584 3128 2910 3197 quibusdam
2937 3132 3284 3200 przndonibus
3308 3134 3522 3191 sublata

239 3226 524 3295 sanguinis
552 3229 817 3296 proﬂuvio
847 3231 1076 3288 liberata
1125 3245 1306 3290 erecta
1334 3213 1530 3301 fuerat.
1559 3255 1589 3293 a
1614 3241 1829 3308 gentili-
1857 3222 1899 3282 (ἶ
1934 3213 2146 3269 scribil‘
2200 3215 2268 3268 Et
2323 3231 2510 3308 ""3795
2551 3218 2842 3274 F0”"""u
2885 3221 2952 3276 de
3000 3222 3171 3278 calice
3214 3240 3347 3278 ⁰¹¹τ⁰
3384 3240 3521 3279 Cm“

239 3317 344 3370 bus
390 3319 720 3384 mutilatam,
752 3320 940 3377 ﬁdeles
971 3323 1024 3378 in
1054 3325 1394 3381 diaconicum
1444 3343 1541 3384 seu
1590 3342 1830 3385 secreta-

241 3404 387 3460 rium
437 3408 676 3465 basilicae
726 3412 1044 3480 intulerunt,
1097 3428 1496 3488 competentem
1537 3423 1588 3475 ei
1638 3439 1827 3477 curam

241 3504 406 3565 atque
433 3500 836 3556 observantiam
867 3503 1200 3562 deferentes.
1224 3508 1618 3581 Philostorgius
1639 3525 1832 3569 auctor

241 3587 295 3641 ia
331 3586 583 3644 Historia:
612 3590 706 3644 lib.
738 3607 834 3657 vn,
863 3595 930 3646 de
961 3595 1212 3653 leonibus
1253 3601 1426 3655 sacris
1451 3603 1503 3656 in
1529 3605 1829 3672 porticibus

238 3688 297 3732 ct
325 3680 376 3734 in
408 3680 757 3752 laquearibus
785 3686 1012 3756 depictis
1041 3698 1134 3742 aut
1159 3687 1366 3758 aﬂixis;
1393 3696 1546 3749 testis
1573 3682 1656 3751 est
1685 3697 1828 3751 idem

241 3771 504 3828 Paulinus
551 3775 606 3829 in
650 3778 984 3846 praelaudata
1015 3782 1276 3850 epistola;
1324 3786 1479 3839 testis
1507 3787 1637 3842 item
1666 3804 1829 3845 vene-

241 3865 431 3920 rabilis
458 3867 600 3922 Beda
633 3869 686 3924 in
715 3869 809 3925 lib.
840 3871 947 3926 tdc
977 3871 1098 3926 Vita
1129 3874 1338 3944 Bisc0pi
1369 3877 1582 3932 abbatis
1610 3882 1714 3943 sui,
1735 3881 1824 3936 ubi

241 3958 320 4010 ait
352 3956 642 4028 Biscopum
675 3961 845 4016 Roma
897 3964 1156 4020 detulisse
1201 3985 1218 4016 ι
1260 3968 1500 4036 picturas
1531 3971 1827 4040 imaginum

240 4057 582 4137 sanctarum,
610 4066 746 4120 quas
772 4053 840 4106 ad
870 4056 1173 4110 ornandam
1200 4059 1489 4112 ecclesiam
1516 4060 1663 4115 Beati
1680 4061 1827 4117 Petri

240 4139 469 4208 apostoli
495 4151 898 4208 construxerat,
935 4144 1226 4216 imaginem
1261 4148 1513 4203 videlicet
1537 4151 1711 4206 beata:
1735 4153 1827 4208 Dei

239 4236 525 4305 genitricis
547 4237 752 4305 Mariae,
778 4240 939 4294 simul
968 4241 1252 4297 duodecim
1282 4244 1684 4311 apostolorum;
1710 4246 1829 4316 qui-

237 4325 344 4384 bus
372 4328 604 4384 mediam
653 4331 893 4401 ejusdem
945 4333 1192 4390 ecclesia:
1233 4335 1575 4401 testudinem,
1609 4337 1770 4392 ducto
1799 4355 1829 4391 a

237 4420 452 4493 pariete
475 4422 543 4476 ad
574 4423 836 4492 parietem
869 4426 1136 4492 tabulato,
1186 4427 1563 4497 praecingeret.
1602 4449 1621 4482 ι
1656 4429 1710 4484 Si
1735 4445 1831 4483 au-

238 4515 356 4566 tem
386 4510 699 4581 reliquiaria
726 4513 870 4584 (qua:
902 4515 1178 4587 vocamus)
1221 4518 1517 4587 imaginum
1558 4518 1676 4574 loco
1698 4535 1827 4574 cen-

239 4613 486 4668 seantur,
519 4603 631 4658 haec
662 4605 1098 4660 reeondebantur
1127 4622 1192 4662 eo
1236 4617 1480 4678 tempore
1515 4611 1708 4665 subtus
1735 4621 1828 4666 aut

241 4690 384 4746 intra
418 4693 592 4763 ipsum
623 4694 830 4761 altare;
864 4697 1016 4766 cujus
1065 4698 1143 4752 rei
1191 4709 1506 4769 argumenta
1565 4701 1720 4755 retuli
1773 4703 1826 4756 in

240 4782 561 4852 praefatione
589 4786 768 4840 saeculi
805 4788 1049 4843 secundi.
1074 4788 1216 4860 Ergo
1239 4799 1298 4844 ut
1319 4791 1387 4845 ad
1411 4805 1626 4845 sensum
1659 4782 1826 4848 eano-

244 4875 328 4929 nis
355 4885 623 4942 revertar,
652 4893 774 4932 eum
829 4878 1120 4946 prohibent
1169 4879 1359 4937 Patres
1389 4896 1456 4936 ne
1485 4880 1824 4938 Eucharistia

249 4981 268 5014 ι
307 4965 360 5019 in
391 4965 717 5036 imaginario
749 4969 941 5024 ordine
979 4989 998 5022 ι
1032 4980 1282 5045 ponatur,
1313 4988 1528 5036 eorum
1557 4977 1826 5031 sententia

244 5069 364 5112 esse
392 5057 626 5122 videtur,
655 5069 712 5114 ut
735 5073 802 5113 ne
839 5060 893 5113 itt
919 5061 1270 5131 baptisteriis,
1299 5075 1392 5120 aut
1419 5065 1472 5116 in
1495 5068 1826 5132 secretariis,

1859 4573 1907 4631 D

1935 3309 2116 3356 stante
2145 3313 2293 3359 recte
2321 3305 2583 3372 explicari
2609 3318 2859 3378 possunt,
2883 3327 3006 3365 cum
3042 3314 3116 3367 ita
3145 3314 3289 3369 canit
3313 3314 3370 3372 Et:
3397 3331 3521 3371 car-

1932 3393 2078 3447 mine
2105 3395 2171 3448 de
2197 3405 2344 3451 turre
2377 3396 2576 3453 Felicis
2602 3399 2859 3470 episcopi.

2023 3551 2286 3628 Quanbene
2317 3557 2486 3628 juncta
2513 3556 2714 3618 decent,
2746 3561 2921 3628 sacrati
2946 3564 3003 3628 ut
3027 3565 3248 3621 corporls
3269 3563 3394 3628 Agvti

2121 3616 2434 3676 Margaritutu
2457 3621 2638 3678 ingens
2658 3616 2808 3668 sum
2834 3625 2956 3670 dona
2981 3616 3158 3672 ferant.

2020 3675 2206 3726 Cedant
2228 3675 2544 3739 chrysolithis
2566 3682 2838 3730 Salontnnia
2867 3698 2975 3732 vasa
3001 3686 3228 3736 metallis.

2115 3739 2220 3800 lpsa
2247 3741 2442 3802 placere
2466 3744 2618 3805 magis
2643 3756 2722 3791 ars
2741 3743 2852 3794 facit
2885 3754 3034 3808 atque
3062 3747 3202 3797 lides.

2001 3890 2249 3960 Denique
2284 3892 2338 3946 in
2383 3909 2483 3947 ms.
2516 3893 2999 3952 Sacramcutorum
3038 3898 3201 3964 libro,
3234 3903 3324 3970 qui
3353 3903 3404 3956 in
3435 3903 3522 3958 Bi-

1929 3979 2200 4035 bliotheca
2235 3982 2420 4038 Sancti
2449 3983 2772 4040 Theodorici
2815 4003 2983 4058 prope
3025 3989 3229 4047 Remos
3273 4009 3523 4050 asserva-

1931 4077 2042 4134 tur,
2073 4070 2335 4124 ehrismal
2375 4072 2540 4140 (quod
2568 4075 2852 4144 corporale
2892 4077 3177 4150 vocamus)
3223 4100 3241 4132 ‹
3278 4084 3524 4140 ministe-

1930 4162 2069 4214 rium
2099 4162 2345 4231 corporis
2395 4163 2598 4218 Christi
2649 4166 2899 4235 gerulum
2929 4189 2947 4219 ι
2977 4169 3281 4238 appellatur
3309 4173 3361 4227 in
3393 4190 3522 4229 ora-

1931 4254 2097 4317 tione,
2131 4270 2236 4324 qua
2285 4255 2338 4308 itt
2367 4271 2524 4310 usum
2573 4273 2790 4313 sacrum
2823 4259 3187 4317 benedieitur.
3219 4265 3294 4319 Ex
3325 4267 3522 4334 quibus

1930 4343 2175 4399 dubitare
2203 4344 2351 4410 licet,
2379 4344 2572 4413 utjam
2621 4347 2753 4410 dixi,
2801 4364 2868 4403 an
2911 4349 3193 4418 Paulinus,
3225 4354 3522 4426 Gregorius

1932 4443 1990 4488 et
2041 4433 2376 4492 Fortunatus
2431 4437 2488 4490 in
2545 4440 2819 4508 pnedictis
2869 4440 3001 4496 locis
3055 4444 3121 4498 de
3178 4445 3520 4503 Eucharistia

1933 4526 2244 4590 loquantur.
2281 4526 2398 4583 Non
2428 4530 2622 4584 desunt
2655 4541 2834 4586 tamen
2861 4535 3003 4603 apud
3026 4545 3237 4590 veteres
3269 4538 3358 4606 qui
3383 4537 3521 4592 Gre-

1934 4618 2068 4686 gorii
2111 4618 2286 4673 locum
2338 4620 2405 4674 de
2451 4621 2795 4676 Eucharistia
2851 4624 3140 4693 explicent.
3189 4626 3244 4680 In
3301 4629 3384 4681 his
3436 4637 3522 4682 est

1933 4716 2156 4762 sam-tus
2183 4708 2300 4764 Odo
2317 4709 2485 4764 abbas
2507 4710 2881 4767 Cluniacensis
2898 4713 2950 4766 in
2968 4713 3324 4770 Collatioaum
3344 4717 3437 4770 lib.
3454 4733 3518 4782 ιι,

1934 4816 2052 4869 cap.
2078 4799 2170 4865 52,
2219 4801 2306 4855 ubi
2335 4801 2446 4871 agit
2483 4803 2550 4856 de
2582 4803 2771 4858 infami
2818 4804 2910 4858 illo
2955 4806 3181 4860 diacono
3213 4810 3352 4879 apud
3383 4807 3521 4863 Grc-

1933 4891 2142 4959 gorium
2170 4900 2486 4954 memorato,
2522 4911 2540 4942 ι
2575 4894 2667 4962 qui
2708 4895 2835 4948 dum
2866 4911 3084 4965 capsam
3138 4915 3258 4954 cum
3291 4915 3522 4970 corpore

1935 4979 2147 5034 Domini
2177 4982 2435 5045 deferret,
2455 4981 2519 5036 de
2537 4984 2791 5040 manibus
2813 4985 2996 5056 elapsa
3021 4997 3123 5053 est,
3142 5002 3192 5045 et
3219 5005 3313 5063 per
3333 5005 3517 5045 aerem

1937 5087 2100 5141 super
2121 5075 2294 5131 altare
2317 5089 2555 5129 reversa.
2597 5094 2615 5128 ι
2645 5078 2724 5132 Ad
2775 5079 2911 5144 hzec,
2959 5079 3010 5134 in
3047 5081 3344 5146 chrismali.
3382 5086 3530 5153 quod
