4020 5364
522 331 666 390 1255
1592 330 1934 386 ΑΡΡΕΝΟΙΧ
1979 331 2069 383 Al)

2211 332 2334 386 ΕΒΑ
2386 335 2762 395 ιΗΞΜΒΕΙΠῚ.
3655 342 3795 398 lilii

524 464 638 506 rem
663 457 868 520 gestam
903 447 1066 502 refert
1099 449 1150 501 in
1183 449 1512 502 monasterio
1543 446 1868 504 llcomaensi
1904 469 1921 501 ι
1963 459 2099 502 tem-
2135 457 2177 511 Α
2212 470 2490 524 nunquam
2521 458 2686 512 etiam
2721 459 2942 530 lapillis,
2986 476 3146 530 quem
3196 473 3344 516 certe
3386 462 3608 517 modum
3648 477 3795 533 prm-

523 557 655 610 pore
699 541 1032 594 venerabilis
1081 537 1342 594 Willelmi
1403 541 1615 596 abbatis
1671 560 1689 593 ι
1735 542 1835 596 sub
1891 543 2106 596 initium

523 631 777 685 videlicet
803 631 986 684 surculi
1018 646 1092 695 χι,
1124 646 1317 700 nempe
1341 647 1460 684 cum
1491 651 1507 684 ι
1544 633 1850 687 incendium
1878 632 2112 687 circum-

516 722 751 792 jacentia
787 724 1100 777 monasterii
1134 724 1836 793 sdepopularetur,fratres
1863 729 2108 797 ejusdem

521 814 625 869 loci
676 833 696 866 ι
749 815 1080 882 accipientes
1139 815 1432 869 chrismale
1486 827 1650 870 conto
1702 817 2042 886 imposittun,
2086 839 2103 871 ι

519 905 765 962 elevasse
793 905 926 960 illud
957 924 974 957 ι
1013 914 1202 960 contra
1255 906 1493 961 incendii
1547 906 1798 961 ﬂammas
1848 908 1964 962 dire
2013 908 2109 962 lla-
2149 916 2153 921 '

519 1005 760 1066 grantes.
809 993 1007 1050 Statim
1049 1010 1200 1060 vero,
1255 995 1450 1065 inquit,
1507 997 1647 1051 idem
1694 997 1834 1067 ignis
1882 999 1933 1052 in
1987 1013 2109 1053 sese

521 1099 867 1156 retorquens,
894 1087 1117 1140 minime
1135 1087 1367 1156 amplius
1387 1103 1547 1157 quam
1577 1088 1848 1142 invaserat
1867 1088 2108 1158 arripere

520 1179 712 1232 valuit.
737 1199 751 1231 ι
777 1177 1111 1232 Tumsubdit
1140 1179 1192 1232 id
1219 1180 1362 1248 quod
1393 1179 1460 1234 ad
1488 1181 1825 1249 propositum
1854 1191 2102 1234 nostrum

524 1269 673 1322 facit.
707 1287 725 1320 ι
762 1268 927 1323 Bonis
986 1278 1167 1324 tamen
1211 1270 1300 1324 ille
1343 1270 1657 1326 Dominicus
1711 1287 1843 1326 aura
1869 1271 2031 1327 ﬂante
2075 1289 2103 1326 a

522 1360 742 1414 contnlo
771 1360 1008 1429 elapsus,
1042 1360 1162 1429 plus
1203 1360 1382 1416 minus
1424 1360 1636 1416 duobus
1673 1362 1942 1417 milliariis
1977 1361 2106 1418 avo-

523 1449 848 1519 lavitusqne
873 1451 937 1504 ad
970 1451 1152 1504 villam
1191 1451 1278 1505 cui
1329 1451 1582 1522 Tivalgas
1628 1453 1949 1508 vocabulum
1998 1465 2102 1520 est,

522 1543 709 1612 ibique
750 1558 915 1612 super
962 1543 1180 1598 domum
1223 1544 1503 1614 cujusdam
1529 1546 1754 1602 veniens
1781 1547 1943 1602 sedit.
1986 1546 2104 1614 Quo

520 1642 863 1704 prosecutus,
887 1634 953 1687 ad
977 1636 1368 1690 monasterium
1399 1637 1684 1706 dignanter
1705 1646 1788 1692 cst
1819 1639 2052 1693 delattts.
2080 1658 2097 1690 ι

522 1726 658 1781 Hinc
688 1737 834 1796 patet
879 1727 1276 1782 Eucharistiam
1308 1728 1359 1781 in
1394 1730 1674 1784 ehrismali
1709 1745 1801 1785 seu
1833 1731 2098 1801 corporali

2215 547 2458 603 scribere
2489 549 2705 603 videtur
2747 552 3031 604 concilium
3073 551 3410 608 Turonense.
3453 552 3570 607 Non
3613 565 3797 608 tamen

2216 639 2421 692 recedit
2467 655 2494 692 a
2546 648 2724 693 mente
2763 642 2978 696 concilii
3023 659 3139 698 mos
3174 646 3435 699 hactenus
3463 646 3702 699 usitatus
3748 645 3798 695 in

2213 729 2486 782 nonnullis
2515 731 2784 795 ecclesiis,
2834 732 2886 785 in
2916 735 3111 802 quibus
3135 750 3164 788 e
3196 735 3379 805 stipite
3409 737 3593 791 crucis
3632 752 3797 806 super

2211 819 2384 874 altare
2420 823 2471 874 in
2503 821 2671 876 altum
2707 823 2898 878 defixa:
2931 827 3247 894 producitur
3275 828 3704 882 instrumentum
3731 825 3794 878 ad

2212 913 2448 965 medium
2493 913 2688 968 altaris
2723 930 3033 984 porrectum
3083 927 3135 971 et
3169 918 3531 983 incurvatum,
3573 932 3643 972 ex
3691 930 3798 988 quo

2211 1001 2392 1056 divina
2422 1002 2766 1058 Eucharistia
2798 1005 2849 1058 in
2879 1005 3098 1060 vasculo
3132 1006 3347 1076 pendet.

2283 1092 2407 1147 llatc
2437 1104 2566 1148 sunt
2595 1111 2714 1164 qua:
2755 1111 2854 1164 pro
2888 1097 3237 1167 intelligentia
3267 1096 3512 1167 przedicti
3565 1093 3800 1150 canonis

2212 1183 2349 1237 mihi
2384 1195 2651 1238 venerunt
2685 1187 2735 1239 in
2769 1197 3030 1254 mentem,
3065 1189 3246 1243 nescio
3269 1204 3335 1242 an
3367 1188 3630 1243 studiosis
3656 1203 3798 1242 non-

2210 1274 2346 1328 nihil
2378 1275 2666 1344 prol'ntura
2691 1293 2812 1346 qua:
2827 1279 2970 1333 dicta
3001 1291 3126 1334 sunt
3149 1279 3437 1336 occasione
3463 1281 3800 1344 hostiarum,

2209 1379 2347 1434 quas
2379 1365 2637 1422 exhibent
2668 1376 2880 1423 veteres
2910 1380 3159 1423 monetm.

2381 1498 2696 1571 Explicatur
2726 1519 2892 1556 canon
2921 1502 2954 1556 6
2983 1503 3194 1557 concilii
3222 1519 3311 1558 ιιι
3352 1504 3616 1560 Toletani.

2277 1633 2437 1688 Aliud
2489 1642 2870 1707 argumentum
2925 1651 3022 1706 pro
3077 1637 3246 1692 veteri
3303 1653 3401 1694 usu
3467 1652 3797 1710 azymorum

2207 1726 2346 1794 apud
2377 1725 2601 1780 Latinos
2634 1725 2761 1780 inde
2799 1729 3036 1780 sumitur
3065 1728 3207 1798 quod
3239 1729 3448 1799 antiqui
3477 1727 3676 1782 Patres
3699 1727 3803 1780 Ec-

522 1817 613 1871 illo
636 1816 924 1888 (quodadc
955 1817 1235 1872 sinistrum
1257 1833 1425 1873 cornu
1453 1819 1641 1874 altaris
1662 1835 1876 1890 semper
1892 1821 2097 1891 jacere,
2138 1805 2178 1862 Β
2209 1815 2390 1869 οιιεεὶω
2443 1813 2649 1869 Latium
2695 1816 2988 1870 utebantur
3036 1833 3175 1887 pane
3221 1818 3462 1872 studiose
3517 1817 3798 1878 confecto.

519 1901 670 1964 ntNazl
699 1926 917 1964 mamtm
948 1910 1118 1980 possit
1141 1925 1263 1965 esse
1291 1919 1480 1965 contra
1530 1911 1834 1980 periculum
1876 1913 2036 1983 ignis,
2078 1931 2094 1964 ι

520 2002 686 2056 tradit
709 2000 998 2057 Udalricus
1031 2003 1084 2056 in
1136 2002 1604 2057 Cousuetudinum
1656 2003 2099 2058 Cluniacensium

519 2091 613 2146 lib.
647 2107 856 2161 n,cap.
896 2092 990 2163 δυ)
1035 2092 1306 2162 aliquibus
1356 2092 1550 2147 saltem
1601 2093 1653 2147 in
1700 2092 1834 2148 locis
1887 2093 2102 2150 Eucha-

521 2183 733 2236 ristiam
779 2184 1070 2252 repositam
1119 2181 1308 2238 fuisse.
1353 2183 1534 2250 Quare
1584 2185 1720 2239 nihil
1769 2193 1918 2240 velat
1945 2185 2097 2254 quin,

526 2291 549 2324 ι
590 2273 878 2328 ministerii
910 2274 1175 2328 Dominici
1220 2275 1467 2344 corporis
1502 2295 1520 2328 ι
1559 2275 1800 2341 nomine,
1835 2276 2101 2346 intelliga-

522 2383 644 2422 mus
671 2367 1057 2437 supelleetilem
1089 2375 1143 2422 et
1173 2382 1303 2422 vasa
1357 2382 1535 2433 sacra,
1591 2368 1643 2422 in
1693 2369 1891 2440 quibus
1931 2367 2098 2423 etiam

517 2457 860 2516 Eucharistia
909 2459 1249 2525 servabatur,
1295 2457 1375 2512 vel
1431 2458 1484 2512 ln
1531 2451 1848 2526 secretario,
1906 2458 1992 2514 vel
2046 2458 2099 2513 in

514 2549 859 2622 'baptisterio,
891 2548 974 2604 vel
1001 2564 1165 2618 super
1186 2548 1360 2603 altare
1391 2564 1409 2598 ι
1440 2547 1539 2602 sub
1565 2547 1721 2602 titulo
1745 2549 1946 2604 crucis.
1981 2567 1997 2600 ι

527 2655 540 2661 ‘
591 2638 706 2695 Non
740 2651 918 2695 tamen
939 2639 1414 2709 prtetermittenda
1443 2647 1527 2692 est
1552 2639 1656 2692 alia
1685 2638 1845 2707 hujus
1871 2640 2100 2695 canonis

515 2733 706 2798 lectio,
738 2733 826 2786 ubi
875 2747 972 2801 pro
997 2751 1021 2783 -ι
1062 2732 1116 2784 in
1146 2730 1468 2800 imaginario
1515 2730 1709 2785 ordine
1747 2749 1765 2783 ι
1817 2731 2098 2797 scribitur,

525 2841 545 2875 ι
586 2825 640 2878 in
662 2825 921 2887 armario,
949 2822 1032 2877 vel
1049 2823 1110 2877 in
1143 2821 1466 2892 imaginario
1489 2823 1702 2876 ordine.
1731 2821 2042 2878 Armarium
2075 2843 2092 2875 ι

510 2911 861 2985 glossematis
893 2913 1013 2968 vice
1064 2912 1305 2967 additum
1350 2912 1626 2977 existimo,
1674 2927 1779 2966 non
1833 2912 1901 2967 ad
1954 2912 2098 2967 desi-

517 3005 731 3074 gnanda
767 3003 1117 3058 tabernacula
1143 3013 1329 3058 nostra
1361 3004 1688 3066 recentiora,
1718 3003 1812 3058 sed
1840 3003 1906 3058 ad
1931 3004 2101 3074 expli-

517 3097 749 3149 eandnm
781 3115 800 3146 ι
839 3095 1218 3166 imaginarium
1262 3094 1531 3148 ordinem.
1577 3114 1596 3146 ι
1641 3093 1775 3148 Nam
1832 3095 2100 3165 imagines

2207 1903 2435 1957 candieo
2465 1917 2627 1972 supra
2682 1919 3052 1969 connnuuem,
3109 1907 3339 1959 rotundo
3377 1923 3441 1960 ac
3470 1906 3644 1968 tenui,
3690 1923 3796 1959 ιιοτι

2207 1995 2385 2062 spisso
2416 2008 2591 2062 neque
2623 1995 2820 2049 denso.
2872 1994 3002 2062 Quae
3043 2011 3236 2051 omnes
3271 1997 3800 2051 simulconditioncs

2208 2101 2402 2155 azymo
2431 2087 2556 2154 pani
2605 2087 2778 2155 magis
2808 2087 3081 2157 quadrant
3127 2104 3287 2158 quam
3318 2089 3672 2151 fermentata,
3703 2090 3796 2158 qui

2207 2177 2425 2231 inﬂatus
2473 2192 2537 2232 ac
2588 2177 2792 2232 densus
2841 2193 2964 2233 esse
3012 2178 3168 2234 solet.
3213 2179 3389 2234 Porro
3449 2180 3548 2234 has
3598 2195 3796 2235 omnes

2203 2270 2554 2327 eucharistici
2599 2271 2754 2341 panis
2795 2271 3229 2328 circumstantias
3261 2275 3428 2345 exigit
3452 2275 3676 2330 concilii
3709 2291 3794 2328 ιιι

2205 2361 2453 2418 Toletani
2498 2379 2673 2418 canon
2705 2373 2910 2426 sextus,
2935 2364 2999 2435 _in
3052 2380 3159 2434 quo
3200 2361 3412 2430 Patres,
3447 2367 3798 2436 reprehensis

2206 2454 2582 2509 sacerdotibus
2613 2454 2886 2509 nonnullis
2911 2455 3000 2523 qui
3019 2471 3210 2526 panem
3240 2475 3257 2507 ι
3299 2456 3486 2511 usibus
3512 2457 3628 2510 suis
3659 2473 3796 2527 pra:-

2205 2553 2452 2614 paratum
2509 2563 2526 2596 ι
2579 2545 2630 2598 in
2695 2545 3020 2600 sacriﬁcium
3081 2547 3437 2611 adhibebant,
3488 2548 3798 2602 decernunt

2209 2653 2225 2687 ι
2263 2650 2454 2704 panem
2480 2635 2710 2689 nonnisi
2743 2637 3008 2707 integrant
3032 2646 3087 2692 et
3118 2638 3366 2700 nitidum,
3391 2639 3482 2707 qui
3508 2653 3575 2692 ex
3613 2639 3794 2692 studio

2207 2727 2370 2781 fuerit
2402 2736 2758 2796 praeparatus,
2789 2743 2961 2796 neque
2985 2729 3188 2800 grande
3229 2730 3454 2799 aliquid,
3483 2729 3584 2784 sed
3618 2732 3792 2784 modi-

2204 2834 2323 2873 cam
2350 2828 2556 2872 tautum
2585 2819 2818 2872 oblatam
2851 2842 2869 2872 ι
2901 2836 3001 2890 pro
3031 2821 3198 2876 veteri
3244 2821 3642 2876 consuetudine
3665 2820 3796 2874 olle.

2207 2910 2429 2964 rendam
2481 2925 2622 2964 esse.
2685 2909 2742 2964 Si
2790 2926 2920 2980 ergo
2967 2911 3197 2980 probare
3241 2922 3469 2982 potuero
3524 2927 3794 2966 canoncm

2206 2999 2366 3054 istum
2401 3014 2508 3053 non
2535 2999 2601 3054 de
2625 2999 2972 3065 fermentato,
2991 3009 3047 3055 ut
3067 3001 3272 3057 Jacobo
3295 3002 3595 3058 Sirmundo
3617 3003 3795 3057 visum

2204 3100 2307 3156 est,
2338 3093 2432 3146 sed
2456 3092 2522 3146 de
2549 3106 2740 3161 azymo
2768 3106 2907 3160 pane
2933 3091 3151 3164 intell-‘gi
3185 3102 3456 3162 oportere,
3498 3106 3666 3146 nemo
3690 3107 3794 3145 non

517 3187 582 3239 ad
607 3187 846 3256 parietes
873 3162 1134 3240 altaribus
1164 3185 1474 3255 adjacentes
1499 3185 1732 3255 appendi
1778 3193 1833 3240 et
1883 3162 2099 3256 depingi
2131 3162 2174 3220 Ο
2209 3184 2466 3238 concedet
2509 3184 2706 3237 szcculo
2755 3185 3000 3252 septimo,
3049 3162 3158 3254 quo
3212 3186 3492 3240 desinente
3545 3185 3794 3239 habitum

519 3279 791 3343 solebant,
821 3279 1004 3347 ibique
1031 3280 1097 3332 ad
1122 3277 1266 3332 latus
1289 3278 1569 3348 Evangelii
1593 3295 1689 3334 seu
1719 3279 1784 3332 ad
1817 3278 2103 3349 aquilona-

518 3383 634 3421 rem
656 3377 867 3438 partem
892 3367 1236 3422 habebantur
1261 3368 1587 3438 quibusdam
1611 3369 1663 3423 in
1689 3368 1822 3423 locis
1843 3368 2101 3436 armaria,

518 3461 574 3513 in
600 3460 802 3531 quibus
829 3459 1237 3514 sanctissimum
1256 3471 1662 3516 sacramentum
1689 3461 2100 3516 recondebatur.

514 3551 586 3606 Et
627 3551 846 3622 quidem
885 3566 1002 3605 mos
1043 3551 1148 3605 iste
1189 3551 1455 3606 hactenus
1507 3560 1819 3622 perseverat
1875 3551 1929 3604 in
1981 3551 2103 3620 qui-

515 3645 746 3699 busdam
794 3642 1061 3707 eeclesiis,
1095 3652 1220 3712 puta
1262 3641 1450 3696 Roma:
1503 3642 1556 3696 in
1605 3641 1838 3696 ecclesia
1886 3642 2102 3696 Sancta:

505 3735 704 3791 Crucis
732 3735 786 3790 in
807 3732 1163 3800 lliernsalem,
1189 3735 1241 3787 in
1267 3732 1561 3789 Gallicanis
1583 3733 1876 3798 nonnullis,
1910 3741 1968 3786 ut
1999 3732 2098 3786 Pa.

512 3841 659 3880 ronae
696 3826 750 3880 in
782 3824 1078 3895 parochiali
1106 3823 1334 3879 ecclesia
1363 3822 1549 3879 Sancti
1579 3823 1803 3879 Joannis
1819 3815 2098 3893 Baptistae,

507 3927 569 3984 et
598 3925 724 3971 ante
769 3933 945 3972 annos
974 3916 1162 3971 decem
1209 3916 1263 3969 in
1311 3915 1536 3970 basilica
1588 3915 1887 3982 Furseana,
1935 3924 2099 3983 atque

514 4023 567 4061 ιιι
601 4006 830 4076 Belgicis
852 4005 1155 4076 plerisque.
1209 4004 1366 4060 l-lunc
1397 4021 1552 4060 usum
1585 4005 1851 4074 abrogare
1881 4005 2100 4060 videtur

513 4113 688 4166 canon
739 4097 1108 4163 Turonensis,
1145 4095 1535 4151 deliuientibus
1569 4095 1853 4162 Pati-ibus,
1892 4106 1952 4150 ut
1986 4095 2092 4154 Eu-

512 4189 771 4251 charistia
827 4204 990 4258 super
1037 4189 1210 4244 altare
1261 4197 1679 4259 componeretur
1719 4205 1739 4240 ι
1787 4189 1888 4246 sub
1937 4187 2096 4244 titulo

509 4280 710 4352 erucis.
747 4297 766 4329 ι

587 4368 711 4423 ιιωε
751 4378 835 4424 est
875 4370 981 4423 alia
1024 4370 1314 4426 dillicultas
1345 4386 1467 4440 qua:
1517 4372 1679 4427 modo
1730 4371 2093 4426 examinanda

509 4465 615 4536 est,
647 4472 757 4529 quo
781 4468 940 4528 pacto
972 4458 1183 4513 scilicet
1213 4474 1355 4529 sape
1383 4460 1561 4514 dictus
1607 4475 1782 4516 canon
1810 4461 2095 4529 prmcipiat

2206 3285 2286 3330 est
2311 3277 2618 3338 concilium.
2667 3293 2785 3331 eam
2820 3277 2986 3332 fuisse
3037 3277 3470 3348 llispanieusium
3502 3278 3795 3348 episcOpo-

2206 3383 2326 3422 rum
2364 3368 2810 3438 persuasionem,
2867 3367 3114 3422 Latinum
3164 3367 3461 3423 Eeclesiam
3508 3382 3794 3436 nunquam

2205 3457 2368 3512 alium
2402 3470 2596 3526 panem
2633 3471 2795 3526 quam
2829 3473 3080 3529 azymum
3119 3458 3172 3513 in
3213 3474 3326 3514 rem
3361 3472 3578 3513 sacram
3621 3459 3799 3512 admi-

2203 3549 2356 3602 sisse.

2273 3639 2387 3709 Age
2436 3656 2564 3694 vero
2585 3639 2698 3708 jam
2728 3641 3007 3695 videamus
3036 3656 3106 3694 an
3141 3640 3206 3696 de
3235 3640 3339 3694 alio
3364 3654 3503 3710 pane
3527 3656 3696 3710 quam
3731 3641 3799 3694 de

2204 3745 2395 3801 azymo
2417 3732 2587 3801 possit
2617 3731 2880 3801 explicari
2917 3748 3094 3799 canon
3127 3733 3250 3796 iste,
3301 3748 3462 3802 quem
3513 3733 3794 3804 integrum

2202 3820 2292 3874 hic
2317 3821 2645 3890 praemittere
2666 3821 2840 3886 juvat.
2871 3841 2889 3873 ι
2926 3824 3006 3878 Ad
3032 3835 3331 3878 conventus
3353 3825 3524 3878 nostri
3558 3826 3798 3896 agnitio-

2203 3927 2325 3965 nem
2356 3911 2589 3966 delatum
2637 3922 2724 3967 est
2769 3913 2909 3981 quod
2941 3914 2994 3967 in
3034 3915 3355 3984 quibusdam
3403 3914 3794 3976 Hispaniarum

2199 4001 2448 4070 partibus
2477 4001 2696 4070 quidam
2741 4003 3081 4057 sacerdotum
3139 4020 3243 4058 non
3278 4019 3444 4074 panes
3473 4005 3714 4060 mundos
3739 4015 3796 4059 et

2200 4097 2379 4152 studio
2407 4107 2744 4166 praeparatos
2785 4111 2947 4166 supra
2977 4112 3218 4152 mensam
3257 4097 3467 4151 Domini
3497 4097 3551 4151 in
3576 4097 3792 4152 sacriﬁ-

2199 4188 2285 4245 cio
2307 4187 2559 4254 offerant,
2592 4189 2684 4243 sed
2713 4188 2780 4243 de
2805 4188 3034 4258 panibus
3063 4189 3178 4243 suis
3234 4189 3417 4243 usibus
3463 4190 3794 4258 praeparatis

2199 4278 2493 4335 crustulam
2524 4279 2576 4333 in
2606 4279 2994 4334 rotunditatem
3040 4278 3312 4341 auferant,
3361 4293 3596 4348 eamque
3623 4292 3794 4348 super

2200 4371 2368 4426 altare
2388 4387 2510 4424 cum
2531 4370 2654 4424 vino
2674 4378 2730 4424 et
2759 4384 2899 4440 aqua
2923 4383 3019 4439 pro
3049 4383 3206 4424 sacro
3245 4368 3501 4424 libamine
3519 4367 3784 4423 offerant.

2202 4462 2354 4530 Quod
2382 4461 2583 4516 factum
2610 4475 2948 4531 nequaquam
2977 4462 3028 4515 in
3057 4475 3225 4515 sacra:
3249 4455 3594 4516 auctoritatis
3615 4461 3796 4516 histo-

509 4531 574 4603 t.t
659 4522 1001 4602 Eucharistia
1051 4547 1106 4602 in
1150 4522 1308 4602 altari
1338 4550 1438 4603 sub
1470 4548 1632 4604 titulo
1657 4522 1838 4604 crucis
1865 4522 2089 4620 com-po-
2118 4522 2173 4582 ’Β
2203 4522 2280 4610 ἦα
2303 4553 2514 4625 gestum
2533 4522 2902 4623 perpenditur.
2924 4550 3075 4607 Unde
3103 4552 3155 4606 id
3179 4552 3558 4607 unauimitatis
3585 4564 3793 4606 nostra

507 4649 692 4696 ttatur.
724 4658 744 4694 ι
773 4640 984 4696 'l‘itnlus
1010 4642 1193 4696 erucis
1229 4641 1499 4710 signiﬁcat
1529 4656 1748 4697 crucem
1779 4643 1948 4712 ipsam
1973 4659 2094 4712 qua:

507 4743 672 4801 super
699 4729 873 4785 altare
901 4731 1138 4800 pemlerc
1168 4732 1400 4796 solebat,
1431 4742 1668 4787 testante
1697 4731 1964 4803 Gregorio
1977 4734 2091 4804 jam

503 4820 730 4874 laudato
782 4821 837 4874 in
884 4821 977 4875 lib.
1013 4837 1050 4875 ιι
1083 4823 1149 4876 de
1186 4822 1467 4878 miraculis
1500 4823 1676 4878 sancti
1705 4821 1934 4890 Juliani,
1965 4842 2089 4896 cap.

501 4911 620 4966 43:
661 4911 1001 4977 «Pendebat,
1053 4913 1248 4982 inquit,
1293 4927 1456 4983 super
1505 4915 1680 4984 ipsum
1733 4914 1902 4970 altare
1953 4931 2087 4974 crux

509 5002 834 5076 ltolochrysa
880 5003 1112 5075 eleganti
1142 5020 1307 5074 opere
1337 5007 1502 5060 facta.
1542 5025 1560 5058 ι
1609 5009 1678 5061 At
1717 5023 1825 5076 quo
1857 5008 1908 5061 in
1942 5007 2085 5073 loco,

508 5107 689 5162 quove
734 5097 894 5150 modo
947 5111 1082 5152 crux
1131 5111 1298 5166 super
1351 5099 1524 5155 altare
1575 5101 1860 5169 penderet,
1907 5102 2086 5157 adhuc

506 5184 801 5226 ulmmrrnm
835 5199 912 5228 net
981 5189 1245 5230 ﬂnnnirnn
1298 5205 1479 5230 nnnren
1523 5192 1758 5232 nratimn
1807 5202 1889 5232 ne!
1943 5195 2084 5234 enim

2192 4649 2390 4719 delegit
2416 4655 2716 4703 conventus
2740 4655 2798 4699 ut
2827 4662 2932 4700 non
2975 4645 3131 4700 aliter
3159 4647 3314 4716 panis
3356 4647 3408 4700 in
3462 4646 3624 4701 altari
3677 4647 3787 4702 Do-

2192 4741 2324 4795 mini
2366 4737 2686 4794 sacerdotali
2727 4736 3103 4792 benedictione
3136 4737 3558 4792 sanetillcandus
3586 4753 3789 4808 propo-

2193 4838 2374 4894 natur,
2428 4829 2532 4882 nisi
2581 4827 2793 4897 integer
2821 4827 3126 4895 etHnitidus,
3164 4827 3253 4896 qui
3295 4842 3359 4882 ex
3411 4829 3595 4882 studio
3621 4829 3791 4884 fuerit

2197 4930 2532 4990 pra'paratus
2557 4937 2574 4971 :
2611 4932 2785 4986 neque
2812 4918 3016 4987 grande
3044 4918 3263 4987 aliquid,
3294 4918 3386 4973 sed
3420 4920 3639 4975 modica
3666 4931 3791 4977 tan.

2199 5025 2311 5066 tum
2331 5010 2848 5076 oblata,secundum
2877 5011 3019 5078 quod
3041 5010 3412 5065 ecclesiastica
3442 5016 3790 5074 consuetudo

2197 5113 2451 5161 retentat.
2483 5122 2500 5155 ι

2262 5194 2456 5234 Πιιιηίιι
2481 5193 2787 5234 -ιιέ-ιῖουῖἰιδίει
2820 5195 3038 5234 divinam:
3067 5196 3318 5234 vialonlnr
3382 5206 3436 5234 nt
3470 5213 3654 5232 nonan
3687 5199 3788 5234 ἴση»
