4064 5394
211 208 354 267 1Ξ57

1191 190 1582 261 montes“
1611 160 2150 269 bisoUIsmoLos
2188 174 2447 256 anno.

3347 196 3486 260 i357.

210 338 406 399 azymo
447 321 866 406 conveniebant,
912 330 971 378 ut
996 330 1182 392 postea
1214 320 1618 376 demonstrabo.
1655 317 1804 374 Prae-
1829 320 1878 378 A
1905 332 2099 389 panem
2129 318 2415 373 candidum
2443 332 2554 389 prrc
2580 319 2885 389 communi,
2916 333 3023 377 non
3065 327 3327 391 repugno,
3364 322 3508 380 nam“

211 426 365 471 terea
407 416 550 487 quod
595 430 660 470 ex
709 412 967 485 epusculo
1006 412 1279 468 Eldel‘unsi
1334 412 1572 483 episcopi
1616 410 1797 479 perfe-

211 518 364 562 ctum
405 507 506 571 sit,
547 508 796 562 eumdem
851 522 1007 561 usum
1052 520 1194 560 anno
1238 502 1344 561 845
1390 506 1624 576 viguisse
1658 504 1803 576 apud

212 595 506 667 Hispanos.
1030 596 1035 599 ’

286 688 350 741 At
378 703 485 743 non
508 687 687 743 minus
714 687 898 743 favent
921 690 1087 743 verba
1118 681 1232 758 ipsa
1259 682 1496 742 concilii.
1520 682 1577 742 In
1605 683 1805 757 primis

213 778 486 848 siquidem
526 780 683 850 panis
731 779 1150 845 eucbaristicus,
1189 787 1251 834 ut
1298 787 1464 848 patet,
1501 779 1641 833 alius
1690 789 1801 835 tum

213 869 288 924 ab
310 884 374 924 eo
409 883 533 925 esse
563 869 796 925 debebat
831 871 923 940 qui
954 869 1139 924 usibus
1164 884 1365 924 mensa!
1393 870 1696 926 communis
1715 883 1805 941 pa-

213 970 371 1016 ratus
394 968 538 1025 erat,
570 959 735 1026 alius,
766 961 1010 1029 inquam,
1037 960 1105 1015 ab
1131 962 1350 1015 usitato.
1377 961 1493 1027 Qua
1526 961 1690 1029 igitur
1719 975 1804 1016 ra.

213 1053 364 1109 tione
412 1052 736 1109 Sirmundus
786 1052 950 1108 infert
985 1067 1055 1108 ex
1099 1054 1427 1118 Ambrosio,
1470 1053 1563 1124 qui
1605 1068 1802 1122 panem

213 1145 641 1201 eucharisticum
676 1147 928 1200 usitatum
960 1154 1137 1207 vocat,
1166 1160 1288 1200 eum
1315 1145 1479 1200 luisse
1508 1145 1804 1200 fermenta-

214 1244 334 1293 tum
383 1238 572 1295 eadem
626 1253 844 1310 quoque
905 1253 1005 1311 ego
1061 1239 1234 1294 infero
1274 1238 1463 1294 Patres
1511 1236 1803 1293 Toletanos

213 1332 501 1387 censuisse
529 1347 721 1401 panem
756 1348 969 1387 sacrum
991 1332 1157 1386 alium
1179 1346 1299 1386 esse
1320 1340 1571 1401 oportere
1602 1331 1668 1384 ab
1694 1330 1806 1384 usi-

215 1427 358 1487 tato,
390 1421 446 1477 id
489 1430 574 1476 est
622 1438 654 1477 a
696 1422 1045 1478 fermentato.
1094 1421 1461 1493 Expendenda
1511 1429 1635 1476 sunt
1688 1416 1805 1475 Sir-

213 1512 405 1568 mundi
434 1513 621 1585 verba,
653 1514 745 1583 qui
785 1514 956 1569 relato
980 1513 1254 1569 Ambrosii
1285 1513 1597 1568 testimonio
1615 1527 1682 1567 ex
1706 1511 1803 1566 lib.

212 1619 298 1669 av,
325 1605 393 1659 de
435 1602 811 1660 Sacrumentis
831 1620 955 1675 cap.
996 1604 1055 1669 4,
1102 1606 1193 1660 ubi
1222 1604 1421 1659 dicitur
1450 1622 1463 1658 :
1499 1622 1519 1656 ι
1553 1603 1632 1657 Τιι
1665 1602 1804 1657 forte

1902 416 1958 462 et
2005 407 2107 463 hoc
2154 408 2337 478 potius
2381 424 2574 480 azyino
2618 410 2873 466 convenit
2922 425 3086 481 quam
3140 404 3490 469 fermentata.

1908 494 2193 556 Udalricus
2222 499 2274 553 in
2304 499 2397 553 lib.
2428 510 2487 554 ιιι
2521 498 2987 556 Consuetudinum
3016 497 3482 571 Cluniacensium,

1902 595 2025 658 c'ap.
2060 587 2150 654 i3,
2175 602 2340 659 agens
2371 590 2439 644 de
2481 588 2819 646 confectione
2860 588 3157 647 hostiarum
3188 595 3485 649 secundum

1902 688 2111 735 morem
2142 681 2458 736 monasterii
2484 682 2602 737 sui:
2660 696 2678 731 ι
2713 681 3111 755 Consperguut,
3137 683 3334 756 inquit,
3361 702 3486 743 cum

1903 785 2044 841 aqua
2073 770 2292 843 frigida,
2323 773 2451 842 quia
2477 774 2604 829 inde
2634 772 2768 828 fiunt
2793 775 2985 831 bestia:
3006 779 3374 847 candidiores,
3393 780 3488 852 qui

1903 862 2044 919 ritus
2072 867 2280 919 servari
2311 880 2416 921 non
2445 874 2625 935 potest
2654 866 2706 921 iu
2738 878 2876 937 pane
2905 864 3258 935 fermentato,
3289 874 3355 927 ad
3385 889 3486 929 cu-

1897 950 1986 1019 jus
2014 952 2411 1008 coufectionem
2442 964 2582 1023 aqua
2611 956 2785 1011 calida
2836 960 3141 1014 necessaria
3169 967 3271 1017 est.
3325 961 3490 1018 Panis

1902 1040 2169 1109 ejusmodi
2201 1042 2357 1098 nitidi
2383 1041 2629 1098 meminit
2674 1041 2816 1101 Beda
2851 1042 3104 1105 Historiae
3130 1049 3226 1105 lib.
3253 1065 3318 1117 ιι,
3367 1068 3490 1124 cap.

1902 1132 1956 1187 5.
1991 1129 2123 1188 Nam
2154 1134 2364 1189 Seberti
2409 1135 2703 1190 Chri-timi
2753 1138 2894 1208 regis
2934 1139 3280 1198 orientalium
3312 1142 3488 1200 Saxo-

1903 1241 2031 1280 num
2079 1223 2171 1279 ﬁlii
2219 1234 2329 1281 tres
2357 1226 2685 1291 idololatne,
2743 1240 2865 1284 cuin
2903 1232 3150 1288 vilerent
3179 1233 3488 1305 pontiﬁcem

1902 1310 2167 1371 Mellitum
2202 1310 2493 1372 celebratis
2520 1312 2572 1371 in
2623 1313 2861 1374 Ecclesia
2892 1316 3179 1378 Missurum
3214 1325 3494 1385 solemuiTs

1903 1399 2303 1476 Eucharistiain
2331 1408 2525 1475 populo
2554 1408 2704 1469 dare,
2736 1408 2988 1464 dicclgant
3013 1412 3082 1467 ad
3108 1427 3233 1469 eum
3258 1415 3491 1471 barbara

1902 1493 2072 1548 inllati
2093 1495 2380 1565 superbia:
2410 1513 2429 1547 ι
2459 1496 2639 1562 Quare
2664 1513 2769 1552 non
2794 1509 2841 1553 et
2868 1501 3022 1555 nobis
3042 1502 3276 1575 porrigis
3297 1520 3490 1574 panem

1905 1586 2159 1653 nitidum,
2185 1602 2346 1658 quem
2370 1597 2425 1644 et
2452 1588 2592 1658 patri
2634 1598 2824 1647 nostro
2852 1590 2997 1648 Saba
3020 1592 3248 1651 dabas?)
3279 1592 3380 1653 Ubi
3399 1614 3494 1669 pa-

214 1691 359 1747 dicis
376 1712 390 1746 :
407 1693 559 1748 Meus
585 1693 742 1763 panis
764 1704 856 1749 est
877 1694 1129 1756 usitatus,
1146 1702 1280 1758 etc.,
1305 1714 1322 1745 ι
1354 1694 1469 1748 lucc
1493 1690 1800 1748 subinfert:

1910 1694 2034 1733 nem
2062 1679 2290 1735 nitidum
2327 1695 2452 1735 cum
2474 1690 2672 1737 vocant
2706 1682 2797 1753 qui
2834 1694 3032 1754 praeter
3059 1701 3267 1743 morem
3307 1690 3497 1745 candi-

222 1781 461 1854 eNempe
486 1784 577 1852 qui
593 1784 851 1840 usitatum
874 1786 1183 1855 mensisque
1215 1785 1547 1855 quotidianis
1576 1799 1804 1853 usurpa-

213 1880 335 1929 tum
363 1889 558 1945 panem
580 1876 733 1941 dicit,
765 1876 1001 1931 azimum
1026 1878 1171 1931 haud
1201 1877 1423 1932 dubium
1455 1892 1560 1930 non
1594 1874 1804 1947 signiﬁ-

212 1972 328 2018 cat.
360 1983 379 2017 ι
416 1964 580 2036 Ergo,
613 1980 683 2020 ex
713 1965 993 2021 Sirmundi
1017 1975 1218 2030 mente,
1244 1966 1337 2037 qui
1368 1966 1623 2021 usitatum
1652 1981 1805 2021 men-

212 2055 404 2126 sisque
427 2056 758 2125 quotidianis
785 2064 1104 2126 usurpatum
1126 2071 1323 2127 panem
1345 2072 1379 2110 ιι
1403 2055 1675 2113 sacriﬁcio
1702 2071 1804 2111 ex-

211 2146 445 2205 cludunt
474 2164 542 2204 ac
569 2157 852 2205 removent
879 2149 1075 2205 Patres
1103 2147 1354 2204 Toletani
1376 2162 1627 2219 azytnum
1657 2134 1804 2204 haud

212 2238 380 2296 dubie
401 2240 729 2311 signiﬁcant.

290 2330 480 2400 Neque
509 2332 625 2386 haec
649 2332 1051 2402 argumentatio
1077 2330 1131 2387 in
1160 2345 1250 2386 me
1278 2328 1451 2402 regeri
1477 2336 1674 2400 potest,
1711 2329 1802 2399 qui

212 2416 278 2478 in
302 2436 367 2476 eo
394 2421 669 2476 Ambrosii
700 2420 819 2476 loco
844 2422 1103 2476 usitatum
1148 2436 1349 2490 panem
1401 2434 1508 2474 non
1551 2434 1650 2489 pro
1690 2418 1803 2474 fer-

213 2519 467 2567 memnto
485 2520 804 2580 usurpatum
847 2512 1136 2567 contende.
1162 2511 1296 2564 Nam
1342 2511 1387 2566 si
1431 2518 1703 2565 constaret
1740 2524 1806 2565 eo

213 2602 421 2659 inloco
454 2604 543 2672 agi
564 2604 637 2679 de
679 2603 879 2674 duplici
927 2618 1069 2673 pane
1111 2602 1404 2672 materiali,
1433 2617 1540 2656 uno
1582 2603 1805 2668 usitato,

216 2695 393 2752 altero
425 2695 603 2750 minus
631 2696 928 2759 communi,
953 2696 1213 2749 usitatum
1255 2709 1448 2764 panem
1491 2694 1669 2751 azimo
1706 2708 1811 2764 op-

213 2787 349 2858 poni
396 2786 542 2842 ultro
581 2787 961 2842 concederem.
994 2785 1065 2839 At
1095 2800 1226 2840 vero
1251 2784 1341 2839 hic
1369 2784 1605 2839 usitatus
1649 2785 1808 2855 panis

217 2894 332 2936 non
353 2880 479 2950 pani
518 2880 700 2936 minus
725 2881 946 2946 usitato,
992 2877 1085 2934 sed
1115 2877 1243 2947 pani
1272 2885 1614 2942 consecrato,
1642 2876 1695 2932 id
1721 2886 1809 2933 est

217 2969 439 3037 corpori
465 2967 674 3024 Christi
704 2968 1016 3038 opponitur,
1040 2983 1106 3022 ac
1124 2965 1353 3037 proinde
1381 2981 1488 3021 non
1503 2966 1645 3021 valet
1656 2982 1808 3023 com-

1906 1769 2008 1825 dus
2031 1778 2169 1825 erat.
2211 1768 2327 1826 Non
2378 1780 2556 1827 tamen
2587 1788 2652 1828 eo
2696 1784 2907 1843 spectat
2941 1776 3120 1831 oratio
3160 1793 3303 1845 mea,
3334 1781 3492 1849 quasi

1901 1860 2136 1932 probare
2162 1860 2324 1916 velim
2370 1862 2474 1917 hoc
2516 1864 2735 1919 nomine
2772 1864 2970 1935 ubique
3020 1866 3248 1939 intelligi
3297 1885 3491 1940 panem

1906 1952 2370 2009 infermentatum.
2391 1952 2553 2009 Certe
2578 1955 2955 2034 fermentatym
2983 1973 3050 2013 eo
3073 1960 3332 2016 vocabulo
3346 1959 3493 2018 desi-

1904 2051 2123 2113 gnatum
2156 2041 2274 2112 lego
2308 2040 2361 2095 in
2408 2042 2713 2099 Annalibus
2770 2044 3129 2103 Fulilensibus
3176 2049 3242 2103 ad
3287 2065 3491 2106 annum

1903 2132 2029 2189 870.
2088 2130 2286 2187 Verum
2349 2147 2472 2187 cum
2529 2133 2774 2189 Toletani
2840 2134 3033 2192 Patres
3100 2156 3119 2190 ι
3180 2138 3411 2196 nitidum
3468 2161 3489 2193 ι

1904 2237 2099 2295 panem
2147 2232 2427 2293 opponant
2466 2224 2687 2292 usitato,
2734 2224 3067 2299 intelligendi
3100 2241 3227 2286 sunt
3258 2232 3324 2289 de
3349 2249 3494 2304 pune

1905 2327 2099 2385 azymo
2128 2352 2146 2378 ,
2196 2313 2289 2383 qui
2341 2310 2667 2371 fermentazo
2692 2330 2787 2371 seu
2809 2317 3008 2374 usitato
3033 2317 3190 2392 longe
3209 2322 3495 2381 candidior

1904 2411 2010 2457 est.

1978 2488 2162 2547 Tertio
2210 2489 2533 2563 przccipiunt
2580 2489 2775 2551 Patres
2821 2504 2882 2551 ut
2925 2494 3082 2567 panis
3124 2496 3379 2558 sacriﬁcii
3421 2508 3496 2560 snt

1914 2598 1933 2632 ι
1968 2582 2151 2637 studio
2204 2594 2567 2654 prteparatus.
2604 2605 2623 2638 ι
2693 2583 3027 2643 Theodulfus
3089 2589 3496 2651 Aurelianensis

1908 2674 2198 2745 episcopus
2251 2674 2304 2731 in
2361 2674 2690 2747 Capitularis
2740 2688 2844 2733 art.
2873 2678 2951 2734 5:
2991 2700 3008 2732 ι
3043 2680 3240 2749 Panes,
3292 2684 3490 2757 inquit,

1909 2781 2046 2837 quos
2069 2765 2181 2823 Deo
2205 2767 2262 2823 in
2313 2766 2641 2824 sacrificium
2691 2768 2921 2837 oll‘ertis,
2972 2781 3067 2827 aut
3094 2786 3127 2828 a
3156 2774 3313 2832 vobis
3341 2777 3491 2848 ipsis,

1908 2867 2005 2914 aut
2052 2873 2084 2913 a
2107 2859 2303 2916 vestris
2332 2861 2515 2931 pueris
2540 2876 2722 2919 coram
2746 2862 2901 2919 Vobis
2949 2864 3121 2922 nitide
3160 2878 3227 2922 ac
3252 2869 3495 2926 studioso

1908 2945 2062 3003 ﬁant.
2099 2966 2118 3000 ι
2149 2947 2265 3016 Qua
2313 2949 2571 3022 religione
2616 2950 2981 3010 formarentur
3007 2970 3177 3026 panes
3217 2957 3288 3013 ad
3334 2974 3494 3015 usum

219 3057 434 3127 paratio
468 3058 523 3113 in
552 3058 822 3113 sententia
854 3071 1005 3125 mea;
1038 3055 1183 3111 valet
1208 3063 1391 3111 autem
1441 3056 1495 3110 in
1532 3057 1803 3112 sententia

1912 3040 2166 3097 sacriﬁcii
2209 3044 2349 3114 apud
2380 3044 2678 3101 monachos
2702 3045 3113 3117 Cluniacenses,
3140 3050 3297 3107 docet
3327 3052 3494 3109 Udal.

204 3148 498 3205 rSirmundi
524 3150 669 3206 hunc
693 3150 750 3205 in
780 3149 985 3216 locum,
1008 3157 1064 3205 et
1093 3148 1151 3204 in
1188 3163 1308 3202 mea
1330 3162 1430 3219 pro
1449 3162 1657 3206 canone
1683 3162 1813 3203 con-

219 3243 333 3297 cilii
361 3241 628 3310 Toletani,
657 3259 783 3300 cum
813 3243 1106 3314 utrubique
1150 3242 1311 3314 panis
1335 3241 1572 3298 usitatus
1617 3256 1809 3312 azymo

217 3337 417 3406 opponi
452 3337 803 3397 concedatur.

295 3427 547 3486 Secundo
571 3430 763 3486 Patres
790 3428 1038 3487 Toletani
1075 3439 1311 3503 arguunt
1350 3428 1660 3486 sacerdotes
1688 3423 1811 3486 illos

220 3516 546 3589 Hispanicos
563 3518 710 3590 quod
742 3538 761 3571 ι
784 3534 891 3575 non
912 3534 1082 3589 panes
1105 3520 1333 3575 mundos
1350 3539 1369 3570 ι
1396 3520 1679 3582 oll‘errent.
1696 3530 1811 3577 tum

218 3609 542 3680 praecipiunt
566 3619 626 3665 ut
649 3630 668 3664 ι
700 3611 855 3681 panis
882 3612 1084 3667 nitidus
1114 3630 1133 3664 ι
1162 3609 1444 3667 oﬂeratur.
1468 3611 1633 3667 Panis
1653 3627 1814 3667 mun-

221 3703 345 3769 dus,
376 3712 540 3778 prout
577 3705 870 3776 opponitur
898 3700 1123 3768 usitato,
1152 3704 1291 3759 alius
1320 3686 1548 3774 intelligi
1580 3719 1686 3759 non
1716 3718 1813 3773 po.

223 3802 333 3848 test
363 3809 526 3864 quam
549 3795 708 3865 panis
731 3809 926 3867 expers
956 3796 1231 3860 fermenti,
1265 3796 1408 3865 quod
1447 3795 1812 3866 corruptionis

217 3881 477 3940 cﬁ'ectum
523 3901 588 3941 ac
635 3885 935 3958 symbolum
974 3895 1080 3941 est.
1130 3886 1298 3942 Recte
1343 3886 1488 3943 hunc
1537 3888 1591 3942 in
1636 3888 1811 3943 locum

221 3972 554 4032 Humbertus
581 3977 876 4033 cardinalis
903 3977 960 4033 in
992 3977 1344 4048 responsione
1377 3977 1445 4033 ad
1492 3977 1810 4035 Michaelem

220 4063 565 4123 Corolarium
587 4083 604 4123 :
630 4088 652 4121 ι
691 4068 845 4126 Sicut
869 4071 1138 4126 sententia
1161 4070 1304 4140 vulgi
1328 4078 1530 4136 exstat,
1556 4069 1812 4127 fermenti

218 4160 379 4231 origo
419 4161 515 4227 sit,
546 4176 669 4217 cum
699 4169 794 4216 aut
838 4177 1033 4233 spuma
1067 4162 1225 4217 multi
1251 4176 1346 4217 seu
1393 4161 1494 4218 faex
1524 4161 1809 4233 cujusdam

219 4253 443 4309 rusticas
467 4254 724 4324 potionis,
755 4269 879 4325 quae
903 4254 1043 4325 apud
1079 4253 1262 4310 Gallos
1304 4253 1534 4310 nervisia
1577 4253 1805 4321 dicitur;

218 4341 308 4397 vel
340 4352 493 4398 certe
521 4341 613 4411 jus
647 4343 834 4399 elixati
880 4343 1068 4399 hordei
1109 4352 1206 4398 aut
1247 4342 1468 4409 ciceris,
1493 4343 1607 4399 sive
1634 4343 1723 4398 lac
1746 4346 1809 4397 li-

220 4432 432 4490 culnete
459 4433 545 4489 vel
572 4450 828 4504 pecorum
860 4444 1201 4505 corruptum,
1230 4435 1470 4505 injicitur
1498 4450 1807 4505 conspersae

221 4524 430 4580 larium.
460 4523 597 4581 Cum
628 4540 757 4599 ergo
788 4541 999 4597 spuma,
1026 4524 1151 4590 iter,
1187 4525 1446 4581 elixatum
1476 4525 1807 4597 leguminum

223 4625 278 4671 et
304 4615 390 4671 lac
431 4614 569 4672 ﬁcus
597 4617 682 4672 vel
729 4632 987 4687 pecorum
1018 4606 1336 4685 corruptum
1377 4614 1519 4684 apud
1560 4616 1808 4671 homines

225 4712 609 4776 computentur
631 4705 777 4761 inter
798 4706 1038 4770 sordida,
1080 4713 1295 4760 constat
1326 4702 1656 4758 fermentum
1687 4719 1807 4759 sor-

224 4794 382 4849 dibus
398 4810 505 4851 non
533 4810 721 4852 carere
748 4810 846 4866 per
863 4794 1065 4851 omnia.
1087 4794 1476 4848 Massa'aulem
1507 4792 1810 4861 cuicunque

223 4883 553 4940 fermentum
585 4884 824 4954 injicitur
860 4900 1083 4940 necesse
1118 4892 1204 4939 est
1231 4890 1634 4950 corrumpatur,
1667 4883 1807 4961 sicut

222 4975 748 5047 aitsapientissimus
772 4975 971 5033 Paulus
999 4994 1012 5030 :
1036 4996 1053 5028 ι
1072 4974 1339 5033 Modicum
1363 4974 1688 5029 fermentum
1721 4985 1806 5029 to-

222 5074 332 5121 tam
361 5081 601 5122 massam
633 5068 935 5137 corrumpit
957 5066 1102 5139 (Gal.
1131 5080 1183 5131 v,
1216 5066 1294 5138 9).
1336 5085 1356 5117 ι
1391 5062 1592 5117 Eodem
1636 5066 1809 5122 tendit

217 5157 450 5227 Algerus
482 5157 537 5211 in
565 5155 639 5209 lib
683 5171 720 5210 ιι
760 5155 825 5210 de
853 5155 1203 5212 Sacramenlo
1241 5172 1361 5227 cap.
1399 5150 1486 5205 10.
1516 5150 1648 5206 Cum
1679 5169 1808 5226 ergo

219 5247 413 5305 Patres
436 5247 682 5304 Toletani
706 5246 773 5302 ad
796 5251 1123 5307 sacriﬁcium
1146 5256 1373 5326 exigunt
1395 5262 1590 5317 panem
1611 5268 1630 5299 ι
1656 5266 1810 5306 mun-

219 5337 343 5392 dum
370 5353 438 5392 ac
469 5335 726 5394 nitidum.
748 5355 768 5389 ι
807 5338 973 5394 (quod
1006 5341 1146 5394 idem
1180 5344 1283 5394 hoc
1312 5341 1436 5394 loco
1463 5336 1644 5394 forsan
1690 5356 1811 5394 esse

1837 4387 1886 4447 Ι)

1913 3133 2058 3189 ricus
2088 3133 2141 3189 in
2166 3132 2258 3191 lib.
2287 3149 2372 3201 ιιι,
2397 3151 2517 3208 cap.
2549 3135 2634 3194 l3.
2657 3136 2936 3210 Siquidem
2971 3160 2990 3195 ι
3013 3141 3344 3199 frumentum
3370 3156 3496 3215 gra-

1910 3225 2079 3279 natim
2103 3223 2335 3282 electum
2370 3246 2389 3280 ι
2412 3224 2614 3301 ‘magna
2637 3246 2758 3286 cum
2791 3233 3098 3289 reverentia
3150 3249 3181 3289 a
3227 3230 3436 3292 monati‘
3461 3251 3496 3293 o

1907 3312 2049 3373 albis
2079 3314 2267 3375 induto
2294 3321 2361 3375 ad
2388 3320 2707 3378 farinarium
2735 3325 2971 3381 delatum
3002 3327 3326 3384 molebalur.
3354 3328 3495 3387 Tum

1910 3410 2149 3465 cribrata
2198 3412 2363 3468 simili
2412 3413 2520 3469 ritu
2568 3414 2782 3482 farina,
2840 3434 2859 3468 ι
2892 3396 3013 3473 cum
3044 3433 3183 3490 aqua
3228 3420 3423 3491 frigida
3466 3440 3488 3475 ι

1910 3503 2388 3574 conspergebatur.
2438 3503 2647 3561 Deinde
2706 3504 3097 3564 ferramentum
3145 3509 3199 3565 in
3250 3524 3359 3581 quo
3403 3526 3498 3567 con

1910 3596 2137 3666 quenda:
2177 3605 2334 3650 erant
2392 3597 2583 3652 hostia:
2633 3600 2853 3655 tenebat
2914 3615 3250 3668 conversus,
3299 3617 3497 3658 manus

1911 3687 2201 3744 chirotecis
2232 3687 2449 3744 indutas
2476 3690 2699 3745 habens.
2726 3690 2910 3763 Longe
2930 3700 3055 3747 ante
3085 3680 3494 3761 Cluniacenses,

1910 3777 2104 3833 hostire
2130 3795 2150 3829 ι
2186 3793 2309 3832 cum
2348 3778 2508 3834 laude
2538 3780 2852 3850 psalmodiae
2883 3801 2902 3833 ι
2946 3782 3326 3839 formabautur
3351 3788 3494 3857 apud

1910 3865 2324 3943 Andaginenses
2353 3888 2449 3929 seu
2477 3875 2713 3929 coenobii
2742 3876 2916 3930 sancti
2966 3877 3223 3933 Hucberti
3275 3879 3330 3934 in
3385 3879 3493 3934 Ar-

1910 3962 2124 4017 duenna
2151 3962 2469 4028 monachos,
2504 3962 2581 4017 uti
2613 3962 2811 4035 legitur
2853 3965 2908 4021 in
2939 3965 3079 4023 libro
3124 3967 3192 4026 de
3222 3968 3499 4030 Miraculis

1910 4051 2085 4108 sancti
2125 4050 2385 4108 Hucberti
2437 4051 2775 4125 Tungrensis
2838 4057 3081 4131 episcopi
3134 4075 3254 4132 cap.
3296 4061 3363 4128 8,
3402 4064 3497 4120 ubi

1909 4144 2163 4201 monachi
2196 4163 2215 4197 ι
2240 4159 2410 4215 panes
2439 4146 2554 4202 suis
2580 4148 2830 4206 manibus
2850 4165 2975 4207 cum
2996 4150 3155 4210 laude
3182 4155 3497 4225 psalmodire

1909 4231 2172 4313 formatos
2196 4236 2542 4292 aceumbenti
2565 4256 2584 4290 ι
2621 4238 2795 4295 Orioni
2822 4241 3006 4297 comiti
3038 4257 3181 4300 anno
3205 4244 3303 4301 8U
3330 4247 3496 4303 obtu-

1910 4323 2040 4382 lisse
2065 4325 2443 4396 perhibentur.
2484 4327 2654 4385 Erant
2688 4330 2772 4385 hae
2796 4331 3029 4403 eulogia:
3070 4348 3167 4389 seu
3190 4335 3382 4392 hostiae
3409 4337 3500 4393 be-

1912 4415 2160 4481 nedictae,
2192 4432 2312 4488 qua:
2343 4416 2571 4490 singulis
2598 4418 2789 4476 diebus
2834 4431 2964 4477 ante
2991 4436 3307 4481 communes
3343 4426 3498 4484 cibos

1913 4507 2195 4563 monachis
2242 4525 2346 4564 non
2397 4510 2810 4566 communicatis
2853 4512 2908 4566 in
2953 4511 3247 4570 refectorio
3284 4518 3496 4586 prrebe-

1913 4596 2136 4662 bantur,
2161 4606 2222 4651 ut
2257 4606 2406 4667 patet
2447 4606 2559 4653 tum
2590 4612 2659 4654 ex
2704 4599 2886 4656 libello
2912 4602 3165 4672 supplici,
3191 4619 3354 4674 quem
3380 4623 3501 4666 mo-

1914 4692 2076 4746 nachi
2115 4691 2408 4746 Fuldenses
2434 4691 2628 4748 Carolo
2671 4693 2866 4764 Magno
2893 4705 3280 4767 porrexerunt,
3307 4699 3361 4755 in
3390 4718 3505 4774 quo

1916 4780 2249 4852 eulogiarum
2290 4781 2696 4850 perceptionem
2734 4792 2940 4840 vocant
2991 4800 3011 4835 ι
3049 4787 3509 4852 communicatio-

1915 4889 2037 4931 nem
2070 4873 2230 4929 fracti
2261 4873 2446 4945 panis;
2485 4890 2504 4924 ι
2554 4882 2667 4931 tum
2716 4892 2783 4933 ex
2825 4874 3520 4949 synodoAquisgraneui

1913 4965 2041 5020 anui
2062 4964 2188 5029 817,
2222 4972 2336 5019 ιιιιιι
2357 4978 2427 5018 ex
2452 4960 2712 5024 Udalrieo
2739 4967 2793 5022 in
2817 4966 2913 5024 lib.
2938 4981 3005 5031 ιι,
3028 4977 3153 5035 cap.
3182 4966 3272 5023 50.
3300 4965 3528 5047 Quipr

1914 5057 2160 5131 eulogiae,
2196 5072 2293 5114 seu
2322 5055 2482 5126 panis
2508 5054 2851 5135 benedictus,
2878 5074 2945 5116 ex
2977 5070 3048 5113 eo
3069 5057 3178 5115 lem
3213 5066 3341 5116 tunc
3369 5077 3531 5137 palm

1918 5148 2120 5206 ﬁebant
2173 5165 2281 5221 quo
2310 5147 2539 5203 materia
2601 5152 2878 5218 sacriﬁcii,
2910 5164 3112 5219 nempe
3165 5166 3230 5209 ex
3289 5153 3535 5228 rel'quis

1918 5239 2112 5297 hostiis
2156 5256 2262 5295 non
2292 5244 2657 5311 consecratis,
2683 5257 2820 5317 quas
2867 5241 3128 5300 monachi
3172 5244 3241 5300 ad
3291 5244 3536 5318 missam

1914 5331 2216 5391 offerebant
2244 5344 2455 5387 omnes.
