4064 5394
533 266 683 337 1359.

534 401 597 462 ea
625 395 746 453 qua:
775 378 828 432 in
868 372 1595 435 ferramentocharacterato
1624 362 1692 418 de
1717 357 2107 429 conspersione
2133 357 2190 430 Ἀ

536 450 723 530 farinae
769 468 1101 526 tenuissimae
1133 464 1291 527 ﬁunt,
1321 470 1379 516 et
1405 460 1474 514 ab
1506 453 1817 513 hominibus
1856 450 2116 504 Romana:

534 548 750 638 Ιίηειιω,
779 560 997 618 Nebulae
1053 573 1083 615 a
1141 552 1493 612 nostratibus,
1541 546 1738 617 inquit,
1782 540 2119 638 appellantur

536 632 761 719 Oblataa.
794 671 813 704 ο
854 651 1000 705 idem
1033 655 1326 703 attestatur
1349 638 1697 697 Burchardus
1728 633 2025 690 monachus
2065 632 2120 719 in

539 714 679 803 libro
707 745 773 800 de
809 739 1039 798 Casibus
1077 732 1393 792 monasterii
1422 728 1607 785 Sancti
1647 724 1811 788 Galli,
1840 733 2011 792 agens
2048 714 2116 773 de

539 836 833 905 Nortperto
863 831 1081 893 abbate,
1113 826 1205 895 qui
1239 843 1257 875 ι
1295 824 1348 879 in
1395 816 1732 876 hebdomada
1776 810 2035 905 paschali,
2069 808 2122 861 in

545 897 771 982 meridie
792 922 980 976 vinum
1006 926 1059 972 et
1082 915 1295 971 oblatas
1324 911 1441 967 dari
1473 905 1776 964 constituit.
1804 923 1821 954 ι
1842 902 1917 955 De
1943 897 2127 966 hujus-

545 1000 690 1071 modi
736 1011 934 1068 oblatis
964 1005 1311 1076 intelligenda
1341 1001 1553 1057 videtur
1577 992 1872 1068 Eginhardi
1902 988 2130 1061 epistola

548 1092 638 1171 Si,
679 1118 783 1174 qua
817 1097 1167 1155 Vicedomino
1198 1092 1426 1161 aliisque
1456 1085 1707 1142 ﬁdelibus
1732 1083 1845 1137 suis
1865 1077 2126 1151 praecipit.

556 1193 578 1249 ι’
606 1204 667 1250 ιιι
693 1193 938 1264 culogias
970 1186 1266 1260 prmparari
1294 1182 1496 1237 faciant
1516 1175 1813 1233 secundum
1841 1178 2131 1225 consuetu-

551 1287 756 1348 dinem.
790 1261 937 1339 sicut
970 1279 1107 1335 solet
1153 1276 1316 1331 homo
1346 1272 1413 1326 ad
1459 1284 1592 1340 opus
1616 1263 1884 1320 Dominici
1933 1261 2131 1320 facere,

554 1390 663 1433 tam
686 1378 752 1431 ad
773 1389 910 1445 opus
931 1370 1116 1426 domui
1134 1364 1392 1422 Ludovici
1414 1376 1573 1432 quam
1603 1358 1668 1413 Ν.
1692 1353 2129 1445 conjugisejnsa

556 1465 633 1519 Ex
666 1442 1006 1533 quoapparet
1028 1456 1202 1511 oblias
1240 1449 1505 1523 ejusmodi
1541 1446 1729 1503 eodem
1755 1444 1915 1498 modo
1939 1442 2139 1495 forma-

553 1569 638 1614 tas
653 1530 1010 1624 fuissevqttatn
1034 1562 1229 1620 panem
1255 1544 1322 1599 ad
1366 1555 1522 1598 usum
1560 1536 1814 1594 sacriﬁcii
1870 1530 2137 1588 Dominici

554 1646 885 1705 confectum.
922 1642 999 1697 Ac
1024 1637 1249 1712 proinde
1296 1643 1538 1704 tempore
1563 1626 1878 1700 Eginhardi,
1930 1624 2017 1695 qui
2050 1637 2138 1677 re-

556 1702 847 1812 gnantibus
864 1702 1057 1792 Carolo
1086 1730 1276 1802 Magno
1297 1702 1521 1797 ejusque
1550 1722 1658 1777 ﬁlio
1679 1718 1949 1775 Ludovico
1984 1715 2136 1781 vixit,
2172 1702 2214 1761 Β

559 1810 767 1887 hostias
800 1829 944 1883 intra
971 1824 1172 1879 ferrum
1201 1821 1643 1875 cbaracteratum
1679 1810 1954 1868 confectas
1981 1817 2143 1878 atque

559 1922 982 1977 infertnentatas
1008 1915 1200 1971 fuisse.

631 2004 905 2083 ltaqnc'ut
949 2008 1014 2061 ad
1064 2005 1116 2059 id
1148 2004 1287 2057 unde
1335 2000 1609 2070 digressus
1648 2011 1764 2051 sum
1799 2009 1882 2047 mc
1916 1989 2144 2046 referam

563 2103 723 2173 longe
748 2108 876 2154 ante
933 2097 1319 2152 Cluniacenses
1369 2090 1611 2146 studiose
1665 2088 1717 2141 id
1766 2098 1849 2140 est
1880 2084 1983 2155 piis
2035 2082 2148 2151 qui-

563 2192 794 2249 busdam
836 2189 1030 2243 ritibus
1079 2185 1271 2240 bostiae
1322 2180 1769 2241 conﬁciebantur,
1824 2189 1928 2229 non
1968 2173 2148 2227 solum

570 2268 712 2356 apud
743 2280 1059 2344 monachos,
1089 2275 1182 2333 sed
1228 2275 1394 2331 etiam
1427 2271 1567 2342 apud
1601 2268 1849 2331 clericos,
1876 2274 1936 2320 ut
1962 2262 2150 2336 princi-

569 2378 649 2448 pit
674 2369 1010 2429 Theodulfus
1039 2368 1326 2438 episcopus
1347 2365 1458 2436 jam
1492 2362 1757 2424 laudatus,
1790 2357 1881 2429 qui
1905 2357 2044 2410 hanc
2068 2370 2155 2411 cn-

572 2447 686 2523 ram
716 2463 1047 2539 presbyteris
1086 2470 1180 2515 aut
1229 2460 1467 2530 ipsorum
1515 2454 1698 2525 pueris
1743 2466 1837 2506 seu
1891 2447 2156 2504 ministris

570 2560 825 2632 imponit.
857 2558 1001 2613 Idem
1034 2569 1131 2610 suo
1166 2563 1406 2623 tempore
1435 2548 1637 2603 factum
1669 2545 1862 2616 probat
1888 2540 2155 2632 llumber-

574 2630 665 2710 tus
686 2653 739 2707 in
763 2648 990 2722 cpistola
1022 2646 1088 2701 ad
1121 2642 1438 2699 Michaelem
1466 2637 1805 2695 Cerularium
1836 2634 1920 2688 his
1935 2630 2155 2686 verbis:

577 2764 597 2798 ι
638 2744 880 2799 Romana
915 2750 970 2795 et
997 2735 1366 2795 Occidentalis
1395 2731 1637 2788 Ecclesia
1669 2747 1698 2784 a
1729 2726 1992 2782 ministris
2017 2723 2159 2783 sacri

574 2833 762 2889 altaris
796 2851 815 2883 ι
849 2830 925 2903 (id
955 2839 1041 2884 est
1070 2835 1128 2881 ιιι
1156 2825 1284 2879 alibi
1314 2824 1464 2887 dicit,
1502 2841 1522 2875 ι
1558 2837 1586 2874 a
1622 2817 1867 2873 diaronis
1893 2830 2012 2867 rum
2037 2814 2163 2867 sul:-

575 2921 821 2978 diaconis
853 2902 1094 2990 ipsisque
1118 2913 1524 2976 sacerdotibus,
1553 2908 1725 2964 sacris
1761 2905 1977 2960 amictis
1999 2902 2163 2957 vesti-

579 3017 707 3084 bus)
755 3013 807 3068 in
862 3008 1160 3081 secretario
1187 3006 1346 3062 offert
1392 3016 1667 3074 azymum,
1698 2998 1841 3069 quod
1889 3012 1954 3052 ex
1993 3008 2163 3066 grano

580 3100 833 3158 frumenti
858 3110 914 3156 et
939 3097 1158 3169 limpida
1186 3094 1401 3166 lympha
1429 3092 1986 3160 fneritprzeparatum.
2014 3105 2032 3137 ι
2054 3084 2161 3139 Ne-

583 3207 689 3262 que
714 3199 892 3245 tamen
923 3189 997 3243 ita
1026 3187 1142 3242 hare
1170 3199 1301 3240 cura
1326 3181 1656 3253 presbyteris
1691 3188 1747 3234 et
1781 3180 2048 3232 ministris
2083 3191 2170 3230 sa-

582 3283 694 3337 cris
722 3276 1066 3348 competebat
1092 3277 1223 3345 quin
1280 3272 1571 3342 aliquando
1614 3278 1875 3324 matronae
1930 3268 2032 3338 pia:
2077 3282 2173 3322 seu

587 3371 795 3437 dcvotge
822 3382 958 3437 quas
981 3362 1423 3421 sanctimoniales
1452 3361 1741 3425 vocabant,
1766 3358 1819 3412 id
1846 3354 2004 3412 ofﬁcii
2039 3358 2093 3411 in
2116 3370 2175 3412 se

598 3458 952 3529 tusciperent,
992 3455 1158 3510 etiam
1205 3468 1271 3508 eo
1323 3462 1567 3521 tempore
1612 3467 1722 3521 quo
1759 3449 1965 3505 hostias
2016 3447 2180 3502 infer-

606 3556 863 3605 nentatas
902 3545 1072 3601 fuisse
1102 3551 1338 3599 constat.
1370 3541 1505 3596 Nam
1545 3542 1600 3596 in
1628 3541 1722 3595 lib.
1746 3554 1785 3594 ιι
1813 3541 1879 3595 de
1907 3537 2180 3593 Miraculis

618 3637 764 3694 aucti
804 3634 1203 3706 Wandregesili
1263 3633 1499 3697 abbatis,
1555 3647 1676 3702 cap.
1729 3629 1945 3693 ultimo,
1986 3628 2180 3696 legitur

604 3727 885 3800 quamdam
943 3723 1411 3781 sanctimonialem
1461 3737 1555 3778 seu
1606 3724 1853 3775 devotam
1902 3718 2178 3782 feminam,

597 3832 716 3889 qua:
764 3815 975 3872 meritis
1022 3813 1203 3870 sancti
1246 3812 1352 3868 viri
1416 3827 1561 3866 anno
1596 3811 1691 3867 891
1747 3818 1939 3864 sanata
1987 3810 2181 3875 fuerat,

600 3927 619 3960 ι
644 3907 854 3964 oblatas
878 3919 1017 3975 quas
1031 3903 1280 3959 oblatura
1299 3901 1527 3957 Domino
1549 3901 1602 3955 in
1626 3900 1920 3954 crastinum
1945 3897 2185 3952 eratfor-

598 4009 804 4061 masse;
847 4013 865 4047 ι
894 4000 1008 4049 tum
1040 3992 1338 4048 accessisse
1359 3990 1427 4046 ad
1473 3991 1673 4060 ignem,
1718 4006 1736 4040 ι
1772 3998 1825 4043 ct
1850 3987 2054 4042 ferrum
2079 3992 2186 4056 quo

597 4083 970 4154 imprim‘endae
999 4077 1064 4137 ac
1086 4080 1454 4150 decoquendae
1485 4086 1644 4134 erant
1674 4076 1917 4133 oblat-.u‘i
1951 4075 2186 4148 (oblato-

600 4173 742 4226 rium
810 4185 969 4225 vocat
1038 4169 1241 4225 ferrum
1295 4169 1439 4224 istud
1488 4176 1681 4222 auctor
1730 4167 1851 4237 ejus
1905 4161 2187 4236 temporis)

603 4259 916 4331 arripuisse.
935 4258 1135 4312 Eadem
1152 4258 1409 4326 religione
1434 4264 1619 4311 sancta
1647 4254 1988 4324 Radcgundis
2004 4256 2189 4325 regina

603 4348 801 4405 atecqu
825 4359 981 4404 sexto
1004 4347 1170 4416 (quod
1200 4347 1365 4402 etiam
1399 4353 1548 4415 patet
1579 4346 1648 4401 de
1678 4354 1923 4399 matrona
1956 4346 2190 4413 quadam

1598 240 1934 305 Al’PENDlX
1976 237 2065 293 AD
2104 233 2329 290 OPERA
2375 228 2751 292 HUMBERTI.
2834 274 2843 279 -

2216 357 2423 405 lanttm
2452 356 2511 403 ut
2532 360 2913 415 nonnunquam
2931 342 2998 401 ab
3011 343 3380 415 ipsispublicis
3394 361 3451 398 nr
3465 346 3794 415 gotialorum

2219 439 2459 494 tabernis
2513 448 2751 507 emptum
2803 451 2995 505 panem
3050 436 3115 489 ad
3168 435 3498 490 Dominicam
3554 450 3798 489 mensam

3653 222 3795 280 {260

2223 529 2584 596 transferatis,
2625 543 2783 598 quem
2813 536 3102 580 tractatum
3133 526 3297 581 illotis
3321 536 3376 581 et
3420 527 3662 581 sordidis
3685 543 3801 580 ma-

2224 620 2383 674 nibus
2414 633 2610 688 negare
2642 632 2746 671 non
2774 617 3023 686 potestis.
3062 635 3081 665 ι
3118 614 3255 671 Hinc
3285 616 3582 671 conﬁcitur
3608 632 3807 688 azymo

2222 712 2348 782 pani
2378 711 2612 766 maxime
2661 710 2934 780 proprium
2967 723 3090 764 esse
3121 718 3179 763 ut
3213 711 3286 765 sit
3319 729 3336 760 ι
3371 708 3557 764 studio
3591 725 3805 779 praepa-

2227 814 2395 860 ratus.
2412 823 2430 855 ι

2300 942 2380 998 Ne
2408 942 2531 1011 quis
2555 955 2686 996 vero
2713 940 2959 996 eamdem
3001 954 3137 1009 pene
3163 938 3480 1009 religionem
3512 938 3571 995 in
3601 954 3815 1008 prmpao

2230 1032 2403 1087 rando
2427 1031 2752 1087 fermentata
2776 1044 2914 1101 pane
2945 1029 3098 1083 facile
3116 1030 3321 1084 servari
3350 1044 3511 1099 posse
3538 1029 3712 1091 dicat,
3737 1030 3816 1082 id-

2231 1136 2337 1192 que
2379 1121 2655 1190 postulare
2686 1118 2878 1174 Patres
2925 1118 3237 1178 Toletanos.
3286 1120 3529 1175 occurrit
3568 1120 3623 1174 id
3673 1121 3820 1190 quod

2234 1224 2430 1283 quarto
2457 1213 2576 1267 loco
2600 1212 2653 1266 in
2675 1228 2864 1266 eorum
2890 1211 3113 1266 decreto
3134 1211 3682 1266 animadvertendum
3710 1222 3819 1273 est,

2234 1317 2430 1371 nempe
2451 1301 2592 1370 quod
2624 1320 2643 1350 ι
2680 1315 2873 1370 panem
2906 1300 3197 1369 integrum,
3233 1315 3338 1354 non
3369 1308 3551 1354 tamen
3611 1305 3824 1371 grande

2236 1392 2460 1462 aliquid,
2486 1391 2580 1446 sed
2617 1390 2886 1445 modicam
2917 1398 3124 1444 tantum
3155 1390 3392 1444 obiatam
3430 1409 3449 1443 I
3485 1389 3681 1445 offerri
3722 1407 3821 1443 vo-

2240 1483 2375 1537 lunt.
2433 1481 2528 1536 His
2578 1480 2724 1535 enim
2779 1479 2962 1535 verbis
3016 1480 3239 1535 omnino
3291 1479 3584 1550 designant
3609 1480 3829 1535 oblatas

2242 1572 2413 1629 exiles
2437 1587 2502 1626 ac
2524 1580 2734 1634 tenues,
2760 1572 2947 1640 quales
2982 1570 3035 1624 in
3064 1569 3227 1625 ferris
3248 1569 3649 1625 characteratis
3675 1585 3829 1626 com-

2245 1664 2372 1735 poni
2417 1663 2613 1719 solent.
2663 1661 2774 1717 Nec
2798 1668 2956 1716 vacat
2992 1661 3135 1730 quod
3187 1678 3206 1712 ι
3238 1660 3507 1728 integrum
3541 1676 3768 1729 panem,
3803 1682 3825 1712 ι

2247 1773 2352 1811 non
2395 1765 2578 1811 tamen
2626 1753 2833 1827 grande
2877 1753 3104 1822 aliquid,
3150 1753 3244 1807 sed
3291 1752 3560 1807 modicam
3616 1762 3830 1808 tantum

2242 1850 2477 1906 oblatam
2507 1847 2747 1918 exigunt.
2775 1845 2852 1900 Ita
2898 1845 3043 1899 enim
3072 1844 3352 1899 declarant
3393 1852 3635 1899 mentem
3666 1858 3828 1898 suam

2247 1956 2350 1996 non
2379 1954 2500 1995 esse
2529 1947 2589 1992 ut
2623 1936 2835 1993 modica
2872 1935 2959 1989 illa
2988 1950 3053 1990 ac
3082 1935 3261 1989 tenuis
3300 1934 3482 1990 oblata
3517 1948 3589 1989 ex
3639 1948 3834 1988 crasso

2247 2047 2385 2104 pane
2421 2032 2826 2100 d'ecerperetur,
2866 2028 2959 2082 sed
2988 2035 3047 2082 ut
3090 2028 3161 2082 sit
3209 2028 3419 2098 integer
3444 2027 3636 2095 panis;
3689 2027 3839 2094 quod

2248 2138 2377 2179 sane
2408 2121 2732 2176 fcrmentato
2773 2118 2897 2190 pani
2924 2118 3213 2174 convenire
3254 2134 3358 2173 non
3383 2126 3587 2187 potest.
3620 2116 3837 2172 Etenim

2250 2202 2341 2285 qui
2381 2214 2649 2269 fermento
2675 2219 2910 2276 constat,
2954 2224 3060 2266 non
3111 2210 3246 2266 adeo
3274 2212 3454 2267 tenuis
3496 2225 3564 2264 ac
3610 2210 3838 2279 gracilis

2252 2306 2445 2362 conﬁci
2477 2305 2637 2369 solet,
2668 2305 2764 2359 sed
2832 2317 3051 2358 crassus
3092 2318 3156 2357 ac
3191 2304 3423 2368 densus;
3452 2302 3592 2356 alias
3639 2301 3843 2355 frustra

2256 2397 2577 2453 fermentum
2608 2393 2980 2459 adhiberetur,
3015 2395 3160 2463 quod
3186 2409 3292 2448 non
3316 2393 3421 2447 nisi
3449 2394 3518 2447 ad
3543 2393 3840 2447 inflandan.

2256 2500 2311 2545 et
2355 2487 2708 2557 subigendam
2764 2501 3000 2540 massam
3033 2486 3437 2541 commiscetur.
3479 2484 3647 2541 Certe
3679 2485 3849 2539 llum-

2259 2580 2445 2633 bertus
2472 2591 2539 2631 ex
2558 2592 2623 2631 eo
2649 2575 2792 2647 quod
2819 2574 3294 2647 llicrosolymitani
3323 2591 3431 2632 non
3457 2578 3560 2631 nisi
3596 2595 3617 2629 ι
3654 2586 3847 2632 tenues

2261 2669 2468 2724 oblatas
2503 2669 2746 2739 integras
2772 2680 2827 2722 et
2854 2684 3015 2723 sanas
3036 2688 3053 2720 ι
3084 2667 3404 2735 offerebant,
3427 2686 3535 2724 non
3567 2685 3639 2725 eo
3667 2685 3739 2725 ex
3765 2686 3852 2725 so-

2267 2765 2375 2819 lido
2418 2779 2559 2835 pane
2604 2762 2846 2818 lanceola
2875 2777 2974 2833 pro
2999 2763 3308 2819 Graecorum
3357 2778 3510 2819 more
3549 2764 3853 2825 detractas.

2264 2871 2358 2912 eas
2384 2855 2553 2913 fuisse
2581 2871 2803 2928 azymas
2829 2856 3025 2925 probat
3055 2855 3107 2910 in
3142 2857 3494 2926 responsione
3519 2858 3587 2909 ad
3615 2855 3855 2910 Michae-

2267 2948 2370 3004 lem
2398 2947 2638 3017 Denique
2679 2946 2972 3001 concilium
3003 2945 3322 3011 Coiacens‘e,
3364 2945 3508 3015 quod
3540 2960 3694 2999 anno
3722 2943 3858 2998 1088

2192 3079 2238 3142 C
2269 3038 2599 3095 celebratum
2628 3045 2732 3104 est,
2763 3051 2958 3107 panem
2988 3052 3239 3108 azymum
3271 3052 3374 3092 non
3398 3038 3523 3093 aliis
3555 3038 3745 3094 verbis
3768 3037 3861 3091 de-

2274 3131 2390 3185 finit
2418 3146 2449 3187 c
2483 3146 2534 3200 p.
2565 3131 2598 3185 3
2632 3144 2813 3200 quam
2846 3129 2966 3184 istis
2996 3144 3011 3183 :
3057 3147 3077 3181 ι
3112 3130 3296 3185 Hostia
3345 3131 3418 3185 sit
3457 3147 3525 3185 ex
3577 3130 3862 3186 frumento

2271 3236 2403 3276 sana
2434 3230 2488 3274 et
2514 3220 2741 3290 integra.
2779 3238 2798 3270 ι
2836 3217 3005 3275 Nemo
3037 3234 3141 3274 non
3167 3219 3316 3274 videt
3343 3220 3728 3275 deﬁnitionem
3753 3218 3854 3275 Pa-

2274 3324 2417 3368 trum
2441 3313 2823 3368 Toletanorum
2857 3312 3161 3383 signantius
3193 3312 3417 3366 omnino
3449 3312 3748 3381 designare
3774 3328 3865 3381 pa-

2276 3418 2398 3457 nem
2431 3417 2679 3473 azymum
2710 3401 2964 3456 omnibus
2991 3401 3098 3456 illis
3135 3402 3559 3464 conditionibus,
3588 3415 3738 3472 quas
3777 3418 3866 3456 su-

2277 3491 2774 3563 periusexplicavi,
2809 3506 3002 3560 nempe
3027 3502 3085 3546 ut
3113 3492 3270 3562 panis
3295 3492 3433 3546 alius
3472 3492 3547 3546 sit
3577 3507 3753 3561 quam
3774 3492 3864 3561 qui

2285 3581 2508 3643 «usibus
2527 3601 2544 3634 ι
2576 3596 2776 3636 mensa:
2803 3582 3109 3637 communis
3140 3599 3158 3634 ι
3194 3590 3529 3652 praeparatus
3553 3591 3665 3646 est,
3713 3592 3773 3635 ιιι
3801 3584 3870 3635 sit

2279 3672 2514 3727 mundus
2542 3686 2609 3731 ac
2660 3671 2880 3736 nitidus,
2929 3672 3109 3726 studio
3150 3682 3518 3741 prmparatus;
3573 3673 3765 3741 panis,
3791 3673 3870 3727 in-

2281 3778 2468 3831 quam,
2499 3752 2867 3833 integerfnon
2902 3772 3081 3817 tamen
3107 3764 3311 3833 grande
3351 3762 3578 3832 aliquid,
3607 3764 3712 3819 sed
3758 3779 3871 3818 luo-

2283 3853 2402 3908 dica
2430 3862 2637 3908 tantum
2660 3853 2857 3908 oblata.
2875 3872 2893 3905 ι
2922 3852 3053 3919 Quae
3076 3868 3207 3908 sane
3220 3853 3513 3923 descriptio
3524 3852 3691 3924 longe
3710 3870 3872 3909 accu-

2288 3945 2457 4000 ratior
2500 3957 2585 4000 εει
2631 3944 2697 3999 ad
2752 3944 3142 4015 designandum
3175 3959 3369 4014 panem
3424 3944 3872 4001 infermentatum

2287 4051 2450 4105 quam
2515 4034 2603 4089 illa
2651 4034 2868 4090 concilii
2925 4034 3285 4101 Coiacensis,
3349 4034 3505 4103 cujus
3566 4036 3876 4091 tame-nde.

2287 4132 2438 4180 creto
2463 4138 2710 4195 azymum
2736 4137 2928 4193 panem
2956 4123 3245 4192 significari
3290 4132 3510 4179 constat
3557 4140 3688 4179 cum
3739 4125 3876 4181 cele-

2291 4217 2506 4271 bratum
2556 4215 2625 4268 sit
2674 4213 2960 4269 concilium
3011 4213 3156 4270 istud
3203 4222 3329 4285 post
3365 4214 3608 4270 scbisma
3634 4214 3876 4273 Michae-

2292 4304 2361 4359 lis
2392 4303 2677 4359 Ccrularii.

602 4440 847 4496 Romana
890 4439 942 4495 in
974 4436 1095 4494 Vita
1126 4436 1380 4508 Gregorii
1430 4436 1631 4508 Magni)
1672 4435 1787 4505 jam
1836 4436 1981 4498 facta
2015 4455 2034 4489 ι
2066 4452 2193 4493 san-
2222 4431 2274 4495 D
2366 4440 2434 4495 Et
2465 4448 2642 4496 tamen
2673 4440 2820 4495 hunc
2867 4455 3134 4497 canonem
3169 4441 3381 4498 concilii
3416 4442 3692 4509 Toletani,
3722 4458 3878 4513 quem

603 4529 964 4601 ctim‘onialis,'
978 4549 1130 4590 more
1154 4533 1329 4589 sabcti
1357 4530 1616 4587 Germani
1647 4532 1701 4586 in
1723 4531 2141 4604 Quadragesima
2168 4550 2188 4585 ι

607 4626 941 4682 frumentum
965 4639 1063 4681 sua
1094 4624 1257 4679 manu
1291 4621 1674 4685 commolebat,
1693 4629 1750 4677 et
1780 4623 1974 4676 eximie
2006 4640 2025 4673 ι
2047 4621 2197 4678 obla-

608 4717 789 4773 tiones
818 4716 932 4773 suis
964 4714 1218 4770 manibus
1251 4711 1477 4779 faciens,
1508 4712 1642 4768 locis
1668 4712 2071 4769 venerabilibus
2116 4712 2211 4767 in?

608 4809 896 4866 cessanter
921 4806 1296 4878 dispensabat,
1330 4814 1467 4862 teste
1499 4804 1764 4861 Venantio
1809 4804 2110 4861 Fortunato
2143 4804 2196 4860 in

617 4901 788 4970 ipsius
810 4897 955 4954 Vita.
986 4897 1293 4955 Germanus
1329 4895 1432 4951 iste
1463 4895 1787 4951 Parisiensis
1822 4904 1943 4950 erat
1988 4895 2201 4966 episco-

620 5005 721 5062 pus
758 4990 849 5059 qui
892 4989 1118 5059 proinde
1160 4989 1329 5045 etiam
1363 4986 1644 5057 ejusmodi
1690 5001 1935 5058 operam,
1966 4987 2200 5055 molendi

622 5081 1168 5138 scilicetfrumentum
1195 5081 1261 5135 ad
1279 5094 1471 5151 panem
1494 5078 1747 5135 sacriﬁcii
1774 5079 2201 5149 componendum

626 5190 735 5230 non
760 5173 1073 5245 refugiebat.
1104 5176 1179 5231 Ex
1195 5176 1389 5247 quibus
1413 5185 1638 5247 apparet
1654 5179 1854 5247 quanta
1877 5175 2042 5232 fuerit
2063 5175 2202 5245 apud

2302 4546 2495 4604 azymo
2527 4541 2634 4585 tam
2665 4532 2946 4601 signanter
2972 4534 3266 4589 convenire
3293 4534 3532 4597 ostendi,
3557 4536 3628 4588 ad
3653 4534 3881 4590 fermen-

2301 4631 2475 4678 tatum
2516 4637 2713 4705 panem
2749 4622 2915 4676 trahit
2956 4621 3279 4679 Sirmundus
3316 4624 3400 4679 his
3432 4624 3619 4680 verbis
3650 4643 3664 4679 :
3698 4644 3718 4677 ι
3750 4626 3881 4693 Quid

2306 4715 2410 4770 hoc
2438 4713 2656 4768 tandem
2687 4721 2774 4768 est
2799 4712 2944 4783 quod
2973 4713 3196 4768 concilii
3225 4712 3384 4784 hujus
3407 4714 3693 4770 antistites
3722 4716 3777 4770 in
3807 4717 3884 4771 his

2306 4806 2681 4862 sacerdotibus
2716 4796 3265 4874 reprehenduntiAn
3309 4806 3451 4878 quod
3498 4822 3762 4878 azymum
3797 4823 3886 4878 pa-

2298 4895 2429 4950 'nem
2454 4910 2560 4949 non
2586 4896 3025 4950 consecrarent?
3056 4895 3274 4952 Minime
3297 4896 3560 4968 gentium.
3589 4898 3763 4970 Atqui
3794 4902 3887 4955 hoc

2306 4976 2433 5043 ante
2459 4987 2638 5042 omnia
2668 4988 2917 5067 redargui
2951 4990 3274 5058 oportuit,si
3304 5005 3493 5060 azyma
3526 4993 3887 5061 requireban-

2302 5082 2417 5145 iur,
2444 5082 2571 5151 quia
2604 5097 2771 5152 panes
2816 5082 3052 5153 ipsorum
3091 5084 3279 5138 usibus
3307 5086 3598 5153 praeparati
3629 5102 3774 5157 quos
3801 5088 3888 5141 itu-

2308 5174 2606 5245 molabant,
2656 5175 2829 5245 azymi
2875 5190 2980 5230 non
3026 5185 3204 5237 erant,
3250 5176 3344 5232 sed
3387 5175 3736 5232 fermentati.
3782 5177 3890 5245 Quo

625 5272 842 5320 veteres
865 5264 1083 5322 Latinos
1108 5267 1294 5339 religio
1320 5270 1371 5323 in
1399 5269 1638 5340 parando
1659 5268 2024 5327 eucharistico
2041 5281 2201 5337 pane.
2308 5280 2440 5334 ergo
2469 5266 2693 5320 nomine
2712 5267 3218 5336 reprehenduntur?
3250 5266 3373 5338 quia
3390 5262 3573 5336 panes
3614 5266 3674 5323 bi
3701 5270 3893 5340 quibus

620 5353 748 5394 .Nnn
776 5353 855 5394 αἰιι
884 5355 1022 5394 annrl
1054 5354 1270 5394 annona
1318 5359 1515 5394 nnihnc
1555 5356 1881 5394 "unnhnrlna

1927 5356 1978 5394 in
2011 5355 2209 5394 nil-mili-

2300 5355 2604 5394 ‘nlnlmnlnr
2656 5354 2806 5394 nitidi
2849 5371 2953 5394 nnn
2984 5357 3141 5394 arani
3177 5371 3277 5394 nnt-
3319 5365 3400 5394 cm
3444 5356 3495 5394 in
3545 5356 3599 5394 in
3630 5372 3758 5394 nam
3787 5373 3893 5394 nam
