4020 5364
156 338 175 355 ’
258 354 411 422 ‘tsst

1242 332 1633 421 meamm-
1670 345 2079 431 nisou:sn‘to
2118 326 2204 414 oi;
2232 326 2488 415 sartio.

3397 353 3533 413 I232

280 476 529 535 Latinam
553 476 851 534 Ecclesiam
878 477 947 534 ad
974 478 1027 534 id
1061 478 1255 535 saltem
1286 492 1456 550 usque
1489 487 1700 550 tempus
1742 491 1867 548 azy-
1896 485 1939 538 Λ
1971 472 2280 543 sepulcrum
2351 470 2585 542 aperuit,
2640 477 2929 543 antequam
2972 476 3216 542 praeacns
3266 471 3549 545 episcopus

276 567 384 622 mis
407 568 772 623 abstinuisse?
802 586 822 620 ι

252 674 259 681 ~
349 654 463 710 Hoc
483 655 788 711 Achilleum
818 665 901 711 est
931 655 1210 711 Sirmundi
1234 650 1643 729 argumentum,
1669 670 1731 711 ex
1757 669 1865 726 quo

277 745 327 801 si
364 745 656 802 conﬁcitur
699 747 751 801 id
785 747 926 817 quod
975 748 1224 812 intendit,
1269 750 1458 804 eadem
1505 755 1605 820 ego
1650 760 1866 817 quoque

279 837 492 892 ratione
532 836 817 893 conﬁciam
856 838 1011 893 initio
1052 839 1235 894 saeculi
1284 854 1360 892 xu
1406 841 1570 893 etiam
1618 837 1863 909 Latinos,

278 926 475 982 saltem
503 928 559 982 in
587 926 785 994 Gallia,
818 927 1023 997 azymis
1054 928 1403 983 abstinuisse.
1437 926 1550 981 lloc
1574 942 1864 997 argumen-

279 1024 395 1072 tum
423 1017 630 1074 deduco
652 1033 720 1074 ex
742 1018 969 1090 epistola
995 1020 1065 1074 44
1110 1020 1401 1075 llildeberti
1435 1016 1866 1074 Cenomanensis
1946 1026 1949 1029 ’

279 1106 522 1179 episcopi
564 1108 635 1163 ad
683 1108 1147 1181 Andegavensem,
1193 1110 1247 1164 in
1293 1121 1401 1179 qua
1457 1109 1648 1163 scribit
1692 1124 1752 1164 se
1799 1108 1866 1163 ad

279 1200 600 1270 praedictum
632 1200 946 1272 episcopum
972 1202 1251 1257 remittere
1267 1200 1604 1257 sacerdotem
1636 1201 1864 1255 latorem

276 1289 541 1360 epistolae,
570 1291 663 1361 qui
697 1309 715 1342 t
747 1291 875 1347 dum
901 1291 1347 1362 sacrisjaltaribus
1375 1293 1784 1347 ministratur-us
1815 1292 1867 1346 in

284 1380 386 1436 hoc
416 1388 779 1450 prmparatum
809 1397 1000 1451 panem
1028 1397 1134 1436 non
1159 1382 1462 1449 invenerat,
1493 1383 1558 1435 de
1594 1381 1870 1437 communi

281 1486 424 1541 pane
467 1472 741 1528 obtulerat
804 1474 1156 1530 sacriﬁcium.
1207 1474 1325 1541 Qua
1378 1474 1430 1528 in
1468 1489 1528 1528 re
1558 1514 1573 1536 ,
1615 1492 1632 1524 ι
1690 1473 1868 1541 inquit

220 1626 223 1629 Α
285 1563 647 1632 Hildebertus,
697 1586 715 1618 t
748 1566 878 1622 licet
926 1567 1104 1638 potius
1151 1566 1490 1622 consuetudo
1531 1581 1695 1636 quam
1739 1565 1872 1619 ﬁdes

282 1658 648 1729 impugnetur,
682 1674 779 1714 nos
830 1668 1006 1714 tamen
1037 1658 1350 1713 nonnullam
1385 1659 1436 1713 in
1464 1673 1528 1714 eo
1550 1658 1762 1728 culpam
1790 1667 1870 1711 at-

283 1749 927 1816 tendimus,arbitrantes
956 1749 1177 1820 gravius
1217 1750 1551 1820 puniendum
1615 1764 1735 1805 esse
1782 1764 1872 1804 ec-

1968 562 2253 618 ministerii
2284 562 2366 617 sui
2397 563 2568 617 fretus
2605 562 2950 629 auctoritate,
2982 562 3222 633 ejusdem
3250 547 3560 635 congregao'

1964 654 2132 709 tionis
2176 653 2440 709 fratribus
2470 654 2572 709 hoc
2625 652 2931 708 faciendum
2960 652 3213 722 injuuxit.
3272 653 3416 709 Idem
3476 662 3555 710 ta-

1966 754 2090 800 men
2145 744 2448 815 episcopus,
2504 744 2890 800 venerabiliter
2936 759 3030 799 eas
3080 759 3409 813 assumens,
3461 759 3553 800 sa-

1967 851 2062 890 cro
2090 838 2301 907 corpori
2324 837 2612 906 apposuit,
2658 836 2941 907 ipsumque
2964 850 3160 905 corpus
3195 852 3316 891 cum
3345 851 3555 893 summa

1967 927 2177 982 cautela
2228 926 2538 981 obvolztum
2581 927 2635 981 in
2691 927 2881 983 lectica
2922 925 3225 981 honoriﬁce
3275 942 3555 983 commen-

1970 1019 2137 1075 davit.
2165 1038 2182 1071 ι
2216 1019 2369 1076 Hunc
2396 1020 2572 1076 locum
2601 1021 2772 1076 Laius
2801 1020 2999 1086 retuli,
3040 1029 3152 1074 tum
3175 1020 3302 1091 quia
3327 1020 3559 1092 insignis

1968 1119 2053 1165 est
2093 1110 2144 1163 in
2179 1120 2500 1181 praesentem
2534 1111 2813 1165 materiam
2837 1151 2852 1175 ,
2891 1120 3001 1165 tum
3027 1120 3087 1166 ut
3117 1110 3371 1166 haberem
3398 1126 3559 1167 occa-

1970 1199 2180 1255 sionem
2209 1200 2535 1255 observandi
2580 1200 2632 1255 id
2662 1201 2805 1269 quod
2854 1198 2938 1254 lso
2983 1200 3262 1271 ignorasse
3301 1199 3516 1254 videtur
3539 1236 3556 1264 ,

1971 1303 2166 1358 nempe
2215 1305 2423 1345 morem
2477 1289 2644 1344 fuisse
2690 1290 2981 1360 aliquando
3020 1297 3079 1343 ut
3132 1305 3253 1343 cum
3319 1288 3558 1344 defuncti

1970 1380 2273 1434 sacerdotis
2294 1394 2521 1451 roz‘pnre
2541 1380 2736 1435 oblatae
2755 1396 2856 1434 una
2879 1396 3000 1434 cum
3026 1379 3145 1436 aliis
3170 1395 3377 1435 nonnur
3392 1396 3554 1452 quam

1973 1471 2348 1527 instruments
2369 1474 2718 1543 vestibusque
2738 1473 3167 1528 sacerdotalibus
3188 1473 3394 1529 tumulo
3412 1489 3559 1529 com-

1972 1572 2325 1629 ponerentnr.
2375 1563 2428 1617 ιιι
2460 1563 2656 1632 colligo
2698 1578 2764 1618 ex
2796 1578 3067 1635 anonymo
3094 1564 3329 1634 quodam
3363 1565 3561 1633 :equali

1974 1649 2027 1704 iu
2062 1650 2157 1705 lib.
2193 1668 2246 1706 iv
2276 1654 2349 1708 De
2384 1654 2499 1708 Vita
2534 1652 2594 1708 S.
2640 1653 2922 1709 Cuthberti
2962 1653 3422 1710 Lindisfarnensis
3449 1669 3563 1726 ep-

1956 1745 2161 1814 scopi;
2218 1744 2375 1814 cujus
2417 1746 2674 1818 attonymi
2724 1746 2839 1801 hzrc
2879 1747 3043 1801 verba
3073 1746 3273 1801 suntin
3298 1746 3437 1801 libro
3463 1763 3556 1800 tv:

282 1839 463 1895 clesia:
489 1840 802 1896 scandalum
825 1855 987 1911 quam
1005 1842 1279 1896 delictum.
1304 1860 1323 1894 ι
1358 1841 1496 1910 Quid
1525 1841 1625 1895 hoc
1658 1842 1869 1896 tandem
1904 1846 1947 1906 Β
1982 1854 2002 1888 ί
2046 1837 2089 1889 Α
2114 1836 2495 1909 navigantibus
2523 1838 2837 1897 ininsulam
2876 1847 3119 1893 nostram
3164 1837 3374 1895 delatus
3399 1881 3414 1905 ,
3450 1846 3562 1894 toto

283 1937 387 1995 est,
417 1938 478 1983 ut
507 1928 784 1984 Sirmundi
812 1930 995 1985 verbis
1047 1940 1190 1995 utar,
1220 1931 1363 2023 quod
1423 1929 1767 1985 Hildebertus
1814 1931 1869 1984 in

284 2018 390 2074 hoc
417 2020 702 2075 sacerdote
725 2020 1074 2089 reprehendit
1091 2022 1115 2075 ἲ
1134 2022 1216 2075 An
1230 2018 1379 2092 quod
1401 2038 1649 2093 azymum
1677 2039 1870 2095 panem

285 2125 394 2166 non
427 2112 845 2167 consecrasset?
889 2113 1111 2169 minime
1146 2113 1413 2184 gentium.
1445 2115 1562 2181 Quo
1602 2129 1731 2185 ergo
1775 2130 1874 2169 no-

287 2201 433 2256 mine
458 2215 584 2256 eum
612 2202 999 2271 reprehendit?
1025 2218 1217 2273 nempe
1245 2200 1388 2276 quod
1422 2220 1529 2260 non
1573 2224 1591 2255 ι
1629 2206 1695 2260 de
1735 2219 1875 2274 pane

286 2292 356 2347 ad
380 2292 482 2348 hoc
510 2302 839 2364 praeparato,
880 2313 898 2346 ι
936 2295 1031 2349 sed
1067 2295 1174 2364 t_de
1203 2296 1474 2351 communi
1500 2315 1518 2347 ι
1547 2296 1874 2352 sacriﬁcium

288 2384 583 2450 obtulerat,
615 2400 737 2440 eum
764 2386 832 2440 ad
862 2385 1078 2440 modum
1104 2401 1222 2457 lquo
1248 2386 1439 2443 Patres
1486 2386 1734 2442 Toletani
1788 2403 1875 2444 re-

287 2476 636 2546 prehendunt
681 2476 995 2532 sacerdotes
1033 2474 1379 2547 llispanicos,
1420 2478 1562 2547 quod
1611 2477 1679 2532 de
1723 2497 1740 2530 ι
1785 2493 1878 2548 pa-

288 2564 453 2619 nibus
486 2584 504 2617 ι
537 2581 642 2622 non
675 2584 695 2617 ε
736 2567 916 2621 studio
939 2567 1281 2636 pra-paratis,
1305 2567 1493 2622 nitidis
1515 2583 1576 2621 ac
1607 2568 1871 2634 mundis,»

288 2656 384 2712 sed
403 2657 469 2713 de
500 2676 518 2709 ‹
542 2658 773 2729 panibus
791 2658 904 2714 suis
929 2658 1116 2712 usibus
1143 2658 1462 2728 prarparalis
1490 2678 1508 2710 ι
1544 2658 1877 2713 oblationem

292 2744 556 2803 facerent.
612 2746 890 2804 Concedat
947 2762 1078 2819 ergo
1116 2740 1460 2803 Sirmundus
1515 2761 1739 2803 necesse
1797 2755 1883 2804 est

292 2846 392 2893 aut
417 2853 683 2894 canonem
710 2838 926 2894 concilii
955 2838 1199 2894 Toletani
1232 2838 1299 2894 de
1329 2852 1467 2909 pane
1496 2853 1688 2910 azymo
1715 2839 1883 2895 inter-

295 2926 624 2997 pretandum
667 2943 812 2994 esse,
839 2928 981 2983 sicut
1006 2927 1290 2998 epistolam
1323 2926 1642 2995 llildeberli,
1689 2937 1783 2983 aut
1833 2928 1881 2984 si

292 3016 611 3087 praedictum
650 3031 916 3073 canonem
966 3019 1030 3072 de
1086 3017 1410 3074 fermentata
1440 3032 1579 3087 pane
1610 3017 1883 3087 explicare

296 3116 510 3180 pergat,
556 3123 897 3178 consequens
934 3104 1020 3164 est
1078 3108 1220 3164 ratio
1258 3117 1319 3161 ut
1362 3108 1529 3163 etiam
1582 3107 1882 3164 llildeberti

1954 1943 2201 2011 corpore
2230 1929 2409 1984 lavato
2436 1970 2451 1992 ,
2486 1930 2665 2000 capite
2700 1931 2923 1986 sudario
2951 1929 3289 1987 circumdato
3312 1970 3328 1997 ,
3371 1928 3563 1984 oblatis

1967 2016 2130 2089 super
2159 2030 2395 2074 sanctum
2432 2033 2608 2091 pectus
2640 2024 2859 2092 positis,
2923 2022 3245 2077 vestimenta
3303 2023 3563 2079 sacerdo-

1958 2108 2100 2181 'talia
2146 2110 2395 2174 indutus,
2438 2111 2496 2173 in
2546 2112 2764 2167 obviam
2792 2112 2993 2169 Christi
3037 2113 3420 2190 calceamentis
3450 2114 3565 2170 suis

1975 2200 2333 2269 praeparatis,
2394 2202 2446 2256 itt
2501 2202 2729 2258 sindone
2788 2212 2972 2259 cerata
3003 2215 3262 2270 curatus;
3323 2206 3563 2260 animant

1974 2290 2181 2347 habens
2210 2293 2579 2349 cumerito
2622 2295 2947 2366 gaudentem
2975 2336 2992 2361 ,
3064 2311 3261 2367 corpus
3318 2297 3567 2351 incorru~

1978 2382 2207 2453 ptibile,
2240 2384 2588 2455 requiescens
2630 2395 2685 2441 et
2713 2387 2871 2457 quasi
2910 2387 3185 2443 dormiens
3230 2387 3285 2442 in
3317 2387 3569 2459 sepulcro

1976 2472 2188 2544 lapideo
2211 2474 2602 2531 honorabiliter
2627 2478 2680 2530 iu
2729 2469 2949 2533 basilica
2976 2478 3358 2548 deposuerunt.
3391 2499 3409 2530 ι
3442 2477 3569 2535 Haec

1978 2565 2225 2634 apposite
2253 2564 2601 2637 anonymus,
2629 2565 2784 2635 cujus
2818 2568 2984 2648 verba
3016 2567 3104 2622 hic
3140 2567 3306 2621 rel..ta
3332 2608 3348 2633 ,
3386 2567 3565 2623 Vene-

1979 2652 2135 2707 rabili
2158 2651 2313 2708 Beda:
2333 2671 2617 2724 perperam
2637 2656 2826 2710 tribuit
2848 2656 3178 2721 Amalarius;
3198 2672 3317 2725 qum
3333 2657 3571 2713 maxime

1979 2744 2253 2799 illustrant
2274 2747 2609 2815 superiorem
2636 2748 2806 2802 lsonis
2826 2747 3023 2803 locum.
3050 2748 3131 2803 Ad
3157 2748 3271 2803 haec
3292 2748 3377 2804 lso
3400 2763 3566 2819 agens

1983 2833 2055 2888 de
2087 2833 2192 2889 alia
2234 2836 2405 2891 sancti
2455 2835 2703 2892 Othmari
2747 2837 3099 2893 translatione
3127 2849 3251 2908 post
3277 2840 3567 2895 triennium

1970 2922 2125 2979 facta
2152 2965 2168 2991 ,
2197 2925 2311 2980 haec
2334 2926 2401 2981 de
2431 2926 2618 2982 iisdem
2651 2926 2845 2983 oblatis
2870 2927 3064 2983 scribit
3089 2929 3143 2983 in
3176 2927 3270 2984 lib.
3313 2945 3353 2983 tt
3381 2969 3397 2995 ,
3443 2946 3567 3001 eap.

1981 3015 2009 3070 1
2040 3033 2054 3068 :
2092 3035 2111 3067 ι
2143 3014 2267 3072 Illas
2292 3031 2508 3087 quoque
2528 3018 2759 3084 oblatas,
2789 3034 2924 3091 quas
2950 3020 3267 3075 narratione
3296 3021 3569 3091 superiori

1983 3103 2039 3159 in
2087 3103 2206 3174 ejus
2252 3107 2459 3163 tumulo
2500 3107 2787 3163 retulimus
2817 3108 2984 3164 fuisse
3023 3120 3298 3179 repertas,
3344 3120 3571 3167 eatenus

294 3198 583 3269 epistolam
613 3198 680 3255 de
714 3197 983 3253 fermento
1021 3198 1427 3269 intelligendam
1464 3213 1585 3253 esse
1626 3197 1878 3256 fateatur.
1908 3193 1953 3255 C
1985 3193 2329 3267 incorruptas
2386 3207 2550 3269 atque
2612 3201 2941 3256 omnimodis
2993 3201 3192 3258 illaasas
3243 3203 3570 3272 perdurasse

280 3288 452 3356 'Quod
519 3302 644 3344 cum
703 3302 880 3356 neque
935 3285 1260 3341 Sirmundus
1321 3285 1477 3355 ipse,
1537 3300 1638 3341 nec
1704 3286 1882 3356 quivis

298 3379 436 3434 alius
483 3378 643 3435 fateri
688 3379 906 3449 possit,
962 3392 1138 3447 neque
1187 3377 1352 3433 etiam
1400 3392 1469 3432 ex
1512 3377 1726 3432 concilii
1778 3376 1887 3434 To-

282 3469 464 3527 'letani
493 3470 672 3527 verbis
700 3469 1005 3534 conﬁcitur,
1041 3469 1420 3525 fermentatum
1449 3483 1646 3539 panem
1688 3469 1745 3525 in
1783 3484 1885 3526 usu

301 3572 414 3618 tmn
438 3562 620 3630 fuisse,
646 3564 741 3619 sed
766 3563 944 3635 potius
973 3578 1245 3635 azymum.
1277 3561 1551 3619 Hactenus
1577 3564 1644 3619 de
1671 3578 1884 3620 canone

302 3653 581 3711 Toletano.
992 3654 995 3655 ⁷

378 3749 662 3807 Postremo
688 3748 845 3820 panis
869 3746 1142 3804 sacriﬁcio
1169 3746 1480 3818 deputatus,
1531 3761 1690 3817 quem
1744 3746 1887 3802 inte-

305 3857 461 3916 grum
488 3855 610 3897 esse
636 3838 944 3909 oportebat,
974 3838 1027 3893 in
1058 3837 1277 3893 modum
1307 3851 1522 3898 corona:
1556 3837 1890 3904 compositus

304 3944 453 4000 erat;
500 3950 606 3990 non
652 3935 909 4004 decerpto
945 3932 1117 3986 frusto
1156 3945 1257 4002 per
1299 3929 1521 3985 modum
1561 3929 1801 3993 corollae,
1833 3936 1893 3983 ut

306 4028 447 4100 apud
472 4027 718 4093 Grzeeos;
751 4026 847 4081 sed
876 4023 1016 4080 facta
1045 4024 1251 4094 integra
1277 4021 1479 4084 oblata,
1513 4036 1633 4091 qute
1662 4020 1891 4075 rotunda

308 4125 448 4173 erat.
486 4116 618 4184 Qua:
649 4114 1067 4171 circumstantia
1096 4114 1142 4169 si
1173 4127 1298 4168 cum
1326 4111 1601 4180 prtedictis
1640 4109 1893 4164 omnibus

1984 3287 2215 3342 miratur
2239 3327 2256 3352 ,
2294 3296 2350 3344 et
2370 3290 2634 3358 quasdam
2668 3305 2733 3346 ex
2763 3292 2843 3347 eis
2886 3291 3157 3347 involutas
3185 3306 3342 3348 sacro
3379 3293 3568 3349 itidem

1983 3377 2201 3446 corpori
2245 3379 2618 3449 superposuit;
2670 3379 2806 3436 alias
2835 3396 2963 3436 vero
2991 3382 3190 3453 pyxide
3220 3381 3524 3439 recondens
3550 3420 3569 3451 ,

1985 3471 2394 3540 superventuris
2422 3472 2756 3543 temporibus
2791 3488 2891 3543 pro
2917 3474 3228 3529 sanctitatis
3265 3462 3382 3546 ejus
3420 3477 3574 3532 testi-

1985 3561 2172 3617 monio
2204 3565 2512 3619 conservari
2538 3566 2817 3636 prmeepit.
2856 3586 2877 3620 ι
2925 3565 3007 3621 Ex
3047 3566 3133 3623 bis
3155 3567 3366 3624 duobus
3391 3567 3565 3625 lsonis

1986 3655 2120 3712 locis
2145 3698 2161 3722 ,
2192 3667 2253 3713 ut
2290 3672 2359 3714 ex
2390 3658 2651 3731 Gregorio
2694 3661 2888 3731 Magno
2931 3671 2987 3717 et
3027 3677 3096 3718 ex
3138 3679 3347 3720 canone
3374 3664 3407 3719 6
3429 3680 3574 3736 saepe

1978 3744 2118 3800 'dicti
2149 3748 2367 3803 concilii
2393 3748 2637 3805 Toletani
2669 3751 3058 3823 intelligimus,
3086 3750 3277 3809 tenues
3294 3768 3357 3810 ac
3386 3763 3578 3809 rotun~

1991 3838 2087 3892 das
2113 3839 2473 3895 «rotularumt
2502 3841 2556 3896 in
2590 3857 2797 3898 morem
2831 3842 2998 3901 fuisse
3017 3844 3228 3902 oblatas
3252 3855 3378 3901 ante
3400 3862 3575 3908 annos

1980 3921 2167 3985 'mille,
2212 3925 2348 3978 adeo
2379 3933 2440 3979 ut
2472 3925 2657 3983 forsan
2688 3942 2794 3982 non
2834 3928 2970 3984 satis
2996 3925 3339 3986 considerate
3364 3932 3576 3990 ordinis

1980 4011 2224 4068 ‘ltomaui
2252 4016 2530 4085 expositor
2550 4025 2705 4073 vetus
2726 4018 2867 4089 apud
2887 4015 3252 4076 Cassandrum
3276 4021 3398 4091 plus
3417 4038 3574 4093 aequo

1983 4099 2281 4156 invehatur
2306 4102 2359 4158 in
2389 4101 2620 4160 formam
2653 4105 2955 4163 oblatarum
2990 4109 3430 4167 tenuissimarum
3450 4129 3575 4184 qua:

307 4205 466 4261 simul
488 4212 851 4275 comparetur,
876 4202 1179 4259 oblatarum
1209 4210 1512 4256 nostrarum
1530 4199 1892 4255 recentiorum
1994 4205 2094 4246 SUO
2117 4201 2359 4263 tempore
2379 4194 2447 4250 ad
2468 4195 2759 4267 imaginem
2783 4214 3126 4255 nummorum
3142 4201 3375 4257 redacta:
3394 4213 3574 4272 erant,

314 4298 544 4353 formam
574 4311 713 4368 pene
747 4296 817 4353 ob
862 4294 1051 4351 oculos
1082 4299 1456 4364 repraesentat.
1485 4290 1649 4361 Atqui
1695 4291 1897 4363 Grego-
1983 4282 2131 4371 iquas
2170 4297 2269 4354 per
2307 4293 2678 4371 contemptum
2723 4306 2743 4341 ι
2792 4290 3050 4346 minutias
3090 4293 3578 4353 nummulariorum

309 4390 425 4447 rius
472 4389 695 4461 Magnus
726 4388 997 4459 loquendo
1028 4388 1095 4443 de
1124 4401 1262 4457 pane
1292 4386 1571 4450 sacriﬁcii,
1603 4405 1621 4437 ‹
1658 4384 1893 4442 oblatio-
1980 4369 2301 4434 'oblatarum
2324 4396 2344 4430 ι
2370 4369 2624 4450 appellat,
2643 4380 2926 4454 «indignas
2954 4383 3111 4455 panis
3132 4385 3392 4442 vocabulo
3427 4406 3447 4440 ι
3482 4401 3582 4458 pro

310 4495 440 4535 num
469 4494 739 4535 coronas»
759 4488 921 4534 vocat
945 4477 998 4532 in
1027 4477 1167 4533 libro
1201 4492 1253 4531 tv
1281 4475 1627 4547 Dialogorum
1657 4490 1777 4546 cap.
1801 4475 1890 4531 55.
1922 4535 1965 4547 __
1990 4464 2096 4530 sua
2135 4476 2431 4543 tenuitate,
2485 4484 2542 4533 et
2588 4492 2617 4530 a
2654 4476 2834 4546 prisca
2888 4476 3143 4533 Ecclesiae
3188 4480 3581 4535 consuetudine

311 4569 378 4625 Et
411 4569 496 4625 lso
517 4568 702 4624 Sancti
735 4566 1002 4624 Gallensis
1033 4566 1333 4622 monachus
1364 4565 1417 4621 in
1438 4535 1533 4621 lib.
1561 4582 1600 4630 ι,
1628 4565 1704 4621 De
1726 4535 1892 4621 inira-
1920 4535 1973 4596 D
1998 4565 2234 4620 maxime
2265 4535 2530 4622 diversas.
2584 4535 2923 4622 Crediderim
2974 4576 3122 4623 certe
3167 4569 3376 4638 priscas
3430 4568 3583 4625 obla-

311 4662 450 4719 culis
496 4661 670 4718 sancti
721 4660 968 4717 0thmari
1008 4674 1129 4728 cap.
1182 4658 1240 4723 5,
1284 4671 1448 4729 agens
1485 4658 1552 4712 de
1596 4657 1899 4713 elevatione
1998 4655 2175 4712 tiones
2197 4670 2303 4711 non
2336 4664 2444 4711 tam
2486 4656 2655 4712 fuisse
2699 4665 2887 4711 tenues
2936 4672 3099 4727 quam
3146 4667 3360 4712 nostras
3387 4673 3582 4714 recen-

311 4751 556 4822 corporis
583 4751 823 4821 ejusdem
871 4749 1081 4814 sancti,
1116 4763 1236 4817 quae
1284 4761 1429 4802 anno
1467 4746 1571 4800 844
1622 4747 1766 4802 facta
1813 4755 1899 4804 est
1992 4746 2164 4819 tiores
2189 4787 2205 4812 ,
2231 4747 2326 4803 sed
2353 4747 2513 4816 paulo
2536 4748 2834 4804 crassiores
2857 4748 3032 4803 instar
3067 4748 3418 4816 nebularum,
3445 4764 3585 4819 quas
3632 4788 3635 4791 ς

312 4850 435 4912 post
461 4855 634 4896 annos
656 4848 871 4895 centum
902 4846 959 4894 et
983 4837 1220 4907 quinque
1249 4835 1318 4891 ab
1350 4833 1469 4904 ejus
1504 4835 1695 4889 obitu:
1731 4854 1750 4887 ι
1782 4828 1896 4892 Sub
2001 4835 2286 4893 Udalrieus
2337 4835 2416 4891 ait
2469 4837 2538 4891 ad
2589 4851 2748 4892 usum
2802 4850 3149 4892 communem
3207 4836 3326 4892 ﬁeri
3368 4837 3587 4907 solitas;

313 4931 511 5003 capite,
550 4930 752 5000 inquit,
786 4937 843 4985 et
885 4928 1029 4985 circa
1056 4914 1245 4998 pectus
1267 4927 1369 4982 viri
1402 4925 1498 4980 Dei
1524 4926 1770 4996 quaedam
1802 4943 1896 4998 pa-
2006 4925 2219 4981 tametsi
2242 4939 2397 4996 teque
2418 4939 2484 4982 ac
2508 4934 2711 4980 nostrae
2737 4926 2880 4980 intra
2917 4924 3123 4982 ferrum
3151 4928 3593 4987 characteratum

316 5024 400 5080 nis
449 5022 642 5101 rotula:
690 5036 810 5101 qua:
840 5020 1002 5090 vulgo
1047 5017 1242 5074 oblata:
1287 5019 1562 5083 dicuntur,
1594 5016 1668 5072 ita
1718 5017 1896 5074 illaesa:
2001 5018 2375 5091 coquebantur
2400 5057 2415 5081 ,
2459 5025 2518 5072 ut
2548 5017 2602 5071 in
2634 5016 2957 5088 praemonitu
2983 5018 3049 5073 ad
3079 5017 3400 5090 opusculum
3427 5019 3594 5079 Elde-

314 5094 481 5187 atque
508 5116 577 5171 ab
602 5094 751 5168 omni
782 5102 1129 5184 corruptione
1155 5120 1428 5169 extraneae
1474 5109 1544 5164 ab
1572 5109 1759 5165 eodem
1787 5110 1899 5182 epi-
2003 5110 2141 5169 fonsi
2168 5108 2341 5167 fusius
2361 5108 2666 5178 explicabo.
2711 5107 2984 5178 Quidquid
3005 5110 3109 5175 sit;
3139 5126 3205 5168 ex
3245 5111 3313 5181 iis
3336 5126 3458 5181 quae
3481 5123 3604 5178 toto

320 5222 337 5226 -
354 5222 437 5226 --_.
454 5221 471 5226 -
501 5202 919 5226 !_---_!-L-_s..-
943 5212 993 5226 -.ι
1015 5203 1063 5226 ε..
1085 5200 1221 5226 -..11-
1255 5200 1473 5226 -..-..ε....
1490 5208 1642 5226 ἰιι-ιιι
1664 5202 1876 5226 ,ιι-1.ν..κ....

2002 5202 2102 5226 1,--
2155 5202 2327 5226 Α...ιὲι..
2383 5200 2647 5226 λζηιςιιΙα--ξ

501 5202 919 5226 2..----.ξ..ιιιι...ο..ιι
943 5212 993 5226 -.ι
1015 5203 1063 5226 ε..
1085 5200 1221 5226 -..11-
1255 5200 1473 5226 α--..ε-ιη
1490 5208 1642 5226 ἰιι-διδ
1664 5202 1893 5226 main-4....

2155 5202 2327 5226 ιιι-..21η
2383 5198 2647 5226 λζηιςιιΙα--ξ
2736 5213 2839 5226 “an
2869 5200 3099 5226 Λιεικιιι.-.Α
3148 5200 3212 5226 Ι..ε
3258 5217 3364 5226 ...Α-ι
3414 5201 3531 5226 full-
3581 5212 3596 5226 κ
