4020 5364
534 314 673 373 1263

1560 314 1902 372 APPENDIX
1938 315 2032 372 AD
2058 313 2284 374 OPERA
2325 316 2711 377 HUMBERTI.

3651 328 3787 385 1204

534 434 816 489 Toletante
851 431 1042 487 Patres
1084 446 1189 488 non
1231 438 1525 501 potuerunt
1554 431 1792 501 apertius
1820 430 1890 486 ob
1916 430 2104 485 oculos
2134 438 2185 501 Α
2208 431 2459 489 fermenti
2480 445 2756 506 expertem
2778 434 2944 493 fuisse
2965 445 3093 493 tunc
3117 438 3549 510 temporisfateri
3562 456 3786 498 necesse

528 538 730 595 ponere
755 537 1003 594 azymum
1045 536 1237 593 panem
1278 536 1440 592 quam
1471 520 1827 576 describenda
1849 536 1914 575 eo
1945 521 2104 576 modo

529 631 689 687 quem
720 630 882 685 supra
912 614 1158 683 exposui.
1193 610 1261 668 Et
1292 614 1403 667 sint
1436 626 1566 669 sane
1593 628 1756 667 mera:
1781 628 1917 682 quas
1948 612 2105 667 attuli

529 702 897 777 conjectum;
946 703 1075 774 quid
1130 702 1364 773 amplius
1419 718 1582 773 quam
1630 699 1956 770 conjectura:
2008 718 2106 772 pro

527 794 855 850 fermentata
918 794 1258 849 afferuntur?
1321 794 1483 863 Atqui
1534 791 1896 861 conjecturae,
1955 783 2009 847 et
2058 795 2105 849 si

526 887 817 959 utrubique
854 887 962 943 sint
998 886 1233 958 aequales
1259 928 1274 951 ,
1316 886 1476 955 longe
1526 895 1704 939 tamen
1751 894 2009 955 praestant
2050 886 2105 940 in

526 997 843 1053 azymorum
886 995 1083 1044 causa;
1121 994 1351 1048 quorum
1376 986 1524 1033 certe
1548 991 1678 1030 usus
1706 976 1962 1045 antiquus
1988 983 2101 1042 est,

525 1083 579 1128 et
602 1072 816 1127 initium
845 1079 969 1142 post
992 1068 1265 1126 conditam
1291 1068 1584 1124 Ecclesium
1610 1066 1965 1123 demonstrari
1995 1083 2101 1122 non

446 1226 452 1231 _
524 1172 723 1235 potest.
746 1162 814 1218 Et
841 1161 1038 1218 sufficit
1069 1160 1135 1215 ad
1162 1160 1496 1230 probandam
1527 1160 1739 1213 usitata:
1765 1160 1838 1212 rei
1870 1159 2104 1228 antiqui-

527 1266 692 1311 tatem
719 1254 957 1309 refutare
982 1260 1299 1323 argumenta
1331 1265 1450 1321 qucc
1475 1260 1852 1320 proponuntur
1880 1249 1933 1304 in
1970 1265 2104 1304 con-

448 1340 451 1343 ’
524 1341 771 1401 trarium.
801 1345 870 1398 At
897 1360 1025 1398 vero
1046 1343 1468 1412 adprobandum
1498 1340 1747 1395 fermenti
1777 1357 1931 1396 usum
1960 1342 2101 1410 apud

446 1490 450 1511 ί
495 1432 776 1500 ~Latinos,
808 1453 913 1492 non
943 1432 1216 1491 suliiciunt
1241 1434 1589 1507 conjecturae.
1614 1435 1707 1489 sed
1733 1449 1858 1487 vera
1884 1474 1897 1497 ,
1923 1433 2097 1487 mani-

447 1606 458 1631 )

445 1575 459 1587 γ
520 1532 656 1588 festa
706 1545 771 1585 ac.
828 1527 1133 1584 necessaria
1196 1522 1891 1597 argumentaprofcrenda
1950 1532 2097 1579 sunt.

450 1613 461 1691 ί
520 1623 762 1692 Denique
789 1621 835 1675 si
863 1635 925 1674 ea
955 1634 1076 1689 quae
1102 1618 1372 1673 hactenus
1397 1616 1506 1672 dixi
1533 1656 1549 1682 ,
1586 1617 1653 1671 ad
1676 1616 2014 1686 probandum
2046 1613 2097 1669 id

448 1718 461 1775 ζ
517 1712 661 1782 quod
708 1709 929 1765 intendo
960 1722 1066 1762 non
1094 1706 1402 1773 sufficiunt,
1462 1708 1748 1774 evincent,
1798 1716 1857 1761 ut
1894 1720 2053 1778 spero
2081 1746 2097 1773 ,

449 1798 464 1865 ᾗ
518 1817 639 1873 qua:
658 1800 906 1871 sequenti
936 1798 1112 1870 capite
1139 1799 1426 1853 adducam.

450 1890 467 1913 ζ

456 1960 467 1971 μ

454 1990 463 2003 ,Α

454 2008 465 2023 υ

456 2038 465 2045 4

452 2054 479 2111 f,

1132 1889 1358 1945 CAPUT
1396 1889 1487 1946 IX.

518 1982 880 2042 Morcm‘lmnc
910 1982 1139 2054 genergli
1168 1999 1266 2054 usu
1285 1989 1444 2054 apud
1474 1979 1692 2037 Latinos
1728 1981 1950 2053 riguisse
1977 1988 2098 2035 ante

1042 2050 1221 2106 Pltotii
1258 2052 1556 2106 dissidium.

581 2147 665 2205 'Ad
706 2145 1186 2203 demonstrandum
1223 2159 1543 2215 azymorum
1586 2143 1893 2215 generalem
1937 2158 2096 2197 usum

476 2274 485 2281 ι
515 2234 931 2311 πριιιιῖιειιίηοε,
957 2249 1119 2289 nemo
1144 2243 1228 2288 est
1256 2235 1349 2304 qui
1374 2234 1595 2305 exigere
1618 2235 1749 2289 velit
1776 2245 1832 2289 ut
1857 2234 2098 2304 singulas

466 2320 1252 2385 7recenseamnsl'atinorum
1298 2325 1601 2392 Ecclesias;
1653 2326 1748 2382 sed
1800 2326 1934 2381 satis
1976 2340 2097 2382 esse

488 2426 673 2511 :puto,
716 2427 763 2481 si
805 2426 889 2481 vel
922 2427 971 2482 id
1005 2426 1265 2496 probetur
1310 2426 1377 2481 de
1423 2424 1662 2495 qualibet
1710 2425 1962 2497 regione.
2011 2423 2096 2479 vel

466 2570 471 2577 .
521 2520 650 2576 talia
701 2518 1053 2590 proferantur
1107 2526 1460 2589 argumenta,
1528 2533 1648 2589 quae
1708 2519 1760 2573 id
1804 2517 2098 2573 universim

466 2606 910 2693 demonstrent.
946 2611 1185 2682 Utroque
1209 2610 1368 2667 modo
1397 2610 1501 2666 hoc
1537 2611 1589 2665 iu
1615 2611 1795 2683 capite
1821 2624 1935 2665 rem
1963 2600 2096 2666 con-

509 2703 673 2758 licere
694 2703 960 2759 conabor.

579 2788 851 2864 Principio
873 2791 1082 2848 Alcuini
1122 2792 1420 2848 auctoritas
1470 2807 1579 2849 non
1624 2790 1797 2848 solum
1846 2806 1945 2861 pro
1974 2790 2093 2846 Bri-

510 2885 697 2939 tannia
732 2878 904 2938 insula
948 2883 1001 2937 in
1041 2897 1148 2952 qua
1177 2891 1335 2937 natus
1356 2891 1469 2949 est,
1528 2892 1689 2954 atque
1716 2899 1816 2953 pro
1840 2883 2013 2939 Gallia
2039 2884 2089 2938 in

485 2985 615 3049 'qua
664 2982 958 3041 moratus,
1007 2976 1101 3031 sed
1160 2991 1258 3046 pro
1306 2974 1589 3044 Romana,
1639 2976 1749 3031 imo
1803 2975 2089 3032 universali

508 3069 751 3127 Ecclesia
786 3067 930 3123 valet
958 3067 1249 3139 plurimum
1287 3065 1352 3121 ad
1398 3066 1736 3136 probandum
1770 3082 2085 3138 azymorum

506 3177 667 3217 usum
700 3156 997 3215 universim
1034 3174 1132 3213 suo
1169 3167 1410 3228 tempore
1437 3156 1605 3212 fuisse
1646 3168 1923 3226 receptum
1965 3166 2092 3211 ante

494 3234 722 3309 omnem
747 3246 1026 3308 hominum
1064 3250 1404 3305 memoriam.
1434 3240 1437 3245 ⁴
1464 3249 1640 3305 Locus
1668 3258 1749 3304 est
1778 3250 1830 3304 in
1860 3248 2091 3319 epistola

507 3346 577 3402 69
600 3386 615 3413 ,
641 3345 896 3400 editionis
920 3342 1271 3406 Chesnianaa,
1309 3341 1396 3396 ubi
1425 3340 1688 3396 Alcuiuus
1706 3381 1719 3406 ,
1749 3354 1910 3410 quem
1937 3339 2093 3395 initio

521 3434 703 3492 smculi
741 3449 794 3489 ιι
833 3433 1033 3488 obiisse
1054 3440 1302 3495 constat,
1334 3428 1599 3499 llispauos
1627 3418 1886 3499 quosdam
1917 3428 2095 3499 arguit

492 3509 793 3582 censentes
821 3521 1153 3577 miscendum
1170 3536 1293 3575 esse
1314 3520 1480 3575 salem
1498 3516 1527 3572 ἰ
1551 3521 1603 3575 ἱη
1631 3518 2012 3581 sacrificium,»
2039 3518 2093 3574 id

494 3614 594 3684 ,‘eSt
625 3616 679 3671 in
716 3613 998 3669 materiam
1025 3612 1180 3684 panis
1209 3610 1575 3667 encharistiei.
1614 3627 1633 3661 ι
1669 3609 1840 3677 Quam
1865 3625 2093 3665 consue-

490 3698 752 3765 'tudinem
780 3747 796 3775 ,
826 3691 1041 3777 inquit,
1071 3720 1169 3759 nec
1200 3702 1522 3758 universalis
1543 3703 1799 3758 observat
1819 3700 2087 3769 Ecclesia,

509 3814 609 3854 nec.
632 3794 875 3854 Romana
908 3795 1146 3851 custodit
1182 3793 1496 3848 auctoritas.
1529 3811 1547 3845 ι
1588 3791 1722 3846 Tum
1779 3792 2088 3863 singillatim

492 3878 792 3945 "ennmerat
842 3902 904 3944 ea
956 3902 1077 3957 quae
1132 3885 1185 3940 in
1241 3882 1568 3939 sacriﬁcium
1620 3883 1881 3938 adhibere
1938 3883 2088 3938 licet.

517 4000 535 4031 ι
570 3976 695 4035 Tria
718 3987 864 4045 sunt,
894 3977 1101 4048 inquit,
1128 3990 1250 4047 qua:
1277 3975 1331 4030 in
1352 3973 1623 4030 sacrificio
1644 3973 1914 4029 offerenda
1945 3982 2087 4041 sunt,

508 4072 682 4142 panis,
705 4078 759 4126 et
772 4085 935 4140 aqua,
965 4078 1020 4123 et
1044 4067 1250 4121 vinum.
1273 4083 1291 4118 ι
1316 4064 1498 4133 Qualis
1512 4064 1703 4136 panis?
1738 4083 1756 4117 ι
1776 4064 1955 4130 Panis,
1977 4064 2083 4127 ait,

494 4162 599 4231 'qni
632 4161 685 4216 in
713 4175 911 4230 corpus
934 4158 1131 4214 Christi
1165 4166 1549 4222 consecratur,
1587 4157 1791 4227 absque
1823 4142 2090 4211 fermento

507 4253 670 4307 ullius
696 4251 920 4307 alterius
946 4249 1255 4305 infectionis
1290 4248 1448 4303 debet
1471 4263 1592 4304 esse
1621 4248 2030 4304 mundissimus.
2060 4232 2083 4301 ὦ

496 4342 669 4412 'Atqui
705 4342 1057 4398 fermentatus
1094 4340 1250 4409 panis
1291 4354 1400 4394 non
1447 4349 1531 4394 est
1576 4340 1782 4409 absque
1822 4338 2090 4411 fermento

2205 530 2291 579 est

2278 616 2434 672 Dices
2451 603 2774 673 fermentum
2791 619 2946 689 panis
2966 633 3137 689 genus
3158 636 3284 677 esse
3299 623 3543 694 satisque
3564 638 3787 693 expres-

2205 723 2325 763 sum
2356 726 2509 779 aqua:
2541 720 2595 765 et
2620 710 2807 766 farinze
2831 714 3048 769 nomine
3073 752 3088 779 ,
3125 715 3325 783 quibus
3355 716 3544 787 utique
3568 725 3787 775 constat

2204 797 2455 854 Concedo
2505 800 2830 856 fermentum
2862 812 3138 863 constare
3188 804 3390 872 farina;
3447 816 3506 861 at
3549 818 3787 863 constat.

2204 889 2368 943 etiam
2425 890 2599 945 aliena
2644 893 2860 961 specie,
2914 908 3034 962 qua:
3088 893 3343 951 fermenti
3404 901 3624 967 propria
3665 908 3787 961 est,

2204 994 2399 1048 nempe
2444 989 2502 1033 ut
2536 980 2611 1035 ait
2644 980 2969 1037 Humbertns
2997 1024 3015 1049 ,
3063 996 3156 1039 aut
3196 1001 3401 1055 spuma.
3435 988 3640 1050 musti,
3697 996 3788 1042 aut

2204 1068 2445 1122 cervisia:
2488 1068 2619 1124 hcce
2642 1110 2656 1130 .
2702 1080 2796 1125 aut
2824 1071 2964 1126 lacte
2999 1084 3291 1143 corrupto;
3321 1091 3441 1145 quae
3481 1076 3695 1146 species
3724 1077 3789 1131 ah

2202 1157 2428 1211 Alcuino
2449 1163 2923 1215 commemoranda
2959 1171 3103 1227 erat,
3150 1163 3197 1217 si
3224 1176 3337 1218 tum
3366 1165 3418 1218 in
3442 1180 3540 1219 usu
3573 1166 3727 1219 fuiss
3748 1175 3789 1220 t.

2201 1249 2282 1302 Ad
2310 1251 2424 1304 haec
2449 1290 2462 1314 ,
2513 1252 2558 1305 si
2602 1251 2782 1320 aliqua
2822 1267 2887 1306 ex
2924 1253 3007 1308 his
3036 1255 3317 1323 speciebus
3352 1257 3507 1325 panis
3541 1256 3633 1311 ille
3678 1266 3791 1310 tum

2204 1342 2575 1405 constitisset,
2611 1360 2715 1397 non
2743 1347 3008 1414 potuisset
3042 1346 3150 1402 dici
3196 1366 3215 1399 ι
3258 1348 3461 1419 absque
3494 1350 3643 1403 omni
3680 1348 3791 1403 fer-

2203 1442 2383 1487 mento
2432 1433 2593 1488 ullius
2635 1434 2860 1491 alterius
2916 1435 3226 1494 infectionis
3277 1441 3709 1505 mundissimus.
3764 1461 3785 1493 ο

2202 1522 2412 1592 qualem
2445 1524 2611 1593 exigit
2639 1526 2919 1581 Alcuinus.
2954 1514 3194 1598 Denique
3227 1529 3357 1584 illud
3393 1532 3671 1600 proprium
3710 1540 3792 1586 est

2201 1615 2355 1685 panis
2371 1615 2567 1685 azymi,
2590 1625 2646 1669 ut
2661 1631 2856 1685 expers
2870 1616 2999 1672 salis
3013 1618 3105 1683 sit,
3122 1627 3178 1671 at
3200 1619 3356 1689 panis
3370 1618 3685 1674 fermentati
3702 1636 3792 1673 sa-

2204 1706 2407 1762 crificio
2430 1708 2700 1777 deputari,
2726 1718 2922 1764 utcqu
2941 1710 3073 1765 sale.
3106 1729 3123 1761 ι
3146 1712 3785 1784 Azytnze(ob|ationes),t

2126 1776 2181 1844 Β
2202 1795 2377 1866 inquit
2406 1776 2628 1852 Michael
2651 1796 2968 1854 Cerularius
2998 1800 3051 1854 in
3075 1776 3302 1870 epistola
3326 1776 3513 1856 contra
3536 1776 3789 1866 Latinos,

2204 1906 2225 1941 ι
2263 1902 2436 1958 neque
2465 1888 2544 1943 sul
2568 1905 2741 1959 neque
2770 1890 3097 1945 fermentum
3130 1892 3351 1946 habent.
3388 1911 3407 1943 ι
3434 1891 3591 1958 Quod
3621 1893 3789 1945 etiam

2198 1978 2531 2033 llmnhertus
2559 1988 2614 2033 et
2638 1978 2819 2034 Latini
2844 1995 3034 2035 omnes
3065 1980 3118 2035 in
3151 1981 3388 2050 epistola
3429 1980 3634 2035 Nicctaa
3685 1980 3792 2035 Pe~

2200 2070 2391 2125 ctoruti
2412 2068 2671 2123 fatentur.
2684 2070 2754 2125 At
2771 2086 2898 2125 vero
2917 2070 3267 2127 fermentatus
3282 2072 3435 2141 panis
3450 2072 3789 2134 Gtmcorum,

2199 2168 2337 2214 teste
2379 2157 2677 2213 llmnberto
2718 2160 2769 2213 in
2807 2161 3157 2230 responsione
3198 2159 3266 2214 ad
3297 2160 3657 2227 Michaelcm,
3710 2159 3787 2213 uti

2198 2246 2439 2305 fatentur
2473 2250 2573 2320 ipsi
2614 2249 2822 2316 Graeci,
2875 2269 2893 2302 ι
2931 2250 3170 2320 quinque
3195 2251 3627 2306 substantiarum
3658 2266 3790 2319 par-

2198 2343 2368 2413 ticeps
2396 2351 2476 2398 est
2500 2383 2514 2406 ,
2562 2344 2614 2398 id
2653 2354 2735 2397 est
2760 2344 3046 2409 fermenti,
3076 2342 3299 2409 farinte,
3341 2343 3510 2408 salis,
3548 2358 3707 2412 aqua:
3733 2351 3793 2396 et

2184 2431 2356 2507 ignis.
2394 2451 2413 2485 ι
2449 2431 2610 2486 Certe
2637 2432 2808 2488 (ἔνειξοί
2844 2441 2948 2487 tam
2989 2448 3178 2488 severe
3201 2448 3265 2489 ac
3290 2433 3461 2503 ridige
3482 2432 3616 2487 salis
3641 2447 3791 2487 com-

2197 2522 2501 2577 mistionem
2552 2523 2604 2577 in
2648 2538 2785 2592 pane
2838 2523 3202 2579 eucharistico
3251 2524 3473 2594 exigunt
3521 2531 3580 2577 ut
3630 2537 3790 2578 secus

2196 2611 2461 2668 facientes
2496 2613 2630 2668 diris
2660 2624 2983 2683 supponant.
3023 2613 3079 2669 ld
3109 2622 3259 2683 patet
3302 2625 3411 2668 tum
3453 2629 3519 2668 ex
3550 2612 3788 2667 formula

2197 2704 2626 2759 renuntiationis
2647 2744 2662 2770 ,
2693 2720 2852 2774 quam
2876 2704 3199 2774 pcofitentur
3220 2704 3460 2759 Armenii
3479 2705 3547 2758 ad
3569 2703 3792 2759 Graecos

2194 2810 2316 2850 rum
2358 2795 2668 2850 societatem
2704 2795 3007 2860 reversuri,
3040 2806 3153 2850 tum
3190 2809 3256 2849 ex
3294 2796 3481 2850 lsaaco
3508 2793 3785 2849 catholico

2196 2884 2249 2939 in
2274 2884 2544 2940 invectiva
2577 2869 2767 2939 contra
2811 2872 3137 2941 Armenios.
3170 2884 3353 2956 Neque
3381 2886 3625 2940 dubitem
3654 2887 3788 2956 quin

2194 2976 2415 3046 Hispani
2471 2977 2545 3033 illi
2597 2993 2732 3048 quos
2786 2978 2965 3049 arguit
3022 2976 3285 3032 Alcuinus
3333 2976 3464 3032 salis
3514 2977 3786 3031 miscendi

2194 3079 2558 3124 commentum
2612 3085 2679 3125 ex
2736 3069 2940 3125 Graecis
3008 3069 3340 3137 acceperint.
3408 3068 3566 3135 Quod
3617 3068 3787 3121 etiam

2197 3158 2479 3214 dicendum
2513 3160 2579 3213 de
2604 3158 2995 3213 Sacerdotibus
3019 3158 3125 3213 illis
3147 3158 3239 3228 qui
3261 3172 3427 3227 panes
3452 3158 3567 3211 suis
3593 3157 3790 3211 usibus

2195 3259 2529 3321 praeparatos
2564 3247 2894 3315 offerebant;
2940 3262 3075 3319 quos
3104 3248 3294 3304 Pares
3324 3247 3569 3304 Toletani
3600 3262 3788 3318 reprc-

2196 3340 2460 3395 bendunt.

2262 3430 2441 3501 Atque
2471 3438 2524 3485 ut
2552 3430 2783 3500 amplius
2800 3438 3015 3486 constet
3039 3429 3323 3486 Alcuinum
3345 3441 3410 3484 eo
3433 3427 3537 3483 loci
3562 3426 3788 3498 exigere

2193 3538 2441 3593 azymum
2497 3538 2723 3591 panem,
2783 3521 3266 3576 demonstrandum
3317 3530 3401 3575 est
3449 3519 3616 3573 etiam
3669 3527 3785 3571 tum

2193 3615 2462 3684 llispauos
2488 3629 2735 3684 azymum
2761 3613 3091 3668 adhibuisse.
3117 3613 3231 3679 Qua
3262 3624 3392 3680 ergo
3413 3610 3479 3664 de
3503 3623 3667 3664 causa
3688 3622 3785 3662 eos

2190 3706 2369 3775 arguit
2395 3702 2699 3758 Aleuinus?
2743 3701 2820 3758 Ne
2843 3718 2943 3773 npe
2986 3703 3129 3772 quod
3166 3702 3331 3771 aliqui
3373 3715 3564 3756 eorum
3606 3699 3780 3754 salem

2191 3796 2244 3850 in
2298 3794 2472 3864 ipsum
2519 3807 2731 3881 partem,
2756 3807 3004 3862 azymum
3057 3791 3440 3846 imtnittehant.
3496 3790 3572 3844 At
3626 3805 3778 3857 quo,

2190 3886 2404 3955 inquis,
2461 3892 2782 3956 argumento
2835 3892 3049 3939 constat
3102 3898 3411 3955 azymorum
3448 3897 3584 3936 usus
3637 3881 3778 3950 apud

2189 3976 2456 4048 lliqianes
2482 3988 2606 4031 ante
2632 3976 2867 4032 schisma
2891 3974 3213 4031 Photianum
3237 3976 3262 4029 ?
3308 3976 3468 4031 Certe
3492 3971 3780 4029 Eldcfonsi

2189 4066 2465 4137 llispanici
2517 4066 2757 4136 episcopi
2825 4065 3132 4120 testimonio
3196 4064 3289 4134 qui
3341 4078 3484 4119 anno
3554 4062 3667 4119 8‘5
3715 4062 3783 4116 de

2188 4158 2430 4227 pondere
2456 4165 2509 4211 et
2534 4155 2886 4225 inscriptione
2920 4154 3074 4225 panis
3096 4153 3445 4210 eucharistici
3482 4167 3551 4207 ex
3593 4151 3780 4208 divina

2188 4249 2268 4320 (ut
2294 4247 2530 4318 praefert)
2577 4246 2903 4303 revelatione
2930 4261 3126 4317 agens,
3179 4244 3413 4301 admittit
3450 4259 3576 4299 eum
3607 4243 3781 4299 infer-

2188 4350 2490 4396 mentatum
2534 4349 2589 4395 et
2643 4340 2788 4395 intra
2822 4339 3025 4394 ferrum
3055 4346 3268 4395 coctum
3302 4336 3489 4393 fuisse.
3535 4335 3781 4391 Libellus

490 4430 532 4485 ἰ
569 4428 729 4489 ullius
749 4430 973 4486 alterius
992 4426 1326 4495 iufectionis,
1358 4444 1466 4485 non
1495 4438 1580 4484 est
1603 4429 2027 4496 mundissimus;
2063 4447 2083 4482 ι
2116 4470 2165 4531 D
2191 4431 2293 4485 iste
2321 4446 2480 4501 quem
2503 4470 2517 4495 ,
2546 4438 2867 4499 suggerente
2896 4429 2959 4484 V.
2993 4428 3063 4484 cl.
3086 4427 3336 4482 Emerico
3361 4426 3599 4496 Bigotio,
3629 4424 3780 4479 in-Ji-

510 4539 634 4580 nam
664 4522 991 4579 fermentum
1024 4519 1389 4595 corruptionis
1416 4520 1666 4577 en‘ectum
1691 4535 1757 4575 ac
1782 4516 2085 4592 symbolum

509 4624 625 4680 est,
665 4621 724 4668 ut
751 4613 864 4683 jam
889 4611 1020 4667 dixi.
1072 4610 1146 4685 At
1175 4610 1374 4680 quibus
1407 4612 1621 4667 tandem
1646 4611 1808 4667 rebus
1836 4620 2089 4667 constare

512 4704 672 4759 debet
700 4701 856 4773 panis
881 4701 1024 4757 iste?
1056 4719 1074 4753 ι
1111 4700 1191 4756 Ex
1215 4714 1352 4771 aqua
1381 4710 1433 4756 et
1462 4699 1659 4768 farina,
1691 4701 1863 4772 inquit
1887 4743 1902 4768 ,
1934 4700 2090 4772 panis

507 4797 578 4850 sit
604 4796 1077 4867 quieonsecratur
1104 4795 1157 4851 in
1185 4810 1384 4867 corpus
1412 4793 1637 4851 Christi.
1679 4814 1697 4849 ι
1739 4793 1856 4849 Jam
1885 4794 2090 4865 aliquot

508 4888 726 4943 Patrum
754 4887 875 4960 loca
909 4886 1067 4943 retuli
1101 4903 1220 4958 qua:
1249 4889 1390 4944 idem
1423 4880 1619 4942 ferunt.
1668 4885 1739 4941 At
1787 4885 1916 4941 illud
1948 4887 2090 4941 inter

507 4995 603 5033 eos
623 4988 679 5034 et
698 4978 985 5035 Alcuinum
1016 4977 1348 5033 discriminis
1378 4977 1607 5032 interest
1630 4978 1773 5047 quod
1794 4974 1984 5032 Patres
2009 4976 2086 5033 illi

494 5062 576 5125 'de
631 5086 769 5140 pane
818 5068 1187 5126 eucharistieo
1229 5066 1525 5138 loquuntur
1573 5068 1641 5123 ad
1690 5069 2089 5139 componendas

512 5161 747 5216 fidelium
772 5177 977 5228 mores;
1000 5161 1258 5217 Alcuinus
1285 5152 1540 5229 vero'agit
1568 5160 1671 5216 hoc
1691 5159 1809 5216 loco
1831 5161 2089 5215 adversus

511 5252 857 5321 corruptores
874 5252 1038 5323 panis
1063 5254 1203 5308 sacri
1242 5253 1333 5322 qui
1375 5269 1463 5309 res
1485 5253 1687 5308 alienas
1718 5253 1771 5307 in
1802 5254 2085 5307 materiam

515 5342 763 5364 -_-_en_-.2
819 5360 837 5364 _

2192 4535 2439 4576 caveram
2492 4519 2544 4573 in
2594 4516 3073 4573 Observationibus
3144 4518 3314 4582 meis,
3358 4529 3389 4570 e
3439 4530 3541 4569 ms.
3589 4513 3782 4568 codice

2191 4612 2531 4668 bildiothecze
2546 4610 3056 4666 Vaticana'eXscribi
3080 4609 3306 4672 curavit,
3334 4607 3576 4677 mihique
3600 4614 3785 4679 trans-

2193 4704 2344 4759 misit
2393 4703 2852 4759 eminentissimus
2907 4698 3196 4755 cardinalis
3244 4699 3426 4764 Bona,
3488 4698 3582 4764 qui
3640 4696 3782 4751 nihil

2191 4798 2539 4868 praetermisit
2592 4811 2698 4865 quo
2751 4795 2904 4866 panis
2954 4793 3129 4865 azymi
3185 4793 3239 4847 in
3292 4791 3536 4847 Ecclesia
3577 4790 3779 4846 Latina

2192 4888 2490 4958 antiquitas
2524 4884 2906 4940 illustraretur.
2953 4881 3193 4938 Libellus
3227 4881 3331 4936 istc.
3373 4881 3426 4934 in
3458 4880 3779 4949 apographo

2188 4981 2333 5051 quod
2384 4979 2801 5048 quingentorum
2847 4989 3109 5029 annorum
3151 4987 3273 5028 esse
3331 4972 3578 5037 videtur,
3632 4971 3779 5025 hunc

2188 5072 2353 5127 habet
2385 5070 2597 5123 titulum
2616 5087 2658 5120 ε(
2686 5067 2962 5122 Revelatio
2983 5080 3101 5134 quae
3127 5071 3345 5118 ostensa
3364 5069 3447 5116 cst
3473 5059 3717 5116 venerab
3741 5061 3776 5114 li

2187 5161 2308 5214 viro
2365 5158 2704 5227 Hispaniensi
2777 5157 3065 5212 Eldefonso
3128 5158 3384 5227 episeopo
3445 5155 3500 5210 in
3561 5153 3776 5222 Spiritu

2188 5260 2417 5314 sancto,
2469 5248 2521 5301 in
2554 5263 2737 5301 mense
2766 5248 3011 5316 septimo.
3048 5264 3067 5296 ι
3117 5245 3253 5300 Tum
3296 5245 3503 5313 incipit.
3556 5260 3575 5294 α
3616 5243 3778 5297 Λιι·;ο

2262 5337 2638 5364 ιῖ-.-Α-...ηιιῖιηη
2708 5336 3114 5364 ηιιη.ιιι-ι-ΛΑ².“Δ
3157 5338 3345 5364 ηι-ἶιιίιι
3378 5335 3774 5364 ζιιηη-σιαιιῖηηῖρ
