4020 5364
345 201 480 260 1265

1327 209 1718 265 MABlLLONil
1761 207 2170 274 DlSQL‘lSlTlO
2211 208 2298 262 DE
2333 207 2588 263 AZYMO.

3455 157 3597 290 less

341 321 532 376 hostia:
584 319 807 374 formari
861 319 952 373 tali
1007 319 1165 375 modo
1217 330 1276 376 ut
1320 321 1493 388 major
1541 323 1612 377 sit
1659 321 1851 374 media.
1895 340 1914 371 ι
1948 326 1993 380 Α
2028 318 2118 374 sed
2150 319 2393 386 plerique
2420 320 2709 371 attoniana
2741 317 2981 376 Ecclesia
3010 317 3233 386 profecti
3259 326 3434 379 erant,
3465 332 3600 384 quos

337 414 437 467 Aut
459 424 542 468 tor
585 414 686 468 iste
735 415 838 468 etsi
885 414 939 466 in
984 428 1040 467 re
1071 429 1175 466 non
1220 414 1523 467 necessaria
1564 412 1918 467 revelationes

337 507 624 570 adhibeat,
682 513 858 559 tamen
897 504 1014 573 ejus
1067 505 1324 572 temporis
1373 513 1455 557 cst
1505 504 1646 571 quod
1698 503 1919 572 pra:fert

339 596 620 664 inscriptio
641 635 656 659 ,
688 604 744 649 ut
773 606 954 664 postea
981 595 1154 649 dicam
1185 595 1236 648 iu
1269 595 1676 662 pra'tnonitione
1707 593 1772 645 ad
1798 592 1915 645 edi-

337 687 542 740 tionem
592 685 708 754 ejus
737 687 1018 754 opusculi,
1068 686 1213 755 quod
1267 687 1392 739 huic
1435 685 1610 739 libello
1652 684 1916 753 suljiecre

334 777 506 831 visum
538 785 642 830 est.
680 775 815 830 Tota
843 790 968 829 vero
1007 776 1124 845 ejus
1163 776 1420 830 revelatio
1442 791 1507 829 eo
1535 783 1772 844 spectat,
1807 789 1913 828 non

337 876 396 919 ut
425 881 672 936 azymum
715 882 908 934 panem
954 881 1074 920 esse
1116 875 1369 932 ODOI‘ICI‘C
1393 907 1408 930 ,
1447 875 1539 919 aut
1571 864 1913 933 coquendum

334 970 456 1010 esse
481 957 618 1010 intra
651 957 854 1010 ferrum
885 957 1104 1010 definiat
1131 995 1144 1019 ,
1190 957 1284 1009 sed
1332 967 1387 1010 ttt
1417 957 1658 1026 pondus,
1717 953 1910 1008 inseri-

335 1046 546 1113 ptlones
602 1053 656 1098 et
706 1059 987 1097 numerum
1041 1044 1373 1107 hostiarum,
1431 1061 1551 1114 qua:
1583 1044 1634 1097 in
1664 1043 1903 1111 qualibet

333 1133 626 1187 festivitate
655 1132 942 1186 otl'erendte
967 1145 1123 1188 erant
1145 1175 1164 1200 ,
1210 1133 1398 1202 majori
1436 1149 1559 1187 cum
1588 1132 1912 1186 auctoritate

330 1222 628 1292 prmeipiat.
660 1223 788 1277 Erat
818 1222 979 1292 igitur
1003 1263 1017 1287 ,
1072 1233 1128 1276 ut
1158 1239 1220 1278 ex
1267 1225 1368 1278 hoc
1396 1231 1617 1276 auctore
1674 1221 1905 1276 manife-

330 1324 472 1368 stum
499 1323 604 1377 est,
629 1318 769 1383 apud
795 1315 1058 1383 llispauos
1079 1317 1307 1370 usitatus
1329 1316 1482 1384 panis
1503 1315 1910 1369 infermentatus

329 1403 526 1457 seruio
558 1418 696 1456 nono
724 1444 738 1466 ,
777 1403 928 1472 isque
960 1405 1100 1458 intra
1134 1406 1334 1458 ferrum
1375 1407 1726 1472 coquebatur.
1771 1405 1908 1460 llinc

327 1493 490 1547 etiam
521 1502 664 1562 patet
690 1494 973 1548 Aleuinum
1002 1496 1054 1548 in
1085 1495 1363 1564 prtecitata
1391 1496 1616 1563 epistola
1657 1495 1800 1564 loqui
1841 1497 1906 1550 de

327 1597 466 1652 pane
497 1599 718 1653 azymo,
771 1600 798 1636 a
830 1600 937 1654 quo
965 1586 1130 1639 salem
1163 1601 1440 1639 removere
1463 1586 1643 1654 jul.et,
1675 1602 1906 1654 cumun

2020 409 2227 462 scilicet
2281 408 2602 462 Profuturus
2652 408 2998 462 Bracarensis
3054 409 3280 462 antistes
3346 407 3602 462 Etclesia:

2019 515 2129 554 sum
2159 500 2566 568 prtescripserat
2590 541 2604 562 ,
2665 509 2892 553 testante
2927 500 3155 554 concilio
3187 501 3359 568 pritno
3399 498 3598 552 B.°ara-

2020 591 2187 653 rensi,
2223 591 2365 659 quod
2393 606 2535 644 anno
2559 591 2660 643 565
2685 591 3017 644 celebratum
3057 602 3170 655 est,
3199 591 3251 645 itt
3288 606 3496 645 canone
3531 589 3596 643 ιε

2024 699 2043 733 ι
2085 681 2215 736 item
2246 682 2444 750 placuit
2481 691 2539 735 ut
2575 683 2764 734 eodeni
2808 683 2996 735 ordine
3032 683 3212 737 missa:
3255 683 3603 738 celebrentur

2018 770 2088 824 ab
2141 770 2422 832 omnibus,
2484 785 2644 838 quem
2699 769 3054 835 Profuturus,
3117 773 3388 840 quondam
3440 771 3600 840 hujus

2019 861 2440 932 metropolitaute
2465 862 2716 916 Ecclesia:
2738 863 3045 933 episcopus,
3069 865 3134 916 ab
3160 865 3270 933 ipsa
3294 864 3600 932 apostolit-a:

2015 951 2159 1005 sedis
2188 953 2508 1006 auctoritate
2534 952 2771 1021 suscepit
2809 953 3090 1022 scriptum.
3129 971 3147 1005 ι
3183 951 3304 1008 llazc
3328 953 3504 1006 obiter
3527 953 3592 1006 de

2017 1043 2122 1095 ritu
2171 1040 2547 1104 Mozarabum,
2597 1057 2733 1110 quos
2762 1056 2954 1110 azymo
2982 1055 3121 1110 pano
3163 1049 3290 1094 ante
3339 1042 3593 1094 saeculum

2016 1147 2214 1187 nonum
2255 1147 2380 1186 usos
2402 1131 2568 1186 fuisse
2600 1133 2862 1187 hactenus
2889 1133 3124 1187 ostendi.

2111 1222 2227 1275 .lem
2270 1223 2432 1275 etiam
2474 1223 2539 1276 de
2586 1223 2864 1276 Britannia
2910 1223 3080 1276 insula
3126 1232 3273 1292 patet
3302 1265 3316 1287 ,
3371 1234 3482 1278 tum
3526 1240 3594 1278 ex

2010 1312 2219 1366 Alc-uini
2249 1311 2474 1381 epistola
2495 1313 2607 1383 jam
2635 1312 2828 1378 relata,
2859 1313 2948 1381 qui
2983 1314 3125 1367 hunc
3145 1329 3350 1366 morem
3375 1314 3590 1366 univer-

2010 1402 2139 1457 Salis
2191 1402 2445 1456 Ecclesia:
2497 1418 2594 1457 suo
2643 1414 2883 1471 tempore
2926 1402 3094 1457 fuisse
3141 1403 3308 1467 dicit,
3366 1413 3476 1456 tum
3523 1419 3591 1457 ex

2011 1492 2190 1547 libello
2213 1495 2278 1548 de
2311 1493 2580 1548 Miraculis
2601 1494 2776 1549 sancti
2796 1493 3211 1566 Wandregesili,
3231 1510 3350 1566 cap.
3377 1495 3588 1556 ultimo.

2010 1589 2258 1655 superius
2278 1588 2389 1655 jam
2415 1587 2648 1641 delibato
2671 1628 2686 1652 ,
2716 1587 2805 1641 ubi
2833 1589 3014 1657 agitur
3041 1588 3105 1642 de
3128 1592 3361 1658 quadam
3389 1589 3590 1643 femina

327 1686 440 1730 tum
469 1675 636 1729 fuisse
665 1692 868 1730 morent
900 1676 1156 1730 Romana:
1185 1687 1232 1730 ct
1269 1678 1590 1730 universalis
1628 1677 1900 1731 Ecclesim.
1935 1673 1979 1731 Β
2011 1678 2369 1730 transmarina
2388 1717 2401 1739 ,
2433 1676 2484 1730 id
2509 1686 2591 1731 est
2625 1676 2921 1746 Anglicana
2944 1719 2959 1740 ,
3007 1694 3126 1748 quae
3155 1693 3184 1731 a
3207 1690 3399 1732 sancto
3427 1677 3591 1732 Wan-

397 1767 462 1820 Et
485 1777 630 1822 certe
653 1767 988 1832 Mozarabes,
1017 1770 1066 1822 id
1097 1778 1175 1822 est
1195 1768 1412 1835 Hispani
1441 1778 1494 1821 et
1515 1768 1750 1821 Afaieani
1770 1771 1902 1822 Ara-

323 1855 483 1911 bibus
530 1858 772 1926 permisti
827 1859 991 1924 (quod
1041 1859 1205 1912 etiam
1252 1859 1534 1912 dicendum
1601 1858 1666 1912 de
1711 1859 1901 1913 Gothis

323 1947 721 2014 antiquioribus
746 1948 798 2001 iu
829 1948 1080 2017 llispania
1103 1949 1469 2017 degentibus),
1509 1950 1722 2002 tametsi
1767 1950 1902 2004 ritus

319 2037 620 2104 peculiares
671 2038 980 2102 habebant,
1035 2038 1382 2092 nihilominus
1442 2057 1460 2089 ι
1503 2038 1902 2092 constituebant

317 2139 715 2182 sacramentum
741 2128 930 2182 altaris
955 2128 1020 2182 de
1045 2144 1181 2196 pane
1206 2143 1418 2197 azymo,
1445 2125 1898 2195 quemadmodum

318 2221 412 2273 afii
442 2219 653 2284 Latini,
693 2240 711 2272 ι
751 2229 808 2274 ut
839 2219 1073 2275 Jacobus
1105 2237 1135 2275 a
1167 2220 1405 2275 Vitriaco
1434 2223 1596 2276 tradit
1621 2223 1674 2274 in
1716 2222 1899 2276 llisto-

319 2312 416 2364 ria:
438 2310 803 2365 Occidentalis
823 2327 943 2380 cap.
971 2311 1033 2364 8t
1057 2351 1072 2375 ,
1104 2312 1190 2364 ubi
1223 2313 1366 2366 hunc
1398 2314 1558 2365 ritum
1584 2315 1720 2381 apud
1754 2314 1899 2382 ipsos

315 2408 540 2453 eatenus
559 2415 936 2467 perseverasse
959 2401 1106 2454 dicit.
1131 2401 1232 2467 Qui
1255 2410 1442 2456 auctor
1469 2402 1680 2456 tametsi
1703 2402 1899 2458 saeculo

316 2492 584 2545 duntaxat
607 2506 702 2544 χιιι
729 2491 941 2556 vixerit,
963 2490 1078 2560 ejus
1105 2501 1281 2554 tamen
1312 2493 1609 2546 auctoritas
1635 2493 1734 2550 hac
1759 2494 1810 2547 in
1841 2509 1898 2552 re

313 2581 619 2650 spernenda
653 2596 758 2636 non
785 2591 909 2648 est,
940 2584 1174 2637 maxime
1201 2600 1321 2637 eum
1347 2583 1615 2638 Eldei‘ousi
1649 2585 1894 2639 testimo-

314 2674 410 2728 nio
439 2671 666 2741 aliisque
688 2671 962 2728 fulciatur.
992 2673 1127 2727 Cum
1155 2673 1300 2728 enim
1334 2673 1646 2728 Mozarabes
1673 2671 1894 2744 Hispani

315 2765 513 2820 ritibus
537 2766 650 2820 suis
679 2765 751 2818 ita
783 2781 998 2834 semper
1024 2767 1191 2820 additi
1221 2765 1422 2820 fuerint
1456 2775 1511 2820 ut
1546 2782 1668 2829 cutn
1699 2767 1895 2822 sreculo

315 2877 370 2916 ιιι
396 2901 410 2921 ,
443 2869 636 2930 agente
664 2875 760 2929 per
795 2859 999 2929 legatos
1036 2859 1301 2930 Gregorio
1328 2876 1462 2930 papa
1501 2860 1583 2918 Ἦ]
1613 2901 1629 2925 ,
1680 2860 1895 2918 favente

311 2951 606 3006 Aldefonso
637 2966 763 3020 rege
785 2992 799 3015 ,
827 2951 1060 3004 ollieinm
1087 2967 1242 3006 suum
1268 2951 1691 3005 ecclesiasticum
1720 2951 1890 3007 Galli-

311 3060 449 3098 eano
492 3043 800 3098 Romanove
838 3052 1048 3096 mutare
1082 3043 1534 3112 compellerentur
1555 3083 1570 3107 ,
1627 3059 1733 3096 non
1764 3059 1896 3097 cou-

311 3137 614 3201 senserint,
674 3137 777 3190 nisi
838 3151 926 3190 res
983 3136 1162 3190 duello
1216 3136 1598 3200 diritneretur,
1663 3143 1894 3190 testante

313 3230 585 3284 Ruderico
624 3229 915 3291 Toletauo,
941 3228 1163 3282 credere
1187 3243 1282 3295 par
1301 3236 1386 3281 est
1412 3243 1725 3297 azymorum
1750 3227 1894 3282 hunc

312 3334 468 3372 usum
501 3319 568 3371 ab
597 3319 906 3372 auctoribus
938 3319 1136 3371 rituum
1169 3318 1629 3372 illozarabieorum
1666 3317 1895 3371 descen—

312 3407 479 3470 disse,
505 3408 860 3476 eumdcmque
889 3409 1031 3476 apud
1051 3406 1257 3462 Gothos
1283 3409 1515 3476 viguisse
1533 3417 1657 3462 ante
1688 3409 1891 3462 atiV'cll-v

312 3505 426 3548 tum
466 3496 700 3553 Arabum
731 3512 824 3550 seu
856 3497 1162 3551 Maurorum
1189 3497 1240 3552 itt
1270 3497 1617 3569 Hispaniam;
1664 3499 1804 3554 uttde
1837 3506 1894 3554 et

311 3587 600 3643 Gotlticum
626 3587 862 3642 oﬂicium
891 3587 1094 3644 dictum
1118 3600 1220 3644 est.

380 3679 583 3733 Horum
621 3688 895 3734 auctorem
951 3681 1151 3735 rituum
1202 3681 1463 3735 Isidorum
1511 3682 1886 3752 ilispalensem

308 3772 620 3840 episc0putn
677 3771 967 3840 praeferunt
1002 3773 1128 3826 editi
1187 3773 1339 3838 libri,
1390 3783 1742 3843 asseruutque
1777 3776 1889 3830 fere

306 3858 584 3930 Hispanici
606 3861 897 3929 scriptores
928 3862 1259 3915 recentiores
1281 3902 1296 3926 ,
1339 3863 1534 3930 quibus
1563 3864 1890 3934 suffragatur

306 3949 671 4005 Guitmundus
708 3952 758 4004 in
800 3951 892 4004 lib.
941 3967 1001 4005 ιιι
1042 3952 1304 4005 adversus
1335 3951 1738 4019 Berengarium.
1775 3973 1792 4005 ‹
1829 3953 1886 4008 lu

304 4042 536 4110 quodam
566 4040 765 4095 Missali
806 4041 1076 4110 Hispano,
1125 4042 1338 4111 inquit,
1378 4043 1520 4111 quod
1553 4042 1741 4097 dicunt
1765 4059 1888 4098 san-

305 4139 451 4184 etum
479 4130 714 4184 dictasse
743 4130 1032 4195 lsidorum,
1057 4140 1195 4196 ete.,
1259 4149 1278 4182 ι
1312 4140 1366 4185 et
1396 4131 1552 4200 longe
1575 4141 1700 4186 ante
1729 4131 1886 4186 Guit-

303 4222 564 4275 mundum
597 4221 890 4290 Elipandus
917 4221 1208 4276 Toletanus
1256 4222 1542 4291 episcopus
1577 4223 1629 4276 in
1660 4223 1884 4292 epistola

302 4313 373 4367 ad
413 4311 667 4366 Albinum
710 4328 801 4366 seu
847 4313 1128 4366 Alcuinum
1157 4353 1172 4377 ,
1209 4313 1497 4381 quamdam
1559 4314 1880 4380 orationem,

303 4405 357 4459 in
377 4404 556 4474 vigilia
582 4404 801 4458 Paschae
831 4405 950 4457 caui
979 4392 1192 4458 solitam
1217 4445 1230 4464 ,
1260 4403 1418 4456 beato
1447 4405 1648 4456 Isidoro
1674 4406 1877 4461 tribuit.

278 4494 501 4566 vVerum
556 4493 696 4548 idem
752 4494 1044 4560 Elipandus
1086 4494 1140 4546 in
1182 4493 1549 4559 superioribus
1595 4493 1881 4560 Toletajtos

258 4567 518 4642 “sanctos
564 4587 756 4641 Patres
803 4587 1048 4653 agnoscit
1086 4587 1373 4640 missarum
1420 4585 1878 4640 Mt‘izarabiearnm

301 4687 572 4732 auctores.
628 4676 728 4744 Qui
769 4677 876 4731 sint
919 4677 992 4730 illi
1040 4677 1228 4730 Patres
1280 4676 1554 4738 Toletani,
1607 4675 1879 4745 explicant

299 4769 674 4838 Hispaniarum
707 4770 979 4838 episcopi,
1027 4778 1120 4823 aut
1165 4771 1302 4822 forte
1348 4767 1643 4835 Elipandus
1680 4768 1792 4836 ipse
1825 4767 1876 4822 in

296 4860 476 4916 libello
524 4878 686 4931 quem
729 4860 1012 4914 eonfutant
1066 4861 1254 4916 Patres
1291 4859 1508 4918 concilii
1559 4857 1884 4914 Francot‘ur-

294 4953 494 5015 tensis.
547 4953 602 5007 iu
633 4952 748 5005 haec
777 4950 936 5003 verba
967 4969 980 5006 :
1015 4969 1033 5000 ι
1067 4949 1200 5004 Item
1227 4951 1659 5022 przedecessorcs
1701 4948 1876 5003 nostri

296 5042 598 5112 Eugenius,
651 5039 1035 5104 Hildefonsus,
1077 5039 1352 5104 Julianus,
1416 5037 1690 5092 Τοιοῑειιιω
1731 5041 1876 5095 sedis

291 5133 587 5199 antistites,
631 5131 684 5184 in
716 5130 830 5184 suis
857 5130 1196 5199 dogmatibus
1233 5135 1303 5188 ita
1341 5131 1601 5186 dixerunt
1628 5132 1679 5186 in
1709 5131 1872 5186 missa

289 5219 354 5274 de
377 5219 542 5274 Canta
575 5217 818 5282 Domini,
851 5236 870 5268 ι
903 5225 1008 5273 etc.
1070 5217 1147 5271 Ex
1189 5224 1388 5289 quibus
1417 5218 1736 5288 intelligitur
1766 5235 1869 5274 non

287 5324 478 5364 tantm].
507 5309 600 5364 sed
631 5305 843 5364 plures.
876 5306 1066 5360 horum
1098 5307 1295 5364 rituum
1323 5318 1382 5364 et
1409 5305 1709 5364 officiorum
1737 5327 1868 5364 eon-

1912 4365 1962 4424 D

2008 1767 2273 1835 dregesilo
2300 1779 2520 1831 sanata,
2570 1784 2690 1824 cum
2725 1769 2778 1822 in
2815 1769 2990 1836 vigilia
3023 1767 3334 1830 Nativitatis
3374 1769 3589 1826 Domini

2005 1857 2216 1910 sodales
2247 1872 2374 1909 suas
2404 1857 2844 1920 sanctimoniales
2877 1859 3104 1913 feminas
3139 1859 3396 1930 rogitaret
3418 1900 3434 1924 ,
3475 1879 3493 1910 ι
3529 1870 3589 1914 ιιι

2005 1949 2215 2002 oblatas
2262 1966 2396 2018 quas
2441 1949 2689 2003 oblatura
2729 1951 2958 2004 Domino
3005 1951 3058 2003 in
3109 1951 3409 2013 crastinum
3468 1963 3587 2006 erat

2004 2038 2326 2102 formarent,
2355 2040 2595 2109 ignique,
2625 2040 2712 2094 cui
2740 2041 3177 2110 appropinquare
3201 2057 3304 2104 non
3327 2041 3584 2105 audebat,

2003 2130 2402 2207 decoquerent,
2451 2140 2506 2183 et
2565 2131 2788 2187 minime
2843 2131 3185 2200 impetraret;
3242 2133 3475 2188 accessit
3519 2133 3586 2186 ad

2002 2220 2216 2293 ignem,
2266 2221 2521 2292 ferroque
2551 2238 2657 2290 quo
2708 2221 3083 2293 imprimendze
3125 2238 3188 2276 ac
3225 2222 3584 2290 decoquendai

1999 2320 2156 2364 erant
2195 2291 2390 2366 oblata:
2411 2322 2654 2380 arrepto,
2695 2327 2818 2366 mox
2845 2313 2993 2367 nervi
3021 2310 3137 2380 ejus
3161 2328 3351 2366 manus
3377 2313 3579 2367 dextra:

1999 2402 2262 2456 contracti
2285 2411 2436 2466 sunt;
2461 2417 2522 2456 ac
2539 2403 2862 2456 oblatorium
2877 2403 3018 2472 quod
3043 2412 3231 2470 sponte
3247 2412 3580 2470 susceperat,

1999 2493 2164 2549 invita
2200 2494 2247 2547 vi
2283 2504 2474 2562 agente
2505 2494 2718 2557 divina,
2755 2494 2998 2548 retinuit.
3039 2514 3058 2546 ι
3094 2493 3149 2548 ω
3179 2493 3403 2563 contigit
3437 2510 3581 2548 anno

1998 2584 2124 2640 891.
2158 2585 2236 2638 Ex
2273 2585 2357 2640 his
2389 2593 2538 2655 patet
2585 2586 2794 2640 oblatas
2844 2595 2956 2639 tum
3006 2595 3191 2640 coctas
3227 2584 3396 2642 fuisse
3437 2585 3578 2638 intra

1996 2672 2320 2727 oblatoriunt
2368 2687 2461 2727 seu
2521 2672 2913 2727 ferramentum
2969 2673 3406 2737 characteratutn
3477 2673 3579 2740 (sic

1996 2761 2124 2816 illud
2154 2773 2306 2816 vocat
2333 2761 2615 2817 Udalricus
2647 2763 2697 2816 iu
2727 2762 2822 2816 lib.
2857 2777 2939 2825 ιιι,
2969 2777 3090 2832 cap.
3126 2762 3237 2831 l5),
3261 2776 3324 2816 ac
3350 2761 3580 2832 proinde

1996 2851 2246 2906 fermenti
2285 2863 2535 2922 expertes
2575 2851 2760 2906 fuisse.
2804 2851 2990 2922 Neque
3023 2851 3166 2906 enim
3197 2866 3431 2919 unquam
3464 2849 3577 2903 fer-

1998 2956 2238 3000 mentum
2294 2947 2583 3000 adhibetur
2631 2946 2684 3000 iu
2733 2929 2960 3014 panibus
2996 2944 3102 2998 illis
3148 2943 3236 3011 qui
3267 2943 3368 2996 hoc
3414 2951 3575 2996 moio

1997 3038 2321 3093 formantur.
2370 3037 2436 3091 Et
2473 3038 2688 3106 quidem
2739 3037 2826 3090 hic
2879 3050 2996 3090 mos
3046 3034 3278 3089 usitatus
3315 3043 3425 3086 tum
3453 3041 3574 3085 erat

1994 3145 2099 3183 non
2129 3128 2300 3182 solum
2333 3127 2386 3181 in
2417 3127 2621 3192 Gallia,
2673 3127 2762 3181 ubi
2794 3127 2843 3180 id
2887 3127 3086 3180 factum
3119 3135 3201 3179 est
3225 3166 3238 3187 ,
3282 3125 3374 3180 sed
3404 3125 3570 3180 etiam

1994 3215 2046 3270 iu
2107 3216 2352 3286 partibus
2417 3215 2795 3268 transmarinis
2853 3230 2946 3270 seu
3003 3213 3359 3283 Anglicanis,
3434 3211 3575 3265 unde

1994 3309 2187 3364 mulier
2213 3310 2324 3363 luce
2359 3322 2550 3360 recens
2576 3308 2893 3362 advenerat.
2927 3307 3001 3360 De
3032 3321 3168 3377 pane
3193 3321 3384 3375 azymo
3415 3304 3573 3358 intel-

1993 3399 2236 3468 ligendus
2277 3401 2488 3463 videtur
2533 3399 2796 3468 Egbertus
2825 3397 3021 3452 saeculo
3071 3412 3176 3450 vnt.
3218 3391 3574 3449 Eboracensis

1992 3492 2306 3561 episcopus,
2337 3492 2548 3549 Aleuini
2578 3501 2880 3562 praeceptor
2904 3529 2920 3553 ,
2968 3488 3058 3558 qui
3098 3488 3153 3541 in
3184 3485 3570 3555 Exceptionem

1990 3596 2210 3636 suarum
2257 3600 2376 3652 cap.
2428 3583 2495 3639 98
2545 3583 2726 3635 laudat
2775 3580 3069 3650 probatque
3104 3592 3365 3632 canonem
3406 3593 3567 3645 quem

1991 3681 2148 3726 vocat
2187 3682 2496 3726 sanctorum
2526 3671 2580 3724 in
2630 3671 2745 3724 hcce
2788 3669 2986 3722 verba:
3046 3685 3064 3718 ι
3103 3667 3428 3721 Sacerdotes
3474 3665 3568 3719 Dei

1989 3762 2278 3829 diligenter
2331 3768 2623 3830 procurent
2660 3767 2718 3812 ut
2761 3757 2916 3826 panis
2950 3764 3005 3810 et
3054 3756 3240 3809 vinum
3285 3763 3338 3810 et
3383 3771 3563 3824 aqua,

1990 3852 2105 3906 sine
2135 3851 2328 3920 quibus
2358 3865 2695 3919 nequaquam
2729 3849 2906 3902 missa:
2928 3847 3276 3903 celebrantur
3304 3886 3317 3911 ,
3349 3860 3484 3913 pura
3515 3855 3570 3898 et

1990 3944 2187 3996 munda
2238 3942 2390 3995 fiant.
2443 3962 2460 3995 ι
2519 3941 2617 3996 Ubi
2647 3941 2801 4010 panis
2852 3940 2973 4010 puri
3027 3939 3248 3993 nomine
3315 3954 3566 4010 azyntunt

1988 4031 2212 4102 intelligi
2275 4041 2424 4100 puto.
2483 4030 2640 4086 Certe
2695 4038 2946 4084 auctores
2997 4043 3266 4083 canonum
3323 4028 3414 4097 qui
3465 4029 3564 4082 sub

1986 4122 2232 4192 Eadgaro
2253 4137 2381 4192 rege
2403 4136 2546 4175 anno
2571 4122 2674 4177 967
2693 4121 2820 4191 (quo
2843 4130 3084 4190 tempore
3107 4136 3419 4189 azymorum
3439 4135 3567 4174 usus

1985 4216 2223 4285 vigebat)
2277 4214 2479 4270 conditi
2526 4225 2693 4278 sunt,
2746 4229 2849 4266 non
2903 4213 3010 4270 alio
3056 4213 3317 4268 vocabulo
3371 4229 3566 4282 panem

1987 4323 2236 4378 azymntn
2273 4306 2544 4376 explicant
2592 4321 2798 4360 canone
2829 4306 2936 4364 ὅθι
2984 4324 3002 4356 ι
3050 4305 3315 4360 Docetnus
3359 4304 3562 4366 etiam,

1989 4409 2138 4453 utne
2188 4398 2269 4452 vel
2323 4414 2560 4467 unquatn
2609 4397 2866 4452 sacerdos
2894 4397 3027 4451 adeo
3059 4397 3380 4451 temerarius
3409 4396 3481 4448 sit
3507 4406 3566 4447 ut

1988 4490 2208 4543 missam
2237 4487 2508 4550 celebret,
2563 4489 2666 4542 nisi
2713 4487 2893 4540 omnia
2942 4487 3139 4540 habeat
3193 4485 3259 4539 ad
3304 4485 3566 4540 Euchari-

1985 4581 2144 4634 stiant
2210 4581 2533 4648 pertinentia
2572 4619 2585 4641 ,
2663 4579 2871 4632 scilicet
2936 4577 3267 4631 oblationem
3325 4591 3512 4643 puratn
3547 4615 3572 4646 ,ἢ

1984 4669 2167 4723 vinum
2201 4683 2390 4738 purtnu
2422 4678 2475 4721 et
2504 4683 2698 4735 aquam
2731 4681 2941 4736 puram.
2981 4686 2998 4716 ι
3034 4664 3160 4721 llaec
3191 4668 3255 4719 de
3273 4663 3486 4731 Anglia.

1993 4757 1998 4761 ’
2053 4759 2312 4813 Eamdem
2341 4758 2681 4812 traditionem
2715 4756 2903 4812 saltem
2950 4772 3046 4823 pro
3081 4754 3374 4822 Germania
3416 4769 3568 4810 com-

1978 4852 2172 4920 probat
2199 4849 2452 4904 ltabauus
2488 4848 2832 4918 .‘lioguntiuus
2871 4843 3580 4924 archiepiscopus,Aleuint

1978 4942 2304 5013 discipulus,
2363 4941 2453 5007 qui
2500 4940 2717 4996 biennio
2763 4952 2888 4996 ante
2940 4939 3212 5004 Photium
3269 4937 3543 4994 intrusum
3572 4985 3590 5010 ,

1976 5031 2080 5088 hoc
2119 5042 2202 5086 est
2247 5044 2393 5082 anno
2419 5029 2522 5083 846
2551 5044 2580 5083 e
2609 5031 2745 5087 vivis
2773 5029 3032 5086 excessit.
3089 5033 3152 5096 Is
3185 5025 3334 5088 enim
3356 5022 3411 5076 in
3444 5025 3545 5084 lib.
3574 5051 3594 5087 ι

1975 5125 2051 5180 De
2079 5121 2470 5178 ecclesiasticis
2517 5120 2727 5188 olliciis,
2777 5139 2898 5193 cap.
2928 5121 2991 5175 5|
3023 5163 3040 5186 ,
3114 5125 3365 5190 declarat
3397 5132 3602 5185 panem

1975 5213 2233 5270 sacrificii
2287 5224 2536 5279 azymum
2595 5225 2715 5267 esse
2765 5220 3043 5281 oportere.
3116 5221 3376 5279 Namque
3432 5210 3610 5270 relato

1973 5307 2201 5364 Levitici
2236 5305 2358 5357 loco
2387 5304 2476 5364 qtti
2523 5319 2714 5364 panem
2756 5303 2961 5362 veteris
2989 5303 3288 5364 sacriﬁcii
3325 5298 3447 5354 sine
3492 5302 3610 5359 fer-
