4020 5364
494 339 632 401 ηδτ

1520 339 1861 424 arrisum):
1899 338 1989 392 AD
2029 338 2254 395 arena
2295 328 2670 397 uuueenrt‘.
2742 415 2750 420 _
2887 378 2956 391 ρ.

3608 332 3630 392 1
3641 332 3742 388 268

484 439 886 501 sacramentum
925 445 1171 516 corporis
1204 455 1259 501 et
1293 415 1570 518 sanguinis
1599 445 1798 502 Christi
1830 449 2067 504 sanctiii-
2092 454 2138 512 Α
2172 450 2223 504 in
2254 461 2416 519 caput
2441 469 2471 505 γ
2501 443 2756 522 Epistolas
2784 454 2974 524 primae
2999 455 3065 508 ad
3093 435 3428 519 Corinthios,
3453 466 3577 508 cum
3603 437 3753 507 scr?

485 541 600 596 cari
629 549 863 612 oportet.
899 561 919 592 ι
971 542 1047 596 ita
1095 541 1389 596 Rhabanus
1438 543 1490 597 in
1522 543 1677 599 libris
1706 558 1828 598 cum
1859 543 2020 598 editis
2045 585 2062 610 ,
2130 537 2241 595 ~hit
2272 541 2412 599 filios
2454 542 2617 600 lsrael
2661 557 2908 613 egressos
2949 545 3016 599 de
3061 543 3294 615 )Egypto
3335 559 3440 604 non
3483 543 3747 598 detulisse

487 640 602 690 tum
628 632 1009 700 manuscriptis
1035 672 1049 697 ,
1078 641 1137 686 ut
1167 631 1323 685 fidem
1363 632 1569 687 faciunt
1596 631 1925 702 exemplaria
1960 634 2066 689 duo

484 721 838 781 Bibliotheca
885 726 1030 794 regis
1070 724 1517 780 Christianissimi
1548 766 1564 792 ,
1623 741 1851 796 quorum
1899 741 2066 780 unum

485 819 571 869 est
598 826 862 868 annorum
901 814 1014 868 fere
1056 824 1434 868 sexcentorum
1465 853 1480 878 ,
1521 813 1750 874 alterum
1789 814 2070 881 octingen-

486 912 688 958 torum.
737 902 906 959 Porro
937 902 1038 958 hoc
1071 903 1384 958 testimonio
1423 902 1747 959 luculentius
1775 904 1980 960 nullum
2014 904 2067 961 in

483 1004 805 1066 praesentem
857 996 1280 1052 controversiam
1340 996 1522 1053 all‘erri
1558 1006 1756 1066 potest.
1797 997 1913 1053 Duo
1943 1006 2071 1054 sunt

471 1087 543 1143 in
566 1088 846 1156 praemisso
873 1087 1183 1142 testimonio
1203 1128 1218 1152 ,
1258 1089 1401 1143 ratio
1427 1088 1633 1143 scilicet
1659 1099 1712 1142 et
1751 1088 2068 1142 auctoritas.

487 1176 718 1236 Ratione
739 1194 1050 1250 azymorum
1078 1182 1400 1234 necessitate
1431 1182 1663 1249 probare
1689 1181 1898 1236 videtur
1925 1181 2069 1234 Rha.

485 1269 704 1334 lianus;
757 1269 873 1337 ejus
924 1285 1054 1324 vero
1102 1272 1395 1325 auctoritas
1437 1272 1505 1326 de
1539 1272 1644 1326 ritu
1684 1272 1766 1327 sui
1815 1273 2073 1341 temporis

489 1362 855 1418 testimonium
888 1378 948 1417 re
969 1363 1084 1420 ldit.
1117 1362 1362 1417 Rhabani
1391 1364 1656 1419 rationem
1687 1363 1818 1420 nihil
1848 1379 2065 1431 moror;

486 1468 598 1508 una
632 1454 762 1507 mihi
795 1453 990 1508 suilicit
1021 1455 1318 1509 auctoritas
1354 1469 1420 1508 ex
1448 1470 1553 1523 qua
1580 1454 1862 1509 evidenter
1901 1453 2072 1511 conii-

488 1545 635 1599 citur
680 1544 853 1614 qualis
887 1560 953 1600 eo
978 1554 1220 1615 tempore
1265 1545 1430 1601 fuerit
1473 1547 1630 1618 panis
1678 1546 1973 1620 sacrificii,
2020 1545 2072 1602 id

488 1644 576 1691 est
599 1635 1040 1692 infermeutatus.

559 1725 744 1796 Neque
768 1725 872 1784 diei
900 1737 1075 1798 potest
1100 1728 1344 1784 Rhabani
1373 1727 1739 1784 testimonium
1769 1729 1950 1784 valere
1980 1745 2069 1784 so-

2164 630 2289 685 inde
2321 650 2338 682 σ
2369 631 2743 687 fermentatam
2785 634 3038 698 farinam,
3080 635 3174 689 sed
3218 633 3589 688 tantummodo
3617 646 3746 686 eon-

2165 732 2424 789 Spersam.
2484 739 2502 772 ι
2562 721 2628 776 Et
2670 721 2907 777 Joannes
2955 721 3255 778 Genuensis
3301 723 3353 777 in
3407 721 3680 778 catholico
3727 735 3743 775 :

2172 825 2190 863 δ
2226 811 2546 882 Couspersio
2574 822 2659 869 est
2686 814 2859 869 farina
2887 829 2986 884 per
3011 831 3204 885 aquam
3232 815 3602 886 conglutinata
3629 815 3748 870 sine

2167 902 2455 960 fermento.
2489 923 2508 956 ι
2541 904 2782 976 Denique
2813 915 2940 960 ante
2970 906 3069 959 hos
3095 905 3226 958 duos
3250 903 3545 974 Gregorius
3574 904 3748 957 Ture-

2169 995 2350 1049 ncnsis
2404 995 2687 1065 episcOpus
2740 996 2791 1049 in
2845 995 2936 1048 lib.
2990 1011 3007 1048 ι
3063 994 3138 1049 De
3187 994 3356 1066 gloria
3408 1003 3749 1064 martyrum,

2170 1099 2288 1154 cap.
2332 1086 2441 1138 16:
2489 1103 2506 1136 ι
2557 1085 2748 1139 Mulier
2777 1100 3067 1154 conspersa
3117 1084 3393 1138 Dominica
3440 1083 3532 1137 die
3573 1082 3752 1135 farina

2169 1189 2365 1244 panem
2392 1174 2660 1241 formavit,
2693 1189 2854 1244 quem
2883 1174 3179 1244 segregatis
3222 1173 3409 1242 prunis
3435 1172 3618 1225 cinere
3646 1169 3752 1223 fer-

2169 1267 2315 1319 venti
2359 1267 2594 1320 contexit
2637 1266 3062 1335 decoquendum.
3111 1283 3130 1316 ›
3177 1264 3232 1318 ld
3284 1263 3542 1333 placentae
3586 1260 3752 1315 infer-

2170 1365 2422 1410 mentatm
2450 1371 2638 1425 genus,
2669 1355 2824 1424 quale
2858 1371 2886 1408 a
2924 1355 3131 1409 Latinis
3165 1354 3216 1408 in
3247 1344 3570 1409 sacrificium
3601 1352 3753 1406 adbi-

2171 1447 2287 1505 beri
2316 1446 2450 1501 falso
2474 1446 2830 1504 calumniatus
2855 1454 2939 1499 est
2966 1443 3195 1502 Michael
3222 1443 3554 1499 Cerularius.

2175 1551 2180 1554 ·
2245 1535 2449 1604 Agmen
2485 1533 2700 1588 claudet
2734 1533 3059 1597 Amalarius,
3097 1533 3186 1602 qui
3228 1532 3282 1585 in
3321 1531 3412 1586 lib.
3453 1547 3510 1585 tn
3551 1530 3630 1586 De
3669 1545 3756 1585 ec-

2174 1623 2490 1680 clesiasticis
2531 1622 2751 1687 officiis,
2793 1636 2909 1691 cap.
2947 1622 3047 1684 ει,
3095 1621 3264 1675 relato
3312 1620 3569 1691 Cypriani
3615 1620 3756 1681 loco,

2179 1733 2198 1765 ι
2232 1723 2289 1767 ut
2319 1714 2370 1767 in
2417 1712 2688 1767 sacrificio
2732 1712 2908 1765 missae
2943 1711 3130 1765 eadem
3160 1725 3280 1782 qum
3316 1710 3571 1764 Dominus
3603 1707 3756 1769 fecit,

487 1818 601 1874 ιιηη
623 1834 721 1889 pro
747 1797 1058 1884 Germania,
1093 1821 1144 1875 in
1180 1835 1286 1891 qua
1329 1831 1577 1891 receptus
1600 1830 1717 1876 erat
1743 1836 1808 1876 eo
1838 1826 2075 1892 tempore
2110 1802 2146 1858 Ii
2177 1816 2230 1858 et
2261 1805 2358 1875 ipsi
2397 1803 2679 1892 faciamus,
2711 1821 2728 1857 ι
2770 1803 2885 1855 hanc
2922 1800 3102 1854 suddit
3136 1819 3148 1853 :
3189 1818 3206 1849 ε
3241 1798 3498 1892 Quamvis
3535 1798 3640 1851 hoc
3673 1797 3764 1850 ille

490 1925 802 1980 azymorum
838 1926 987 1966 usus.
1034 1911 1327 1968 Rhabanus
1353 1913 1616 1982 siquidem
1661 1914 1711 1966 in
1759 1911 2075 1982 prmfatione

488 1997 648 2055 iStius
677 1999 861 2070 operis
886 2001 1170 2070 pollicetur
1190 2011 1439 2057 acturum
1471 2019 1529 2058 se
1553 2021 1572 2055 ι
1595 2004 1669 2057 De
1692 2002 1867 2058 officio
1897 2004 2076 2059 missa:

489 2091 790 2145 secundum
822 2093 1027 2146 morem
1065 2093 1322 2148 Romana:
1361 2093 1634 2148 Ecclesiae.
1672 2116 1689 2147 ι
1730 2095 1795 2149 Ει
1823 2095 1874 2148 in
1905 2095 1997 2148 lib.
2033 2111 2072 2159 ι,

490 2197 612 2252 cap.
648 2184 740 2249 55,
785 2185 971 2240 relatis
1015 2187 1267 2243 omnibus
1316 2187 1394 2242 rei
1441 2203 1612 2244 sacrae
1663 2189 1875 2252 ritibus,
1927 2198 2075 2257 post-

491 2291 655 2345 quam
685 2277 750 2332 de
780 2293 1094 2348 azymorum
1120 2295 1219 2332 usu
1248 2287 1430 2349 egerat
1467 2279 1580 2334 hrcc
1607 2279 1786 2333 subdit
1815 2297 1827 2332 :
1859 2298 1877 2330 ‹
1910 2279 2075 2332 istum

492 2381 625 2437 ergo
653 2367 896 2423 ordinem
925 2369 993 2424 ab
1028 2369 1283 2438 apostolis
1310 2379 1364 2424 et
1403 2370 1714 2440 apostolicis
1741 2371 1874 2424 viris
1913 2370 2078 2426 tradi-

491 2467 608 2512 tum
636 2457 877 2514 Romana
907 2453 1054 2515 tenet
1093 2461 1357 2526 Ecclesia,
1385 2470 1439 2517 et
1477 2479 1576 2533 per
1606 2473 1773 2517 totum
1811 2479 1946 2532 pene
1972 2465 2076 2520 0c-

496 2551 770 2608 cidentem
797 2565 988 2609 omnes
1017 2553 1268 2611 Ecclesiae
1293 2555 1539 2610 eamdem
1573 2556 1917 2612 traditionem
1963 2572 2078 2612 ser-

489 2651 642 2699 vant.
677 2660 696 2694 ι
727 2643 804 2701 Ex
833 2645 1028 2712 quibus
1052 2645 1397 2701 manifestum
1426 2661 1546 2701 esse
1572 2656 1699 2715 puto
1728 2663 1948 2717 azymos
1973 2663 2077 2702 non

490 2743 702 2794 tantum
755 2736 807 2791 in
851 2737 1164 2804 Germania,
1213 2739 1306 2792 sed
1337 2739 1498 2793 etiam
1534 2759 1552 2792 c
1591 2739 1643 2793 in
1691 2740 1931 2795 Ecclesia
1973 2739 2082 2796 Ros-

491 2840 656 2882 mana
683 2836 737 2882 et
764 2843 862 2898 per
898 2837 1065 2882 totum
1100 2844 1238 2898 pene
1272 2828 1620 2884 Occidentem
1652 2850 1670 2881 ι
1703 2830 1755 2884 in
1786 2846 1883 2884 usu
1916 2829 2080 2886 fuisse

496 2932 641 2974 anno
665 2917 790 2984 819,
823 2919 965 2989 quod
998 2919 1140 2974 istud
1169 2936 1304 2988 opus
1343 2922 1616 2976 conditura
1653 2931 1754 2982 est.
1789 2939 1961 2993 neque
1998 2937 2081 2976 re-

493 3032 624 3071 cens
664 3017 834 3074 fuisse
879 3017 1179 3082 inventum,
1227 3018 1320 3073 sed
1367 3018 1419 3072 id
1462 3037 1481 3071 ι
1523 3020 1591 3074 ab
1632 3021 1890 3090 apostolis
1927 3028 1980 3074 et
2014 3021 2080 3076 ab

494 3108 808 3177 apostolicis
837 3110 968 3164 viris
1003 3128 1026 3168 ι
1058 3110 1321 3172 creditum
1359 3126 1726 3180 permanasse.

564 3200 686 3264 Jam
712 3203 780 3258 de
821 3216 1135 3273 azymorum
1171 3218 1270 3257 usu
1301 3210 1426 3258 ante
1455 3203 1708 3258 smculum
1755 3218 1953 3258 nonum
1995 3219 2078 3258 rc-

497 3300 671 3360 eepto,
700 3305 788 3346 res
815 3299 1029 3346 constat
1057 3292 1124 3347 de
1151 3292 1428 3364 Hispania,
1457 3293 1669 3363 Anglia,
1701 3292 1989 3348 Germania
2024 3301 2079 3346 et

496 3382 740 3436 ltomana
790 3381 1028 3436 Ecclesia
1081 3384 1361 3451 speciatim
1412 3393 1468 3438 et
1511 3384 1803 3439 universim
1851 3385 1916 3438 de
1967 3393 2078 3438 toto

493 3484 635 3539 pene
663 3469 988 3540 Occidente;
1033 3483 1276 3543 superest
1318 3484 1379 3533 ut
1424 3474 1476 3529 id
1508 3475 1671 3529 etiam
1717 3474 2078 3544 singularibus

495 3561 834 3630 argumentis
861 3565 1082 3632 probem
1115 3568 1181 3620 de
1209 3564 1404 3630 Gallia,
1439 3567 1650 3622 tametsi
1681 3583 1801 3637 qum
1831 3567 2077 3636 superius

494 3660 613 3706 tum
640 3666 703 3706 ex
730 3651 978 3715 Alcuino,
1011 3661 1122 3706 tum
1153 3669 1217 3708 ex
1254 3653 1396 3709 iacto
1424 3655 1666 3721 mulieris
1690 3654 1996 3726 Anglicanze
2024 3656 2076 3711 in

498 3742 670 3802 Gallia
698 3745 1006 3801 constitutae
1037 3746 1194 3803 retuli
1227 3747 1293 3800 ad
1327 3746 1377 3799 id
1399 3745 1752 3801 evincendum
1787 3746 2075 3810 sufficiunt,

497 3836 676 3892 Unum
704 3848 1081 3908 argumentum
1111 3841 1242 3894 mihi
1271 3841 1577 3911 suppeditat
1603 3841 1924 3898 Paschasius
1951 3842 2080 3898 Hat-

493 3929 686 3988 bertus
707 3930 874 3985 abbas
890 3929 1252 3998 Corheiensis,
1299 3931 1544 3992 Rhabani
1567 3932 1808 4002 mqualis.
1848 3933 1896 3986 ls
1926 3933 1976 3986 in
2010 3932 2074 3986 lio

493 4019 597 4074 ltro
631 4020 703 4074 De
725 4034 950 4088 corpore
981 4031 1034 4075 et
1082 4022 1344 4092 sanguine
1382 4022 1614 4087 Domini,
1639 4037 1754 4091 cap.
1782 4023 1873 4086 ΞΟ,
1903 4023 2082 4078 sacri-.

493 4111 605 4166 ﬁcii
665 4120 848 4178 partes
911 4113 1142 4180 explicat
1207 4114 1482 4183 refertque
1539 4114 1607 4170 ad
1677 4115 2082 4184 componendos

493 4217 677 4256 mores
708 4203 761 4257 in
801 4204 942 4256 hunc
985 4207 1224 4273 modum,
1259 4224 1278 4256 ‹
1311 4205 1438 4264 Haec
1472 4206 1637 4277 igitur
1669 4207 1982 4276 eonspersio
2012 4215 2078 4262 de

495 4293 682 4349 multis
727 4296 909 4366 granis
950 4296 1074 4352 fecit
1120 4313 1284 4358 unum
1333 4313 1550 4367 corpus,
1582 4313 1798 4368 corpus,
1833 4299 2075 4368 inquam,

495 4385 828 4440 sinceritatis
871 4394 925 4441 et
972 4387 1233 4451 veritatis,
1266 4387 1310 4441 si
1361 4396 1540 4449 tamen
1573 4404 1761 4444 sumus
1795 4390 1990 4459 azymi,
2024 4390 2074 4443 id

493 4482 580 4528 est
625 4474 830 4544 absque
872 4476 1136 4531 fermento
1167 4476 1384 4530 malitiae
1426 4484 1482 4530 et
1527 4478 1799 4547 nequitiae,
1834 4490 1889 4533 ut
1917 4481 2073 4550 digne
2102 4496 2152 4556 υ
2181 4474 2203 4503 “

492 4578 689 4638 panem
740 4566 806 4623 de
859 4566 962 4620 hac
1015 4581 1154 4635 aqua
1206 4577 1557 4636 conSpersum
1607 4567 1853 4633 accipere
1902 4569 2075 4637 possi-

492 4667 731 4716 mus.....
762 4655 990 4719 idcirco,
1023 4671 1056 4710 ο
1083 4657 1266 4720 homo,
1297 4671 1454 4712 serva
1483 4659 1918 4726 conspersiouem
1952 4674 2080 4728 gra-t

490 4747 604 4811 tiae,
630 4746 756 4815 quia
786 4746 911 4802 licet
946 4747 1183 4804 triticum
1217 4749 1311 4812 sis,
1349 4747 1453 4802 nisi
1497 4746 1740 4802 doctrina
1778 4756 1834 4804 et
1876 4748 2077 4804 virtute

400 4884 406 4892 .
495 4834 732 4914 Spiritus
773 4836 942 4889 sancti
986 4836 1051 4888 ad
1082 4837 1222 4891 hanc
1252 4828 1507 4891 unitatem
1546 4845 1601 4890 et
1641 4839 2075 4906 conspersiouem

493 4924 664 4987 fueris
697 4923 837 4987 bene
862 4924 915 4986 in
950 4923 1176 4992 farinam
1207 4933 1544 4990 attenuatus;
1591 4926 1784 4987 deinde
1821 4941 2079 4994 consper-

2175 1897 2241 1951 de
2281 1886 2656 1950 commistione
2701 1892 2810 1946 viui
2855 1901 2910 1946 et
2950 1906 3104 1960 aquae
3147 1889 3528 1952 conclusisset,
3577 1898 3761 1942 tamen

2175 1989 2239 2044 de
2271 1996 2380 2042 tota
2421 1984 2758 2040 institutione
2799 1981 3074 2038 Dominica
3125 1979 3427 2047 intelligere
3471 1993 3765 2049 possumus

2176 2076 2572 2147 adimplendum
2606 2093 2620 2128 :
2657 2077 2709 2128 in
2745 2089 2852 2143 quo
2881 2087 3037 2126 suum
3070 2072 3377 2126 mandatum
3407 2079 3492 2124 est
3531 2079 3588 2122 et
3633 2084 3764 2138 apo-

2175 2167 2435 2223 stolorum
2481 2162 2812 2219 observatio.
2867 2179 2890 2217 ι
2943 2161 3068 2216 llaec
3116 2161 3233 2216 sine
3277 2159 3439 2213 dubio
3494 2158 3764 2214 intellexit

2175 2258 2482 2314 Amalarius
2529 2271 2635 2310 non
2693 2255 2759 2310 de
2806 2263 3044 2324 tempore
3089 2254 3247 2306 facta
3291 2266 3490 2314 cmnm,
3542 2267 3649 2306 non
3696 2252 3765 2306 de

2176 2362 2328 2402 caena
2360 2346 2633 2416 praemissa
2666 2353 2790 2400 ante
2822 2343 3175 2398 Eucharistiae
3205 2343 3622 2406 institutionem,
3655 2357 3762 2394 non

2177 2437 2408 2505 denique
2446 2435 2511 2489 de
2546 2449 2642 2489 esu
2682 2434 2829 2503 agni,
2868 2431 2963 2487 sed
3002 2433 3068 2486 de
3107 2445 3244 2501 pane
3282 2430 3558 2494 sacriﬁcii,
3600 2445 3762 2498 quem

2177 2525 2414 2593 ejusdem
2461 2523 2675 2596 generis
2720 2531 2882 2591 atque
2922 2536 3044 2575 cum
3087 2535 3194 2589 quo
3239 2519 3484 2574 Christus
3533 2536 3666 2574 usus
3711 2521 3764 2574 in

2177 2629 2332 2670 cmua
2363 2623 2448 2669 est
2486 2611 2852 2670 adhibendum
2879 2625 2999 2666 esse
3025 2619 3230 2676 censet,
3264 2609 3314 2663 id
3341 2619 3424 2666 est
3464 2610 3765 2664 iniermen-

2178 2713 2368 2764 tatum.

2250 2799 2376 2854 Haec
2403 2807 2719 2869 argumenta
2756 2811 2876 2866 quae
2921 2804 3033 2851 toto
3060 2795 3310 2866 prmsenti
3353 2793 3529 2864 capite
3560 2791 3766 2845 adduxi

2179 2891 2246 2945 ad
2296 2890 2629 2960 probandum
2677 2889 2983 2958 generalem
3040 2903 3351 2958 azymorum
3406 2901 3559 2939 usum
3620 2886 3770 2952 apud

2179 2981 2421 3046 Latinos,
2467 2995 2656 3036 omnes
2702 2979 2953 3050 veritatis
2989 2995 3245 3034 numeros
3282 2979 3481 3033 habere
3513 2978 3646 3031 mihi
3679 2976 3768 3029 vi-

2179 3073 2404 3137 dentur;
2438 3071 2700 3140 tum'quia
2731 3070 3013 3140 desumpta
3045 3079 3172 3125 sunt
3209 3071 3277 3124 ab
3315 3069 3632 3123 auctoribus
3661 3067 3773 3123 [ide

2181 3164 2378 3232 dignis,
2421 3173 2480 3218 ut
2516 3173 2639 3234 pote
2675 3163 2848 3217 doctis
2883 3171 2937 3217 et
2973 3160 3213 3230 ejusdem
3244 3162 3451 3223 (etatis;
3485 3170 3600 3214 tum
3637 3160 3771 3228 quia

2181 3258 2350 3322 clara,
2380 3258 2661 3327 perspicua
2689 3266 2852 3326 atque
2887 3256 3194 3310 necessaria
3225 3255 3474 3309 videntur
3499 3254 3566 3306 ad
3607 3253 3772 3306 evin-

2180 3350 2410 3404 eendum
2443 3349 2493 3403 id
2519 3348 2662 3417 quod
2704 3348 2945 3402 intendo.
2993 3347 3048 3402 Si
3089 3361 3306 3400 veroex
3341 3346 3424 3399 his
3455 3344 3773 3415 generalem

2179 3438 2318 3506 apud
2359 3436 2583 3491 Latinos
2619 3450 2932 3506 azymorum
2981 3450 3134 3491 usum
3179 3444 3306 3490 ante
3341 3435 3580 3488 schisma
3617 3433 3769 3487 Pho~

2180 3529 2382 3583 tianum
2421 3527 2635 3597 probari
2685 3527 3032 3592 concedatur,
3077 3525 3298 3580 concedi
3342 3524 3507 3578 etiam
3542 3537 3773 3578 necesse

2177 3627 2262 3672 est
2284 3618 2533 3672 eumdem
2571 3631 2724 3671 usum
2753 3626 2864 3670 tum
2899 3616 3162 3670 creditum
3200 3613 3364 3669 fuisse
3393 3615 3772 3668 necessarium

2179 3710 2248 3770 ab
2285 3709 2542 3778 apostolis
2589 3708 2964 3778 apostolicisve
2995 3707 3126 3762 viris
3169 3705 3501 3776 profectum;
3540 3719 3607 3759 ae
3642 3718 3769 3773 pro-

2179 3801 2302 3858 inde
2340 3808 2612 3868 receptum
2643 3808 2768 3853 ante
2797 3813 3012 3853 omnem
3061 3798 3336 3852 hominum
3380 3796 3524 3850 illius
3558 3805 3771 3863 templ.»

2179 3875 2267 3944 ris.
2307 3889 2641 3944 memoriam.
2690 3888 2893 3942 Praeter
2937 3903 2998 3942 ea
3057 3888 3101 3940 si
3152 3888 3338 3940 eadem
3390 3885 3491 3940 fuit
3537 3885 3769 3938 Patrum

2180 3978 2559 4042 Toletanorum
2608 3979 2888 4049 persuasio
2935 3977 3131 4032 szeculo
3177 3976 3407 4046 septimo
3455 3976 3766 4037 desinente,-

2178 4069 2454 4135 fatendum
2497 4077 2580 4125 est
2612 4084 2816 4124 morem
2863 4069 3006 4122 hunc
3049 4076 3140 4120 aut
3188 4067 3254 4120 ab
3286 4067 3440 4135 ipsis,
3472 4075 3567 4119 aut
3599 4079 3771 4134 prope

2177 4161 2245 4225 ab
2271 4161 2401 4232 ipsis
2428 4159 2796 4230 apostolorum
2827 4159 3156 4228 temporibus
3180 4157 3245 4211 ad
3274 4171 3334 4211 ea
3368 4167 3612 4226 tempora
3642 4172 3774 4226 pro—

2179 4263 2452 4313 manasse,
2480 4249 2582 4306 nisi
2617 4250 2738 4305 talia
2769 4249 3114 4318 proferantur
3142 4249 3193 4304 in
3234 4247 3574 4302 contrarium
3607 4262 3771 4316 argu~

2178 4351 2357 4397 menta
2405 4357 2525 4410 qua:
2573 4339 2822 4394 fermenti
2869 4355 3023 4394 usum
3071 4337 3359 4406 aliquando
3409 4339 3464 4391 in
3516 4337 3767 4391 Ecclesia

2181 4433 2370 4503 Latina
2402 4433 2636 4505 riguisse
2677 4430 2963 4499 manifeste
3003 4447 3067 4489 ac
3107 4430 3414 4485 necessarie
3448 4430 3764 4483 conﬁciant.

2797 4582 3023 4644 CAPUT
3063 4582 3136 4650 X._

2271 4714 2656 4784 [impenduntur
2684 4724 2988 4837 argumlfuto
3007 4730 3099 4784 pro
3123 4730 3222 4778 usu
3253 4715 3495 4784 [enitenti
3521 4714 3670 4783 apud

2890 4794 3079 4837 annos.

2890 4794 3079 4838 atmos.

2248 4921 2489 4982 Primum
2533 4935 2598 4976 ex
2639 4934 2704 4975 eo
2741 4918 2975 4972 sumitur
3004 4917 3145 4986 quod
3182 4915 3521 4979 Eucharistia
3566 4915 3761 4983 primis

494 5027 586 5066 sus
613 5012 809 5080 gratia,
841 5019 894 5066 et
931 5011 1053 5079 igne
1095 5011 1378 5066 charitatis
1415 5021 1694 5076 excoctus,
1728 5028 1834 5067 non
1873 5014 2076 5082 poteris
2176 4997 2337 5080 atque
2361 5011 2525 5065 etiam
2565 5007 3016 5078 subsequentibus
3041 5006 3292 5069 Ecclesiae
3319 5003 3531 5060 steculis
3555 5020 3622 5058 ex
3661 5020 3761 5073 p0-
