4020 5364
250 207 393 264 rasa
426 182 431 187 ’

1265 190 1655 264 MABILLONII
1697 203 2105 273 msqursmo
2138 206 2226 262 DE
2255 186 2513 263 azvuo.

3383 179 3520 258 127.

246 321 346 377 bat
400 318 709 391 exemplum
768 317 910 373 illius
965 317 1179 373 femina:
1226 298 1538 393 Anglicanas
1589 319 1836 391 superius
1863 322 1910 379 Α
1942 316 2086 371 titms
2114 331 2177 373 ac
2203 318 2383 373 studio
2418 323 2753 389 praeparatus
2774 330 2895 372 csse
2922 302 3175 381 debebat,
3214 314 3340 371 hinc
3372 315 3527 371 facile

247 421 585 476 memoratae,
617 427 738 482 qua:
764 412 817 464 in
847 411 1112 465 oblatorio
1144 426 1239 467 seu
1274 412 1603 468 ferramento
1639 414 1832 469 chara-

247 510 464 558 cterato
491 515 724 571 coquere
751 499 922 556 voluit
948 501 1158 558 oblatas
1188 500 1622 569 infermentatas,
1650 524 1669 557 ι
1700 520 1837 576 quas

247 590 501 647 ablatura
537 591 766 647 Domino
809 591 864 647 in
909 594 1209 648 crastinum
1257 603 1398 650 erat.
1437 614 1456 647 ι
1493 594 1554 650 Et
1596 594 1839 651 Armori—

247 698 405 740 canae
428 682 681 740 mulieres
707 685 1186 742 communicatum:
1215 686 1475 744 hactenus
1504 704 1656 744 suam
1686 706 1836 760 qna:-

248 790 361 846 que
384 775 620 831 oblatam
643 790 887 847 azymam
914 773 1145 831 oﬁ‘erunt
1175 786 1310 833 teste
1339 777 1651 835 Sirnmndo.
1683 779 1836 847 Quod

251 866 481 936 singulis
505 865 697 920 diebus
726 866 1026 921 actitabant
1055 866 1436 923 Cluniacenses
1459 885 1524 924 ex
1559 868 1829 934 Udalrico,

249 956 352 1012 lib.
378 974 440 1020 ιι,
468 972 589 1027 cap.
632 956 719 1012 30.
756 956 1001 1014 Priscum
1049 960 1197 1014 illum
1224 959 1482 1016 offerendi
1531 977 1735 1017 morem
1785 961 1838 1017 in

252 1047 587 1103 solemnibus
629 1049 801 1104 sacris
832 1049 989 1105 hodie
1028 1067 1245 1121 quoque
1285 1063 1638 1122 repraesentat
1673 1053 1845 1122 major

253 1139 499 1196 Ecclesia
532 1139 971 1203 Mediolanensis,
1000 1158 1121 1212 qua:
1149 1144 1282 1199 ritus
1317 1144 1620 1214 peculiares
1659 1145 1844 1200 hacte—

252 1245 358 1285 nus
405 1217 604 1287 retinet
649 1232 757 1287 non
802 1230 981 1287 minus
1027 1234 1348 1303 antiquitate
1384 1249 1546 1303 quam
1592 1235 1841 1306 religiosa

249 1336 446 1392 potrpa
478 1321 733 1393 insignes.
765 1322 820 1377 ln
848 1338 909 1377 ra
941 1325 1206 1393 siquidem
1236 1325 1333 1380 viri
1368 1327 1700 1397 totidemque
1732 1343 1844 1382 ma-

251 1421 426 1467 trome
469 1422 740 1485 provecta:
782 1416 959 1470 mtatis
988 1415 1242 1487 (Velones
1271 1426 1325 1471 et
1360 1417 1705 1489 chlonissas
1749 1435 1843 1490 ap-

250 1500 478 1575 pellant)
519 1503 589 1559 ab
632 1506 1039 1577 archiepiscOpo
1084 1508 1333 1572 instituti,
1380 1510 1629 1565 sacriﬁcii
1674 1522 1843 1567 mate-

253 1593 392 1648 riam
419 1593 617 1651 oﬁ‘erre
648 1596 826 1651 solent
875 1597 976 1652 hoc
1025 1599 1204 1654 modo.
1250 1599 1555 1656 Oblatiouis
1599 1611 1840 1671 tempore

253 1682 491 1740 instante
513 1688 809 1756 procedunt
832 1687 1093 1757 \‘egloues
1120 1690 1227 1746 duo
1251 1690 1371 1746 aliis
1402 1693 1836 1760 succedentibus,

252 1775 477 1844 antiquo
516 1791 666 1833 more
702 1778 896 1844 induti,
938 1780 1245 1836 deferentes
1275 1781 1482 1838 hostias
1515 1795 1625 1838 tres
1664 1792 1718 1839 ct
1752 1799 1845 1839 va-

248 1863 463 1919 sculum
489 1865 632 1931 viui;
663 1882 782 1936 qua:
807 1868 1034 1922 chorum
1066 1868 1292 1939 ingressi
1324 1872 1615 1937 sacerdoti,
1643 1883 1845 1945 myste-

253 1952 337 2006 ria
380 1951 708 2020 celebranti,
754 1953 1005 2010 oﬁ‘erunt.
1037 1956 1183 2012 Idem
1227 1968 1486 2029 prmstant
1518 1961 1847 2031 Veglonissaa

254 2042 385 2097 item
431 2043 553 2099 dua:
583 2059 705 2100 cum
752 2048 917 2102 veteri
968 2057 1339 2103 matronarum
1388 2060 1675 2120 apparatur,
1724 2051 1847 2106 aliis

257 2133 665 2199 comitantibus,
719 2145 873 2192 extra
930 2138 1084 2194 chori
1136 2139 1407 2197 cancellos
1451 2141 1843 2208 consistentes;

257 2225 351 2280 ubi
407 2226 654 2282 eamdem
707 2227 1035 2285 oblationem
1085 2230 1154 2286 ab
1208 2232 1289 2287 eis
1335 2234 1533 2303 accipit
1589 2235 1845 2291 sacerdos

259 2314 482 2370 missam
514 2315 814 2382 celebrans,
847 2327 939 2373 aut
969 2329 1117 2375 certe
1143 2322 1605 2394 archipresbyter,
1640 2323 1684 2379 si
1713 2338 1847 2393 pon-

258 2404 397 2461 tifex
453 2407 627 2464 sacris
678 2420 948 2480 operetur.
1010 2410 1074 2468 Hi
1127 2413 1312 2469 decem
1358 2414 1458 2469 viri
1514 2415 1847 2487 totidemque

260 2510 526 2555 matronae
546 2507 712 2556 totam
734 2503 1009 2560 civitatem
1034 2515 1443 2576 repraesentant,
1472 2515 1523 2563 et
1552 2507 1849 2579 funguntur

261 2591 441 2649 oﬁicio
469 2593 615 2664 quod
641 2593 770 2651 olim
802 2597 899 2652 toti
930 2597 1127 2669 populo
1159 2598 1524 2663 incumbebat,
1560 2610 1618 2655 ut
1652 2600 1849 2671 legitur

262 2681 321 2738 in
347 2681 728 2740 Caremoniali
750 2685 1130 2753 Ambrosiano,
1154 2688 1297 2758 quod
1321 2688 1513 2743 Fredet
1531 2690 1644 2744 iens
1668 2689 1849 2744 cardi-

262 2770 405 2827 nalis
432 2771 770 2829 Borromaaus
796 2782 852 2829 et
883 2774 1293 2833 Mediolanensis
1322 2777 1761 2847 archiepiscopus
1781 2795 1847 2834 ex

262 2862 506 2933 antiquis
530 2864 648 2933 ejus
674 2863 929 2921 Ecclesia:
964 2865 1156 2924 ritibus
1200 2869 1450 2924 adornari
1483 2870 1712 2926 curavit.
1752 2863 1857 2924 At;

264 2952 359 3022 qui
388 2950 651 3021 ejusmodi
697 2955 921 3022 hostiae,
961 2971 1098 3026 quas
1139 2974 1205 3013 ex
1236 2969 1449 3014 vetusto
1481 2960 1584 3014 ritu
1615 2959 1849 3016 ochruut
1877 3000 1920 3026 ,π

1911 3047 1923 3062 ·
1956 3045 2037 3090 tas
2059 3050 2124 3088 ex
2155 3031 2356 3097 simila,
2388 3030 2631 3101 integras
2659 3036 2714 3083 et
2741 3042 2923 3094 sanas,
2959 3025 3129 3081 sacris
3154 3023 3414 3079 altaribus
3442 3038 3543 3079 nos

1902 3129 1909 3135 ‘
1953 3139 2168 3197 quoque
2195 3120 2632 3193 snpet'ponilnus,
2665 3128 2720 3174 et
2749 3118 2882 3188 ipsis
2924 3127 3044 3187 post
3073 3113 3543 3191 consecrationem

263 3045 713 3115 Mediolanenscs,
745 3049 993 3106 fermenti
1036 3060 1288 3122 expertes
1315 3063 1460 3110 sunt.
1496 3054 1689 3122 Quidni
1721 3069 1851 3124 ergo

266 3142 378 3189 tam
426 3132 586 3192 facile
630 3148 1047 3211 promptumque
1090 3140 1190 3196 fuit
1238 3143 1479 3215 antiquis
1526 3144 1852 3201 Christianis

265 3223 464 3281 offerre
490 3240 662 3296 panes
688 3242 928 3299 azymos,
956 3245 1093 3300 quos
1114 3232 1197 3286 vel
1223 3232 1321 3302 ipsi
1351 3240 1653 3304 parassent,
1679 3232 1763 3288 vel
1785 3235 1852 3289 ab

269 3312 391 3370 aliis
438 3325 656 3385 paratos
696 3319 1069 3389 accepissent?
1098 3320 1258 3377 Certe
1304 3321 1461 3393 longe
1506 3334 1634 3379 ante
1674 3324 1855 3379 conci.

266 3404 401 3461 lium
430 3421 522 3461 xv:
550 3407 867 3479 Toletanum
900 3412 1055 3481 panis
1093 3412 1347 3469 sacriﬁcii
1384 3431 1403 3465 ι
1434 3415 1615 3470 studio
1645 3429 1853 3485 perpa—

270 3506 425 3556 ratus
459 3518 478 3552 ι
512 3515 633 3557 esse
662 3501 914 3569 debebat,
950 3504 1003 3558 id
1045 3514 1129 3561 est
1164 3506 1266 3576 piis
1308 3507 1631 3577 quibusdam
1664 3508 1857 3564 ritibus

271 3599 329 3646 et
355 3594 715 3651 czeremoniis.
745 3594 943 3664 Quidni
977 3612 1108 3669 ergo
1140 3614 1364 3671 azymus
1396 3598 1588 3654 conﬁci
1618 3607 1853 3670 poterat,

272 3687 323 3742 si
366 3686 421 3743 id
462 3686 625 3744 modo
670 3689 929 3759 poscebat
959 3706 1076 3745 mos
1104 3700 1159 3746 et
1199 3692 1534 3748 consuetudo
1577 3691 1853 3758 Ecclesiae,

273 3793 400 3837 cum
440 3778 721 3835 videamus
750 3780 805 3836 id
834 3791 1018 3837 nostra
1053 3791 1211 3838 (etate
1241 3793 1389 3838 recte
1421 3782 1534 3837 ﬁeri
1582 3783 1650 3837 ab
1677 3782 1858 3854 operis

275 3873 452 3943 pretio
474 3872 794 3929 conductis?
1261 3881 1264 3885 ‘

348 3959 458 4020 Nec
484 3963 666 4020 obstat
693 3964 838 4035 quod
866 3963 1169 4039 Cyprianus
1213 3966 1265 4020 in
1313 3966 1451 4025 libro
1480 3967 1556 4022 De
1597 3981 1761 4036 opere
1807 3974 1861 4021 et

277 4052 637 4127 eleemosynis
698 4057 922 4114 divitem
986 4057 1273 4124 feminam,
1330 4074 1451 4129 qua:
1506 4059 1858 4127 sacriﬁcium,

279 4144 333 4201 id
374 4154 456 4202 est
500 4147 733 4204 hostiam
774 4164 881 4205 non
912 4151 1203 4219 obtulerat,
1233 4153 1470 4223 graviter
1501 4152 1744 4223 increpat
1775 4153 1863 4208 his

279 4236 502 4293 verbis:
540 4256 560 4290 ι
592 4237 857 4311 Locuples
884 4248 941 4296 et
968 4240 1119 4297 dives
1141 4257 1225 4308 es,
1268 4250 1323 4297 et
1354 4241 1694 4298 Dominicum
1725 4241 1864 4297 cele-

1938 411 2254 479 contingere
2291 409 2467 480 potuit
2510 417 2566 464 ut
2612 409 2809 464 divites
2854 407 3064 463 incuria
3112 406 3334 478 parandi
3383 403 3525 473 ejus-

1942 501 2084 554 modi
2118 500 2272 569 panis
2299 516 2405 555 non
2437 500 2703 555 haberent
2729 499 3021 568 aliquando
3052 513 3211 568 quem
3242 496 3527 561 offerrent.

1932 584 2512 657 communicarentqne
2538 602 2606 641 ex
2650 603 2791 657 pane
2816 602 2979 657 quem
3011 600 3277 657 pauperes
3302 585 3525 641 obtulis-

1940 688 2080 734 sent.
2113 678 2310 733 Eadem
2338 680 2453 733 lucc
2482 678 2760 747 responsio
2790 677 2935 732 valet
2958 677 3025 731 ad
3059 676 3233 733 locum
3291 674 3529 730 auctoris

1940 768 2167 832 incerti,
2198 782 2263 823 ex
2296 781 2548 823 sermone
2576 766 2667 836 qui
2693 766 2801 821 2l5
2830 775 3146 821 numeratur
3184 766 3327 821 inter
3345 764 3527 832 Augu-

1945 858 2231 923 stinianos,
2260 858 2349 913 ubi
2393 858 2511 913 ait:
2549 877 2567 910 ι
2602 856 2915 915 Oblationcs
2944 871 3064 927 quae
3089 855 3142 910 in
3178 855 3373 910 altario
3402 870 3531 909 con-

1944 962 2096 1002 seera
2106 955 2293 1003 rentur
2314 944 2525 1002 offerte.
2547 945 2881 1002 Erubescere
2902 946 3063 1001 debet
3088 944 3253 1001 homo
3279 944 3528 1007 idoneus,

1942 1039 1987 1095 si
2016 1040 2083 1094 de
2108 1038 2283 1094 aliena
2314 1038 2591 1096 oblatione
2616 1037 3118 1095 communicaverit.
3152 1055 3171 1090 ι

2016 1127 2359 1199 Quapropter
2396 1129 2793 1184 observandum
2823 1136 2907 1183 est
2940 1126 3189 1198 integras
3226 1124 3533 1182 hostiarum

1943 1218 2227 1286 formulas,
2259 1219 2450 1290 quales
2491 1219 2701 1275 scilicet
2743 1218 2797 1274 in
2834 1216 2978 1275 ferro
3014 1218 3394 1274 characterato
3432 1232 3535 1288 pro

1944 1308 2183 1379 quinque
2220 1323 2386 1364 sexve
2429 1309 2624 1364 hostiis
2670 1309 3142 1380 imprimehantur,
3192 1322 3297 1364 non
3346 1322 3472 1364 raro
3502 1320 3532 1363 a

1943 1401 2172 1473 singulis
2209 1401 2448 1456 ﬁdelium
2495 1400 2708 1456 oblatas
2751 1400 2953 1463 fuisse;
3005 1413 3125 1469 qua:
3154 1413 3260 1453 non
3310 1398 3537 1469 singulm

1942 1510 2043 1566 pro
2091 1494 2320 1566 singulis
2364 1493 2965 1557 communicandornm,
3013 1492 3109 1548 sed
3157 1507 3255 1563 pro
3309 1506 3535 1548 numero

1944 1599 2133 1639 eorum
2162 1584 2384 1654 integrae
2426 1584 2591 1639 etiam
2622 1598 3011 1653 nonnunquam
3047 1581 3537 1638 consecrabantur.

1943 1671 1999 1729 Id
2047 1672 2299 1744 colligere
2345 1671 2476 1727 mihi
2527 1672 2716 1727 videor
2760 1681 2871 1726 tum
2914 1686 2979 1725 cx
3012 1670 3214 1725 Ordine
3261 1669 3535 1736 Romano,

1947 1770 2060 1817 tum
2090 1777 2153 1818 ex
2190 1760 2489 1817 Humherto
2513 1761 2798 1826 cardinali,
2833 1769 2944 1815 tum
2972 1775 3039 1816 ex
3069 1774 3219 1814 more
3248 1759 3449 1817 usitato
3478 1759 3535 1818 in

1945 1851 2355 1910 consecratione
2400 1851 2812 1924 episcoporum,
2859 1848 3201 1905 sacerdotum
3258 1863 3320 1906 ac
3376 1847 3541 1923 virgif

1945 1961 2097 2001 num.
2130 1943 2187 1999 In
2226 1943 2429 2000 Ordine
2465 1944 2666 2014 quippe
2704 1941 2950 1998 Romano
2992 1939 3302 2011 praecipitur
3347 1947 3408 1996 ut
3454 1953 3540 1993 ar-

1945 2037 2299 2094 chidiaconus
2339 2034 2612 2105 accipiens
2654 2031 2889 2099 oblatas,
2930 2045 3066 2101 quas
3108 2029 3315 2084 scilicet
3357 2026 3539 2083 ﬁdeles

1946 2127 2275 2192 obtulerant,
2309 2146 2327 2179 ι
2367 2135 2549 2180 tantas
2585 2139 2751 2194 super
2779 2122 2954 2177 altare
2981 2129 3151 2192 ponat
3174 2129 3390 2190 quanta:
3417 2134 3540 2188 poso

1947 2227 2074 2274 sunt
2114 2217 2309 2288 pepqu
2351 2213 2619 2272 suﬁicere.
2664 2233 2682 2266 ι
2727 2213 2867 2268 Tum
2916 2211 3060 2265 facta
3105 2208 3539 2274 consecratione,

1948 2312 2039 2368 ubi
2073 2323 2285 2381 tempus
2320 2306 2719 2364 communionis
2765 2305 2964 2370 instat,
3007 2321 3026 2355 ι
3061 2300 3297 2375 acolythi
3349 2311 3544 2372 parant

1949 2403 2100 2459 sinus
2122 2400 2462 2457 saeculorum
2491 2398 2874 2454 archidiacono
2914 2395 2980 2451 ad
3008 2395 3287 2466 ponendas
3313 2392 3538 2465 oblatioe

1949 2508 2046 2550 nes
2072 2513 2091 2547 ι
2119 2509 2256 2565 quas
2280 2491 2474 2548 deinde
2506 2509 2526 2543 ‹
2556 2489 2833 2560 frangunt,
2862 2507 2880 2538 ι
2915 2496 2977 2541 ιιι
3006 2501 3103 2541 sua
3144 2484 3341 2554 cuique
3364 2483 3543 2555 portio

1948 2598 2016 2639 ex
2040 2582 2267 2653 integris
2292 2580 2594 2636 hostiarum
2620 2576 2865 2635 formulis
2892 2574 3175 2629 habeatur.
3205 2572 3330 2627 Ideo
3356 2581 3538 2625 autem

1952 2674 2005 2730 in
2031 2673 2262 2729 sacculis
2294 2675 2640 2741 franguntur,
2671 2684 2740 2723 ne
2768 2667 2922 2723 mica:
2962 2681 3056 2721 seu
3090 2662 3370 2736 particulae
3396 2664 3538 2741 inter

1951 2764 2302 2835 frangendum
2330 2763 2383 2817 in
2408 2771 2606 2817 terram
2638 2770 2731 2813 aut
2759 2758 2810 2812 in
2847 2758 3023 2812 locum
3052 2755 3231 2810 minus
3256 2754 3537 2810 decentem

1951 2855 2284 2911 deciderent.
2322 2853 2555 2922 ldipsum
2601 2857 2788 2920 aperte
2827 2846 3067 2903 declarat
3112 2844 3437 2901 Humbertus
3484 2845 3538 2899 in

1952 2943 2327 3011 ltespousionc
2349 2942 2415 2996 ad
2437 2937 2756 2995 Michaelem
2787 2954 2802 2991 :
2860 2955 2879 2987 ι
2905 2935 3119 2992 Tenues
3136 2975 3150 3000 ,
3174 2934 3368 3004 inquit,
3387 2932 3544 3010 dbia-7

1954 3212 2143 3269 fractis
2171 3228 2295 3267 cum
2345 3210 2544 3280 populo
2590 3207 3077 3264 communicamur.
3121 3225 3143 3262 ι
3197 3204 3439 3275 Denique
3487 3204 3547 3261 in

1953 3302 2365 3361 consecratione
2404 3301 2810 3371 episcoporum,
2859 3294 3236 3362 sacerdotum,
3280 3310 3346 3350 ac
3379 3294 3545 3366 virgi-

1954 3416 2108 3464 num,
2154 3414 2259 3453 una
2289 3396 2483 3453 oblatae
2513 3393 2739 3450 formula
2770 3399 3088 3449 consecrato
3129 3391 3180 3445 in
3218 3388 3398 3461 plures
3425 3387 3542 3443 dies

1953 3491 2322 3565 praebebatur,
2372 3502 2569 3557 nempe
2610 3486 2863 3557 episcopo
2905 3490 2960 3540 et
3009 3481 3276 3538 sacerdoti
3325 3479 3380 3534 in
3429 3478 3544 3532 die.

1955 3582 2332 3656 quadraginta,
2363 3588 2424 3635 ut
2451 3581 2518 3635 de
2545 3578 2813 3650 episcOpis
2846 3582 3059 3631 constat
3086 3588 3152 3629 ex
3196 3572 3398 3628 Ordine
3429 3570 3543 3629 Ro.

1955 3691 2135 3735 manu.
2167 3685 2223 3733 et
2248 3674 2313 3729 de
2338 3671 2671 3744 presbyteris
2701 3685 2767 3724 ex
2790 3667 3013 3738 epistola
3041 3665 3273 3721 secunda
3306 3663 3545 3720 Fnlberti

1957 3766 2313 3825 Carnutensis
2345 3762 2582 3835 episcopi
2610 3761 2677 3815 ad
2704 3759 3019 3819 Einardum,
3063 3764 3158 3810 aut
3183 3764 3333 3810 certe
3360 3769 3544 3809 sacer-

1957 3860 2070 3914 doti
2105 3858 2157 3912 in
2188 3857 2303 3912 dies
2323 3863 2465 3920 octo,
2494 3869 2559 3909 ex
2590 3850 2789 3907 Ordine
2816 3849 3079 3912 Romano,
3113 3846 3408 3916 itidemque
3436 3844 3549 3898 vir—

1959 3952 2069 4022 gini
2106 3964 2295 4004 recens
2316 3953 2668 4012 consecratae,
2695 3953 2755 3998 ut
2799 3943 2853 3997 in
2878 3958 2981 3996 ms.
3019 3938 3319 3997 Pontiﬁcali
3347 3938 3547 3994 biblio-

1961 4046 2134 4100 thecae
2161 4048 2359 4096 nostra:
2384 4037 2713 4108 Remigiana:
2736 4034 2876 4104 apud
2897 4032 3096 4089 Remos
3136 4031 3332 4102 legitur
3355 4030 3408 4086 in
3436 4029 3554 4085 brae

1960 4134 2125 4187 verba
2155 4148 2169 4185 :
2205 4149 2223 4181 ι
2260 4127 2538 4198 Virginem
2567 4125 2820 4197 episcopo
2848 4131 3102 4195 parentes
3131 4137 3255 4177 cum
3283 4119 3563 4193 oblatione

1963 4219 2216 4285 oﬁ‘erant,
2258 4225 2315 4275 et
2358 4217 2449 4273 ille
2476 4215 2771 4271 involutam
2804 4228 3022 4269 manum
3070 4210 3188 4281 ejus
3218 4212 3270 4266 in
3303 4211 3439 4283 palla
3474 4210 3556 4264 al-

279 4327 441 4385 brare
488 4338 540 4385 te
568 4330 766 4396 credis,
798 4347 920 4402 qua:
962 4331 1017 4390 in
1064 4331 1403 4389 Dominicum
1450 4333 1568 4389 sine
1598 4330 1852 4389 sacriﬁcic

1970 4314 2102 4373 taris
2129 4311 2464 4382 recipiat.....
2496 4306 2786 4377 Postquam
2813 4302 3349 4365 communicaverint,
3378 4316 3561 4358 resera

280 4419 463 4485 venis;
488 4434 609 4490 quae
637 4430 846 4489 partem
879 4422 945 4477 de
973 4422 1244 4479 sacriﬁcio
1273 4423 1415 4491 quod
1444 4438 1648 4494 pauper
1669 4422 1863 4479 obtulit

282 4508 487 4564 sumis?
519 4528 539 4561 ι
575 4509 709 4576 Hoc,
749 4511 995 4581 inquam,
1046 4512 1182 4566 nihil
1211 4514 1418 4578 obstat;
1472 4521 1562 4568 aut
1609 4514 1753 4568 enim
1797 4513 1866 4569 de

282 4598 560 4657 oblatione
583 4616 705 4671 quae
734 4601 897 4657 ﬁebat
934 4602 1002 4656 ad
1047 4603 1354 4656 convivium
1396 4603 1701 4658 institutum
1744 4609 1868 4672 post

283 4689 638 4746 Eucharistirc
675 4691 1077 4762 perceptionem
1104 4690 1507 4762 intelligendum
1538 4699 1622 4747 est
1647 4690 1867 4762 (agapas

285 4783 606 4856 appellant),
638 4793 731 4838 aut
772 4784 818 4840 si
863 4784 934 4849 de
978 4799 1119 4855 pane
1162 4783 1546 4849 eucharistico,
1594 4784 1647 4840 id
1697 4783 1869 4855 magis

285 4894 385 4949 pro
409 4892 550 4948 pane
578 4876 820 4934 studiose
863 4876 1109 4933 confecto
1149 4890 1245 4932 seu
1285 4890 1477 4948 azymo
1512 4873 1668 4943 juvat
1704 4888 1870 4946 quam

1968 4417 2098 4461 vent
2129 4406 2194 4460 de
2225 4405 2342 4475 ipsa
2366 4401 2750 4458 communione
2779 4398 2835 4452 in
2859 4396 2999 4452 diem
3024 4403 3301 4460 octavum,
3334 4403 3389 4450 et
3431 4404 3559 4451 tunc

1971 4494 2390 4552 communicent.
2427 4512 2446 4544 ι
2491 4489 2802 4561 Legendum
2836 4486 3017 4543 forsan
3054 4504 3072 4535 ι
3105 4484 3161 4541 in
3202 4482 3318 4539 dies
3353 4492 3493 4537 octo.
3534 4485 3561 4533 6.

1972 4589 2106 4644 Nam
2158 4585 2457 4659 presbyteri
2507 4582 2746 4653 quotidie
2796 4578 3120 4636 decidebant
3164 4593 3228 4632 ex
3284 4584 3559 4663 reservata

1972 4678 2244 4735 oblatione
2286 4671 2606 4743 particulam
2654 4686 2722 4725 ex
2765 4684 2871 4739 qua
2898 4666 3395 4729 communicabant,
3422 4673 3567 4734 teste

1974 4772 2229 4828 Fulberto
2252 4769 2304 4824 in
2329 4765 2553 4837 epis'ola
2575 4765 2687 4835 jam
2713 4767 3035 4823 memorata,
3061 4762 3181 4827 quae
3204 4756 3257 4811 in
3283 4770 3385 4808 ms.
3410 4758 3561 4815 cudi.

1973 4864 2128 4920 cibus
2172 4858 2432 4923 Einardo,
2485 4856 2743 4911 mendose
2789 4853 2842 4908 in
2889 4848 3050 4906 editis
3087 4845 3320 4904 Finardo
3366 4845 3571 4913 inscri-
3608 4882 3613 4887 -

285 4976 386 5042 pro
411 4967 688 5024 communi
720 4982 783 5023 ac
815 4967 1164 5025 fermentato.
1209 4967 1345 5023 Nam
1373 4965 1419 5020 si
1448 4965 1602 5034 panis
1629 4979 1874 5022 commu—
1970 4955 2136 5012 bitur-

286 5061 376 5117 nis
402 5069 458 5115 et
481 5060 715 5116 usitatus
756 5058 810 5113 in
851 5074 968 5115 rem
996 5070 1209 5113 sacram
1243 5055 1518 5113 adhibitus
1543 5054 1755 5122 fuisset,
1782 5053 1875 5107 vix

289 5154 498 5225 concipi
547 5160 730 5224 potest
771 5150 1188 5208 commissurum
1232 5150 1400 5205 fuisse
1441 5136 1769 5218 quemquam
1813 5134 1876 5197 ut

287 5245 357 5299 ad
405 5256 647 5299 mensam
690 5239 901 5298 Domini
949 5238 1066 5294 sine
1107 5238 1383 5295 oblatione
1429 5248 1525 5290 sua
1568 5235 1874 5293 accederet.

286 5333 466 5364 Ωηηηη
494 5331 696 5364 nni-sna
723 5339 773 5364 nl
810 5329 1028 5364 “luvium
1073 5337 1189 5364 om!
1243 5326 1348 5364 ἀισι
1392 5337 1583 5364 nonam
1629 5336 1876 5364 mammu-

2047 5044 2186 5114 Qum
2214 5054 2371 5111 ergo,
2407 5035 2608 5105 inquis,
2639 5035 2801 5093 ﬁebat
2837 5046 2904 5087 ex
2936 5028 3058 5083 aliis
3086 5027 3282 5115 oblatis
3307 5039 3428 5097 quae
3462 5017 3602 5104 non

1977 5136 2464 5199 consecrabantur,
2492 5128 2760 5202 siquidem
2806 5121 3044 5195 singulas
3075 5119 3337 5177 formulas
3370 5120 3611 5199 effera.

1987 5236 2137 5299 bant,
2183 5239 2412 5298 quarum
2439 5235 2545 5276 una
2596 5219 2841 5292 pluribus
2883 5206 3216 5271 sufﬁciebat?
3259 5211 3618 5289 Responde;

1989 5331 2174 5364 ειιιριηι-
2212 5313 2333 5364 libri
2364 5311 2430 5364 de
2459 5307 2659 5364 Ordine
2695 5304 2942 5364 Romano
2976 5320 2995 5355 ι
3028 5308 3351 5364 apportante
3386 5318 3619 5364 aram-
