4020 5364
577 260 707 320 ιρτι

568 374 968 432 observandum
993 380 1298 437 committit.
1334 401 1353 436 ι
1385 383 1579 443 Postea
1607 405 1738 445 vero
1765 394 1884 448 usui
1908 406 2084 462 erant,
2107 397 2151 451 si
2182 408 2222 461 Α
2257 397 2350 464 30,
2377 402 2467 456 ubi
2496 413 2645 458 notat
2666 405 2974 477 Ebionmos,

565 466 783 533 quando
803 467 1019 523 nemine
1036 467 1296 529 oﬂ‘erente
1322 474 1486 531 missa
1508 477 1830 537 celebranda
1851 495 1987 547 erat,
2010 487 2156 556 quod

564 554 801 612 maxime
831 554 994 615 ﬁebat
1022 559 1211 616 diebus
1239 564 1486 633 privatis,
1522 579 1615 624 aut
1651 571 1704 627 in
1733 574 1971 646 eulogias
2000 554 2157 635 bene-

561 642 913 713 dieebantur;
949 652 1092 718 quod
1121 655 1361 721 quotidie
1392 659 1533 727 apud
1572 642 2153 726 monachos'actitaba-

561 742 671 793 tur.
696 735 855 796 Certe
884 756 989 795 non
1018 742 1246 815 singulis
1265 748 1477 816 diebus,
1501 755 1595 808 sed
1618 755 1910 816 Dominicis
1941 771 2148 822 tantum

555 823 856 883 oblationes
883 845 912 883 a
943 832 1075 887 viris
1098 843 1153 890 et
1178 838 1495 897 mulieribus
1523 841 1796 903 faciendas
1823 853 1991 923 exigit
2013 871 2146 911 con-

556 911 740 968 cilium
775 916 1169 979 Matisconense
1194 941 1311 996 cap.
1339 927 1396 994 4,
1424 932 1565 998 quod
1597 949 1740 990 anno
1765 938 1869 995 585
1899 911 2145 1001 cvelebra-

554 1010 669 1063 tum
720 1014 824 1064 est.
885 1008 1124 1081 Denique
1172 1030 1278 1071 non
1328 1017 1625 1079 offerebant
1674 1040 1899 1096 omnes,
1950 1033 2142 1090 saltem

552 1092 833 1155 llincmari
867 1110 1124 1172 tempore.
1154 1108 1247 1162 sed
1277 1117 1482 1169 tantum
1512 1113 1730 1174 familia:
1753 1092 2011 1194 cujusque
2053 1142 2146 1181 ca-

547 1186 684 1255 pita,
713 1202 778 1243 ex
814 1189 1108 1250 llincmaro
1136 1196 1296 1257 infra.

622 1295 872 1368 Oppones
901 1304 1180 1363 ministros
1208 1309 1485 1381 Ecclesiae,
1527 1316 1735 1386 viduas,
1783 1337 2049 1393 pauperes
2082 1335 2139 1381 et

548 1399 770 1457 egenos,
816 1405 955 1460 quos
1000 1396 1399 1457 matrieularios
1442 1406 1741 1476 vocabant,
1798 1428 1864 1467 ex
1915 1415 2136 1486 reliquis

546 1478 880 1537 oblationum
910 1484 1089 1552 alitos,
1124 1504 1189 1545 ac
1232 1493 1458 1562 proinde
1489 1500 1744 1558 usitatum
1775 1519 1840 1560 ac
1868 1478 2135 1565 ferme-nte

543 1578 900 1642 temperatum
927 1592 1123 1649 panem
1152 1582 1387 1641 oblatum
1417 1586 1604 1646 fuisse.

609 1705 694 1760 Ad
737 1707 840 1764 hoc
883 1725 1087 1783 repono
1134 1715 1401 1788 duplicem
1442 1723 1741 1794 antiquitus
1787 1728 1839 1784 in
1884 1729 2122 1787 Ecclesia
2152 1751 2199 1813 Β

539 1795 738 1853 factam
785 1802 1136 1872 oblationem,
1177 1825 1340 1867 unam
1391 1822 1516 1870 ante
1565 1819 1810 1886 missam,
1861 1831 1953 1875 aut
2000 1832 2126 1883 autc

535 1885 907 1959 Evangelium,
954 1894 1181 1954 alteram
1228 1913 1350 1972 post
1395 1903 1594 1960 lectum
1638 1908 2010 1981 Evangelium,
2058 1914 2128 1968 ad

534 1976 895 2048 odertorium,
924 1995 981 2039 ut
1008 2002 1280 2047 vocamus.
1311 1992 1367 2052 lu
1396 1994 1571 2063 prima
1613 1998 1913 2058 offerebant
1943 1990 2128 2061 ﬁdeles

530 2082 759 2145 panem,
789 2072 1001 2140 viuum,
1034 2092 1246 2146 ceram,
1279 2091 1334 2137 et
1360 2083 1504 2140 aliud
1531 2090 1894 2166 quodcunque
1919 2094 1971 2148 in
2003 2111 2128 2166 sup-

528 2157 868 2228 plcmentum
927 2167 1305 2237 sacerdotum,
1353 2157 1672 2246 viduarum,
1722 2157 2018 2254 pauperum
2072 2194 2127 2241 et

530 2264 847 2321 egenorum,
881 2257 933 2312 in
980 2259 1150 2316 altera
1193 2279 1389 2335 panem
1420 2277 1478 2324 et
1506 2269 1688 2326 vinum
1727 2274 1795 2328 ad
1840 2289 2129 2331 consecra-

531 2340 758 2399 tionem.
812 2344 969 2404 llunc
1017 2350 1192 2407 locum
1244 2358 1458 2429 egregie
1508 2358 1746 2418 illustrat
1799 2363 2124 2423 Hincmarus

529 2431 818 2495 “emensis
862 2438 916 2495 in
965 2443 1283 2517 capitularis
1319 2450 1482 2521 primi
1527 2454 1759 2510 articulo
1790 2472 1880 2512 xvt
1913 2472 1928 2511 :
1966 2476 1985 2509 ι
2020 2441 2123 2529 Qui

526 2524 807 2589 candelam
838 2530 1031 2595 oll‘erre
1058 2537 1309 2607 voluerit,
1354 2542 1470 2599 sive
1511 2547 1837 2618 specialiter,
1869 2550 1984 2606 sive
2026 2524 2120 2623 ge-

526 2615 802 2686 neraliter,
834 2631 929 2680 aut
965 2634 1091 2681 ante
1122 2629 1362 2699 missam,
1393 2644 1488 2692 aut
1519 2615 1665 2699 inter
1693 2640 1936 2706 missam,
1964 2655 2119 2699 ante-

524 2719 690 2772 quam
739 2708 1087 2784 Evangelium
1138 2717 1367 2788 legatur,
1418 2724 1485 2783 ad
1534 2725 1708 2784 altare
1757 2729 1990 2787 deferat.
2035 2733 2118 2790 Ad

525 2797 859 2858 oblationem
910 2817 1090 2864 autem
1141 2827 1301 2871 unam
1352 2821 1726 2879 tantummodo
1772 2824 2011 2881 oblatam
2063 2836 2119 2883 et

525 2888 861 2951 oll’ertorium
908 2911 1008 2966 pro
1046 2915 1105 2955 se
1151 2903 1372 2974 suisque
1420 2909 1674 2965 omnibus
1719 2912 2020 2981 conjunctis
2062 2928 2118 2974 et

516 2978 877 3044 familiaribus
921 2988 1132 3049 offerat.
1191 2992 1249 3049 Si
1298 2995 1417 3068 plus
1465 2998 1534 3054 de
1586 3001 1714 3057 vino
1755 2978 2010 3072 voluerit,
2061 3009 2115 3063 in

515 3070 755 3133 buticula
804 3078 888 3135 vel
940 3096 1136 3150 canna,
1196 3094 1290 3148 aut
1319 3087 1502 3158 plures
1566 3091 1804 3164 oblatas;
1855 3106 1951 3153 aut
1985 3070 2183 3158 anteC

514 3165 762 3235 missam,
808 3179 904 3226 aut
957 3182 1080 3242 post
1126 3175 1344 3232 missam
1411 3182 1729 3255 presbytero
1801 3187 1886 3243 vel
1942 3190 2105 3247 mini-

510 3268 630 3321 stro
696 3260 842 3317 illius
897 3264 1123 3331 tribuat,
1179 3269 1320 3330 unde
1374 3272 1603 3342 populus
1663 3276 1715 3330 in
1765 3278 2103 3353 eleemosyna

513 3357 569 3401 et
619 3346 994 3409 benedictione
1048 3354 1189 3413 illius
1232 3359 1469 3429 eulogias
1526 3363 1786 3434 accipiat,
1837 3370 1921 3425 vel
1974 3346 2101 3444 pre-

510 3437 698 3519 sbyter
717 3442 1144 3514 supplementum
1172 3449 1387 3519 aliquod
1414 3453 1630 3511 habeat.
1662 3476 1682 3509 ι
1715 3437 2100 3536 Prmtereavpa-

508 3542 637 3583 nem
669 3544 1011 3595 communem
1039 3552 1069 3591 a
1111 3538 1359 3598 ﬁdelibus
1404 3542 1586 3600 oll'erri
1634 3548 1850 3609 solitum
1899 3553 2099 3614 diserte

508 3616 678 3673 etiam
722 3619 791 3678 ab
836 3622 1030 3686 oblatis
1071 3632 1456 3688 consecrandis
1486 3635 1768 3710 distinguit
1807 3643 2093 3700 concilium

508 3705 894 3781 Namnetcnse,
917 3731 1037 3776 cum
1066 3720 1256 3776 statuit
1281 3736 1395 3794 cap.
1425 3724 1477 3792 9,
1507 3744 1526 3779 ‹
1556 3737 1615 3783 ut
1645 3705 1710 3783 de
1733 3731 2094 3798 oblationibus

505 3814 627 3875 qua:
656 3803 952 3865 oll‘erentur
972 3824 1002 3865 a
1030 3812 1244 3885 populo,
1272 3824 1328 3873 et
1350 3821 1746 3878 consecrationi
1770 3840 2088 3896 supersunt;

501 3893 589 3990 vel
623 3893 690 3951 de
732 3900 961 3968 panibus
989 3919 1124 3973 quos
1165 3906 1399 3967 oderunt
1444 3911 1629 3971 ﬁdeles
1672 3917 1737 3975 ad
1768 3893 2086 3990 Ec‘clesiam,

500 3981 584 4038 vel
612 3997 757 4043 certe
790 3989 856 4046 de
884 3992 996 4048 suis
1027 3996 1309 4069 presbyter
1332 4005 1716 4065 convenienter
1742 4020 1924 4078 partes
1950 4013 2087 4070 inc'-

501 4087 594 4139 sas
629 4074 825 4141 habeat
856 4082 907 4137 in
938 4099 1066 4140 vase
1096 4088 1289 4157 nitido,
1330 4100 1387 4146 ut
1423 4104 1543 4164 post
1579 4096 1863 4155 missarum
1893 4102 2089 4157 solem-

500 4162 615 4228 nia,
646 4167 736 4233 qui
768 4176 1167 4233 communicare
1210 4197 1316 4236 non
1360 4181 1578 4239 fuerunt
1616 4190 1818 4258 parati,
1847 4193 2085 4265 eulogias

480 4251 649 4321 ,omni
678 4254 764 4309 die
793 4256 1071 4323 Douiuico
1110 4275 1163 4322 ct
1204 4269 1258 4324 in
1303 4270 1493 4328 diebus
1538 4274 1688 4332 festis
1716 4279 1908 4334 exinde
1942 4285 2087 4338 acci-

499 4342 671 4425 piant.
710 4364 728 4396 ι
765 4348 894 4404 Erat
923 4366 1051 4426 ergo
1077 4357 1214 4423 alius
1253 4362 1408 4435 panis
1437 4365 1648 4421 oblatus
1685 4370 1752 4423 ad
1795 4386 2081 4429 consecra-

499 4440 738 4510 tionem,
787 4446 925 4503 alius
953 4467 972 4503 ‹
1006 4452 1072 4506 ad
1104 4453 1428 4524 Ecclesiam,
1463 4478 1480 4513 ι
1532 4462 1583 4516 id
1630 4455 1714 4518 est
1755 4466 1823 4520 ad
1859 4466 2080 4525 alendos

496 4533 757 4603 Ecclesiae
782 4542 1075 4621 ministros.
1104 4547 1183 4612 Ex
1206 4549 1466 4613 alterutro
1492 4552 1691 4625 ﬁebant
1715 4556 1960 4629 eulogiae,
1984 4560 2075 4629 qui

494 4627 654 4707 panis
689 4629 1002 4697 benedictus
1032 4639 1191 4702 modo
1218 4642 1535 4711 appellatur.
1572 4646 1716 4717 Lege
1756 4627 2075 4720 sicVCapit—u-

497 4716 612 4783 lare
647 4722 875 4789 primunt
904 4725 1176 4791 Hincmari
1217 4732 1445 4795 articulo
1472 4733 1525 4800 7,
1555 4745 1609 4790 et
1643 4716 2072 4803 Consuetudincs

496 4808 876 4869 Cluniacenses
922 4816 976 4879 io
1017 4819 1110 4875 lib.
1142 4838 1214 4889 η,
1259 4838 1378 4893 cap.
1409 4825 1498 4890 30,
1546 4826 1634 4882 ubi
1680 4830 2067 4899 praescribitur,

502 4921 520 4975 ᾳ
562 4912 617 4957 ut
647 4904 701 4959 in
743 4907 968 4976 privatis
1004 4910 1191 4984 diebus
1223 4915 1410 4970 hostia:
1446 4932 1550 4981 non
1591 4930 1919 4980 consecrata:
1948 4939 2072 4992 por-

470 5002 675 5050 .lentur
702 4996 755 5051 in
784 4997 1091 5070 refectorio,
1142 5013 1200 5059 ut
1235 5005 1319 5061 his
1354 5008 1443 5076 qui
1473 5024 1539 5062 eo
1566 5009 1654 5064 die
1694 5027 1798 5067 non
1829 5028 2073 5068 commu-

494 5086 812 5149 nicaverunt
856 5092 1266 5165 distribuantur,
1305 5120 1324 5152 ι
1357 5117 1550 5172 nempe
1593 5102 1697 5166 illae
1739 5105 1898 5174 ipsae,
1949 5123 2069 5177 quae

491 5177 653 5233 etiam
680 5197 708 5234 a
732 5197 836 5243 non
860 5191 1340 5255 communicaturis
1359 5195 1551 5256 oblata:
1580 5195 1793 5257 fttrrant
1827 5201 1878 5253 in
1903 5202 2065 5256 missa

1559 277 1902 355 APPENDIX
1944 282 2036 339 AD
2074 281 2302 341 OPERA
2342 284 2724 347 HUMBERTL

3693 302 3817 363 Ιὲἷὶ

3018 415 3159 481 quod
3185 413 3247 473 δι’
3270 417 3495 492 ἀζύμων,
3520 420 3580 479 id
3622 433 3703 481 est
3725 442 3815 498 ρι-

2256 489 2416 545 nibus
2443 494 2646 562 azymis
2680 499 2931 571 mysteria
2958 501 3322 562 celebrarent.

2248 608 2259 616 ι
2324 576 2450 634 llaec
2476 580 2709 651 ohjectio
2754 587 2927 655 prima
2953 588 3133 648 fronte
3172 595 3307 651 mihi
3351 598 3650 669 aliquando
3698 607 3815 664 val}

2251 668 2473 729 dissima
2503 675 2614 729 visa
2638 687 2748 743 est;
2778 689 2863 736 ast
2890 681 3154 756 integrum
3180 687 3356 744 locum
3377 691 3577 763 legenti
3602 713 3707 752 non
3731 702 3811 757 ita.

2250 758 2539 830 Epiphaitii
2568 768 2684 824 hzec
2710 772 2874 826 verba
2897 784 3044 830 sunt.
3083 785 3349 855 Μνστήρια
3384 758 3453 839 δὲ⁷
3468 784 3615 845 δῆθεν
3631 791 3814 850 τέλσνσι

2248 856 2379 908 κατὰ
2409 860 2621 928 μίμησιν
2646 869 2747 916 τῶν
2781 864 2938 937 ἁγίων
2972 869 3022 922 ἓν
3062 878 3125 929 τῆ
3154 871 3417 949 Ἐκκλησίᾳ
3452 880 3559 933 διπὸ
3592 881 3812 939 hianna?

2247 943 2319 1002 εἰς
2347 944 2577 1002 ἐνιαυτὸν
2604 947 2668 1005 δι’
2691 951 2921 1024 ἀζύμων,
2953 959 3036 1011 καὶ
3070 959 3127 1014 τὸ
3152 960 3267 1015 ἀλλό
3312 966 3463 1040 μέρος
3500 973 3595 1021 τοῦ
3630 990 3814 1030 μυστη-

2242 1034 2360 1107 ρίσυ
2397 1033 2463 1090 δι’
2485 1035 2674 1101 ὕδατος
2702 1041 2878 1110 μόνον,
2913 1045 2963 1099 id
2991 1055 3095 1111 est,
3130 1067 3147 1099 ι
3178 1033 3431 1121 mysteria
3458 1070 3595 1111 vero
3621 1058 3813 1114 scilicet

2241 1124 2530 1192 perﬁciunt
2591 1144 2656 1183 ex
2717 1132 3022 1191 imitatione
3084 1149 3398 1198 sanctorum
3438 1146 3533 1213 qui
3601 1151 3810 1206 suntin

2240 1212 2482 1272 Ecclesia
2510 1229 2640 1289 quot
2676 1223 2835 1276 annis
2862 1225 2914 1277 in
2948 1227 3189 1296 azymis;
3221 1212 3667 1290 alteramautem
3710 1253 3811 1310 my-

2239 1307 2389 1363 sterii
2423 1320 2633 1378 partem
2663 1312 2715 1366 in
2748 1328 2887 1383 aqua
2926 1316 3094 1371 sola.»
3132 1319 3210 1373 Ex
3241 1321 3347 1376 illis
3373 1324 3560 1380 verbis
3603 1343 3709 1381 non
3735 1307 3809 1383 in-

2231 1395 2374 1470 juria
2427 1402 2546 1470 quis
2569 1403 2672 1457 hoc
2696 1407 2855 1460 modo
2901 1412 3265 1478 argumentari
3292 1416 3540 1483 poterit:
3581 1418 3809 1488 Epipha-

2236 1490 2359 1546 nius
2382 1493 2616 1564 probare
2642 1495 2857 1550 videtur
2878 1498 3161 1556 Ebionteos
3182 1502 3234 1556 iu
3251 1518 3314 1557 eo
3330 1506 3472 1574 quod
3492 1508 3807 1567 sacriﬁcium
3829 1531 3833 1535 δ

2233 1579 2535 1636 offerebant
2575 1587 2863 1654 quotannis
2895 1587 2947 1642 iu
2992 1592 3196 1660 azymis
3241 1607 3308 1648 ex
3364 1595 3677 1653 imitatione
3717 1599 3809 1656 Ec-

2233 1667 2410 1724 clesiae
2434 1669 2624 1727 saltem
2650 1672 2884 1741 Latinae;
2916 1691 3012 1732 eos
3058 1694 3189 1733 vero
3219 1680 3321 1736 hoc
3353 1691 3569 1738 tantum
3603 1690 3805 1745 nomine

2228 1759 2405 1829 arguit
2454 1759 2559 1815 isto
2606 1761 2722 1819 loco
2774 1766 2916 1834 quod
2957 1781 3054 1836 pro
3103 1769 3274 1825 altera
3334 1774 3597 1830 sacrificii
3653 1787 3797 1847 parte

2229 1864 2423 1920 aquam
2447 1852 2617 1911 solam
2645 1856 2979 1913 adhiberent.
3024 1860 3167 1930 Ergo
3198 1877 3264 1917 eo
3295 1874 3542 1935 tempore
3575 1868 3803 1923 Ecclesia

2227 1959 2294 1999 ex
2329 1960 2467 2014 pane
2510 1961 2702 2017 azyma
2744 1950 3068 2007 sacriﬁcium
3118 1955 3462 2011 conﬁciebat.
3517 1959 3683 2015 Certe
3727 1963 3803 2016 in-

2228 2035 2544 2104 terpretatio
2583 2037 2698 2092 Ιιωο
2730 2038 3013 2109 Epiphanii
3052 2044 3232 2097 verbis
3254 2045 3457 2103 nullam
3483 2047 3652 2105 aﬂcrt
3683 2051 3798 2114 vim,

2225 2121 2470 2192 quiuimo
2525 2124 2692 2194 ipsius
2735 2127 2899 2183 menti
2953 2140 3317 2188 consentanea
3367 2150 3487 2191 esse
3557 2139 3798 2205 videtur,

2226 2227 2347 2268 cum
2372 2228 2559 2268 eorum
2592 2230 2795 2271 morem
2828 2217 3012 2274 laudet
3037 2219 3107 2275 ob
3144 2220 3396 2280 Ecclesia:
3426 2225 3797 2294 imitationem,

2224 2320 2386 2375 quam
2425 2306 2477 2359 in
2517 2304 2806 2363 oll‘erendis
2851 2311 3060 2382 azymis
3110 2313 3270 2368 sitam
3306 2331 3426 2372 esse
3475 2333 3592 2377 non
3624 2321 3796 2376 imme-

2223 2395 2329 2455 rito
2354 2396 2476 2467 quis
2506 2399 2819 2459 contendat.
2861 2400 3087 2458 Accedit
3139 2407 3280 2474 quod
3327 2407 3670 2478 Epiphanius
3716 2416 3795 2483 qui

2219 2504 2438 2547 errores
2464 2490 2580 2551 fere
2605 2509 2794 2549 omnes
2820 2510 2959 2565 quos
2990 2508 3235 2554 recenset
3272 2499 3603 2572 impugnare
3627 2508 3791 2575 solet;

2203 2579 2534 2638 'Encratitas
2584 2583 2802 2651 quidem
2841 2586 2934 2655 qui
2973 2602 3114 2657 aqua
3152 2588 3265 2644 sola
3295 2591 3349 2646 in
3384 2608 3441 2648 re
3468 2608 3634 2651 sacra
3688 2610 3793 2655 ute-

2219 2667 2439 2734 bantur,
2494 2670 2724 2736 refutat;
2786 2688 3054 2743 nusquam
3110 2691 3241 2732 vcro
3283 2694 3607 2751 azymorum
3647 2702 3789 2745 usum

2218 2762 2582 2831 reprehendit.
2614 2764 2682 2819 Et
2730 2780 2863 2820 sane
2896 2768 3019 2835 quis
3061 2776 3213 2837 putet
3243 2769 3615 2846 Epiphaniam
3647 2793 3788 2833 erro-

2218 2851 2297 2909 ris
2322 2853 2609 2911 damnasse
2639 2855 2922 2911 Ebionmos
2948 2856 3016 2912 ob
3043 2873 3199 2912 usum
3227 2876 3545 2932 azymorum
3580 2866 3632 2920 in
3681 2884 3787 2940 my-

2216 2942 2382 2997 sterio
2406 2954 2777 3011 sacrosancto,
2800 2948 2941 3016 quod
2966 2948 3019 3001 in
3042 2951 3246 3020 azymis
3273 2967 3303 3005 a
3326 2950 3550 3010 Christo
3572 2956 3786 3013 Domino

2217 3030 2522 3092 institutum
2553 3033 2719 3093 fuisse
2750 3036 3070 3104 conﬁtetur,
3096 3046 3155 3093 ut
3178 3041 3427 3113 superius
3450 3043 3783 3113 prtetttissum

2280 3214 2457 3270 Unttm
2487 3216 2577 3272 hic
2609 3232 2877 3277 remoram
2926 3216 3119 3286 injicit,
3153 3220 3295 3289 quod
3323 3221 3531 3278 scilicet
3556 3225 3783 3296 Epipha-

2202 3304 2328 3361 nius
2356 3306 2490 3374 ipsc,
2521 3308 2573 3364 in
2603 3309 2792 3363 hmrcsi
2817 3308 2908 3376 4η,
2942 3309 3149 3365 Tatiani
3194 3328 3408 3369 errores
3451 3332 3776 3374 enumerans

2200 3396 2424 3453 aitemn
2453 3398 2752 3453 instituisse
2806 3400 3063 3471 mysteria
3104 3403 3351 3471 quantam
3386 3408 3517 3463 κατὰ
3568 3412 3774 3479 μίμησιν

2197 3497 2291 3550 τῆς
2344 3488 2492 3563 ἁγίας
2522 3489 2836 3554 Ἐκκλησία,
2892 3510 2911 3545 t
2948 3492 3015 3547 ad
3064 3492 3319 3549 Ecclesia:
3364 3508 3569 3569 sancta:
3610 3501 3775 3567 imita-

2198 3580 2396 3636 tionem
2427 3600 2446 3631 ι
2480 3583 2573 3636 sed
2600 3583 2665 3636 ad
2696 3598 2758 3638 ea
2793 3592 2971 3639 tamen
3000 3585 3133 3639 nihil
3160 3599 3360 3656 praeter
3388 3605 3591 3661 aquam
3624 3594 3771 3648 adhi-

2193 3669 2397 3725 buisse.
2454 3671 2553 3727 Ubi
2601 3684 2745 3742 patet
2789 3676 3042 3732 Ecclesia:
3088 3678 3443 3737 imitationem
3502 3702 3614 3742 non
3662 3703 3765 3743 rem

2192 3760 2450 3826 oblatam,
2481 3763 2574 3817 sed
2623 3765 2950 3822 oblationem
3001 3769 3291 3838 respicere.
3324 3771 3477 3839 Quod
3500 3776 3668 3832 etiam
3693 3778 3767 3832 di-

2190 3854 2420 3911 cendum
2452 3855 2516 3909 de
2543 3856 2707 3925 priori
2731 3859 3059 3915 testimonio.
3766 3916 3770 3927 ,

2205 3926 2209 3934 Δ
2258 3945 2327 4000 Ει
2365 3946 2581 4015 quidem
2637 3947 2739 4002 hoc
2789 3961 3106 4020 argumento
3160 3964 3306 4009 recte
3355 3957 3657 4028 colligitur,
3698 3975 3760 4016 ex

2183 4034 2351 4106 priori
2379 4035 2465 4089 illo
2497 4036 2779 4105 Epiphanii
2805 4037 2921 4093 loco
2948 4041 3079 4095 nihil
3111 4046 3245 4098 certi
3270 4047 3464 4101 conﬁci
3486 4063 3646 4117 posse
3671 4065 3761 4120 pro

2186 4139 2284 4179 usu
2318 4140 2665 4196 azymorum;
2707 4136 2761 4181 et
2800 4142 2900 4199 ego
2925 4131 2991 4185 de
3024 4131 3287 4191 industria
3320 4137 3457 4192 istuc
3478 4137 3630 4193 illum
3660 4154 3758 4194 non

2184 4215 2342 4269 retuli
2368 4215 2420 4269 in
2448 4215 2836 4286 superioribus,
2877 4220 2964 4274 ubi
3014 4232 3194 4282 actum
3240 4233 3323 4279 est
3370 4225 3436 4282 de
3496 4226 3756 4284 fermento

2181 4304 2514 4363 Grtecorum.
2552 4305 2655 4361 Sed
2700 4316 2875 4365 tamen
2917 4308 3044 4365 hinc
3078 4327 3183 4367 non
3213 4314 3481 4370 evincitur
3522 4317 3751 4387 Epipha-

2110 4396 2331 4498 Dnium
2379 4406 2618 4453 statuere
2658 4400 2942 4470 utrobique
2997 4401 3249 4459 Ecclesia-
3296 4404 3652 4462 imitationem
3701 4408 3751 4463 in

2182 4486 2296 4556 ipsa
2326 4486 2613 4551 oblatione,
2644 4503 2748 4544 non
2782 4490 2833 4543 in
2873 4506 2931 4544 re
2969 4491 3173 4549 oblata.
3216 4492 3348 4549 Nam
3398 4496 3747 4553 imitationem

2182 4578 2353 4648 magis
2377 4592 2686 4649 expressam
2712 4582 2995 4652 agnovisse
3020 4584 3196 4653 potuit
3219 4585 3268 4639 in
3296 4586 3563 4643 Ebionmis
3588 4603 3744 4658 quam

2180 4666 2234 4720 in
2264 4666 2511 4723 Tatiauo.
2566 4669 2769 4725 Praeter
2818 4687 2912 4737 ea,
2967 4674 3178 4733 etiamsi
3230 4691 3542 4749 azymorum
3595 4692 3743 4732 usum

2177 4775 2283 4816 non
2305 4761 2498 4816 referat
2521 4763 2586 4816 ad
2615 4762 2969 4818 imitationem
2994 4766 3263 4831 Ecclesiae,
3292 4783 3397 4821 non
3419 4778 3599 4835 tamen
3629 4769 3743 4821 inde

2174 4836 2323 4915 certo
2351 4856 2559 4909 eruitur
2585 4872 2705 4911 eum
2738 4873 2890 4911 usum
2920 4859 2988 4913 ah
3017 4861 3134 4927 ipso
3170 4859 3310 4917 inter
3340 4875 3551 4915 errores
3583 4863 3739 4931 depu-

2176 4943 2276 4996 tari
2311 4944 2544 5003 maxime
2596 4961 2738 5011 cum,
2781 4945 3154 5014 utjamdixi,
3206 4960 3465 5020 agnoscat
3514 4952 3738 5023 Epipha—

2172 5036 2293 5094 nius
2342 5036 2737 5097 Eucharistiam
2790 5040 3041 5108 primitus
3092 5040 3144 5094 in
3197 5043 3400 5113 azymis
3449 5058 3480 5098 a
3526 5044 3733 5098 Christo

2172 5123 2493 5183 institutam.
2552 5122 2839 5189 Facienim
2876 5129 3093 5185 Graecos
3132 5131 3509 5190 fermentatum
3543 5150 3745 5208 panem,

2172 5211 2223 5258 ill
2258 5228 2369 5258 rem
2396 5229 2604 5258 sam-nm
2650 5225 2758 5258 lum
2783 5218 3093 5258 nrihihnicca
3150 5221 3166 5258 1
3194 5223 3366 5258 ntinnc
3418 5239 3545 5258 mam.
3572 5224 3727 5258 ἶηΐοιι-
