4020 5364
186 308 322 367 127⁸5

1154 302 1553 362 ΜΑΒιιιοΝιι
1590 300 1999 371 DlSQUlSlTlO
2045 302 2136 358 DE
2173 302 2433 361 AZYMO.

3310 301 3451 362 ιτιι

189 418 367 491 arguit
400 415 681 474 Ebiona‘os
704 412 848 486 quod
872 412 1431 487 azymis'uterentur,
1462 415 1584 471 ideo
1618 414 1761 470 istuo
1790 420 1839 479 Α
1867 413 2105 470 minatur
2120 394 2476 471 fermentum.
2512 433 2531 469 ι
2583 413 2935 475 Innocentius
2970 417 3204 491 denique
3234 416 3291 476 in
3342 419 3450 490 epi-

188 508 321 565 fecit
347 508 488 579 quo‘d
545 521 796 579 azymum
845 505 1164 562 adhiberent
1189 521 1256 564 eo
1277 507 1460 563 animo
1491 518 1549 562 ut
1571 507 1763 576 legalia

191 618 312 657 cum
378 600 672 671 Evangelio
729 598 932 655 servari
986 608 1238 668 oportere
1297 600 1594 655 traderent.
1648 599 1767 655 Uno

173 691 377 763 _verbo,
402 689 448 744 si
482 688 622 744 nihil
645 686 776 745 facit
821 701 920 755 pro
948 700 1262 758 azymorum
1317 701 1419 741 usu
1469 688 1619 757 prior
1664 686 1767 742 iste

190 780 363 846 locus,
412 785 560 834 certe
594 793 698 833 non
728 778 901 848 magis
945 776 1089 832 favet
1133 776 1488 840 fermentato;
1518 777 1613 831 sed
1653 791 1767 831 rem

135 868 141 879 ’
191 873 250 930 in
306 871 486 929 medio
524 870 801 943 relinquit,
851 885 972 941 qua:
1018 868 1246 940 proinde
1284 867 1406 923 aliis
1434 868 1770 939 argumentis

192 966 495 1022 dirimenda
519 972 625 1037 est.

263 1057 344 1111 Ad
367 1067 689 1116 extremum,
719 1063 780 1107 ut
829 1068 944 1108 rem
989 1052 1178 1123 paucis
1209 1052 1424 1106 tandem
1456 1050 1769 1117 conficiam,

194 1146 424 1221 probato
464 1143 682 1199 Graecos
710 1142 897 1213 eisque
952 1142 1294 1197 adhaerentes
1349 1140 1620 1196 Ecelesias
1665 1140 1774 1196 fer-

193 1245 399 1301 mento,
434 1234 658 1290 Latiuos
680 1247 809 1288 vero
836 1232 1042 1304 azymis
1079 1232 1147 1287 ab
1200 1231 1353 1285 initio
1401 1244 1526 1285 usos
1580 1229 1773 1297 fuisse,

194 1325 431 1382 admisso
498 1325 661 1380 etiam
723 1323 1007 1377 Ebionaeos
1073 1322 1142 1377 ab
1196 1320 1493 1390 Epiphanio
1561 1328 1813 1391 notatos.

196 1415 340 1483 quod
406 1415 459 1469 in
511 1413 685 1469 sacris
735 1427 986 1483 azymum
1038 1409 1400 1475 adhiberent,
1476 1409 1776 1478 respondeo

194 1505 479 1564 Ebiouaaos
504 1504 572 1557 ab
603 1502 905 1574 Epiphanio
934 1501 1318 1569 reprehensos,
1343 1515 1448 1554 non
1478 1500 1620 1569 quod
1651 1514 1779 1554 cen-

196 1607 341 1653 seret
394 1597 725 1667 Epiphanius
777 1594 950 1649 cuivis
999 1592 1258 1647 Ecclesite
1306 1606 1499 1663 azymo
1544 1592 1619 1645 uti
1670 1605 1777 1646 non

198 1688 386 1748 licere,
411 1688 507 1742 sed
528 1686 669 1756 quod
693 1684 931 1741 Ebionmi
947 1700 1067 1738 cum
1091 1683 1616 1739 essentGrzccanicm
1638 1697 1777 1736 com-

1867 504 2006 561 stola
2033 506 2103 561 ad
2129 506 2448 562 Decentium
2494 507 2571 563 ita
2619 508 2832 575 scribit,
2887 526 3006 583 cap.
3038 512 3071 567 5
3106 530 3120 567 :
3155 531 3175 565 ι
3210 513 3287 568 De
3338 510 3449 569 fer-

1866 607 2050 654 mento
2076 598 2221 669 quod
2245 598 2333 654 die
2362 598 2646 656 Dominico
2670 616 2768 671 per
2813 603 3002 659 titulos
3031 604 3318 671 mittimus,
3347 620 3447 659 su-

1867 686 2071 758 perflue
2099 704 2200 744 nos
2234 688 2519 745 consulere
2549 689 2790 759 voluisti,
2817 707 2943 749 cum
2984 710 3175 750 omnes
3198 672 3445 751 ecclesia:

1868 786 2069 833 nostra:
2124 778 2266 833 intra
2322 778 2598 833 civitatem
2648 779 2760 836 sint
2818 782 3166 849 constitutae;
3222 799 3454 853 quarum

1872 869 2198 941 presbyteri,
2231 869 2356 940 quia
2384 869 2470 924 die
2496 871 2612 940 ipsa
2639 879 2862 941 propter
2886 871 3098 941 plebem
3128 873 3230 928 sibi
3271 873 3447 929 credi-

1873 968 1983 1015 tam
2008 961 2291 1016 nobiscum
2318 962 2612 1016 convenire
2649 977 2757 1017 non
2792 971 3042 1033 possunt,
3089 963 3293 1019 idcirco
3344 964 3451 1020 fer-

1871 1060 2113 1106 mentum
2134 1066 2163 1104 a
2186 1050 2343 1106 nobis
2365 1051 2671 1106 confertum
2702 1066 2799 1121 per
2823 1052 3104 1123 acolythos
3160 1053 3455 1124 accipiunt,

1874 1149 1935 1195 ut
1969 1155 2028 1195 se
2055 1155 2088 1194 a
2132 1150 2319 1196 nostra
2364 1141 2743 1197 communione
2792 1142 3027 1197 maxime
3084 1142 3172 1197 illa
3216 1143 3303 1200 die
3349 1158 3455 1199 non

1869 1231 2115 1303 judicent
2136 1240 2436 1302 separatos.
2470 1231 2624 1300 Quod
2655 1248 2753 1303 per
2777 1234 3068 1304 parochias
3099 1233 3214 1288 fieri
3257 1235 3459 1291 debere

1877 1339 1985 1379 non
2016 1333 2171 1394 puto,
2193 1325 2318 1394 quia
2342 1339 2450 1378 non
2473 1322 2631 1393 longe
2653 1324 2917 1394 portanda
2941 1331 3067 1379 sunt
3088 1334 3457 1399 sacramenta,

1880 1431 1982 1471 nec
2011 1430 2108 1471 nos
2144 1431 2241 1485 per
2267 1416 2585 1473 cmmeteria
2619 1417 2834 1472 diversa
2892 1416 3201 1472 constitutis
3246 1418 3465 1489 presby-

1883 1506 2019 1559 teris
2058 1506 2414 1572 destinamus,
2442 1514 2498 1560 et
2524 1506 2827 1577 presbyteri
2876 1522 3066 1563 eorum
3106 1506 3463 1564 conficiendo~
3541 1492 3547 1499 ’

1880 1612 2000 1651 rum
2026 1596 2116 1667 jus
2142 1598 2345 1652 habent
2367 1606 2528 1669 atque
2550 1599 2843 1655 licentiam.
2871 1618 2891 1653 ι

1953 1685 2028 1740 De
2060 1687 2163 1741 hoc
2191 1685 2458 1742 fermento
2488 1688 2652 1742 variae
2673 1697 2801 1743 sunt
2839 1690 3145 1754 sententiae,
3186 1691 3309 1746 aliis
3359 1693 3463 1746 En-
3510 1736 3519 1741 -

196 1778 497 1844 niuniottis,
535 1790 600 1835 eo
631 1784 916 1835 uterentur
942 1783 1139 1844 praeter
1174 1789 1378 1827 morem
1409 1788 1520 1827 suae
1548 1773 1778 1827 societa-
1807 1775 1852 1835 Β
1880 1774 2194 1830 charistiam
2224 1790 2343 1831 esse
2374 1776 2717 1847 negantibus,
2739 1778 3096 1848 probantibus
3120 1779 3262 1835 aliis.
3294 1781 3460 1834 Baro-

199 1872 293 1925 t's.
326 1869 450 1924 Pari
479 1868 620 1923 enim
649 1867 771 1936 jure
792 1867 835 1921 si
866 1866 983 1937 qui,
1012 1865 1170 1919 modo
1192 1864 1531 1930 Latinorum,
1555 1864 1782 1919 fermen-

197 1968 314 2015 tum
347 1973 540 2029 azymo
570 1957 623 2009 in
652 1972 708 2010 re
732 1969 887 2009 sacra
917 1953 1255 2025 praeferrent,
1283 1969 1311 2007 a
1344 1953 1551 2009 Latinis
1590 1969 1782 2023 argue-

199 2056 411 2111 rentur,
460 2062 563 2101 non
616 2036 770 2116 quasi
824 2042 1137 2099 Graecorum
1170 2044 1496 2099 fermentum
1532 2044 1785 2113 reproliet

199 2140 395 2196 Latina
426 2138 685 2196 Ecclesia.
717 2137 809 2192 sed
838 2135 983 2206 quod
1022 2135 1229 2191 Latinis
1257 2135 1570 2189 hominibus
1633 2134 1786 2188 nefas

201 2229 278 2284 sit
324 2242 529 2282 morem
559 2225 809 2285 Latinum
839 2226 891 2280 in
928 2240 985 2279 re
1036 2239 1190 2278 sacra
1219 2222 1444 2278 violare.
1484 2223 1786 2292 Responsio

198 2320 321 2376 haec
374 2318 549 2382 aptari
578 2302 741 2371 etiam
791 2323 968 2386 potest
995 2314 1292 2380 Armeniis,
1322 2315 1517 2383 quibus
1540 2314 1784 2370 eamdem

202 2410 278 2466 ob
306 2424 525 2465 causam
557 2416 781 2463 sanctus
828 2405 999 2462 Nicon
1029 2420 1344 2478 azymorum
1375 2420 1532 2463 usum
1588 2405 1787 2461 saeculo

202 2503 422 2559 decimo
451 2502 826 2571 exprobravit.
1768 2550 1776 2555 .

278 2591 524 2647 Tertium
554 2602 888 2646 momentum
923 2605 1022 2660 pro
1052 2589 1374 2646 fermentato
1396 2589 1695 2647 desumitur
1721 2604 1790 2647 ex

202 2682 301 2739 lib.
327 2697 381 2736 tv
408 2682 677 2738 Ambrosii
703 2682 780 2738 De
806 2681 1195 2747 sacramentis,
1226 2697 1348 2754 cap.
1372 2680 1406 2736 4
1432 2699 1446 2735 :
1486 2700 1504 2734 ι
1540 2681 1620 2737 Tu
1648 2680 1792 2738 forte

209 2776 391 2831 dicis:
423 2776 571 2830 Meus
596 2776 752 2849 panis
777 2786 859 2831 est
879 2775 1130 2831 usitatus.
1164 2774 1271 2832 Sed
1300 2775 1458 2845 panis
1488 2774 1610 2840 iste,
1638 2774 1794 2845 panis

205 2878 293 2925 est
323 2879 451 2924 ante
482 2870 643 2947 verba
688 2877 1186 2934 sacramentorum;
1223 2868 1314 2924 ubi
1343 2869 1639 2924 accesserit
1664 2883 1793 2924 cono

210 2962 475 3025 secratio,
499 2963 565 3017 de
592 2978 729 3033 pane
760 2964 819 3017 fit
846 2977 977 3017 caro
1001 2960 1224 3016 Christi.
1255 2979 1275 3013 ι
1310 2960 1388 3015 Ex
1411 2976 1520 3030 quo
1541 2959 1794 3016 Sirmuno

1864 1864 1973 1919 'nio
1999 1864 2269 1918 assentior
2291 1865 2381 1934 qui
2401 1865 2797 1920 Eueharistiam
2830 1881 2950 1921 esse
2991 1876 3172 1938 negat,
3223 1868 3318 1924 sed
3348 1880 3465 1923 tan-

1894 1965 2007 2009 tum
2037 1956 2281 2024 enlogias
2309 1955 2360 2009 in
2380 1956 2591 2025 signum
2621 1964 2820 2010 mutua:
2847 1958 3247 2014 communionis
3274 1974 3302 2012 a
3333 1974 3466 2030 pon—

1887 2044 2031 2099 tifice
2057 2046 2272 2101 missas.
2320 2044 2456 2100 Nam
2484 2045 2810 2101 fermentum
2835 2046 2977 2103 istud
3008 2057 3063 2103 et
3101 2066 3120 2101 ι
3158 2050 3316 2119 panis
3345 2065 3468 2105 ton-

1886 2143 2155 2199 secratus,
2183 2143 2235 2188 et
2263 2143 2666 2189 sacramentum
2701 2153 2720 2187 ι
2751 2133 2954 2189 dicitur
2978 2144 3032 2189 et
3060 2136 3190 2191 solis
3237 2138 3466 2207 presby-

1887 2224 2020 2277 teris
2053 2223 2169 2291 ejus
2199 2224 2521 2279 conficiendi
2568 2223 2661 2293 jus
2704 2233 2868 2296 atque
2917 2225 3136 2281 licentia
3189 2227 3467 2282 tribuitur.

1886 2316 2131 2386 Denique
2165 2336 2184 2370 ι
2225 2317 2379 2387 panis
2407 2328 2762 2376 consecratus
2798 2340 2817 2374 ι
2852 2320 3086 2385 dicitur;
3114 2334 3222 2390 quo
3247 2320 3472 2376 nomine

1887 2404 2232 2461 Eucharistia
2259 2416 2486 2462 vocatur
2521 2424 2552 2463 a
2597 2408 2811 2465 Justino
2850 2411 2905 2465 in
2954 2410 3212 2482 Apologia
3263 2412 3466 2481 prima,

1889 2497 1958 2552 ab
1986 2498 2186 2553 Irenaeo
2206 2498 2376 2554 citato
2405 2501 2547 2570 apud
2577 2501 2870 2557 Eusebium
2919 2503 2973 2558 in
3015 2502 3111 2558 lib.
3136 2519 3188 2567 v,
3210 2518 3330 2571 cap.
3367 2503 3461 2567 21,

1892 2594 2006 2641 tum
2032 2586 2086 2650 in
2118 2587 2257 2641 libro
2287 2603 2319 2640 ν
2345 2599 2535 2643 contra
2575 2591 2832 2657 hmreses,
2861 2606 2983 2663 cap.
3017 2608 3083 2656 ιι,
3112 2599 3167 2647 et
3192 2592 3330 2662 apud
3355 2592 3477 2647 Cle-

1890 2687 2125 2735 mentem
2147 2678 2567 2735 Alexandrinum
2589 2680 2644 2737 in
2667 2682 2940 2739 Stromate
2966 2684 3162 2753 primo,
3186 2698 3305 2753 pag.
3341 2682 3477 2757 ll'l,‘

1890 2771 1970 2826 uti
2020 2771 2288 2827 llenricus
2342 2769 2593 2829 Valesius
2636 2775 2722 2829 vir
2791 2774 3127 2831 clarissimus
3177 2775 3230 2829 in
3301 2776 3475 2830 Euse-

1890 2863 2037 2920 bium
2061 2863 2361 2918 adnotavit.
2403 2864 2469 2919 Et
2491 2865 2710 2935 quidem
2732 2865 3133 2922 Eucharistiam
3168 2866 3221 2920 in
3256 2867 3471 2937 signum

1890 2956 2269 3012 ecclesiasticae
2288 2948 2689 3013 communionis
2716 2959 3015 3029 antiquitus
3052 2958 3193 3013 mitti
3236 2960 3475 3024 solitam,

213 3053 317 3107 dus
347 3053 527 3124 arguit
556 3071 569 3107 :
604 3072 623 3106 ι
644 3052 846 3123 Nempe
886 3053 979 3122 qui
1013 3051 1270 3107 usitatum
1302 3053 1611 3122 mensisque
1658 3067 1794 3121 quo-
1831 3118 1862 3124 _
1894 3056 2062 3103 testes
2091 3056 2217 3104 sunt
2240 3048 2485 3105 Justinus
2513 3050 2567 3105 in
2596 3050 2860 3122 Apologia
2889 3050 3097 3122 prima;
3130 3050 3395 3107 Eusebius
3421 3050 3476 3106 in

212 3118 445 3197 tidianis
482 3118 796 3213 usurpatum
828 3118 1020 3214 panem
1043 3141 1195 3210 dicit,
1240 3157 1493 3213 azymum
1520 3118 1792 3200 haud-duo
1818 3118 1863 3181 δ
1893 3138 1989 3194 lib.
2028 3154 2084 3205 ν,
2119 3156 2238 3211 cap.
2280 3140 2374 3203 24,
2403 3141 2618 3197 tametsi
2646 3118 2705 3196 id
2739 3118 2857 3197 fieri
2890 3118 3004 3212 per
3028 3140 3304 3211 paschalia
3343 3140 3480 3196 festa

210 3231 302 3287 hic
327 3248 434 3287 non
467 3233 752 3305 significat.
791 3252 811 3286 ι

286 3325 358 3380 At
389 3341 563 3396 neque
618 3326 1019 3381 fermentatum.
1063 3326 1278 3385 Etenim
1324 3325 1576 3379 usitatum
1604 3338 1794 3394 panem

210 3426 379 3470 vocat
410 3415 750 3481 Ambrosius,
791 3432 898 3473 non
927 3426 1194 3487 quatenus
1218 3431 1431 3487 azymo,
1461 3416 1556 3470 sed
1605 3425 1798 3486 quate-

215 3519 323 3559 nus
355 3514 689 3571 consecrato,
717 3506 767 3560 id
798 3514 882 3561 est
907 3508 1118 3577 corpori
1148 3508 1351 3563 Christi
1404 3506 1715 3577 opponitur,
1739 3516 1800 3562 ut

215 3595 383 3650 lectio
412 3598 697 3651 verborum
727 3599 839 3668 ipsa
871 3600 1182 3670 persuadet.

291 3685 463 3741 Porro
487 3704 709 3758 azymus
736 3689 891 3758 panis
931 3689 1094 3743 etiam
1122 3688 1425 3744 communis
1452 3704 1545 3743 seu
1570 3689 1799 3745 usitatus

213 3777 328 3832 dici
384 3788 583 3846 potest,
634 3796 757 3835 cum
807 3779 1048 3847 ejusdem
1100 3779 1340 3834 materia:
1390 3780 1462 3834 sit
1505 3794 1627 3834 cum
1660 3794 1800 3848 pane

212 3865 569 3922 fermentato.
601 3867 760 3923 Certe
787 3868 1059 3938 Rupertus
1101 3866 1267 3922 abbas
1298 3866 1595 3922 Tuitiensis
1617 3867 1670 3922 in
1703 3866 1799 3922 lib.

212 3971 305 4020 tu,
328 3955 395 4011 de
422 3957 656 4025 Spiritus
677 3959 850 4012 sancti
882 3957 1168 4025 Operihus,
1198 3973 1319 4029 cap.
1349 3957 1439 4020 2|,
1465 3958 1655 4013 tradem
1686 3956 1802 4013 fere

214 4047 386 4101 modo
406 4062 514 4116 quo
534 4063 693 4117 supra
718 4047 1034 4103 Ambrosius
1059 4048 1294 4121 loquitur
1319 4048 1387 4102 de
1415 4062 1555 4115 pane
1585 4061 1799 4119 azyma,

214 4153 386 4209 quem
407 4139 652 4194 Christus
674 4140 726 4193 in
750 4140 937 4195 ultima
956 4155 1113 4195 omna
1135 4139 1493 4195 consecravit.
1518 4128 1543 4191 “‹
1573 4137 1800 4204 Panem,

216 4229 424 4298 inquit,
446 4244 788 4284 communem
810 4231 1045 4300 accepit;
1068 4232 1162 4286 sed
1186 4230 1550 4287 benedicendo
1569 4229 1725 4300 longe
1746 4229 1800 4284 in

218 4317 372 4371 aliud
401 4333 561 4387 quam
584 4317 764 4374 fuerat
793 4320 1193 4375 transmutavit.
1224 4340 1243 4373 ι
1284 4320 1361 4374 En
1391 4320 1546 4391 panis
1570 4335 1804 4374 commu-

217 4409 308 4464 πει
333 4409 535 4468 dicitur,
555 4426 585 4465 a
618 4410 857 4480 Ruperto
885 4412 931 4465 is
951 4426 1060 4481 quo
1083 4409 1331 4467 Christus
1354 4411 1406 4466 in
1437 4411 1625 4465 ultima
1645 4423 1801 4466 omna

218 4518 359 4557 usus
384 4513 497 4568 est;
529 4505 622 4573 qui
653 4503 773 4559 sine
808 4506 973 4561 dubio
1014 4507 1069 4561 in
1114 4506 1338 4576 Ruperti
1389 4504 1661 4561 sententia
1701 4504 1802 4559 fuit

221 4592 665 4650 infermentatus.

299 4687 563 4754 Quartqu
591 4699 970 4759 argumentum
1013 4705 1079 4744 ex
1126 4704 1331 4744 canone
1385 4698 1540 4743 sexto
1593 4686 1804 4742 concilii

221 4793 321 4833 xvr
350 4779 594 4835 Toletani
623 4781 869 4849 petitum,
923 4796 1028 4836 noa
1080 4780 1237 4834 modo
1263 4780 1396 4833 nihil
1431 4794 1529 4847 pro
1557 4793 1653 4831 usu
1701 4776 1808 4830 fer-

220 4870 420 4938 menti,
448 4871 541 4927 sed
567 4870 803 4925 maxime
841 4886 940 4941 pro
985 4884 1179 4944 azymo
1232 4870 1411 4924 valere
1448 4865 1696 4936 superius
1724 4880 1808 4920 os-

221 4961 398 5017 tendi.
692 5004 695 5009 λ

299 5052 556 5119 Quintum
582 5050 933 5121 suppeditant
961 5049 1294 5115 Melehiadis,
1327 5047 1508 5103 Sincii
1561 5057 1615 5102 et
1645 5042 1829 5105 Iuno-1'

208 5138 393 5199 'centii
416 5144 787 5199 Romanorum
816 5145 1125 5211 pontificum
1147 5143 1384 5200 decreta.
1415 5141 1491 5195 De
1517 5140 1811 5199 Melchiade

1833 4463 1881 4522 D

1894 3232 2065 3286 vetuit
2091 3229 2384 3287 Laodiceni
2427 3230 2642 3287 concilii
2682 3246 2856 3287 canon
2889 3232 2976 3286 14.
3010 3229 3121 3286 Nec
3148 3245 3479 3311 quemquam

1895 3334 2113 3376 movere
2134 3321 2294 3377 debet
2317 3321 2459 3392 quod
2475 3336 2573 3391 per
2584 3321 2895 3393 acolythum
2916 3321 3258 3377 Eucharistia
3295 3330 3477 3377 trans-

1896 3414 2040 3468 mitti
2074 3413 2312 3478 dicatur,
2367 3428 2489 3468 eum
2528 3428 2629 3483 per
2654 3429 2880 3485 puerum
2914 3414 2979 3468 ad
3010 3413 3361 3484 Serapionem
3394 3427 3481 3467 se-

1897 3517 2022 3558 nem
2072 3503 2277 3557 directa
2313 3504 2664 3572 perhibeatur
2716 3504 2859 3575 apud
2904 3504 3219 3569 Eusebium,
3265 3503 3357 3558 lib.
3402 3517 3478 3566 vr,

1898 3607 2020 3662 cap.
2053 3593 2143 3647 44.
2179 3594 2452 3665 Duplicem
2481 3609 2612 3648 vero
2641 3594 2709 3649 ob
2732 3609 2955 3649 causam
2997 3594 3240 3663 pontifex
3287 3608 3380 3662 per
3413 3592 3480 3646 ti-

1899 3685 2042 3741 tulos
2062 3685 2220 3741 Urbis
2239 3686 2638 3741 Eucharistiam
2667 3686 2939 3747 mittebat,
2963 3701 3156 3754 nempe
3179 3684 3232 3738 in
3264 3683 3478 3750 signum

1901 3782 2016 3829 tum
2043 3775 2407 3840 auctoritatis,
2457 3784 2571 3830 tum
2627 3776 3011 3831 ecclesiasticae
3064 3775 3479 3829 communionis.

1899 3864 2139 3936 lgnatius
2212 3866 2586 3920 Antiochenus
2663 3866 2951 3935 episcopus
3010 3864 3065 3918 in
3127 3862 3353 3932 epistola
3413 3860 3482 3914 ad

1903 3956 2213 4028 Smyrnreos
2264 3967 2442 4011 ratam
2479 3957 2635 4027 jubet
2685 3957 3087 4012 Eucharistiam
3136 3955 3325 4010 haberi
3363 3969 3484 4022 qua:

1901 4049 2002 4104 sub
2030 4049 2285 4117 episcopo
2316 4043 2483 4102 fuerit
2507 4047 2589 4102 vel
2618 4048 2702 4103 cui
2732 4047 2847 4115 ipse
2874 4044 3228 4111 concesserit.
3259 4043 3327 4098 Et
3375 4041 3483 4097 Leo

1903 4139 2152 4209 Magnus,
2183 4138 2237 4192 in
2265 4138 2495 4207 epistola
2524 4138 2591 4192 ad
2618 4136 2807 4194 Gallia:
2837 4146 2891 4191 et
2916 4134 3224 4191 Germaniae
3274 4132 3485 4202 episco-

1902 4244 2022 4300 pos,
2055 4228 2132 4283 ait
2172 4242 2278 4282 non
2313 4226 2478 4283 licere
2515 4227 2771 4298 episcopo
2816 4234 3107 4297 praesente,
3155 4224 3258 4278 nisi
3315 4223 3485 4291 ipsius

1896 4320 2071 4390 jussu,
2119 4328 2521 4375 sacramentum
2570 4318 2816 4388 corporis
2869 4326 2924 4372 et
2957 4315 3237 4386 sanguinis
3281 4311 3484 4367 Christi

1906 4412 2197 4468 conficere.
2223 4411 2406 4480 Itaque
2424 4410 2660 4482 pontifex
2682 4419 2740 4463 ut
2758 4415 3050 4464 testaretur
3074 4419 3134 4460 se
3158 4400 3485 4473 presbyteris

1908 4502 2186 4559 titulorum
2211 4502 2363 4556 urbis
2393 4501 2578 4555 Romae
2605 4510 2931 4573 potestatem
2977 4496 3166 4556 facere
3218 4485 3482 4547 Euchari-

1907 4594 2028 4649 stiae
2056 4593 2428 4657 conficiendtc,
2469 4590 2871 4647 Eucharistiam
2915 4589 3032 4654 ipse
3062 4584 3330 4646 mittebat,
3365 4594 3487 4648 quae

1906 4686 2067 4739 etiam
2088 4683 2387 4757 symbolum
2405 4692 2603 4735 mutua:
2633 4679 2852 4733 unionis
2878 4684 3015 4732 erat.
3046 4674 3102 4729 ld
3126 4690 3157 4727 a
3189 4668 3505 4745 Melcltiade

1910 4784 1965 4829 et
2001 4773 2200 4827 Siricio
2249 4770 2515 4826 sancitum
2560 4769 2782 4832 dicitur,
2838 4765 3165 4835 explicatum
3211 4762 3278 4815 ab
3329 4757 3504 4821 lnno-,

1911 4864 2111 4919 centio.
2145 4864 2336 4918 Postea
2367 4860 2488 4915 loco
2511 4856 2871 4914 Encharistia:
2903 4856 3083 4909 missa:
3112 4861 3239 4908 sunt
3260 4849 3488 4915 eulOgiar

1912 4971 2007 5012 seu
2034 4954 2228 5011 oblata:
2250 4955 2657 5009 iuconseeratm.
2691 4950 2827 5004 Hinc
2847 4947 2900 5000 in
2932 4944 3052 4997 Vita
3081 4942 3307 5000 Joannis
3342 4942 3519 5014 papzel.

1914 5043 2060 5098 tertii
2101 5044 2457 5101 constitutum
2487 5038 2679 5105 legitur
2712 5055 2730 5089 ‹
2764 5045 2826 5090 ιιι
2847 5030 3156 5089 oblationes
3203 5040 3257 5086 et
3306 5025 3502 5080 aululae

1915 5136 2002 5191 Vel
2028 5135 2318 5194 luminaria
2354 5132 2409 5185 in
2454 5129 2780 5184 coemeteriis
2825 5140 2925 5196 per
2952 5137 3150 5180 omnes
3195 5115 3505 5179 Dominieas

3261 5214 3295 5226 Α
