4020 5364
555 181 697 238 1275

1589 184 1936 242 APPENDIX
1973 186 2065 242 AD
2098 186 2326 243 OPEllA
2370 190 2749 249 HUMBERTI.
2815 194 2818 198 ’

3687 180 3816 252 ητις

556 294 624 348 ad
652 290 835 349 titulos
859 291 1042 359 Urbis,
1065 293 1226 349 aliam
1264 302 1443 348 tamen
1490 296 1794 367 presbyteri
1832 297 1952 352 sine
1979 297 2141 352 dubio
2169 303 2216 361 Α
2247 315 2368 355 nem
2401 317 2650 374 azymum
2682 305 2998 361 Latinorum
3031 323 3060 362 a
3101 307 3287 363 Niceta
3320 307 3615 364 Pectorato
3645 311 3817 364 vocari

555 383 968 438 consecrabant.
1025 382 1158 438 Nam
1204 393 1260 439 ct
1309 385 1504 440 missas
1551 385 1900 441 celebrabant
1956 396 2033 452 et,
2084 397 2141 442 ut

555 474 656 529 sibi
689 475 741 529 id
774 473 962 529 liceret
991 489 1088 544 per
1124 474 1455 544 pontificem,
1511 475 1839 530 eucharistis
1891 477 2142 531 mitteba-

557 574 674 630 tur;
709 572 820 618 tum
844 579 976 618 vero
1002 580 1068 619 ex
1094 574 1324 634 utraque
1350 565 1645 632 oblatione,
1677 577 1730 622 et
1752 583 1816 621 ex
1842 583 1903 623 ea
1935 567 2142 625 scilicet

556 670 676 724 quae
699 669 730 709 a
761 655 1040 725 pontifice,
1069 664 1123 710 et
1153 672 1221 711 ex
1245 672 1308 711 ea
1351 673 1472 728 quae
1522 659 1590 711 ab
1642 659 1772 728 ipsis
1824 669 2139 715 consecrata

557 756 699 813 erat,
728 749 1012 819 presbyter
1045 758 1099 804 et
1128 750 1355 820 populus
1402 753 1897 807 eommunicabant.
1954 751 2142 806 Simile

555 839 685 908 quid
717 837 993 894 faciebant
1021 841 1322 911 presbyteri
1368 857 1562 896 recens
1599 843 1833 896 ordinati
1881 842 1972 912 qui
2027 843 2140 896 Eu-

557 929 820 984 charistia
857 929 924 983 de
952 945 1113 983 manu
1141 931 1380 1000 episc0pi
1410 932 1495 986 die
1522 933 1885 987 ordinationis
1912 949 2024 988 suae
2050 948 2144 987 ac-

559 1028 715 1088 cepta
751 1019 804 1073 in
857 1019 973 1074 dies
1005 1019 1365 1091 quadraginta
1395 1021 1806 1088 reficiebantur;
1863 1032 1916 1076 et
1962 1031 2140 1076 tamen

558 1109 782 1164 missam
806 1108 1042 1178 quotidie
1065 1109 1340 1165 celebrare
1367 1121 1636 1181 poterant,
1661 1122 1716 1166 et
1741 1112 2139 1168 Eucharistiam

558 1213 590 1251 a
618 1214 675 1252 se
710 1208 1084 1254 consecratam
1131 1201 1292 1254 simul
1347 1203 1650 1272 percipere,
1691 1213 1826 1257 tesre
1885 1203 2142 1257 Fulberto

557 1289 878 1345 Carnutensi
915 1291 1166 1363 episcopo
1196 1293 1248 1347 in
1277 1278 1501 1362 epistola
1524 1294 1559 1347 9.
1587 1295 1651 1347 ad
1681 1296 1994 1349 Einardum.

631 1380 738 1436 Sed
758 1391 816 1435 ut
845 1383 910 1435 ad
943 1382 1261 1438 fermentum
1287 1384 1602 1439 Melchiadis
1628 1386 1968 1454 aliorumque
2001 1401 2139 1455 pen—

557 1472 764 1525 tificum
801 1482 1064 1536 revertar,
1097 1489 1198 1527 cur
1228 1474 1328 1527 hoc
1366 1475 1584 1528 nomine
1623 1475 1964 1529 Eucharistia
1999 1476 2141 1530 dicta

557 1563 630 1618 sit
655 1562 998 1632 inquirimus.
1029 1563 1373 1630 Sirmundus,
1421 1565 1633 1620 tametsi
1685 1565 1834 1620 locus
1888 1581 1984 1635 pro
2039 1565 2143 1619 fer—

557 1657 726 1708 menti
755 1670 871 1709 usu.
902 1669 1059 1723 quem
1093 1670 1339 1710 asserere
1367 1655 1597 1721 volebat,
1632 1656 1811 1711 facere
1841 1657 2058 1711 videbz.t
2081 1673 2143 1722 :r,
2179 1655 2219 1714 Β

558 1744 634 1797 ita
664 1745 862 1800 dictam
913 1749 1128 1817 probat,
1177 1764 1283 1801 non
1332 1749 1473 1816 quod
1525 1764 1591 1802 ex
1643 1748 1972 1802 fermentan
2011 1761 2148 1816 pane

557 1843 854 1901 constaret,
887 1836 979 1890 sed
1011 1837 1153 1907 quod
1187 1837 1300 1906 ipsa
1327 1854 1654 1908 quocunque
1684 1853 1749 1892 ex
1781 1853 1922 1906 pane
1968 1840 2143 1902 fieret,

560 1925 817 1981 Eeclesiis
837 1928 902 1980 ad
931 1944 1067 1996 quas
1095 1929 1414 1984 mittebatur
1441 1928 1696 1983 fermenti
1724 1929 1896 1983 vicem
1924 1937 2148 1997 praesta-

562 2027 667 2083 ret,
694 2019 879 2089 eisque
911 2021 1125 2075 unionis
1152 2022 1293 2076 inter
1333 2037 1392 2076 se
1437 2021 1710 2076 vinculum
1768 2029 1933 2081 esset,
1988 2021 2147 2074 sicuti

565 2107 886 2163 fermentum
921 2127 1111 2167 massae
1156 2113 1242 2166 cui
1293 2113 1698 2169 commiscetur.
1729 2113 1795 2166 Et
1837 2113 2056 2180 quidem
2101 2111 2147 2166 si

563 2197 700 2251 bene
728 2200 1130 2268 perpendantur
1157 2203 1323 2256 verba
1348 2203 1518 2257 relata
1545 2219 1610 2257 ex
1664 2202 1784 2256 Vita
1833 2200 2148 2256 Melchiadis

562 2295 616 2341 et
643 2285 842 2354 Siricii,
889 2297 1097 2344 tantum
1139 2290 1291 2349 abest
1319 2291 1747 2347 utEucharistia
1778 2291 1921 2346 dicta
1968 2291 2150 2346 videa-

567 2389 658 2434 tur
693 2379 1019 2437 fermentum
1047 2399 1115 2439 ex
1144 2399 1209 2439 eo
1233 2385 1376 2456 quod
1428 2385 1694 2440 fermento
1739 2393 2037 2449 constaret,
2090 2392 2150 2442 ut

561 2479 753 2524 contra
783 2473 885 2526 hoc
916 2487 1113 2528 nomen
1148 2474 1247 2545 ipsi
1279 2475 1608 2530 adscititium
1637 2483 1691 2529 et
1717 2475 1936 2529 aliunde
1983 2489 2146 2544 quam

560 2561 629 2615 ab
657 2561 772 2631 ipsa
801 2577 857 2616 re
898 2564 1125 2632 petitum
1149 2579 1269 2620 esse
1294 2575 1570 2634 appareat.
1622 2565 1698 2620 De
1720 2564 2016 2620 Melchiade
2077 2565 2146 2620 le-

560 2651 707 2720 gitur
731 2666 745 2706 :
775 2671 793 2704 ι
835 2652 935 2708 llic
957 2653 1084 2710 fecit
1101 2657 1476 2712 utoblationes
1497 2666 1824 2712 consecratae
1846 2672 1942 2726 per
1967 2656 2151 2712 Ecclev.

563 2744 673 2798 sies
701 2760 766 2798 ex
792 2756 1112 2802 consecratu
1137 2749 1375 2819 episcopi
1432 2750 1816 2819 dirigerentur,
1871 2750 2011 2818 quod
2059 2750 2152 2805 de.-

563 2834 804 2890 claratur
823 2836 1168 2892 fermentum.
1205 2859 1222 2890 ι
1255 2839 1310 2893 ln
1351 2839 1565 2903 Sit'icio,
1604 2859 1620 2891 ι
1659 2840 1800 2908 quod
1839 2841 2152 2896 nominatur

563 2925 912 2982 fermentum.
961 2948 979 2981 ι
1015 2929 1144 2985 Mihi
1176 2946 1306 2986 vero
1337 2931 1532 3002 legenti
1581 2933 1695 2986 haec
1725 2933 1914 2997 verba,
1950 2951 1968 2983 ι
2006 2934 2148 3002 quod

562 3017 892 3083 declaratur,
934 3023 1077 3089 quod
1132 3024 1445 3078 nominatur
1503 3024 1850 3086 fermentum,
1890 3045 1908 3077 ι
1962 3027 2147 3079 statim
2178 3009 2222 3068 (ἶ

563 3111 729 3163 subiit
758 3113 1014 3180 cogitatio
1042 3123 1364 3169 extraneum
1397 3117 1496 3170 hoc
1521 3131 1640 3170 esse
1665 3116 2006 3180 vocabulum,
2043 3132 2149 3172 non

569 3201 637 3253 ab
667 3201 778 3269 ipsa
809 3205 883 3256 rei
917 3205 1222 3258 substantia
1264 3207 1513 3274 petitum.
1568 3206 1726 3260 Certe
1759 3206 1887 3259 mihi
1931 3222 2152 3275 persua-

569 3305 690 3343 sum
728 3301 813 3345 est
872 3294 1006 3347 nihil
1061 3296 1196 3350 certi
1249 3297 1375 3352 inde
1425 3297 1617 3353 confici
1674 3312 1831 3368 posse
1885 3311 1984 3367 pro
2038 3296 2150 3352 fer~

475 3411 478 3414 λ
567 3386 772 3434 mento.

641 3471 733 3532 At.
761 3473 962 3543 inquis,
992 3474 1036 3529 si
1067 3472 1224 3544 panis
1262 3491 1483 3547 azymus
1513 3477 1723 3541 fuisset,
1758 3492 1858 3531 cur
1878 3477 2153 3532 contraria

571 3562 931 3633 appellatione
969 3565 1145 3620 dictus
1173 3577 1319 3621 esset
1347 3567 1708 3622 fermentum?
1734 3568 1849 3621 Non
1877 3567 2049 3622 facilis
2074 3584 2154 3622 re-

574 3653 815 3723 sponsio,
845 3653 935 3707 ttbi
973 3657 1356 3716 vocabulorum
1379 3674 1391 3721 ;
1418 3673 1515 3711 cur
1546 3672 1648 3710 una
1690 3671 1920 3726 qumque
1965 3671 2053 3712 res
2083 3657 2152 3710 ita

575 3742 841 3812 appellata
866 3745 956 3811 sit,
981 3761 1176 3800 causas
1201 3745 1475 3816 explicare
1529 3747 1812 3802 incumbit.
1854 3745 2026 3800 Unam
2063 3762 2153 3800 ra-

573 3833 779 3890 tionem
817 3850 949 3889 sane
991 3850 1250 3907 perquam
1292 3836 1624 3906 probabilem
1673 3837 1854 3891 attulit
1906 3837 2157 3893 S:rmun-

575 3926 696 3980 dus.
721 3927 834 3997 Ego
859 3941 986 3982 vero
1012 3927 1408 3984 Eucharistiam
1438 3929 1602 3983 etiam
1632 3929 1732 3984 hoc
1761 3928 2024 3984 vocabulo
2055 3944 2155 3998 ap-

577 4017 828 4085 pellatam
856 4029 1006 4089 puto,
1039 4029 1101 4075 ut
1129 4023 1349 4078 nomine
1393 4023 1624 4077 obscuro
1661 4022 1902 4092 profanis
1953 4023 2156 4077 celare-

578 4115 668 4160 tur
698 4116 906 4164 tantum
936 4113 1276 4182 mysterium.
1307 4111 1440 4166 Nam
1498 4129 1594 4183 per
1640 4130 1702 4168 ea
1746 4125 1989 4183 tempora
2038 4129 2156 4170 mos

575 4206 696 4250 erat
728 4197 979 4253 Patribus
1006 4211 1067 4254 ut
1096 4218 1200 4256 non
1245 4203 1346 4254 nisi
1375 4203 1624 4256 obscuris
1664 4204 1844 4257 verbis
1889 4204 2156 4259 Euchari-

576 4287 737 4340 stiam
769 4288 1151 4356 exprimerent.
1190 4289 1384 4344 Notum
1414 4290 1465 4346 id
1513 4307 1578 4345 ex
1628 4293 1931 4362 Augustino
1957 4295 2154 4362 passim

2244 395 2445 464 ἀζύμην
2484 397 2646 467 ζύμην
2703 417 2720 449 ι
2768 413 3016 470 azymum
3058 399 3404 466 fermentum,
3459 421 3478 454 ι
3513 402 3623 458 nisi
3667 403 3819 459 idex-

2243 485 2554 554 probrando
2585 496 2642 542 et
2667 489 3051 545 subsannando
3079 493 3280 548 dixisse
3305 493 3608 547 videretur.

2315 574 2538 632 Sextum
2563 595 2659 648 pro
2683 579 2949 637 fermento
2976 594 3306 639 momentum
3339 585 3652 640 desumitur
3675 601 3738 640 ex
3764 585 3823 640 si-

2243 665 2408 721 lentio
2437 668 2634 734 Photii,
2668 672 2759 740 qui
2798 687 2922 727 cum
2948 673 3276 729 criminandi
3303 675 3528 731 Latinos
3553 677 3610 729 in
3653 677 3820 730 omni-

2243 757 2345 812 bus
2391 757 2444 810 in
2475 758 2670 827 quibus
2715 776 2744 814 a
2775 760 3086 817 Graecorum
3116 764 3359 819 moribus
3385 780 3450 819 ac
3482 764 3689 819 ritibus
3719 765 3823 818 dis-

2242 847 2558 916 crepabant,
2589 832 2905 906 occasiones
2932 863 3245 923 corrogaret
3273 869 3485 920 omnes,
3541 869 3824 922 nunquam

2245 947 2427 994 tamen
2476 955 2792 1012 azymorum
2844 959 2999 997 usum
3055 945 3285 1014 objccit;
3351 960 3516 1016 quam
3568 943 3827 1013 objectio-

2243 1047 2364 1087 nent
2389 1033 2433 1088 si
2462 1049 2590 1089 usus
2615 1033 2705 1090 ille
2747 1045 2856 1089 tum
2906 1037 3186 1106 viguisset,
3243 1053 3348 1092 non
3407 1037 3627 1091 videtur
3672 1037 3830 1090 omis-

2243 1138 2404 1179 surus
2431 1124 2619 1180 fuisse.
2663 1126 2727 1180 Et
2755 1136 2903 1181 certe
2929 1144 3048 1181 eam
3079 1143 3184 1182 non
3211 1129 3463 1183 omisisse
3496 1127 3724 1182 ϐιαιως
3753 1143 3832 1181 re-

2243 1221 2516 1276 centiores
2551 1223 2642 1290 qui
2683 1223 2998 1292 pontificatu
3031 1223 3229 1278 Leonis
3275 1240 3426 1294 papae
3479 1222 3612 1277 noni
3676 1222 3832 1276 dissi-

2243 1312 2391 1366 dimn
2437 1313 2742 1368 conflarunt
2789 1330 2911 1367 cum
2960 1314 3203 1369 Ecclesia
3246 1315 3511 1369 llomana.
3564 1313 3624 1368 ιιι
3676 1329 3831 1382 argu-

2244 1414 2426 1458 mento
2464 1419 2586 1458 esse
2615 1421 2927 1476 azymorum
2959 1421 3114 1460 usum
3153 1406 3328 1462 medio
3354 1405 3465 1471 illo,
3489 1405 3644 1476 quod
3693 1404 3832 1458 inter

2245 1503 2537 1564 utrumque
2565 1495 2800 1549 schisma
2829 1495 3054 1562 efﬂuxit,
3082 1496 3365 1552 intervallo
3408 1496 3554 1566 apud
3610 1494 3834 1548 Latinos

2249 1583 2556 1653 incmpisse.

2320 1701 2400 1754 Ad
2434 1700 2549 1755 haec
2601 1701 2902 1772 respondeo
2950 1702 3204 1757 Photium
3265 1702 3478 1758 Latinis
3526 1693 3639 1757 non
3690 1702 3836 1771 obje-

2249 1791 2387 1845 cisse
2415 1807 2726 1862 azymorum
2763 1809 2939 1855 usum,
2963 1804 3247 1863 propterea
3278 1795 3420 1862 quod
3451 1810 3577 1847 eum
3627 1810 3834 1848 morem

2249 1898 2314 1936 ex
2339 1881 2542 1936 Christi
2569 1883 2815 1950 exemplo
2845 1882 3144 1953 profectum
3171 1897 3292 1938 esse
3319 1885 3581 1936 docuerat
3600 1882 3841 1938 Joannes

2250 1974 2691 2045 Chrysostomus,
2723 1990 3150 2045 persuasumque
3177 1975 3411 2029 habebat
3449 1991 3553 2028 suo
3593 1986 3840 2042 temrmre

2251 2066 2489 2121 ECelesia
2511 2065 2994 2129 etiamGrarca,uti
3028 2068 3138 2134 ipse
3164 2063 3366 2119 fatetur
3391 2065 3444 2118 in
3479 2064 3837 2118 Bibliotheca:

2250 2171 2369 2225 eap.
2404 2155 2527 2219 H6,
2563 2164 2622 2209 ut
2648 2155 2900 2224 superius
2922 2153 3100 2208 retuli.
3139 2152 3338 2208 Deinde
3380 2153 3560 2222 ipsum
3603 2169 3715 2205 non
3747 2168 3841 2204 cv-

2251 2247 2540 2314 probrasse
2588 2245 2804 2300 Latinis
2850 2245 2994 2314 quod
3039 2244 3252 2300 alleluia
3308 2259 3415 2298 non
3472 2253 3742 2298 canerent
3793 2243 3843 2295 in

2252 2335 2698 2406 Quadragesima,
2747 2351 2849 2390 nec
2889 2335 3170 2389 monachis
3217 2335 3668 2390 Occidentalibus
3715 2336 3844 2386 vitio

2251 2428 2482 2482 vertisse
2519 2428 2662 2496 quod
2692 2427 2889 2480 infirmi
2925 2427 3184 2480 carnibus
3233 2434 3590 2480 vescerentur
3616 2442 3687 2480 ex
3719 2441 3845 2478 con-

2253 2535 2410 2575 cessu
2442 2519 2640 2590 regulae
2686 2518 2860 2573 sancti
2898 2517 3198 2584 Benedicti,
3247 2519 3390 2586 quod
3446 2518 3739 2573 femoralia
3791 2519 3842 2570 in

2255 2612 2449 2668 itinere
2523 2610 2802 2667 constituti
2848 2617 3176 2680 gestarent.
3225 2610 3354 2675 Qua:
3397 2609 3583 2664 omnia
3628 2609 3845 2676 Latinis

2254 2711 2494 2772 tempore
2515 2701 2712 2756 Leonis
2739 2701 2865 2755 noni
2887 2701 3093 2768 objecta
3123 2711 3248 2755 sunt
3280 2718 3308 2754 a
3340 2699 3567 2755 Graecis.
3598 2700 3846 2768 Denique

2254 2791 2504 2844 Photium
2540 2791 2707 2844 multa
2743 2790 2794 2844 id
2839 2805 3010 2860 genus
3061 2790 3164 2844 alia
3211 2791 3481 2852 omisisse,
3533 2789 3591 2843 in
3643 2790 3847 2858 quibus

2257 2891 2366 2938 tum
2394 2883 2568 2938 Latini
2597 2898 2625 2936 a
2657 2881 2860 2936 Graecis
2893 2882 3304 2951 discrepabant;
3335 2881 3514 2950 qualis
3561 2890 3689 2934 erat
3729 2892 3847 2934 ton-

2255 2987 2378 3028 sura
2416 2973 2606 3042 capitis
2657 2972 2891 3041 (tametsi
2925 2972 2992 3026 de
3031 2971 3192 3024 menti
3233 2971 3550 3024 detonsione
3604 2971 3846 3039 Vililigao

2256 3064 2377 3133 vit),
2406 3064 2580 3132 qualis
2607 3071 2724 3118 erat
2755 3077 3008 3116 manuum
3033 3062 3304 3130 lmpositio
3329 3062 3381 3116 in
3399 3061 3845 3120 confirmatione.

2254 3155 2597 3210 interdictum
2630 3152 2940 3222 baptizandi
2986 3153 3038 3206 in
3076 3152 3400 3222 Epiphania,
3451 3162 3508 3207 et
3545 3154 3655 3206 alia
3709 3153 3850 3220 ejus.

2255 3244 2419 3307 modi,
2453 3258 2572 3313 quae
2592 3242 2817 3297 Photius
2847 3243 3081 3312 prudens
3131 3241 3513 3297 dissimulavit.
3569 3242 3845 3297 Cancrum

2256 3332 2386 3388 nihil
2419 3333 2634 3401 penitus
2662 3331 2824 3386 etlicit
2866 3331 3041 3385 Photii
3072 3331 3347 3386 silentium
3379 3332 3649 3388 adversus
3693 3345 3844 3389 certa

2255 3438 2318 3478 ac
2342 3423 2650 3479 necessaria
2694 3432 3034 3493 argumenta,
3067 3425 3264 3492 quibus
3317 3439 3640 3495 azymorum
3689 3443 3848 3480 usum

2255 3516 2564 3598 generalem
2601 3515 2744 3586 apud
2773 3514 2995 3572 Latinos
3016 3525 3144 3572 ante
3179 3515 3434 3572 Photium
3462 3516 3712 3588 viguisse
3763 3518 3851 3573 de-

2256 3606 2574 3661 monstravi.

2328 3714 2584 3770 Ultimum
2629 3723 3005 3786 argumentum
3096 3714 3220 3770 inde
3272 3713 3474 3784 petitur
3525 3716 3676 3786 quod
3724 3725 3854 3770 ante

2261 3803 2434 3858 Photii
2460 3811 2672 3857 aetatem
2703 3802 2848 3856 nulla
2875 3803 2942 3858 de
2973 3818 3290 3874 azymorum
3335 3819 3432 3858 usu
3477 3802 3568 3857 lex
3624 3805 3851 3859 condita

2256 3893 2466 3964 legitur.
2510 3891 2623 3947 Hoc
2677 3902 3052 3964 argumentum
3117 3909 3238 3948 cum
3296 3893 3575 3949 Demetrio
3615 3894 3852 3950 Choma—

2257 3992 2381 4036 teno
2424 3983 2687 4052 Bulgaria:
2734 3983 3142 4054 archiepiscopo
3187 3984 3242 4037 in
3287 3984 3564 4053 responsis
3616 3985 3688 4038 ad
3743 3985 3856 4054 epiq

2256 4091 2478 4146 scopum
2510 4076 2808 4148 Dyrrachii,
2841 4085 2997 4148 urget
3024 4076 3348 4132 Sirmundus
3394 4076 3447 4131 in
3483 4075 3858 4150 Disquisionis

2257 4184 2378 4237 cap.
2409 4167 2465 4220 5.

2327 4281 2399 4334 At
2447 4279 2492 4335 si
2545 4279 2650 4336 hoc
2701 4289 3080 4350 argumentum
3121 4280 3250 4350 quid
3288 4279 3554 4344 elﬁeeret,
3592 4283 3863 4350 probaret

578 4371 908 4431 Theodorito
930 4377 982 4431 in
1010 4378 1232 4448 Dialogo
1262 4381 1547 4447 Eranistae,
1597 4391 1652 4436 et
1693 4383 1831 4437 aliis.
1867 4383 2001 4438 llinc
2031 4400 2152 4454 ergo

2266 4372 2451 4440 utique
2475 4385 2695 4440 azymos
2722 4386 2888 4440 panes
2912 4371 2964 4424 in
2995 4387 3052 4425 re
3078 4386 3232 4424 sacra
3255 4384 3358 4424 non
3384 4368 3555 4424 fuisse
3580 4371 3864 4424 adhibitos

579 4466 782 4522 factum
841 4477 971 4538 puto
1023 4477 1082 4522 nt
1154 4468 1496 4534 Melchiades,
1577 4471 1804 4526 Siricius
1875 4483 1931 4527 et
1997 4472 2160 4529 Inno-

576 4557 787 4612 centius
858 4560 1130 4616 adscititio
1176 4561 1425 4617 fermenti
1479 4564 1693 4620 nomine
1764 4565 2172 4631 Eucharistiam,

576 4646 1002 4718 designaverint,
1032 4667 1102 4706 ne
1145 4668 1260 4708 rem
1313 4668 1523 4708 sacram
1556 4655 1847 4725 gentilibus
1874 4657 2159 4728 propalare

577 4739 912 4794 viderentur.
942 4743 1166 4797 Accedit
1197 4745 1338 4814 quod
1369 4744 1638 4800 Caesarius
1673 4746 1897 4802 Graecus
1927 4749 2159 4818 parabo-

577 4847 684 4901 ,am
710 4832 961 4887 fermenti
986 4836 1050 4888 de
1073 4836 1412 4890 Eucharistia
1441 4838 1848 4907 interpretatur,
1892 4853 1996 4893 non
2027 4853 2152 4893 sen-

577 4937 641 4976 su
668 4923 887 4982 litterali
919 4924 1013 4979 scd
1036 4926 1248 4991 morali,
1274 4927 1326 4980 in
1355 4927 1574 4997 Dialogo
1603 4929 1686 4983 his
1712 4929 1926 4984 verbis:
1957 4948 1974 4980 ι
2003 4928 2156 4994 Quod

578 5011 626 5067 si
658 5011 816 5068 aliter
846 5013 989 5077 dicta
1015 5015 1202 5070 audire
1224 5016 1422 5086 placet,
1473 5016 1798 5073 fermentum
1831 5019 2160 5090 intelligatur

581 5105 952 5158 venerandum
985 5115 1039 5162 et
1063 5107 1303 5164 divinum
1343 5124 1542 5179 corpus
1592 5110 1706 5174 Dei,
1735 5111 1880 5181 quod
1919 5112 1976 5165 in
2008 5119 2161 5168 utero

587 5200 788 5246 sanctae
819 5193 1040 5264 virginis
1079 5197 1260 5254 Mariae
1314 5200 1417 5256 sibi
1465 5201 1911 5257 circumdandum
1956 5201 2160 5256 forma-

583 5280 683 5344 vit,
718 5278 921 5350 absque
946 5285 1151 5340 semine
1178 5298 1464 5344 contoxtus
1511 5300 1567 5346 et
1607 5292 1792 5348 unitus
1816 5301 1924 5346 tam
1965 5293 2162 5349 animae

2268 4464 2432 4519 etiam
2472 4471 2596 4532 post
2641 4463 2877 4516 schisma
2930 4461 3277 4516 Photiauum.
3327 4460 3547 4514 Nullum
3589 4462 3774 4526 enim,
3816 4462 3864 4515 si

2268 4557 2404 4613 bene
2439 4553 2682 4618 memini,
2719 4553 2834 4608 sive
2867 4553 2932 4607 de
2969 4552 3272 4621 abjieiendo
3316 4551 3605 4615 fermento,
3656 4567 3758 4607 seu
3797 4551 3865 4605 de

2267 4646 2472 4717 azymis
2499 4643 2825 4713 recipiendis
2861 4641 3161 4708 decretum,
3187 4642 3502 4714 constitutio
3533 4641 3710 4703 nulla,
3745 4642 3867 4694 nul-

2266 4736 2418 4791 lusve
2445 4747 2616 4789 canon
2652 4741 2777 4802 post
2807 4733 2937 4786 illud
2981 4742 3189 4803 tempus
3217 4733 3487 4789 invenitur
3515 4742 3650 4787 ante
3689 4733 3868 4787 discE-v

2263 4827 2411 4881 dium
2443 4823 2725 4878 Michaelis
2767 4823 3060 4883 Ccrularii.
3093 4821 3246 4890 cujus
3277 4830 3521 4892 tempore
3551 4821 3872 4876 universirn

2258 4929 2572 4987 azymorum
2615 4927 2743 4968 usus
2781 4911 2995 4982 vigebat
3039 4910 3376 4966 in-Ecclesia
3418 4908 3643 4963 Latina.
3692 4910 3864 4978 Atqui

2261 5021 2384 5060 eum
2411 5002 2528 5074 ejus
2549 5002 2628 5057 rei
2655 5000 2800 5055 nulla
2830 5009 3007 5055 exstet
3034 5000 3121 5054 lex
3147 5014 3320 5069 neque
3345 5008 3492 5059 ante.
3524 5013 3713 5067 neque
3738 5006 3870 5066 post.

2261 5096 2512 5152 Photium
2543 5102 2670 5148 ante
2713 5091 2996 5146 Michaelis
3027 5099 3269 5155 aetatem,
3303 5088 3593 5143 dicendum
3631 5098 3724 5143 est
3750 5102 3870 5141 mo-

2267 5201 2384 5241 rem
2407 5185 2568 5238 istum
2598 5182 2667 5236 ab
2689 5181 2805 5250 ipso
2818 5179 3023 5234 Latinae
3047 5179 3300 5235 Ecclesiae
3326 5177 3558 5232 exordio
3573 5185 3880 5245 receptum.

2258 5275 2450 5329 fuisse.
2478 5272 2541 5325 Et
2561 5278 2708 5334 certe
2733 5268 2938 5324 Graecis
2965 5277 3271 5338 promptum
3301 5267 3490 5320 fuisset
3521 5265 3743 5319 Latinis
3763 5280 3866 5318 ex-
