4020 5364
218 217 359 275 i377

1201 205 1602 264 MABILLONII
1644 201 2053 270 DlSQUlSlTlO
2091 202 2178 256 DE
2213 201 2467 259 ΑΖΥΜΟ.

3329 195 3466 256 H78

217 329 394 384 lorum
431 323 761 396 temporibus
801 329 1044 393 repetere
1081 321 1198 377 ausi
1231 330 1436 383 essent,
1478 321 1524 374 si
1566 328 1672 373 tam
1706 328 1794 370 re-
1825 321 1870 376 Α
1898 314 2238 367 secutionum
2279 314 2362 384 (ut
2397 314 2709 386 loquuntur)
2737 331 2858 386 qum
2894 317 3084 386 primis
3119 316 3225 374 illis
3257 320 3467 375 saeculis

215 435 350 475 cens
371 416 583 472 fuisset.

827 504 1054 561 CAPUT
1098 503 1190 560 XI.

471 638 725 710 Epilogus
755 647 803 694 et
834 636 1099 694 conclusio
1137 637 1546 705 promissorum.

290 774 564 831 Hactrnus
616 775 874 845 quidquid
930 777 996 829 de
1053 776 1275 844 antiquo
1327 790 1426 828 usu
1478 789 1794 845 azymorum

213 865 360 934 apud
400 863 620 920 Latinos
645 867 936 920 observare
962 865 1113 919 licuit
1151 864 1450 930 subsecivis
1484 866 1654 932 horis,
1698 880 1796 934 pro

215 953 438 1008 inodulo
482 969 602 1008 meo
640 955 888 1022 exposui,
934 955 1065 1009 nulli
1114 956 1396 1009 sententia:
1435 955 1797 1022 pervicaciter

212 1043 488 1108 addictus,
525 1044 619 1097 sed
658 1044 773 1097 solo
803 1045 914 1098 veri
944 1045 1270 1114 agnoscendi
1302 1054 1358 1099 et
1384 1045 1792 1100 demonstrandi

213 1133 397 1187 studio
419 1132 704 1187 adductus.
735 1133 792 1187 Si
822 1134 950 1203 quid
985 1134 1210 1204 profeci,
1244 1135 1292 1188 id
1324 1145 1493 1190 totum
1527 1151 1791 1203 suprema:

213 1218 449 1276 Veritati
491 1221 753 1276 tributum
798 1222 938 1277 volo.
982 1223 1037 1277 Si
1085 1224 1214 1294 quid
1268 1223 1484 1278 incaute
1531 1225 1791 1279 scribenti

211 1309 440 1375 excidit,
471 1319 568 1364 aut
591 1309 808 1377 falsum,
841 1321 933 1366 aut
955 1312 1174 1367 dubium
1202 1330 1298 1382 pro
1325 1330 1454 1368 vero
1483 1316 1786 1379 obtrnsum,

211 1398 376 1467 cupio
429 1398 622 1454 refelli.
670 1400 921 1454 Poteram
980 1403 1195 1471 quidem
1245 1404 1459 1475 longius
1516 1407 1791 1475 progredi,

209 1488 261 1542 si
334 1489 662 1558 conjecturis
717 1491 1016 1560 plusculum
1086 1495 1361 1565 indulgere
1429 1497 1715 1551 voluissem
1773 1515 1787 1552 :

208 1587 271 1630 at.
323 1579 584 1648 ejusmodi
637 1582 870 1635 inventis
921 1587 1137 1638 modum
1184 1595 1384 1655 ponere
1437 1588 1606 1640 satius
1658 1588 1787 1641 mihi

1895 404 2302 475 grassabantur.
2350 403 2674 459 fermentata
2720 421 2859 476 pane
2899 422 3025 462 usos
3079 408 3133 461 in
3181 423 3240 464 re
3286 424 3464 474 sacra,

1896 492 2072 561 qualis
2099 491 2306 546 scilicet
2333 492 2502 562 magis
2531 493 2722 549 obvius
2753 504 2890 549 erat.
2932 497 3076 550 Sane
3111 496 3164 552 id
3200 513 3328 552 vero
3355 515 3466 553 non

1897 579 2144 634 absimile
2190 594 2415 648 prorsus
2465 589 2569 635 est.
2610 580 2929 652 Quanquam
2969 600 3076 640 non
3117 585 3190 640 ita
3236 585 3467 642 diﬂieilis

1897 675 2160 738 apparatu
2183 677 2266 723 est
2295 684 2518 739 azymus
2537 670 2713 740 panis,
2748 681 2808 726 ut
2840 672 2922 726 vel
2949 673 3138 727 contici
3164 689 3270 728 non
3299 676 3467 745 possit

1897 762 2030 815 citra
2053 761 2351 832 periculum
2376 761 2915 832 vulgandiauctores;
2931 765 3016 819 vel
3043 767 3297 836 temporis
3326 769 3468 822 illius

1894 851 2328 910 Christianorum
2360 852 2692 922 diligentiam
2723 869 2787 908 ac
2817 854 3074 923 pietatem
3108 860 3463 925 superaverit.

1869 935 2052 998 'Certe
2076 941 2184 997 Leo
2211 943 2354 1012 Papa
2384 942 2454 998 IX
2485 952 2734 1009 testatur,
2757 954 3022 1014 martyres
3046 955 3278 1012 nostros,
3303 949 3355 1002 id
3384 962 3468 1007 est

1895 1033 2102 1088 Latinae
2142 1034 2415 1100 Ecclesiae,
2445 1037 2651 1106 azymis
2685 1036 2851 1092 fuisse
2880 1038 3173 1108 saginatos.
3207 1041 3273 1093 Et
3303 1039 3466 1094 inulta

1894 1126 1999 1181 alia
2028 1125 2183 1197 longe
2213 1125 2511 1182 difﬁciliora
2549 1129 2749 1183 ﬁebant
2777 1130 3177 1200 parabanturve
3203 1133 3292 1186 illa
3331 1141 3465 1186 tent-

1893 1226 2127 1290 pestate,
2168 1228 2226 1272 ut
2267 1218 2403 1271 ritus
2434 1220 2766 1288 pmnitentize
2805 1220 3053 1289 publica).
3099 1222 3467 1291 amplissimus

1893 1310 2149 1365 Ecclesia:
2176 1311 2485 1375 thesaurus,
2514 1329 2676 1367 aurea
2701 1323 2755 1368 et
2785 1326 3039 1384 argentea
3068 1316 3144 1372 rei
3177 1333 3348 1371 sacra:
3371 1334 3465 1372 su-

1894 1401 2088 1471 pellex,
2112 1412 2166 1457 et
2189 1412 2382 1458 caetera
2413 1405 2462 1458 id
2489 1421 2658 1474 genus
2685 1421 2788 1460 non
2821 1423 3010 1477 pauca.
3042 1410 3279 1478 Denique
3301 1411 3465 1465 etiam

1895 1493 1979 1547 his
2002 1494 2206 1548 nostris
2239 1495 2570 1562 temporibus
2600 1496 2776 1550 Latini
2801 1498 3362 1571 Chatholiciiquiapud
3388 1502 3467 1556 in-

1896 1582 2081 1637 fideles
2113 1583 2198 1636 vel
2245 1584 2530 1639 haereticos
2561 1586 2879 1643 delitescere
2906 1598 3186 1658 coguntur,
3226 1601 3405 1645 tamen
3437 1609 3466 1647 a

209 1665 388 1720 visum
424 1676 527 1733 est,
563 1670 652 1738 qui
692 1670 948 1726 historico
986 1675 1146 1728 modo
1197 1691 1307 1729 rem
1348 1678 1598 1745 persequi
1635 1678 1788 1746 prin-
1822 1680 1864 1738 Β
1894 1675 2131 1744 parando
2155 1676 2208 1729 in
2246 1691 2358 1730 rem
2391 1691 2600 1730 sacram
2631 1693 2821 1749 azymo
2854 1679 3157 1735 nullatenus
3186 1667 3468 1737 deterren-

209 1755 357 1824 cipio
387 1758 618 1813 institui.
657 1760 946 1832 Reliquum
977 1775 1082 1830 est,
1110 1775 1168 1819 ut
1191 1767 1338 1822 brevi
1368 1769 1616 1823 oratione
1639 1771 1790 1825 colli-

209 1863 338 1915 gam
368 1849 512 1918 quod
536 1852 770 1920 sparsim
802 1855 855 1907 in
886 1857 1256 1924 superioribus
1283 1856 1472 1914 fusiori
1506 1861 1665 1915 modo
1698 1876 1793 1916 ex-

209 1938 432 2006 plicavi.
473 1971 475 1974 ‹

289 2024 682 2087 Eneliaristiam
713 2049 742 2087 a
769 2033 984 2090 Christo
1010 2037 1238 2094 Domino
1269 2039 1320 2092 in
1341 2043 1547 2111 azymis
1577 2042 1796 2097 institu-

212 2127 326 2174 tam
363 2122 528 2178 fnisse
561 2127 780 2195 probavi
821 2149 832 2184 :
877 2148 976 2188 nec
1004 2143 1181 2189 tamen
1217 2150 1282 2189 ex
1310 2137 1426 2196 eius
1454 2136 1597 2191 facto
1629 2149 1793 2207 atque

210 2215 461 2284 exemplo
486 2217 795 2276 incumbere
819 2227 1194 2282 necessitatem
1209 2231 1561 2284 consecrandi
1592 2233 1644 2285 in
1667 2249 1791 2301 azy-

211 2304 341 2358 mis.
382 2306 517 2362 llinc
551 2320 606 2364 et
635 2310 854 2368 Grtecos
886 2313 1234 2383 fermentato,
1273 2329 1327 2373 et
1352 2319 1576 2375 Latinos
1603 2337 1792 2392 azymo

209 2395 286 2450 ab
313 2394 466 2450 initio
492 2397 746 2456 Ecclesiae
773 2405 849 2458 uti
884 2407 1146 2474 potuisse,
1181 2418 1238 2462 et
1266 2411 1480 2478 quidem
1508 2427 1636 2466 usos
1673 2428 1793 2468 esse

211 2485 351 2538 citra
375 2490 674 2556 perieulum
702 2496 1116 2553 necessitudinis
1139 2497 1485 2554 Christianze.
1514 2501 1624 2554 Nec
1647 2504 1791 2556 enim

213 2591 311 2628 nos
361 2579 578 2646 o/fendit
623 2583 963 2640 observantia
1008 2589 1314 2654 diversitas,
1370 2592 1459 2644 ubi
1516 2592 1641 2659 ﬁdei
1691 2611 1794 2647 non

210 2665 472 2722 scinditur
522 2673 714 2739 unitas,
768 2675 944 2746 inquit
991 2679 1278 2736 Fulbertus
1329 2683 1382 2737 in
1433 2684 1658 2752 epistola
1704 2701 1791 2740 sc-

210 2757 409 2812 cunda.
1001 2801 1004 2805 ν
1163 2813 1165 2818 ,

285 2848 362 2904 De
389 2852 664 2922 Apostolis
687 2858 817 2911 nihil
847 2860 982 2924 dixi,
1002 2871 1284 2932 propterea
1307 2865 1472 2934 quod,
1505 2867 1632 2936 quid
1655 2868 1794 2921 hanc

213 2939 270 2992 in
308 2955 419 2994 rem
445 2945 674 3011 egerint,
708 2947 827 3003 silet
856 2951 1032 3004 omnis
1062 2954 1378 3022 antiquitas,
1416 2957 1459 3009 si
1490 2965 1668 3010 tamen
1701 2973 1794 3011 ex-

213 3030 387 3097 cipias
419 3034 723 3090 testimonia
762 3037 960 3093 Leonis
993 3040 1151 3111 Papae
1191 3044 1316 3097 noni
1355 3055 1411 3098 et
1445 3045 1674 3098 aliorum
1707 3062 1793 3100 se-

213 3123 494 3190 quacium,
529 3127 620 3195 qui
659 3127 906 3183 Latinum
951 3148 1152 3186 morem
1185 3134 1253 3188 ab
1281 3137 1526 3205 exemplo
1557 3137 1701 3192 Petri
1740 3149 1793 3192 et

215 3211 368 3272 Pauli
397 3216 778 3285 Apostolorum
810 3223 1075 3277 derivant.
1112 3225 1186 3280 De
1211 3227 1331 3282 aliis
1357 3243 1484 3281 vero
1522 3229 1794 3298 Apostolis

216 3305 350 3359 nihil
373 3311 750 3376 pronuntiant,
781 3328 917 3383 quos
939 3309 1093 3369 certo
1121 3319 1242 3386 pani
1278 3319 1329 3371 in
1371 3334 1426 3372 re
1447 3335 1604 3374 sacra
1630 3321 1796 3376 fuisse

214 3395 462 3452 addictos
485 3416 590 3454 non
618 3402 775 3458 facile
796 3405 1067 3460 conficere
1095 3409 1318 3475 poteris.
1350 3401 1528 3465 Habes
1555 3411 1606 3464 in
1637 3425 1795 3480 supcc

215 3484 348 3538 riori
397 3489 624 3556 epistola
667 3493 1084 3550 eminentissimi
1128 3497 1420 3552 cardinalis
1468 3499 1613 3554 Bona
1661 3517 1793 3556 con-

207 3577 450 3648 jecturas
476 3595 540 3634 ea
577 3583 642 3636 de
675 3599 733 3638 re
768 3586 1054 3641 admodum
1080 3588 1408 3658 probabiles,
1437 3591 1632 3662 quibus
1663 3593 1796 3646 nihil

214 3669 518 3725 addendum
545 3674 775 3729 videtur.

283 3761 369 3816 Ab
408 3763 794 3832 Apostolorum
845 3778 1085 3839 tempore
1126 3773 1379 3826 constitui
1419 3775 1584 3843 cmpit
1623 3776 1798 3830 eccle-

216 3852 439 3908 siastica
471 3856 776 3926 disciplina,
808 3861 962 3932 cujus
982 3861 1224 3930 primarii
1258 3873 1511 3918 auctores
1535 3867 1674 3935 apud
1697 3865 1799 3920 La~

215 3947 363 4002 tinos
394 3964 706 4018 azymorum
739 3967 894 4005 usum
928 3955 1248 4024 pnecepisse
1273 3971 1377 4008 non
1401 3958 1674 4013 immerito
1715 3960 1798 4013 vi-

214 4041 438 4094 dentur.
488 4041 569 4095 Ad
621 4043 760 4097 hanc
813 4045 1151 4115 disciplinam
1193 4049 1543 4104 sanciendam
1591 4052 1793 4105 conditi

216 4137 343 4182 sunt
371 4145 636 4197 canones,
669 4149 806 4203 quos
841 4149 1099 4191 vocamus
1136 4138 1527 4207 apostolorum,
1571 4140 1624 4196 in
1663 4155 1798 4211 quo-

217 4235 337 4274 rum
365 4223 527 4277 tertio
556 4224 870 4281 decernitur
901 4244 915 4281 :
945 4225 1099 4280 Nihil
1119 4229 1267 4282 aliud
1292 4232 1348 4284 in
1371 4232 1632 4300 sacri/icio
1658 4250 1795 4303 prte-

215 4323 295 4366 ter
329 4315 388 4367 id
417 4317 556 4384 quod
596 4317 854 4373 Dominus
884 4323 1085 4387 statuit,
1127 4325 1471 4392 o/fcrendnm.
1513 4326 1644 4392 Qua:
1673 4344 1799 4383 ver-

1895 1776 2000 1821 tur.
2033 1767 2156 1822 Haec
2179 1768 2244 1823 de
2267 1767 2457 1838 primis
2481 1771 2586 1824 illis
2615 1772 2946 1841 temporibus
2974 1775 3146 1843 magis
3167 1775 3470 1843 probabilia

1892 1864 1948 1910 et
1976 1858 2286 1912 verisimilia
2322 1860 2606 1926 videntur,
2657 1861 2804 1915 nullo
2843 1863 3062 1932 quidem
3093 1874 3244 1919 certo
3277 1881 3340 1920 ac
3369 1882 3467 1920 tte-

1895 1947 2130 2000 cessario
2156 1958 2498 2018 argumento,
2524 1950 2615 2004 sed
2644 1952 2971 2022 coniecturis
2999 1963 3204 2010 tantum
3230 1954 3382 2020 fulta,
3415 1957 3472 2012 in

1892 2034 2086 2104 quibus
2121 2036 2420 2090 sistendum
2459 2038 2659 2107 putavi,
2709 2040 2833 2094 dum
2878 2041 3110 2095 certiora
3156 2053 3466 2113 suppetant.

1895 2125 2084 2179 Exstat
2112 2126 2329 2194 quidem
2357 2127 2509 2182 locus
2537 2143 2636 2197 pro
2663 2144 2856 2200 azymo
2890 2130 3204 2186 Latinorum
3245 2135 3298 2188 iu
3343 2134 3472 2188 Ser-

1894 2231 2052 2272 mone
2080 2218 2146 2272 de
2174 2218 2340 2273 Coena
2380 2221 2591 2274 Domini
2634 2222 2774 2290 apud
2806 2233 3081 2277 auctorem
3108 2224 3228 2279 libri
3261 2225 3326 2280 de
3349 2232 3472 2280 car-’

1894 2307 2163 2362 dinalibus
2186 2307 2386 2363 Christi
2418 2310 2694 2378 operibus,
2717 2313 2808 2379 qui
2835 2311 2974 2366 liber
3001 2313 3100 2366 sub
3125 2314 3341 2367 nomine
3370 2318 3470 2384 Cy-

1895 2397 2069 2466 priani
2112 2398 2362 2467 vulgatus
2404 2407 2505 2453 est.
2552 2399 2620 2452 At
2665 2408 2857 2454 auctor
2899 2401 3001 2455 iste
3047 2403 3321 2456 recentior
3363 2414 3473 2469 est,

1894 2489 2103 2542 scilicet
2162 2487 2426 2541 Ernaldus
2481 2490 2561 2558 (ut
2615 2490 2779 2543 certis
2840 2501 3056 2544 constat
3113 2493 3474 2562 argumentis)

1896 2578 2062 2632 abbas
2109 2576 2428 2631 Bontevallis
2466 2578 2520 2631 in
2564 2593 2691 2647 agro
2729 2578 3076 2644 Carnutensi,
3125 2582 3297 2635 sancti
3341 2581 3469 2636 Ber-

1895 2671 2050 2723 nardi
2110 2669 2324 2724 abbatis
2371 2669 2805 2725 Clarazvallcnsis
2861 2673 3085 2740 aqualis
3131 2681 3185 2726 et
3236 2673 3468 2738 amicus,

1897 2763 2022 2817 totis
2049 2764 2332 2832 nongentis
2352 2763 2509 2817 annis
2534 2763 2806 2833 Cypriano
2826 2765 3114 2833 posterior.

1965 2850 2134 2920 Magis
2180 2852 2459 2920 explorata
2502 2861 2627 2906 sunt
2665 2867 2786 2921 quae
2831 2854 2899 2907 de
2946 2861 3140 2922 quarto
3181 2862 3236 2908 et
3273 2856 3468 2909 subse-

1896 2943 2184 3012 quentibus
2228 2945 2443 2999 stcculis
2471 2955 2781 3000 occurrunt.
2811 2946 2882 2999 At
2912 2960 3042 3001 vero
3070 2954 3221 3001 certa
3255 2956 3310 3000 et
3346 2963 3469 3016 pcr-

1819 3050 1864 3111 c
1897 3044 2082 3104 specta
2121 3035 2373 3090 videntur
2415 3050 2499 3100 ea,
2545 3052 2664 3106 quae
2704 3039 2770 3093 de
2819 3038 3110 3094 universali
3156 3053 3469 3108 azymorum

1899 3141 1996 3180 usu
2025 3133 2152 3180 ante
2177 3125 2432 3180 saeculum
2473 3142 2676 3180 nonum
2704 3128 2842 3196 apud
2872 3129 3096 3182 Latinos
3127 3136 3342 3197 recepto
3374 3143 3466 3182 su-

1897 3217 2080 3285 perius
2120 3216 2340 3283 exposui
2390 3229 2404 3267 :
2446 3216 2536 3283 qui
2580 3232 2698 3272 mos
2736 3233 2858 3272 cum
2903 3227 3029 3271 ante
3068 3234 3285 3272 omnem
3325 3216 3471 3270 illius

1899 3309 2156 3378 temporis
2203 3308 2478 3361 hominum
2527 3310 2844 3363 memoriam
2887 3309 3184 3365 invaluisse
3231 3310 3477 3365 creditus

1897 3399 1995 3463 sit;
2055 3397 2332 3451 fatendum
2378 3406 2460 3450 est
2513 3412 2636 3451 eum
2688 3407 2782 3452 aut
2826 3399 2893 3454 ab
2946 3399 3095 3468 ipsis,
3150 3405 3243 3452 aut
3302 3413 3470 3467 prope

1897 3492 1966 3544 ab
2022 3489 2154 3559 ipsis
2211 3487 2420 3543 Latina:
2485 3487 2742 3544 Ecclesia:
2809 3491 3126 3560 primordiis
3189 3499 3468 3560 receptum

1894 3584 2081 3638 fuisse.

1965 3676 2296 3744 Argumenta
2321 3689 2449 3730 vero
2471 3691 2590 3745 quae
2616 3692 2713 3746 pro
2736 3675 3002 3730 fermento
3030 3675 3346 3730 Latinorum
3374 3673 3472 3726 ad~

1896 3768 2198 3831 ducuntur,
2241 3767 2340 3821 etsi
2383 3782 2480 3836 pro
2528 3783 2862 3822 summorum
2919 3768 3181 3831 virorum,
3221 3766 3311 3835 qui
3353 3763 3481 3830 ejus

1896 3859 2177 3913 sententia:
2197 3867 2445 3912 auctores
2465 3868 2612 3921 sunt,
2640 3857 2898 3926 dignitate
2920 3865 2973 3910 et
2994 3855 3258 3923 gravitate
3283 3853 3466 3922 magni

1898 3950 2037 4018 apud
2077 3965 2163 4004 me
2192 3949 2301 4004 sint
2326 3949 2610 4018 ponderis,
2645 3964 2748 4002 non
2784 3957 2962 4003 tamen
2994 3947 3128 4000 adeo
3160 3945 3468 3999 necessaria

1899 4041 2031 4095 mihi
2062 4041 2335 4106 videntur,
2364 4049 2422 4094 ut
2448 4041 2500 4094 id
2523 4039 2680 4094 fateri
2711 4055 2808 4092 nos
2835 4047 3056 4108 cogant;
3087 4051 3185 4092 nec
3206 4045 3354 4090 certe
3381 4050 3477 4088 va-

1898 4133 2112 4197 lidiora,
2143 4147 2308 4203 quam
2337 4147 2459 4203 quae
2487 4147 2518 4186 a
2549 4131 2837 4187 contraria:
2873 4130 3152 4185 sententia:
3182 4126 3472 4182 assertori—

1898 4225 1999 4279 bus
2029 4224 2212 4294 reponi
2243 4224 2468 4293 possint.
2494 4221 2831 4293 Quapropter
2859 4221 2924 4276 de
2953 4221 3144 4290 primis
3171 4219 3276 4272 illis
3305 4234 3473 4272 sarcu-

1901 4315 1966 4367 lis
1995 4324 2238 4368 remanet
2263 4313 2478 4382 quidem
2515 4313 2802 4381 plurimum
2830 4309 3196 4369 obscuritatis,
3230 4322 3348 4375 qua:
3373 4305 3474 4358 du-

215 4401 283 4461 Ιικι
323 4420 432 4459 non
474 4407 595 4462 Sine
640 4407 990 4467 fundamento
1025 4385 1189 4468 etiam
1233 4416 1297 4469 de
1335 4385 1646 4486 θιγιηοῖυη)
1695 4435 1794 4472 “su
1826 4385 1874 4442 υ
1902 4404 2110 4458 bitandi
2139 4403 2422 4457 materiam
2450 4401 2691 4470 plmbere
2710 4408 2887 4470 potest
2917 4416 2930 4452 :
2960 4408 3016 4451 at
3043 4395 3291 4449 fermenti
3316 4410 3470 4447 nsunt

219 4493 485 4562 explicari
529 4506 793 4564 possunt:
824 4503 1259 4570 quandoquidem
1293 4507 1432 4572 apud
1461 4508 1798 4575 antiquiores

219 4580 341 4642 illos
372 4583 560 4640 Patres
589 4602 906 4654 persuasum
934 4599 1071 4655 erat,
1096 4593 1370 4646 Christum
1403 4593 1452 4644 in
1485 4592 1650 4647 Ctena
1675 4611 1798 4664 azy-

219 4688 367 4728 mum
392 4673 671 4730 obtulisse.

291 4761 549 4833 Oppoucs
593 4767 874 4835 probabile
911 4771 1105 4836 videri,
1169 4771 1352 4826 fideles
1397 4779 1640 4838 tempore
1679 4789 1799 4842 per-

1905 4495 2043 4562 apud
2072 4494 2294 4550 Latinos
2315 4490 2590 4546 asserendi
2620 4491 2784 4560 (quod
2811 4504 2930 4542 cum
2963 4489 3101 4540 bona
3132 4494 3319 4539 contra
3353 4497 3474 4536 seu.

1905 4585 2152 4637 tientium
2184 4583 2341 4638 venia
2379 4581 2583 4636 dictum
2627 4579 2807 4646 velim)
2839 4577 2970 4631 mihi
2999 4574 3269 4631 sulliciens
3313 4585 3476 4636 causa

1903 4689 2010 4727 non
2039 4675 2269 4728 videtur.
