4020 5364
165 252 322 312 ιεεθ

1035 257 1254 321 EPIST.
1289 267 1374 322 DE
1410 257 1897 325 EUCHARISTME
1935 262 2423 332 SACRAMENTO.

3321 285 3460 343 I290

1985 443 2110 456 nona-

2118 444 3439 475 _.—‘_—'—_—————-—IQ—_—-———

1236 568 2376 730 nummatum

783 843 897 906 EX
936 841 1492 905 SCHOLASTICO
1531 843 1952 906 LEODIENSI
2002 839 2363 909 EPISCOPI
2408 847 2860 914 BRIXIENSIS

850 1044 996 1132 DE
1073 1037 1924 1134 EUCHARISTUE
1999 1043 2788 1141 SACRAMENTO

580 1255 791 1384 AD
904 1256 2057 1387 BERENGARIUM
2175 1230 3000 1389 EPISTOLA.

1284 1494 1628 1563 (Bibliotheca
1660 1492 1901 1555 Patrum,
1928 1494 2116 1557 XVIII,
2155 1493 2305 1565 438.)

2055 1667 2120 1682 ἡ

236 1817 445 1876 Dilecto
491 1819 543 1873 in
592 1817 812 1874 Christo
863 1816 1017 1872 fratri
1053 1785 1380 1873 scholastice
1414 1817 1757 1873 BKBENGARIO
1787 1821 1836 1879 Α
1863 1812 2011 1882 Quos
2035 1809 2390 1869 nihilominus
2421 1830 2475 1869 m
2509 1815 2640 1884 psal.
2676 1832 2770 1870 xm
2798 1816 2870 1871 ita
2901 1817 3193 1874 adnotatos
3219 1820 3455 1876 adverti-

157 1911 528 1965 Antzuxruvus
557 1907 786 1964 salutem
822 1907 874 1962 in
909 1907 1158 1962 Domino.

236 2001 648 2057 Collactaneum
691 2009 743 2054 te
777 2013 959 2054 meum
995 1998 1185 2054 vocavi
1234 2009 1456 2071 propter
1506 1998 1758 2054 dulcissi-

155 2108 316 2146 mum
354 2092 485 2147 illud
525 2091 942 2148 contubernium
982 2094 1126 2161 quod
1166 2105 1289 2148 cum
1341 2100 1395 2146 te
1442 2091 1761 2146 adolescen-

154 2180 312 2248 tulo,
345 2182 461 2252 ipse
489 2195 592 2251 ego
631 2180 1000 2250 majusculus,
1034 2181 1088 2235 in
1125 2181 1402 2236 academia
1438 2182 1759 2238 Carnotensi

161 2274 274 2329 sub
302 2283 492 2330 nostro
531 2274 623 2328 illo
654 2273 952 2329 venerabili
996 2273 1220 2329 Socrate
1261 2274 1337 2347 (5)
1366 2273 1760 2342 iucundissime

159 2367 299 2421 duxi
328 2383 343 2432 ;
387 2365 543 2432 cujus
573 2367 640 2421 de
670 2367 920 2421 convictu
954 2367 1172 2438 gloriari
1201 2368 1360 2422 nobis
1388 2367 1603 2438 dignius
1633 2367 1761 2423 licet

153 2472 326 2528 quam
363 2457 702 2528 gloriabatur
740 2458 926 2523 Plato,
963 2458 1172 2528 gratias
1229 2473 1396 2530 agens
1432 2469 1643 2514 natura:
1693 2473 1788 2513 eo‘

156 2551 307 2622 quod
339 2553 394 2606 in
427 2552 620 2608 diebus
650 2551 898 2607 Socratis
930 2551 1012 2606 sui
1053 2551 1330 2606 hominem
1361 2567 1419 2606 se
1449 2566 1556 2606 non
1591 2565 1756 2621 pecu-

159 2645 284 2698 dem
332 2645 654 2716 peperisset.
701 2643 810 2700 Nos
854 2644 998 2699 enim
1026 2644 1353 2699 sanctiorem
1399 2643 1567 2698 vitam
1613 2642 1758 2697 salu—

159 2737 513 2809 brioremque
565 2738 867 2792 doctrinam
916 2737 1168 2792 catholici
1214 2746 1269 2792 et
1318 2736 1754 2792 christianissimi

160 2831 404 2888 hominis
439 2833 645 2902 experti
685 2847 903 2898 sumus,
939 2841 996 2887 et.
1033 2847 1178 2887 nunc
1229 2829 1344 2900 ejus
1395 2829 1534 2899 apud
1586 2829 1754 2884 Deum

158 2925 420 2997 precibus
473 2924 715 2994 adjuvari
771 2939 992 2993 sperare
1041 2922 1321 2978 debemus.
1378 2921 1561 2990 Neque
1609 2921 1754 2976 enim

159 3015 438 3086 putandus
489 3023 576 3069 est
624 3014 979 3080 memoriam,
1032 3013 1087 3068 in
1125 3029 1232 3084 qua
1267 3028 1369 3068 nos
1408 3022 1662 3082 tanquam
1700 3012 1753 3066 in

159 3106 283 3161 sinu
322 3114 572 3160 materno
611 3119 827 3176 semper
867 3104 1114 3170 ferebat,
1156 3103 1437 3165 amisisse,
1477 3111 1570 3157 aut
1625 3116 1753 3157 vero

1867 1924 2031 1964 mus:
2065 1927 2083 1960 ι
2117 1909 2389 1964 Contritio
2432 1917 2489 1964 et
2532 1909 2821 1966 infelicitas
2870 1911 2923 1966 in
2969 1912 3073 1966 viis
3121 1926 3344 1977 eorum,
3396 1923 3454 1969 et

1863 2000 2009 2054 viam
2039 1999 2191 2068 pacis
2224 2015 2330 2054 non
2363 2008 2750 2069 cognoverunt.
2787 2019 2805 2052 ι
2841 2001 2984 2058 Ecce
3015 2001 3334 2057 scandalum
3363 2001 3453 2058 vel

1863 2088 2045 2158 potius
2065 2087 2360 2153 scandala;
2393 2103 2587 2158 nempe
2616 2090 2872 2145 contritio
2893 2100 2948 2145 et
2970 2089 3262 2146 infelicitas
3291 2098 3453 2146 teter—

1861 2197 1929 2237 na
1957 2198 1974 2248 ;
2007 2197 2126 2252 quae
2157 2190 2454 2236 occurrunt
2483 2180 2538 2234 in
2561 2181 2767 2236 semitis
2789 2182 3168 2239 haereticorum
3190 2181 3335 2237 viam
3357 2197 3454 2252 pa-

1862 2275 1943 2329 cis
1987 2271 2268 2328 catholicae
2305 2287 2464 2328 nosse
2502 2273 2892 2328 recusantium.
2937 2274 3167 2330 Avertat
3191 2273 3454 2330 Dominus

1863 2377 1893 2418 a
1924 2371 2007 2430 te,
2037 2372 2224 2418 sancte
2251 2361 2444 2431 frater,
2473 2363 2698 2420 semitas
2724 2363 2861 2420 tales
2881 2401 2896 2430 ,
2944 2372 3000 2420 et
3033 2372 3321 2421 convertat
3353 2378 3452 2435 pe-

1862 2455 1958 2510 des
1992 2463 2111 2510 tuos
2151 2456 2204 2510 in
2245 2455 2555 2510 testimonia
2594 2471 2732 2522 sua;
2783 2464 2839 2512 et
2874 2457 3166 2513 mendaces
3201 2459 3456 2514 ostendat

1861 2551 1950 2620 qui
1981 2549 2184 2604 famam
2216 2558 2366 2604 tuam
2401 2559 2509 2603 tam
2543 2548 2683 2604 foeda
2726 2549 2847 2606 labe
2875 2551 3151 2608 maculare
3177 2551 3450 2616 nituntur,

1860 2654 2179 2717 Spargentes
2228 2659 2657 2713 usquequaque,
2706 2653 2765 2698 ut
2813 2659 2918 2698 non
2966 2643 3144 2699 solum
3188 2643 3452 2708 Latinas,

1859 2754 2047 2793 ver-um
2086 2737 2254 2792 etiam
2292 2735 2624 2791 Teutonicas
2654 2750 2817 2792 aures
2841 2775 2856 2802 ,
2891 2737 3036 2792 inter
3064 2752 3200 2807 quas
3227 2737 3317 2792 diu
3358 2752 3476 2808 pe-~

1858 2834 2128 2905 regrinor,
2155 2829 2500 2902 repleverint,
2525 2831 2678 2900 quasi
2709 2839 2760 2886 te
2786 2831 2854 2886 ab
2877 2831 3082 2886 unitate
3107 2839 3311 2886 sanctae
3339 2845 3458 2885 ma-

1861 2929 1961 2983 tris
1995 2925 2254 2982 Ecclesia:
2289 2923 2581 2980 divulseris
2604 2963 2618 2989 ,
2651 2933 2706 2979 et
2743 2924 2809 2978 de
2838 2937 3066 2994 corpore
3096 2932 3154 2978 et
3189 2923 3458 2992 sanguine

1858 3019 2107 3082 Domini,
2135 3017 2286 3087 quod
2314 3015 2558 3085 quotidie
2589 3014 2644 3068 in
2676 3014 2932 3070 universa
2963 3025 3109 3070 terra
3137 3027 3302 3083 super
3327 3028 3455 3067 san-

1857 3120 2003 3166 ctum
2035 3110 2206 3163 altare
2243 3107 2586 3172 immolatur,
2621 3107 2780 3162 aliter
2809 3122 2975 3177 quam
3009 3107 3141 3163 fides
3174 3105 3446 3163 catholica

165 3199 414 3254 Charitas
451 3199 693 3264 Christi,
725 3215 829 3266 qua
873 3199 1012 3252 sicut
1043 3197 1181 3251 ﬁlios
1212 3197 1666 3267 amplectebatur,
1700 3197 1750 3248 in
1788 3181 1829 3238 Β
1861 3207 2081 3263 teneat,
2116 3199 2319 3253 sentire
2351 3197 2588 3251 videaris
2619 3215 2630 3250 :
2673 3197 2777 3251 hoc
2815 3205 2930 3262 est,
2963 3203 3022 3249 ut
3049 3195 3265 3251 illorum
3305 3195 3371 3252 de
3402 3204 3453 3248 te

159 3305 228 3346 eo
267 3291 538 3346 exstincta
576 3299 681 3346 est.
720 3291 826 3345 Sed
867 3291 1072 3360 absque
1099 3288 1263 3344 dubio
1295 3302 1506 3342 memor
1542 3285 1752 3352 nostri,

160 3381 399 3450 diligens
425 3381 641 3452 plenius
669 3396 832 3450 quam
865 3395 988 3434 cum
1021 3378 1075 3433 in
1107 3392 1334 3448 corpore
1365 3379 1557 3432 mortis
1586 3373 1751 3444 hujus

159 3471 632 3540 peregrinaretur,
671 3471 865 3526 invitat
899 3470 966 3525 ad
1004 3484 1063 3526 se
1099 3468 1240 3524 votis
1271 3476 1326 3523 et
1357 3468 1537 3524 tacitis
1577 3467 1755 3538 preci-

161 3561 299 3626 bus,
332 3560 618 3616 obtestans
650 3576 748 3631 per
779 3570 990 3616 secreta
1026 3560 1118 3615 illa
1152 3568 1207 3615 et
1247 3560 1553 3630 vespertina
1586 3558 1754 3615 collo-

162 3655 292 3723 quia
336 3670 459 3725 quae
501 3655 791 3711 nobiscum
837 3656 891 3709 in
941 3654 1160 3710 hortulo
1190 3653 1346 3725 juxta
1394 3652 1657 3725 capellam
1690 3653 1757 3706 de

161 3744 386 3800 civitate
425 3745 514 3800 illa
555 3761 717 3816 quam
760 3747 871 3802 Deo
908 3745 1122 3801 volente
1156 3754 1376 3801 senator
1405 3761 1550 3800 nunc
1586 3744 1759 3815 possi—

163 3837 290 3902 det,
340 3839 537 3908 saepius
584 3840 850 3902 habebat,
891 3846 948 3894 et
981 3839 1279 3895 obsecrans
1314 3853 1412 3907 per
1448 3837 1753 3908 lacrymas,

162 3943 302 3997 quas
359 3931 631 3986 interdum
688 3931 742 3985 in
803 3931 982 3986 medio
1035 3945 1291 3986 sermone
1347 3944 1754 3999 prorumpens,

158 4020 474 4075 exundante
501 4021 674 4076 sancti
704 4021 920 4076 ardoris
949 4020 1176 4089 impetu,
1203 4021 1512 4084 emanabat,
1545 4027 1602 4072 ut
1631 4018 1758 4072 illuc

161 4112 314 4165 omni
367 4113 546 4167 studio
602 4127 991 4182 properemus,
1057 4111 1200 4166 viam
1251 4112 1455 4181 regiam
1505 4110 1757 4166 directim

139 4201 509 4269 gradientes,
547 4209 862 4257 sanctorum
899 4201 1126 4256 Patrum
1167 4201 1412 4271 vestigiis
1448 4201 1752 4256 observan-

161 4291 377 4347 tissime
409 4292 766 4357 inhaarentes,
796 4301 856 4347 ut
887 4291 1095 4348 nullum
1124 4307 1349 4362 prorsus
1377 4292 1431 4346 in
1464 4292 1758 4349 diverticu-

164 4383 314 4449 lum,
344 4383 548 4439 nullam
577 4385 630 4439 in
657 4400 856 4445 novam
889 4393 944 4440 et
973 4383 1220 4440 fallacem
1251 4383 1504 4439 semitam
1535 4381 1755 4439 desilia-

164 4490 323 4543 mus,
372 4492 441 4532 ne
483 4477 623 4534 forte
673 4479 725 4532 in
765 4478 989 4548 laqueos
1017 4485 1076 4532 et
1112 4476 1367 4532 scandala
1407 4465 1749 4545 incidamus;

167 4567 299 4637 quia
350 4568 493 4622 sicut
543 4569 621 4624 ait
665 4539 954 4624 Psalmista
986 4585 999 4621 :
1030 4566 1239 4624 «Juxta
1288 4568 1390 4622 iter
1438 4539 1750 4626 scandalum
1779 4539 1822 4602 Ο

157 4667 468 4726 posuerunt
520 4658 652 4714 mihi
705 4657 900 4731 (Paul.
934 4659 1198 4731 cxxxrx).
1235 4680 1254 4712 ι
1288 4659 1423 4715 Nam
1475 4663 1618 4730 quod
1671 4672 1756 4718 est

158 4747 317 4816 juxta
371 4750 496 4815 iter,
549 4751 654 4806 hoc
699 4760 782 4806 est
825 4761 979 4806 extra
1017 4752 1140 4806 iter.
1180 4752 1254 4806 De
1288 4753 1374 4805 via
1411 4764 1590 4808 autem
1626 4755 1754 4822 quid

160 4841 338 4896 dicit?
368 4861 385 4894 ι
415 4841 528 4896 Pax
558 4843 726 4918 multa
755 4842 1108 4915 diligentibus
1134 4843 1306 4914 legem
1349 4853 1494 4897 tuam
1514 4882 1529 4910 ,
1561 4852 1617 4898 et
1647 4860 1752 4899 non

160 4939 244 4985 est
293 4931 404 4987 illis
454 4932 775 4987 scandalum
828 4932 1020 5003 (Psal.
1052 4947 1220 4988 cxvm
1249 4935 1290 5002 ).
1326 4952 1342 4983 ι
1375 4931 1440 4986 Et
1494 4933 1622 5003 quid
1673 4942 1757 4988 est

160 5019 244 5076 lex
277 5022 526 5089 Domini,
559 5024 663 5078 nisi
697 5023 781 5076 via
822 5023 1079 5078 Domini?
1122 5022 1276 5080 Sicut.
1308 5023 1364 5078 in
1405 5023 1513 5080 alio
1542 5022 1756 5095 psalmo

159 5123 414 5167 cantatur
463 5131 476 5168 :
535 5133 555 5166 ‹
594 5113 745 5168 Viam
788 5116 1164 5169 mandatorum
1221 5125 1437 5170 tuorum
1498 5116 1750 5185 cucurri,

161 5216 284 5256 cum
335 5204 575 5258 dilatasti
621 5219 716 5258 cor
766 5220 943 5260 meum
991 5203 1175 5275 (Ibid.
1205 5223 1245 5279 ).
1284 5225 1304 5258 ι
1333 5203 1478 5274 Ergo
1527 5207 1579 5260 in
1631 5208 1752 5274 via,

161 5309 298 5362 pax;
329 5309 484 5352 extra
511 5297 692 5362 viam,
721 5299 1054 5354 scandalum.
1089 5298 1204 5359 Hoc
1230 5297 1550 5356 scandalum
1580 5299 1757 5356 incur-

1861 3291 2024 3346 dictis
2072 3297 2215 3354 utar,
2267 3303 2372 3343 non
2417 3302 2540 3343 esse
2578 3301 2770 3365 verum
2805 3300 3003 3356 corpus
3040 3284 3241 3340 Christi
3278 3300 3454 3356 neque

1861 3397 2049 3436 verum
2088 3379 2442 3451 sanguinem,
2485 3377 2579 3434 sed
2609 3376 2836 3448 figuram
2866 3375 3159 3445 quamdam
3198 3383 3256 3430 et
3293 3374 3452 3430 simi-

1860 3471 2172 3525 Iitudinem!

1939 3563 2064 3618 Ilzcc
2093 3572 2218 3616 ante
2249 3562 2350 3616 hoc
2382 3560 2659 3616 biennium
2693 3573 2816 3614 cum
2847 3557 3121 3612 audissem
3141 3598 3153 3621 ,
3191 3556 3448 3612 fraterni-

1862 3663 2026 3712 tatem
2081 3663 2226 3708 tuam
2276 3669 2372 3722 per
2423 3653 2708 3721 epistolam
2761 3651 3058 3706 convenire
3092 3690 3107 3713 ,
3162 3649 3325 3719 idque
3376 3663 3447 3704 ex

1863 3747 2036 3816 teipso
2081 3745 2290 3801 certius
2343 3743 2732 3798 sciscitandum
2781 3755 2904 3796 esse
2950 3739 3192 3794 decrevi.
3252 3738 3450 3793 Sciens

1859 3853 2022 3909 porro
2053 3836 2377 3890 familiarem
2410 3842 2559 3898 tuum
2588 3834 2868 3892 dominum
2896 3831 3213 3895 Paulinum,
3245 3829 3452 3885 Meten-

1859 3944 1971 3984 sem
1998 3925 2404 3997 primicerium,
2434 3923 2530 3979 tibi
2577 3923 2893 3994 propiorem
2926 3921 3135 3991 tibique
3177 3919 3455 3990 aliquanto

1859 4020 2172 4075 viciniorem
2204 4032 2358 4082 esse,
2391 4024 2448 4069 et
2487 4028 2610 4070 mea
2645 4013 2909 4084 petitione
2949 4021 3004 4068 et
3044 4011 3477 4081 sua'pollicita-‘

1861 4110 2006 4165 tione
2049 4105 2290 4177 delegavi
2321 4105 2425 4160 sibi
2458 4104 2621 4175 hujus
2666 4102 2870 4174 negotii
2913 4100 3341 4157 exsecutionem.
3387 4101 3458 4155 At

1857 4201 1945 4256 ille
1973 4199 1992 4273 (
2018 4215 2121 4256 non
2152 4197 2298 4264 enim
2327 4196 2379 4252 in
2407 4197 2513 4252 hac
2542 4210 2603 4251 re
2631 4190 2868 4251 laudare
2895 4210 3023 4250 eum
3055 4208 3279 4266 possum
3303 4195 3321 4265 )
3355 4209 3455 4250 ne-

1858 4293 2066 4364 gligens
2116 4291 2232 4347 sive
2284 4291 2612 4346 alterutrum
2659 4289 2774 4345 sive
2820 4296 3112 4359 utrumque
3153 4295 3399 4343 nostrum
3437 4328 3452 4352 ,

1856 4400 2028 4456 usque
2075 4383 2252 4439 adhuc
2301 4382 2525 4453 reliquit
2573 4396 2661 4437 me
2712 4395 3062 4452 suspensum.
3115 4379 3224 4435 Sed
3270 4379 3456 4434 divina

1856 4475 2030 4548 gratia
2056 4490 2155 4530 nos
2182 4489 2460 4544 nunquam
2487 4473 2766 4546 negligens
2793 4473 3072 4544 inopinato
3099 4472 3230 4529 mihi
3259 4471 3457 4526 obtulit

1857 4569 2050 4624 melius
2103 4564 2269 4638 quani
2319 4565 2595 4636 Optabam.
2659 4566 2925 4636 Optabam
2976 4573 3156 4619 autem
3208 4564 3456 4619 invenire

1859 4660 2137 4716 hominem
2169 4657 2557 4729 peregrinandi
2601 4672 2704 4711 usu
2753 4656 3152 4719 exercitatum,
3204 4651 3449 4723 regionis

1861 4758 1915 4805 et
1945 4749 2142 4817 linguae
2171 4747 2510 4801 Francorum
2542 4761 2645 4802 non
2690 4745 2938 4816 ignarum
2968 4761 2982 4810 ;
3031 4754 3086 4798 et
3129 4757 3256 4798 cccc
3302 4743 3454 4798 stetit

1866 4840 1999 4894 mihi
2046 4855 2077 4894 e
2119 4838 2291 4893 latere
2321 4837 2490 4892 frater
2519 4837 2625 4894 iste
2652 4836 2742 4903 G.,
2771 4853 2840 4893 ex
2875 4846 2966 4892 tuo
2995 4837 3216 4892 nomine
3247 4849 3336 4890 me
3363 4851 3452 4891 sa-

1881 4943 2065 4988 utans.
2096 4931 2364 5000 Ohstupui
2394 4945 2507 5000 prae
2535 4929 2736 5003 gaudio
2757 4968 2774 4996 ,
2822 4939 2879 4987 et
2924 4937 3107 4984 tamen
3160 4943 3268 4991 non
3303 4931 3458 4997 potui

1864 5033 1976 5079 tam
2011 5023 2300 5095 repentino
2330 5023 2549 5078 eventui
2580 5024 2742 5080 fidem
2778 5023 3045 5092 integram
3071 5021 3304 5085 habere,
3330 5021 3466 5090 quia

1860 5115 2032 5173 frater
2059 5118 2189 5172 item
2219 5113 2428 5170 nullum
2457 5114 2558 5172 abs
2590 5123 2643 5170 te
2673 5113 2892 5184 signum
2923 5113 3308 5169 litteratoriutn
3337 5108 3474 5181 (uti

1861 5224 1979 5266 mos
2006 5217 2089 5266 est
2116 5210 2260 5263 inter
2286 5202 2496 5258 amicos
2530 5216 2641 5263 tam
2668 5204 2829 5278 longe
2856 5211 3098 5261 remotos
3124 5213 3346 5272 tamque
3374 5203 3480 5273 diu

1862 5318 1968 5356 non
1999 5300 2187 5364 visos)
2219 5295 2480 5352 afferebat
2508 5317 2521 5352 :
2557 5298 2700 5364 quod
2732 5308 2916 5355 tamen
2956 5297 3133 5364 ipsum
3161 5293 3364 5364 multis
3388 5299 3476 5354 de
