4020 5364
557 187 690 241 I291

1511 199 1910 263 summum
1947 188 2254 269 Ertscort
2307 212 2692 270 utuxn-susrs

3698 215 3843 271 1291

557 309 927 401 prteparatum
968 304 1100 361 mihi
1141 321 1261 364 esse
1304 323 1413 366 non
1455 309 1736 385 difﬁdens,
1770 319 1916 377 nolui
1948 322 2148 378 diutius
2176 338 2224 397 Α
2252 336 2465 384 cantem
2500 347 2512 383 :
2548 348 2566 383 ι
2602 329 2714 396 Ego
2739 345 2858 385 sum
2889 329 3043 401 panis
3091 330 3243 386 ritus
3295 331 3385 401 qui
3439 333 3508 388 de
3552 328 3701 388 celo
3752 332 3844 388 do-

555 394 910 480 vdissimulare
953 398 1083 470 quin
1124 399 1242 472 ipse
1289 411 1469 460 mente
1501 421 1565 462 ac
1597 409 1788 479 spiritu
1822 428 1943 469 meo
1975 414 2151 487 (pra:-

566 490 815 547 sentibus
859 489 1058 547 litteris
1102 500 1358 565 tanquam
1390 498 1583 568 pennis
1608 500 1840 576 induto)
1873 521 1968 577 per
1998 515 2149 564 tanta

565 589 838 636 terrarum
867 581 1040 653 spatia
1070 586 1461 644 transvolarem
1481 631 1495 656 ,
1526 581 1826 651 obsecrans
1856 612 1954 668 per
1987 599 2152 654 mise-

559 671 854 728 ricordiam
903 673 1032 742 Dei,
1080 689 1180 748 per
1223 679 1603 738 suavissimam
1653 695 1973 744 memoriam
2021 690 2150 745 Ful-

554 761 696 818 berti
717 805 731 828 ,
765 773 824 818 ut
853 779 1042 835 pacem
1069 769 1394 827 catholicam
1416 773 1630 847 diligas,
1659 795 1834 849 neque
1855 783 2149 840 conturbes

556 853 944 924 rcmpublicam
968 857 1295 917 Christianae
1318 863 1552 922 civitatis
1577 869 1714 924 bene
1736 872 2091 942 compositam
2117 889 2146 928 a

555 941 852 1012 majoribus
876 948 1118 1004 nostris:
1147 966 1244 1020 pro
1272 967 1375 1020 qua
1407 964 1483 1009 tot
1508 956 1672 1012 millia
1704 941 1998 1032 martyrum
2022 978 2149 1018 con-

557 1043 640 1090 Ira
672 1036 1032 1094 idololatriam
1063 1050 1117 1095 et
1148 1060 1371 1115 regnum
1403 1048 1602 1104 diaboli
1634 1050 1849 1108 fortiter
1875 1063 2148 1110 certantes

557 1127 1066 1198 triumphaverunt,
1105 1134 1440 1208 subimleque
1487 1144 1658 1198 sancti
1708 1146 1964 1204 doctores
2009 1149 2146 1204 bella

555 1218 738 1273 civilia
784 1223 852 1277 ab
898 1223 1168 1280 haereticis
1216 1237 1484 1284 coinntota
1533 1233 1790 1290 salutaris
1826 1237 2147 1308 eloquentiae

555 1311 873 1369 fluminibus
913 1312 1311 1383 restiltxerunt,
1357 1321 1538 1394 itaque
1565 1342 1684 1382 eam
1715 1330 2147 1404 circumquaque

553 1404 898 1473 munierunt,
929 1407 1121 1476 utjam
1153 1426 1322 1468 novus
1349 1413 1520 1470 hostis
1550 1417 1725 1473 nullus
1753 1419 1954 1475 oboriri
1983 1433 2145 1492 queat

541 1497 643 1568 ‘qui
663 1538 678 1562 ,
700 1499 957 1555 adversus
979 1517 1098 1556 eam
1125 1504 1328 1574 aliquid
1355 1508 1561 1575 nitens,
1587 1527 1694 1565 non
1718 1512 1978 1567 continuo
2001 1513 2145 1569 mille

548 1585 748 1656 iaculis
794 1589 1023 1662 desuper
1072 1595 1354 1652 ruentibus
1410 1599 1696 1656 obruatur.
1750 1601 1874 1658 ldeo
1930 1604 2142 1660 confusi

2253 417 2459 472 scendi.
2485 417 2541 474 Si
2570 420 2694 490 quis
2715 421 3120 477 manducaverit
3156 423 3223 476 de
3256 424 3352 478 hoc
3379 438 3548 494 pane,
3610 423 3762 480 vivet
3787 425 3841 480 in

2250 517 2512 564 aeternum
2543 528 2556 564 :
2587 521 2639 566 et
2670 511 2826 582 panis
2854 527 3014 583 quem
3044 527 3145 584 ego
3174 514 3332 579 dabo,
3386 530 3522 570 caro
3550 532 3676 572 mea
3737 528 3839 581 est,

2251 616 2356 678 pro.
2377 603 2560 656 mundi
2607 604 2715 658 vita
2745 603 2924 663 (Joan.
2968 605 3064 674 vt).
3107 626 3125 659 ι
3163 605 3338 672 Dabo,
3368 607 3568 678 inquit,
3625 625 3734 664 non
3771 612 3844 663 ait

2251 670 2392 744 dedi.
2453 679 2680 759 Quando
2715 709 2844 762 ergo
2898 670 3062 766 erepit
3115 697 3284 750 dare?
3326 670 3572 765 Quando,
3669 698 3844 766 pridie

2250 795 2413 850 quam
2446 791 2723 850 pateretur
2752 785 2963 854 accepit
2989 801 3211 856 partem,
3244 795 3300 842 et
3325 788 3552 842 elevatis
3575 789 3761 844 oculis
3789 793 3839 846 in

2250 858 2473 939 cadunt,
2501 858 2705 947 gratias
2727 892 2894 949 agens
2923 879 3220 944 benedixit,
3253 879 3434 951 fregit.
3489 879 3646 934 dedit
3677 880 3818 934 disci

2250 963 2388 1034 pulis
2435 966 2570 1030 suis,
2622 968 2808 1022 dicens
2841 987 2854 1022 :
2883 967 3129 1039 Accipite
3177 977 3232 1023 et
3283 971 3568 1032 comedite,
3627 970 3735 1025 hoc
3765 979 3848 1024 est

2250 1067 2446 1123 corpus
2477 1071 2677 1110 meum;
2705 1057 2968 1114 Similiter
2991 1070 3044 1114 et
3072 1060 3318 1123 eaiicem.
3342 1073 3635 1132 postquam
3660 1077 3848 1116 cerna-

2248 1147 2345 1212 vit,
2377 1148 2562 1204 dicens
2595 1165 2610 1204 :
2643 1150 2887 1220 Accipite
2909 1162 2964 1206 et
2991 1151 3158 1207 bibite
3187 1169 3252 1208 ex
3280 1170 3344 1208 eo
3381 1161 3597 1208 omnes.
3631 1153 3735 1208 "lC
3764 1165 3847 1208 est

2248 1237 2388 1292 calix
2419 1241 2700 1311 sanguinis
2733 1243 2862 1306 mei,
2909 1243 3001 1312 qui
3060 1244 3157 1313 pro
3209 1245 3363 1300 vobis
3403 1249 3461 1299 'et
3506 1260 3609 1314 pro
3661 1244 3850 1298 multis

2247 1328 2551 1386 ellundetur
2567 1333 2619 1386 itt
2640 1333 3372 1404 remissionem'péécaturntn
3392 1335 3612 1408 (Matth.
3631 1341 3848 1399 XX\’|).I

2247 1423 2379 1489 Quis
2403 1425 2503 1480 hoc
2533 1426 2602 1480 ita
2628 1441 2749 1482 esse
2773 1442 2877 1482 non
2900 1429 3093 1495 credit,
3132 1429 3233 1484 ttisi
3255 1430 3344 1500 qui
3372 1438 3465 1482 aut
3487 1429 3716 1483 Cltrism
3738 1442 3850 1480 non

2247 1517 2438 1580 credit,
2473 1529 2568 1574 aut
2595 1520 2768 1591 ipsum
2791 1522 2894 1578 hoc
2941 1523 3143 1578 dixisse
3191 1525 3295 1578 no‘n
3345 1522 3557 1579 credit?
3609 1521 3722 1577 Sed
3782 1520 3851 1575 de

2248 1608 2538 1666 incredulis
2560 1613 2691 1669 nihil
2721 1615 2786 1670 ad
2812 1630 2928 1670 nos.
2967 1617 3174 1672 Dixisse
3197 1625 3380 1672 autent
3408 1615 3714 1678 Christum,
3774 1623 3855 1668 te-

551 1685 678 1735 s'unt
724 1697 914 1739 omnes
959 1692 1016 1738 et
1067 1685 1402 1745 defecerunt.
1458 1690 1558 1746 Ubi
1611 1694 1752 1748 enim
1802 1705 1928 1751 sunt
1974 1696 2144 1752 Mani-
2176 1691 2218 1751 Β
2249 1711 2360 1756 stes
2385 1719 2488 1759 non
2515 1706 2620 1760 duo
2650 1716 2857 1762 tantum
2890 1717 2982 1763 aut
3015 1719 3144 1774 tres,
3179 1710 3232 1763 in
3272 1710 3468 1779 quibus
3497 1727 3516 1759 ‹
3539 1718 3648 1764 stat
3680 1722 3852 1762 omne

548 1777 724 1845 eluci,
754 1777 844 1832 ubi
878 1771 1106 1835 Ariani?
1149 1782 1392 1850 Quonam
1419 1792 1528 1842 tota
1563 1785 1650 1841 illa
1679 1787 1842 1844 factio
1879 1791 2134 1862 perditis-
2199 1783 2202 1791 ’

548 1869 812 1924 simorum
839 1870 1285 1929 eit'itttn'evasit?
1315 1877 1657 1948 Computruit
1680 1881 1844 1935 etiam
1875 1883 2135 1939 memoria

553 1971 765 2012 eorum.
811 1961 881 2016 At
927 1977 1060 2047 vero,
1095 1963 1446 2032 Ambrosius,
1479 1968 1846 2040 Augustinus,
1873 1972 2137 2047 Hierony-

547 2065 671 2105 mus
694 2091 710 2116 ,
754 2060 808 2106 et
843 2052 931 2107 alii
970 2045 1160 2123 plures
1192 2056 1486 2114 bestiarum
1521 2061 1708 2116 talium
1741 2045 2096 2133 Oppressores
2118 2107 2133 2132 ,

550 2157 673 2196 cum
722 2137 972 2202 laudibus
1012 2147 1234 2218 vivunt,
1283 2152 1631 2224 quotidieque
1670 2155 2007 2226 splendidius
2058 2160 2139 2214 ef-

553 2232 871 2293 florescunt.
903 2236 1108 2294 Bonum
1141 2250 1263 2308 est,
1311 2240 1500 2310 frater,
1544 2245 1700 2302 nobis
1741 2248 1978 2319 parvulis
2035 2249 2137 2306 sub

553 2326 783 2384 istorum
838 2330 1036 2386 ducum
1097 2333 1269 2390 titulis
1333 2335 1682 2404 delitescere,
1740 2355 1970 2410 quorum
2027 2350 2136 2398 tam

548 2418 726 2474 valida
761 2427 980 2492 tamque
1004 2425 1301 2494 probabilis
1329 2437 1412 2483 est
1442 2431 1582 2499 apud
1614 2431 2014 2490 ecclesiasticas
2042 2451 2136 2490 au-

548 2525 638 2566 res
667 2513 967 2570 auctoritas
997 2529 1310 2573 sanctarum
1343 2519 1605 2577 virtutum
1649 2523 1857 2594 fulgore
1898 2527 2138 2582 caelestis

548 2603 831 2674 sapientiae
859 2604 981 2662 luce
1009 2608 1366 2677 praepollens,
1398 2621 1458 2666 ut
1489 2623 1748 2670 extremm
1782 2615 1896 2685 jam
1924 2617 1997 2672 sit
2038 2619 2138 2673 dea

550 2695 788 2764 mentiar,
821 2697 905 2752 vel
936 2697 1004 2754 de
1033 2700 1244 2757 ratione
1277 2701 1398 2758 fidei
1439 2703 1523 2758 vel
1555 2705 1623 2760 de
1664 2707 1854 2764 ordine
1883 2718 2034 2765 recte
2061 2709 2141 2764 vi-

547 2785 707 2841 vendi
727 2827 743 2853 ,
774 2788 855 2843 eis
879 2787 934 2844 in
962 2788 1148 2859 aliquo
1173 2791 1457 2865 refragari.
1492 2795 1718 2862 Quare?
1747 2797 1934 2856 Nonne
1958 2800 2137 2856 homi-

545 2895 646 2935 nes
684 2891 878 2949 erant,
923 2891 980 2938 et
1021 2883 1134 2939 falli
1178 2885 1247 2940 ab
1289 2887 1413 2940 aliis
1456 2896 1622 2958 atque
1664 2889 1764 2959 ipsi
1795 2889 1979 2949 fallere
2006 2894 2140 2949 alios

541 2974 832 3043 poterant?
856 2973 937 3030 lta
966 2976 1111 3031 enim
1135 2978 1267 3032 dicit
1295 2977 1575 3050 Scriptura
1602 2997 1791 3051 verax,
1818 2985 1944 3054 quia
1975 3003 1993 3036 ι
2022 3001 2140 3040 orn-

542 3064 631 3120 nis
661 3065 823 3122 homo
852 3067 1081 3123 mendax
1110 3069 1128 3141 (
1153 3066 1305 3124 Ρεαι.
1335 3085 1389 3124 xt
1491 3089 1510 3124 ι
1547 3070 1701 3128 Unde
1741 3043 1873 3146 ergo
1913 3091 1981 3132 eo
2025 3076 2139 3132 cul-
2166 3043 2210 3104 Ο

547 3157 715 3214 minis
768 3170 1169 3228 pervenerunt,
1215 3169 1275 3217 ut
1315 3160 1436 3232 jam
1490 3172 1668 3219 ratum
1715 3164 2020 3223 habendum
2070 3168 2143 3223 sit

548 3249 814 3320 quidquid
855 3253 923 3308 de
958 3251 1156 3308 divinis
1198 3253 1471 3324 mysteriis
1513 3265 1802 3312 senserunt
1841 3259 2141 3314 memoria:-

543 3355 650 3407 que
679 3342 1117 3398 maudaverunt?
1144 3343 1278 3398 Nam
1325 3354 1381 3400 et
1422 3347 1652 3418 gentiles
1696 3348 1876 3420 magni
1918 3349 2138 3420 quidam

547 3439 604 3483 et
631 3429 838 3485 nobiles
887 3430 1190 3503 philosophi
1251 3434 1417 3490 multa
1473 3435 1630 3502 falsa,
1681 3453 1800 3508 quae
1839 3437 1963 3506 jure
2003 3454 2137 3494 con-

547 3522 863 3589 temnimus,
891 3537 997 3578 non
1026 3523 1199 3579 solum
1230 3525 1296 3582 de
1323 3536 1568 3584 creatore
1594 3521 1732 3597 Deo,
1785 3530 1880 3586 sed
1924 3531 1990 3588 de
2036 3532 2140 3588 hoc

548 3617 752 3673 mundo
781 3627 836 3672 et
867 3617 953 3674 his
984 3634 1102 3688 quae
1130 3619 1184 3675 in
1210 3635 1274 3676 eo
1303 3630 1466 3687 sunt,
1499 3625 1736 3680 sensisse
1765 3623 2136 3681 inveniuntur.

547 3707 687 3776 Quid
720 3709 863 3764 enim
892 3709 1180 3767 absurdius
1219 3711 1475 3768 afllrmari
1518 3723 1695 3784 potest
1735 3731 1897 3786 quam
1935 3717 2135 3772 caelum

553 3813 814 3874 astraque
843 3804 1024 3859 omnia
1053 3813 1232 3872 stare,
1265 3813 1468 3860 terram
1498 3821 1629 3864 vero
1659 3809 1845 3879 rapida
1873 3809 2139 3880 vertigine

548 3895 604 3949 in
637 3896 814 3952 medio
843 3895 1223 3962 circumferri;
1258 3895 1369 3953 falli
1402 3913 1532 3954 vero
1559 3914 1654 3956 eos
1679 3901 1770 3972 qui
1803 3911 1993 3972 putent
2024 3916 2138 3958 coe-

550 3985 708 4040 lestia
756 3987 992 4055 moveri,
1026 3990 1484 4060 quemadmodum
1527 3989 1792 4047 falluntur
1819 3993 2137 4065 navigantes

549 4077 749 4146 quibus
803 4089 979 4135 turres
1033 4090 1196 4153 atque
1246 4081 1470 4140 arbores
1515 4101 1635 4141 cum
1686 4086 1818 4157 ipsis
1864 4086 2138 4144 littoribus

553 4167 807 4223 videntur
859 4171 1163 4228 recedere?
1220 4174 1388 4229 solem
1445 4185 1705 4246 praeterea
1759 4191 1868 4232 non
1926 4177 2134 4244 calere,

550 4258 730 4314 nivem
757 4261 964 4332 nigrant
991 4277 1132 4330 esse,
1163 4265 1352 4321 audire
1378 4268 1499 4337 quis
1531 4267 1708 4323 ferat?

627 4349 767 4405 Sunt
793 4353 931 4422 apud
959 4353 1078 4408 illos
1098 4355 1252 4425 plura
1282 4371 1435 4427 teque
1464 4370 1823 4424 monstruosa,
1857 4377 1978 4431 qua:
2011 4379 2140 4434 pro-
2171 4391 2216 4450 ι)

549 4443 704 4513 sequi
736 4442 954 4515 longum
1002 4453 1085 4500 est
1111 4454 1166 4501 et
1193 4448 1571 4518 nugatorium?
1612 4452 1687 4506 De
1711 4452 1906 4522 quibus
1940 4455 2139 4510 Doctor

553 4543 741 4591 noster
770 4553 782 4588 :
821 4554 839 4586 ‹
870 4534 1140 4605 Dicentes,
1168 4537 1365 4608 inquit,
1401 4554 1462 4594 se
1489 4554 1612 4596 esse
1640 4542 1939 4611 sapientes,
1985 4546 2138 4601 stulti

549 4627 680 4682 facti
712 4635 836 4681 sunt
865 4625 1046 4698 (Rom.
1077 4628 1140 4698 ι).
1181 4647 1200 4681 ι
1236 4628 1352 4684 Non
1379 4631 1481 4687 hos
1518 4631 1681 4703 elegit
1712 4633 1995 4703 Dominus,
2047 4640 2139 4710 qui

552 4719 822 4790 superbiat
851 4718 1017 4774 inflati
1043 4721 1237 4790 spiritu
1267 4739 1287 4773 ι
1308 4733 1646 4779 evanuerunt
1692 4727 1746 4780 in
1801 4728 2143 4798 cogitationi-

550 4808 652 4863 bus
681 4808 815 4864 suis.
849 4828 868 4861 ι
895 4810 965 4863 At
990 4811 1160 4865 nostri
1215 4810 1288 4866 illi
1343 4811 1534 4869 Patres
1572 4814 1806 4873 humiles
1861 4819 2025 4876 corde
2080 4837 2145 4877 ac

556 4915 824 4970 pauperes
849 4901 1062 4972 spiritu,
1095 4917 1195 4972 pro
1236 4904 1434 4973 quibus
1463 4904 1718 4963 Salvator
1763 4908 1978 4965 Patrem
2030 4913 2146 4982 glo-

552 4993 736 5048 riticat
785 4993 888 5049 hoc
942 4996 1100 5050 modo
1131 5012 1144 5049 :
1175 5015 1192 5048 ι
1222 4992 1495 5052 Confiteor
1540 4999 1658 5065 tibi,
1681 5000 1862 5067 Pater,
1921 5003 2146 5060 Domine

561 5083 686 5136 coeli
715 5092 770 5138 et
794 5093 978 5153 terrm,
1024 5087 1114 5156 qui
1142 5088 1476 5146 abscondisti
1508 5091 1624 5146 haec
1649 5107 1678 5145 a
1707 5094 2044 5162 sapientibus
2091 5105 2147 5151 et

559 5173 939 5243 prudentibus,
993 5186 1047 5232 et
1074 5180 1326 5236 revelasti
1351 5196 1414 5237 ea
1446 5183 1686 5252 parvulis
1740 5184 1954 5255 (Manli.
1981 5187 2081 5257 xt),
2120 5207 2140 5242 ι

563 5260 687 5315 ideo
714 5277 936 5320 veraces
970 5277 1119 5335 sunt,
1149 5271 1274 5340 quia
1297 5273 1762 5344 participaveruut
1811 5284 1868 5331 et
1910 5278 2150 5333 cohtese-

2239 1796 2489 1861 verbum,
2523 1816 2542 1850 ›
2574 1799 2667 1853 sed
2721 1808 2957 1869 quatuor
3009 1800 3376 1870 probatissimi
3429 1799 3850 1867 certissimique

2238 1884 2480 1942 existunt
2531 1904 2544 1941 :
2600 1887 2708 1943 duo
2759 1887 2967 1943 scilicet
3012 1903 3080 1943 ex
3132 1887 3580 1952 circumcisione.
3630 1897 3689 1941 et
3737 1885 3852 1939 duo

2238 1989 2303 2028 ex
2364 1977 2672 2046 pra'putio,
2735 1987 2796 2032 ut
2848 1987 3076 2048 uterque
3121 1977 3348 2048 populus
3396 1977 3509 2032 suis
3555 1992 3620 2031 ac
3667 1975 3848 2045 legiti-

2240 2063 2344 2119 mis
2407 2066 2860 2129 auctoritatibus,
2919 2067 3058 2122 sivct
3089 2067 3156 2121 ad
3207 2066 3432 2122 salutem
3475 2066 3592 2120 sive
3637 2065 3708 2118 ad
3758 2066 3848 2134 ju-

2239 2155 2439 2210 dicium
2492 2167 2756 2213 uteretur.
2794 2159 2941 2215 Dixit
2977 2161 3190 2230 utique,
3223 2160 3358 2214 dixit
3413 2159 3502 2212 ille
3557 2159 3652 2227 qui
3706 2157 3846 2211 dixit

2240 2252 2294 2298 et
2325 2244 2464 2300 facta
2490 2257 2635 2302 sunt.
2669 2247 2771 2316 Qui
2824 2249 2970 2303 enim
3022 2250 3160 2304 dixit
3212 2249 3264 2303 in
3321 2247 3638 2317 principio:
3680 2245 3848 2300 «Fiat

2240 2336 2352 2403 lux,
2383 2349 2436 2393 ct
2458 2337 2598 2393 facta
2621 2350 2704 2395 est
2733 2339 2824 2396 lux
2857 2341 2923 2396 de
2957 2341 3126 2396 nihilo
3155 2338 3366 2411 (Genet.
3381 2339 3453 2413 ι).
3476 2357 3496 2390 ι
3527 2353 3638 2392 non
3666 2336 3847 2408 potuit

2239 2431 2470 2487 dicendo
2501 2434 2565 2487 de
2587 2445 2748 2502 pane,
2783 2449 2806 2486 η
2838 2432 2950 2489 Hoc
2975 2443 3062 2489 est
3085 2447 3282 2503 corpus
3325 2447 3575 2496 meum.)
3612 2431 3694 2484 ita
3725 2429 3842 2483 ﬁeri

2239 2522 2489 2580 edicere?
2517 2524 2589 2580 Et
2618 2527 2708 2596 qui
2745 2525 2909 2580 tacita
2941 2527 3142 2580 virtute
3187 2539 3382 2594 aquam
3439 2522 3607 2576 vertit
3661 2520 3717 2574 in
3771 2519 3840 2570 vi-

2240 2632 2397 2687 num,
2439 2632 2546 2672 non
2607 2616 2883 2673 eflieacins
2928 2625 3141 2688 poterat
3191 2618 3257 2690 (si
3289 2615 3418 2687 quid
3449 2623 3637 2669 tamen
3672 2611 3823 2667 elﬁca

2241 2709 2359 2763 cius
2418 2708 2485 2763 de
2532 2708 2644 2764 Deo
2681 2710 2788 2765 dici
2835 2711 3019 2780 debet)
3074 2719 3298 2765 sonante
3343 2707 3608 2762 vocaliter
3647 2706 3844 2759 eadem

2239 2801 2460 2866 virtute,
2491 2803 2678 2857 'vinum
2701 2802 2874 2873 ipsum
2899 2803 2959 2857 in
2984 2803 3298 2873 sanguinem
3322 2816 3480 2857 suum
3510 2797 3844 2853 transferre?

2243 2889 2397 2957 Quod
2426 2893 2468 2945 si
2498 2893 2621 2962 quis
2642 2892 2783 2962 apttd
2806 2906 2865 2947 se
2893 2893 3040 2948 dicat
3069 2892 3306 2962 potuisse
3330 2892 3430 2946 hoc
3463 2889 3653 2944 facere
3675 2902 3845 2940 uinus

2243 2979 2392 3034 ilium
2423 2981 2718 3048 hominem,
2747 2981 3021 3051 quietiam
3053 2980 3191 3034 Deus
3211 3014 3215 3017 -
3235 2988 3387 3044 erat;
3433 2980 3657 3034 eteteris
3715 2989 3846 3029 vero

2244 3073 2334 3144 qui
2359 3074 2460 3129 hoc
2487 3089 2591 3130 non
2616 3075 2745 3140 sint,
2778 3073 3112 3144 impossibile
3149 3087 3268 3128 esse
3292 3089 3305 3125 :
3331 3086 3430 3126 nos
3453 3083 3680 3140 quoque
3718 3082 3843 3121 cum

2242 3177 2309 3218 eo
2332 3163 2615 3231 sentimus,
2641 3163 2722 3219 sic
2747 3174 2924 3218 tamen
2947 3172 3004 3217 ut
3023 3177 3120 3232 per
3144 3161 3505 3218 ministerium
3536 3163 3840 3213 humanum

2243 3255 2523 3312 Christum
2570 3256 2744 3325 ipsum
2800 3255 3012 3324 operari
3060 3253 3348 3308 fateamur.
3416 3251 3643 3305 Dixerat
3697 3250 3842 3302 cuitu

2241 3365 2366 3406 cum
2416 3349 2593 3404 adhuc
2640 3357 2785 3404 esset
2823 3365 2946 3403 cum
2973 3349 3283 3404 horninibus
3333 3346 3632 3401 mortalis:
3668 3361 3692 3396 ι
3716 3343 3844 3398 Sine

2243 3459 2330 3498 me
2355 3442 2488 3501 nihil
2513 3444 2739 3514 potestis
2765 3442 2946 3498 facere
3003 3442 3189 3513 (Joau.
3216 3441 3330 3509 xv).
3363 3459 3381 3493 ι
3416 3441 3484 3496 Et
3515 3437 3845 3494 immortalis

2241 3535 2490 3600 effectus,
2522 3552 2645 3592 cum
2677 3535 2841 3591 caelos
2872 3550 3196 3592 ascensurus
3239 3533 3604 3605 corporaliter
3651 3541 3838 3586 esset:

2247 3650 2265 3683 ι
2302 3631 2440 3688 Ecce
2462 3645 2582 3703 ego,
2618 3629 2818 3699 inquit,
2845 3629 3126 3684 vobiscum
3182 3643 3303 3682 smn
3340 3625 3601 3680 onmihus
3649 3623 3842 3678 diebus

2241 3738 2413 3794 usque
2443 3724 2509 3780 ad
2541 3717 3070 3777 consummationem
3095 3719 3274 3774 saeculi
3305 3717 3526 3788 (Matth.
3555 3717 3778 3786 xxvrtt).
3817 3733 3836 3764 ι

2241 3816 2378 3884 Quia
2407 3815 2552 3870 enim
2573 3825 2639 3868 ex
2673 3813 2882 3868 duabus
2927 3811 3139 3866 naturis
3187 3809 3421 3865 diversis
3482 3807 3685 3876 (altera
3739 3806 3840 3861 cir-

2241 3905 2590 3976 cumscripta,
2626 3903 2795 3957 altera
2839 3899 3333 3970 incircumscripta)
3362 3906 3839 3968 compersonatns.

2242 4011 2338 4066 per
2363 3992 2830 4062 circumscriptam
2853 3990 2920 4045 de
2945 3989 3064 4044 loco
3089 3989 3155 4044 ad
3180 3989 3355 4042 locum
3381 3987 3838 4055 transmigrabat;

2241 4102 2334 4156 per
2359 4084 2888 4152 incircumscriptam
2914 4096 3062 4146 vero,
3087 4095 3191 4150 qua
3221 4078 3506 4134 illocaliter
3539 4077 3746 4146 ubique
3762 4084 3841 4131 est

2241 4191 2408 4245 totus,
2433 4193 2554 4232 cum
2576 4176 2655 4232 eis
2678 4174 2994 4231 remanebat
3023 4191 3034 4226 :
3068 4188 3170 4226 nec
3199 4182 3381 4225 tamen
3429 4169 3634 4224 Filium
3676 4168 3774 4224 Dei
3811 4181 3841 4220 a

2241 4268 2380 4324 Filio
2409 4266 2642 4322 hominis
2670 4266 2978 4336 separabat.
3029 4263 3268 4332 Denique
3295 4272 3351 4316 et
3380 4259 3706 4332 priusquam
3761 4258 3844 4312 Fi-

2246 4360 2348 4414 lius
2379 4358 2616 4413 hominis
2650 4367 2775 4410 actu
2803 4355 3123 4411 ascenderet
3169 4354 3221 4408 in
3247 4353 3470 4416 caelum,
3524 4367 3657 4404 cum
3710 4350 3849 4405 Filio

2249 4451 2339 4505 Dei
2370 4450 2439 4504 ibi
2472 4459 2610 4513 erat,
2662 4449 2778 4519 ipso
2822 4455 3134 4508 attcstantc.
3191 4445 3278 4499 ubi
3337 4443 3460 4497 ait:
3513 4462 3532 4494 ε
3567 4443 3636 4496 Et
3685 4456 3847 4496 nemo

2245 4543 2490 4598 ascendit
2517 4542 2568 4596 in
2599 4540 2816 4606 emlnm,
2846 4540 2947 4594 nisi
2975 4539 3067 4610 qui
3115 4535 3394 4593 descendit
3429 4536 3496 4590 de.
3538 4535 3710 4600 cmlo,
3759 4535 3849 4589 Fin

2243 4635 2349 4690 lius
2378 4633 2612 4690 hominis
2638 4633 2728 4702 qui
2759 4642 2843 4688 est
2883 4632 2933 4686 in
2955 4633 3094 4687 coelo
3117 4629 3302 4701 (Joan.
3325 4630 3432 4700 nt).
3469 4647 3490 4681 ι
3523 4626 3583 4682 Si
3609 4643 3751 4698 ergo
3779 4632 3850 4682 tbi

2246 4737 2364 4783 erat
2386 4743 2484 4798 per
2511 4726 2771 4780 unitatem
2795 4739 3060 4795 personae,
3100 4739 3208 4794 quo
3236 4723 3471 4778 nondum
3516 4722 3852 4776 ascenderat

2244 4837 2342 4892 per
2367 4819 2752 4890 proprietatem
2783 4827 3012 4883 naturae,
3035 4826 3260 4888 propter
3277 4815 3523 4870 eamdem
3553 4815 3848 4874 unitatem,

2246 4912 2445 4968 malum
2478 4909 2798 4974 ascendens,
2829 4925 2951 4964 cum
2980 4909 3290 4963 hominibus
3321 4907 3372 4961 in
3413 4916 3558 4962 terra
3596 4921 3850 4959 remane-

2246 5005 2360 5060 bat.
2393 5003 2526 5070 Quis
2555 5003 2700 5058 enim
2725 5001 2863 5055 alius
2906 5001 3124 5056 dicebat
3154 5019 3167 5054 :
3205 5019 3223 5052 ι
3249 4998 3431 5062 Saule,
3482 4997 3680 5054 Sanle.
3725 4988 3852 5067 quid

2248 5110 2334 5151 me
2363 5091 2741 5162 persequeris?
2777 5111 2796 5144 ι
2842 5091 2980 5162 (Art.
3006 5091 3106 5160 ιχ.)
3134 5088 3317 5160 Neque
3343 5085 3618 5158 putandus
3667 5097 3755 5142 est
3805 5087 3850 5142 ei

2248 5184 2472 5254 angelus
2511 5199 2608 5255 pro
2659 5183 2876 5238 Christo
2925 5183 3260 5252 apparuisse,
3307 5195 3430 5233 cum
3487 5179 3606 5248 ipse
3649 5177 3851 5232 Saulus

2249 5277 2475 5332 effectus
2500 5275 2700 5330 Paulus
2723 5259 2909 5344 postea
2936 5273 3078 5328 dicat
3111 5291 3126 5328 :
3189 5292 3208 5325 ι
3239 5270 3548 5329 Novissime
3599 5269 3852 5322 otttuittm
