4020 5364
251 92 405 160 ,Ιῖθθ

258 215 511 276 Christus
530 220 810 281 descendit
841 242 873 284 e
897 231 1060 299 coelo,
1107 240 1249 307 quod
1275 245 1443 300 semel
1476 257 1683 307 tantum
1733 255 1851 310 fieri

257 319 474 378 oportet
505 313 559 368 in
603 330 736 373 voce
768 323 1080 396 archangeli
1107 340 1160 384 et
1193 333 1242 386 in
1271 337 1398 390 Iuba
1435 339 1554 407 Dei,
1591 362 1609 394 1
1632 348 1850 414 quando

265 405 563 472 amnesqui
593 406 645 461 in
669 417 1036 471 monumentis
1059 434 1186 477 sunt
1216 428 1499 488 audientes
1527 450 1712 491 vocem
1760 437 1849 494 Fi-

257 489 314 544 lii
343 493 434 552 Dei
468 496 649 566 (Joan.
675 502 752 572 v),
785 521 804 555 1
833 511 1170 575 precedent?
1195 515 1311 585 ipse
1336 521 1499 590 igitur
1527 489 1649 582 cum
1673 489 1848 587 Loui-

255 583 418 640 nihus
442 604 664 644 manens
693 608 936 666 semper,
985 611 1037 656 et
1067 583 1317 665 homines
1347 583 1582 684 baptizat
1625 636 1722 690 per
1751 625 1848 679 ho-

253 678 454 744 m'nes,
477 690 531 735 et
554 698 836 743 consecrat
862 693 1121 766 quidquid
1149 716 1245 769 per
1274 705 1522 766 homines
1551 728 1842 773 consecra-

251 775 362 828 tur.
395 771 692 848 Utrumque
721 786 864 841 enim
896 789 949 843 in
981 791 1272 868 Evangelia
1305 801 1582 871 habemus,
1607 819 1663 864 et
1701 816 1844 882 quod

259 857 403 882 ,ψη
442 865 454 882 .
550 870 583 882 ,.

245 857 409 916 Jesus
439 865 761 939 baptizaret,
796 884 1019 951 etquod
1063 857 1176 956 ipse
1221 907 1327 948 non
1383 857 1842 968 baptizaretjsed

246 953 502 1025 discipuli
530 961 664 1030 ejus.
693 966 939 1066 Bapt‘izat
961 953 1242 1049 nimirum,
1265 987 1388 1054 quia
1411 953 1627 1059 quando

245 1047 350 1101 sub
377 1052 697 1120 quibusdam
726 1052 904 1120 verbis
928 1047 1258 1130 solemnibus
1282 1047 1337 1132 in
1359 1047 1499 1150 aqua
1547 1047 1838 1157 ntersalui';

244 1138 366 1207 ipse
408 1145 646 1202 animam
677 1167 968 1224 mortuam,
1004 1175 1228 1231 peccata
1268 1172 1614 1244 remittendo,
1667 1181 1840 1236 vivifi-

241 1243 355 1298 cat,
387 1235 530 1292 sicut
550 1239 603 1293 iu
628 1242 922 1317 Evangelio
942 1252 1183 1324 loquitur
1209 1274 1227 1312 v:
1254 1280 1274 1312 ‹
1300 1263 1457 1320 Venit
1481 1269 1611 1325 hora
1625 1281 1678 1327 ct
1697 1289 1838 1332 nunc

237 1333 351 1389 est,
375 1331 590 1396 quando
623 1341 818 1393 mortui
842 1345 1064 1402 audient
1090 1364 1280 1408 vocem
1308 1353 1429 1411 Filii
1472 1358 1588 1426 Dei,
1632 1372 1690 1419 et
1741 1367 1834 1436 qui

237 1419 531 1487 audierint,
558 1426 984 1507 vivent(lbid.);
1007 1459 1023 1491 1
1061 1447 1334 1511 quodnon
1359 1449 1460 1506 nisi
1490 1453 1558 1508 de
1589 1470 1833 1514 resurre-

238 1511 424 1568 (sione
445 1506 752 1576 animarum
785 1527 962 1599 accipi
1014 1506 1193 1602 potest
1260 1537 1511 1610 Baptizat
1553 1557 1607 1600 et
1649 1547 1828 1615 homo,

238 1614 340 1667 per
367 1604 522 1673 cujus
545 1623 739 1666 manus
763 1624 819 1669 et
841 1615 1081 1688 linguam
1111 1640 1248 1696 opus
1300 1604 1433 1686 illud
1481 1604 1831 1694 administra;
1864 1620 1908 1679 Β

236 1699 358 1757 tur;
391 1697 484 1750 sed
508 1700 744 1757 maxime
780 1714 835 1760 et
878 1709 1254 1782 principaliter
1297 1719 1386 1775 ille
1432 1724 1692 1794 baptizat,
1742 1730 1834 1799 qui

235 1784 346 1836 vim
380 1795 436 1840 et
457 1787 802 1850 elﬁcientiam
829 1807 997 1857 totam
1021 1817 1262 1874 praestat.
1293 1784 1527 1885 Propter
1566 1819 1710 1888 quod
1754 1784 1833 1878 ili-

235 1883 386 1927 ctum
441 1886 525 1932 est
571 1879 764 1940 Joanni
809 1888 1064 1961 Baptista:
1097 1915 1110 1950 :
1147 1918 1165 1950 1
1196 1899 1372 1972 Super
1403 1879 1598 1974 quem.
1633 1906 1833 1968 videris

232 1967 497 2039 Spiritum
524 1977 939 2042 descendentem
994 1999 1049 2046 et
1103 2007 1416 2054 manentem
1467 2016 1634 2074 super
1684 2021 1830 2074 eum,

231 2059 323 2113 hic
354 2073 434 2116 est
466 2068 558 2136 qui
593 2070 832 2140 baptizat
855 2078 1036 2145 (Joan.
1067 2083 1127 2154 ι).
1165 2107 1184 2139 1
1234 2089 1485 2160 Alioquin
1530 2059 1832 2165 baptislnius'

230 2168 372 2206 unus
404 2170 511 2209 nou
540 2171 718 2229 esset;
751 2169 846 2222 scd
877 2183 1038 2240 prout
1086 2181 1338 2236 meritum
1368 2198 1427 2238 se
1457 2185 1682 2244 haberet
1737 2191 1833 2246 ba-

227 2245 531 2316 plizantis,
579 2256 720 2315 alius
766 2262 1002 2333 dignior,
1048 2269 1185 2329 alius
1230 2277 1502 2352 indignior
1551 2287 1730 2352 fleret;
1776 2283 1833 2340 ei

225 2352 392 2408 quem
423 2347 585 2406 homo
607 2355 847 2410 sanctior
873 2356 1191 2431 baptizaret,
1223 2369 1311 2426 ille
1337 2347 1530 2432 melius
1570 2378 1818 2449 baptiza-

230 2438 317 2484 tus
339 2447 503 2493 esset.
530 2440 636 2498 Sed
665 2445 834 2501 absit!
868 2452 994 2519 quia
1025 2457 1334 2531 quicunque
1361 2464 1604 2537 baptizat
1634 2438 1686 2525 in
1717 2487 1821 2528 no-

226 2521 378 2580 lnine
425 2527 602 2588 Patris
645 2543 700 2590 et
729 2537 850 2595 Filii
882 2551 937 2596 et
982 2521 1219 2614 Spiritus
1246 2521 1460 2624 sancti,
1502 2561 1700 2633 dignus
1757 2582 1824 2621 an

224 2608 502 2686 indiguus,
527 2634 748 2681 sanctus
777 2638 871 2684 aut
901 2645 1187 2706 peccator,
1221 2645 1522 2704 catholicus
1561 2608 1671 2709 '2":
1716 2655 1823 2711 11111-

224 2703 451 2774 reticus,
478 2711 610 2767 nihil
634 2715 893 2786 interest;
917 2729 1175 2794 quoniam
1211 2734 1577 2796 ministerium
1609 2744 1822 2804 illorum

225 2799 606 2859 tantummodo
628 2816 732 2876 est,
761 2826 862 2867 nec
887 2815 956 2870 ab
997 2819 1097 2885 eis,
1147 2825 1242 2879 sed
1295 2842 1392 2898 per
1436 2846 1530 2888 eos
1575 2835 1643 2906 (si
1674 2849 1820 2896 recte

225 2881 370 2906 ,μμ
408 2905 415 2906 ,
451 2891 488 2906 ,.
657 2897 713 2906 ..
833 2904 842 2906 μ

221 2881 371 2955 loqui
405 2891 674 2968 volumus)
699 2899 1026 2972 baptizatur.
1051 2881 1309 2972 Christus
1346 2920 1512 2991 igitur
1555 2881 1650 2996 per
1693 2944 1811 2984 ma-

221 2990 352 3032 num
381 2990 437 3036 et
456 3000 516 3039 os
539 2993 842 3051 sacerdotis
873 2998 1136 3071 baptizat,
1165 2990 1418 3070 Christus
1455 2990 1568 3086 per-
1590 3036 1810 3078 manum

218 3075 273 3118 et
310 3082 372 3122 os
402 3079 704 3136 sacerdotis
751 3098 946 3158 corpus
986 3101 1039 3148 et
1085 3101 1405 3170 sanguinem
1459 3122 1618 3164 suum
1665 3123 1816 3168 creat

219 3155 319 3227 (1).
357 3178 376 3211 1
394 3161 476 3266 An
503 3155 933 3238 experimentum
962 3155 1217 3253 quaeritis
1230 3155 1813 3266 ejus—qui-injne-l’o-

215 3252 404 3316 quitur
428 3253 721 3360 Christus?
749 3265 803 3338 (I
824 3267 949 3325 Cor.
975 3284 1121 3351 xm.)
1157 3299 1175 3334 1
1203 3252 1423 3342 0111611111
1712 3252 1812 3354 hoc

215 3342 509 3410 Apostolus
547 3365 651 3406 non
679 3370 1000 3430 arroganter
1019 3383 1077 3423 se
1106 3369 1398 3442 efferendo,
1427 3382 1522 3437 sed
1545 3388 1812 3444 veraciter

215 3433 484 3504 (ίοεοηάο.
513 3439 787 3502 Christum
826 3451 878 3506 in
906 3450 1171 3518 ministris
1218 3467 1332 3523 suis
1377 3480 1429 3526 et
1477 3472 1623 3545 loqui
1667 3481 1811 3548 quod

215 3519 315 3548 ἕηκε
343 3524 484 3548 1-,με
516 3546 524 3548 _
601 3534 630 3548 ι.
722 3546 728 3548 _

215 3519 316 3590 ipsi
342 3524 485 3596 loqui
509 3534 824 3606 audiuntur,
849 3554 904 3598 et
937 3553 1150 3617 operari
1190 3569 1312 3625 quae
1343 3559 1446 3630 ipsi
1490 3519 1698 3622 faﬁlcere1
1724 3570 1806 3624 vi-

212 3616 444 3685 dentur;
469 3634 695 3696 propter
719 3634 863 3702 quod
899 3616 1153 3699 sacerdos
1177 3657 1258 3702 est
1290 3651 1342 3705 in
1365 3665 1649 3724 azternum,
1679 3661 1804 3732 quia

211 3709 331 3777 ipse
353 3723 436 3767 est
463 3717 554 3784 qui
582 3720 824 3790 baptisat
850 3738 904 3783 et
928 3733 1021 3802 qui
1071 3736 1336 3796 immolat.
1376 3709 1511 3801 Nam
1545 3709 1807 3820 (ιδ-δόξε-

209 3801 321 3856 rnel
361 3803 490 3861 fecit
526 3814 858 3879 passibiliter
896 3801 995 3892 peir
1038 3833 1411 3902 semetipsum,
1461 3839 1516 3894 id
1561 3801 1804 3912 quotidie

207 3893 326 3962 agit
355 3894 766 3967 impassibiliter
787 3925 885 3980 per
911 3927 1006 3972 eos
1046 3893 1249 3987 quibus
1291 3893 1438 3983 dedit

208 3983 350 4042 ﬁlios
380 3990 474 4046 Dei
499 3995 639 4051 fieri.
669 3998 780 4056 Nec
805 4003 964 4061 aliter
984 3983 1179 4068 melius
1222 4031 1380 4087 posse
1413 3983 1640 4096 iiiiclligi
1672 4038 1801 4098 puto

207 4083 353 4149 quod
378 4083 671 4155 Apostolus
699 4095 766 4150 de
797 4097 891 4153 illo
918 4102 996 4156 ait
1024 4120 1037 4158 :
1069 4123 1088 4155 1
1115 4083 1237 4174 Qui
1263 4119 1346 4166 est
1403 4115 1473 4169 ad
1517 4083 1797 4176 deiite'ram

207 4171 406 4242 Patris,
444 4180 536 4249 qui
567 4184 732 4241 etiam
761 4189 1070 4262 interpellat
1097 4171 1199 4269 pro
1220 4203 1380 4260 nobis
1401 4171 1791 4283 (Rom.vui)_,vi

205 4277 370 4332 quam
397 4276 452 4320 ut
482 4268 845 4344 interpellatio
866 4283 968 4338 ista
998 4268 1217 4345 ﬂatinon
1258 4268 1422 4350 verba
1449 4268 1793 4371 proferendo,

177 4354 303 4436 'sed
333 4358 700 4421 obedientiam
729 4378 891 4440 atque
914 4375 1309 4439 humanitatem
1340 4354 1494 4444 suain
1520 4406 1620 4462 per
1639 4354 1791 4450 com:

207 4453 660 4512 memorationem
690 4463 960 4528 passionis
985 4467 1096 4525 Deo
1144 4470 1295 4530 Patri
1336 4485 1788 4542 commendando.

209 4537 321 4597 lloe
339 4557 556 4617 quoque
580 4549 632 4604 ia
665 4553 902 4622 ejusdem
932 4568 1261 4621 sacramenti
1283 4568 1644 4642 institulione,
1667 4592 1790 4633 cum

197 4629 314 4700 jam
339 4638 442 4692 sub
476 4640 706 4698 articulo
733 4646 902 4716 ipsius
921 4655 1191 4722 passionis
1236 4663 1574 4734 agonizaret,
1619 4678 1676 4724 et
1723 4673 1792 4727 ad

204 4724 422 4785 dolores
453 4735 638 4790 carnis
661 4752 784 4792 mox
819 4741 1034 4799 futuros
1061 4751 1292 4815 przescio
1322 4754 1520 4822 spiritu
1572 4761 1786 4828 pavita-

206 4827 311 4887 ret,
346 4821 469 4888 hoc,
497 4824 740 4894 inquam,
773 4835 1139 4892 certissimum
1184 4841 1378 4914 pignus
1424 4846 1529 4913 sui,
1577 4849 1790 4907 dilectis

205 4911 486 4982 discipulis
527 4916 878 4988 relinquens:
912 4945 930 4976 1
955 4925 1064 4983 Hoc
1089 4911 1274 4999 facite,
1302 4911 1582 5005 inquit,vin
1611 4958 1788 4999 meam

205 5007 782 5064 commemorationem
831 5013 981 5086 (Luc.
1035 5021 1198 5089 xxu);
1234 5042 1254 5076 1
1315 5036 1790 5091 commemoratio-

202 5104 348 5159 nem,
378 5092 630 5165 inquam,
661 5099 948 5161 charitatis
981 5123 1108 5179 erga
1131 5127 1250 5179 vos,
1276 5129 1377 5186 pro
1414 5116 1614 5184 quibus
1649 5127 1786 5204 ,11111-

204 5198 344 5237 mam
377 5200 557 5241 meam
578 5201 740 5256 pono,
772 5198 1178 5262 etobedientia:
1203 5206 1345 5277 apud
1372 5205 1618 5280 Patrem,
1649 5198 1790 5286 'quia

207 5289 225 5323 1
255 5273 396 5330 sicut
418 5277 738 5336 mandatum
767 5287 917 5352 dedit
937 5290 1069 5348 mihi
1096 5273 1278 5364 Pater,
1327 5277 1410 5355 sie
1435 5297 1578 5359 facio
1603 5273 1784 5364 ilean.

1084 118 1302 181 EPIST.
1345 128 1433 187 DE
1472 131 1958 198 EUCIIARISTIIE
2002 144 2495 215 SACluMENTO.

3399 186 3419 241 l
3433 187 3536 244 294

1882 273 1928 328 Α
1957 263 2093 331 xiv).
2127 285 2146 317 1
2191 267 2343 335 Quod
2367 274 2411 328 si
2444 292 2580 345 quos
2613 292 2791 340 movet
2841 302 2939 344 cur
2980 289 3084 348 hoc
3136 309 3537 362 sacramentum

1952 366 2057 408 non
2107 357 2394 418 visibiliter
2445 377 2840 432 transmutetur
2875 380 2930 434 in
2966 385 3204 452 speciem
3249 391 3433 450 carnis
3485 409 3541 454 et

1949 449 2248 518 sanguinis,
2274 459 2557 517 attendant
2607 467 2752 536 quod
2801 449 3093 541 Apostolus
3138 479 3253 536 ait:
3286 501 3305 535 1
3335 449 3438 541 Per

1948 536 2070 593 dem
2107 546 2469 619 auibulamus,
2511 565 2567 612 ct
2598 574 2702 614 non
2735 577 2833 632 per
2861 570 3120 638 speciem.
3150 574 3245 630 Est
3272 587 3452 636 autem
3478 580 3540 638 fi-

1947 631 2044 688 des
2066 635 2204 706 (ipse
2226 638 2492 714 deﬁnivit)
2527 631 2923 718 sperandarum
2974 665 3284 723 substantia
3331 687 3535 741 rerum,

1946 739 2324 795 argumentum
2355 751 2461 792 non
2517 747 2894 811 apparentium
2927 751 3084 823 (Πρὸ.
3106 757 3217 828 111).
3243 780 3262 813 1
3293 760 3350 817 Si
3392 739 3538 821 enim

1945 815 1998 870 id
2019 821 2162 887 quod
2211 821 2356 880 intus
2402 840 2546 898 sunt,
2596 833 2731 891 foris
2777 855 3116 902 sacramenta
3162 855 3534 922 ostenderent;

1945 905 2098 975 fides,
2129 926 2197 968 ex
2225 929 2329 984 qua
2357 937 2376 969 1
2403 919 2584 990 justus
2615 926 2765 996 vivit,
2791 949 2809 982 1
2838 949 2945 988 11011
2987 938 3162 994 solum
3205 945 3403 1012 otiosa,
3441 963 3536 1003 vc-

1943 1011 2061 1054 rum
2092 1003 2240 1060 nulla
2271 1010 2494 1066 omnino
2524 1027 2690 1072 esset.
2727 1039 2747 1072 1
2803 1021 2960 1090 Quod
3003 1030 3147 1085 enim
3201 1034 3348 1092 videt
3388 1040 3534 1108 quis,

1941 1096 2033 1162 qui
2056 1101 2274 1166 sperat?
2296 1102 2456 1172 (lleb.
2488 1109 2566 1178 ι.)
2603 1130 2620 1161 1
2667 1112 2734 1169 Ut
2757 1131 2886 1186 ergo
2911 1119 3046 1178 fides
3066 1138 3385 1184 exerceatur
3405 1096 3535 1186 .crco'

1941 1185 2116 1242 dendo
2143 1193 2420 1259 quodnon
2463 1212 2708 1270 apparet,
2767 1185 2926 1265 vitale
2980 1227 3378 1273 sacramentum
3434 1222 3536 1276 sub

1939 1279 2119 1348 specie
2140 1297 2402 1354 corporea
2430 1289 2663 1347 viriliter
2687 1293 2841 1364 latet,
2870 1301 2947 1355 uti
2988 1304 3171 1360 anima
3197 1307 3248 1362 in
3283 1324 3531 1380 corpore.

1940 1366 2180 1441 Denique
2205 1383 2259 1428 et
2281 1374 2536 1446 baptismi
2562 1399 2701 1454 aqua
2725 1391 2988 1458 quaslibet
3006 1396 3181 1451 oculis
3204 1399 3534 1458 intuentium

1937 1465 2167 1530 videtur,
2193 1479 2247 1525 et
2271 1473 2432 1530 homo
2456 1477 2788 1548 baptizatus,
2819 1485 2949 1554 quid
2988 1487 3134 1544 aliud
3175 1507 3335 1560 quam
3387 1497 3534 1564 quod

1937 1565 2095 1612 antea
2135 1570 2272 1628 erat,
2299 1564 2562 1635 apparet?
2585 1568 2699 1626 Non
2733 1575 2877 1628 enim
2909 1592 2974 1630 ex
3023 1579 3178 1650 nigro
3210 1581 3386 1646 albus,
3439 1595 3535 1641 aut

1937 1661 2004 1702 ex
2040 1649 2319 1709 illitterato
2341 1664 2759 1734 grammaticus,
2786 1682 2886 1736 per
2907 1667 3184 1726 lavacrum
3240 1689 3533 1746 regenera-

1939 1741 2106 1798 tionis
2129 1745 2380 1804 ellieitur.
2419 1771 2436 1803 1
2461 1751 2504 1808 0
2527 1755 2777 1813 animalis
2801 1760 2964 1816 homo
2988 1782 3032 1826 1,
3049 1766 3140 1835 qui
3169 1783 3273 1822 non
3299 1771 3530 1840 percipit

1935 1850 1996 1888 ea
2021 1851 2139 1905 qua:
2163 1836 2256 1895 Dei
2285 1845 2443 1897 sunt!
2471 1843 2514 1901 Ο
2537 1862 2666 1902 caro
2687 1851 3000 1908 carnalibus
3021 1857 3326 1924 phantasiis
3356 1863 3529 1932 magis

1937 1942 2099 1996 quam
2129 1927 2254 1986 vino
2278 1933 2464 1990 ebria!
2498 1954 2782 2010 quousque
2813 1943 2880 1998 ab
2930 1945 3014 2001 his
3065 1956 3174 2003 tam
3230 1949 3527 2007 infeliciter

1936 2018 2339 2080 ludificaberis?
2362 2026 2478 2082 Non
2511 2031 2655 2086 enim
2686 2033 2881 2089 similis
2903 2045 2986 2091 est
3015 2038 3104 2094 hic
3158 2057 3314 2096 error
3361 2043 3530 2100 dene-

1935 2113 2136 2179 gationi
2169 2115 2360 2171 salutis
2390 2119 2724 2186 animarum,
2761 2133 2857 2178 aut
2890 2125 3237 2185 illusionibus
3285 2132 3526 2188 somnioo

1935 2213 2073 2268 rum,
2108 2215 2200 2259 aut
2230 2206 2294 2261 de
2320 2207 2476 2277 aquis
2524 2219 2581 2265 et
2630 2213 2866 2282 speculis
2900 2218 3279 2274 resultantium
3334 2221 3526 2294 imagi-

1933 2294 2234 2364 nationum,
2265 2299 2392 2368 quia
2418 2301 2491 2356 ibi
2523 2303 2642 2359 sine
2685 2306 2930 2376 periculo
2979 2308 3206 2378 fallitur,
3267 2313 3357 2372 hic
3398 2330 3526 2372 cum

1931 2379 2256 2445 detrimento
2281 2393 2716 2465 irrecuperabili,
2747 2398 2850 2454 nisi
2877 2401 3250 2472 resipiscatur,
3285 2418 3518 2464 erratur.

1930 2477 2320 2551 Expergiscere
2364 2499 2494 2557 ergo
2547 2494 2603 2542 et
2652 2487 2874 2544 clama:
2913 2492 3141 2548 «Infelix
3185 2511 3284 2562 ego
3316 2498 3516 2554 homo!

1928 2572 2050 2641 quis
2083 2589 2170 2628 me
2195 2573 2448 2631 liberabit
2475 2577 2542 2632 de
2585 2594 2820 2649 corpore
2852 2585 3043 2638 mortis
3089 2583 3289 2654 hujus?
3337 2588 3518 2658 (Rom.

1927 2662 2046 2733 vn.)
2082 2682 2101 2714 1
2166 2664 2231 2717 Et
2267 2668 2619 2736 respondebit
2669 2671 2766 2726 tibi
2819 2675 3120 2742 apostolica
3171 2678 3515 2734 consolatio:

1932 2771 1950 2804 1
1979 2753 2166 2810 Gratia
2193 2755 2286 2812 Dei
2318 2773 2415 2828 per
2441 2757 2626 2815 Jesum
2657 2761 2935 2819 Christum
2953 2763 3240 2823 Dominum
3270 2779 3517 2826 nostrum

1925 2843 2135 2918 (Ibid).
2169 2866 2188 2902 1
2218 2849 2372 2917 Quod
2394 2852 2522 2908 etsi
2555 2855 2831 2911 credimus
2886 2873 3075 2913 verum
3133 2877 3254 2918 esse
3306 2879 3411 2918 non
3461 2864 3520 2918 li-

1842 2964 1886 3024 c
1920 2936 2102 2996 berari
2157 2933 2436 3000 hominem
2471 2961 2578 3001 non
2611 2947 2785 3004 solum
2839 2965 2869 3004 a
2918 2951 3164 3008 molestia
3211 2956 3515 3027 Spiritualis

1918 3046 2113 3102 pugna:
2137 3033 2321 3105 (quam
2347 3036 2526 3094 hocin
2554 3038 2680 3096 loco
2709 3052 2939 3098 mortem
2975 3043 3260 3118 appellat),
3284 3048 3378 3104 sed
3411 3063 3515 3106 nec

1917 3135 1946 3172 a
1973 3120 2189 3178 miseria
2221 3141 2490 3195 errorum,
2525 3129 2628 3185 nisi
2658 3131 2836 3200 gratia
2876 3133 2967 3189 Dei
2990 3151 3087 3206 per
3115 3134 3299 3193 Jesum
3352 3138 3514 3194 Chri-

1917 3219 2057 3267 stum
2087 3208 2375 3272 Dominum
2408 3228 2680 3288 nostrum,
2707 3224 2901 3280 melius
2934 3235 3113 3282 tamen
3149 3229 3201 3285 id
3253 3230 3513 3304 intelligi-

1917 3319 2035 3360 mus
2056 3306 2098 3360 si
2131 3307 2379 3366 humana:
2409 3323 2618 3369 natura:
2642 3319 3048 3375 concretionem
3097 3330 3154 3376 et
3197 3323 3332 3392 vim,
3385 3341 3509 3396 quae

1913 3396 2168 3454 nimirum
2196 3400 2248 3454 in
2279 3418 2442 3459 sensu
2469 3407 2716 3478 corporis
2761 3419 2816 3466 et
2858 3412 3024 3467 animi
3061 3414 3343 3472 intellectu
3396 3427 3508 3474 tota

1912 3497 2148 3554 constat,
2179 3492 2468 3563 diligenter
2493 3497 2869 3569 inspiciamus,
2909 3512 2964 3558 et
2990 3504 3118 3574 quid
3164 3521 3262 3576 per
3297 3518 3508 3565 utrum-

1910 3593 2036 3647 que,
2058 3582 2253 3650 quidve
2272 3599 2368 3654 per
2392 3587 2714 3645 alterutrum
2748 3592 2947 3660 valeat,
2975 3593 3216 3650 breviter
3241 3599 3508 3667 perstriuo

1908 3685 2121 3738 gamus.
2165 3672 2305 3728 Sunt
2327 3691 2562 3748 namque
2593 3682 2762 3738 muita
2789 3679 2930 3766 quae
2956 3685 3073 3740 solo
3097 3703 3262 3742 sensu
3311 3705 3506 3761 corpo-

1908 3762 1983 3813 ris
2022 3762 2255 3831 agimus,
2284 3767 2424 3821 sicut
2450 3770 2642 3825 audire
2694 3783 2748 3827 et
2777 3762 2996 3842 videre;
3030 3776 3311 3850 pleraque,
3364 3782 3506 3836 sicut

1905 3849 2084 3921 legere
2109 3863 2164 3908 et
2188 3846 2450 3925 scribere,
2475 3876 2594 3931 quae
2620 3867 2986 3921 communiter
3023 3883 3216 3924 sensus
3265 3887 3388 3926 cum
3421 3873 3503 3926 in-

1907 3943 2118 3999 tellectu
2149 3947 2526 4019 administrat;
2553 3954 2789 4024 plurima
2814 3975 2969 4027 vero,
3024 3962 3090 4016 ad
3147 3979 3267 4032 qua:
3312 3967 3498 4020 sensui

1903 4034 2080 4091 nullus
2114 4052 2338 4108 prorsus
2366 4057 2620 4102 accessus
2649 4063 2771 4105 esse
2805 4061 3008 4121 potest,
3059 4055 3198 4110 sicut
3227 4057 3296 4111 ad
3329 4058 3499 4114 ratio-

1900 4141 2026 4183 nem
2053 4145 2422 4202 numerorum,
2460 4138 2527 4192 ad
2555 4142 2936 4210 proportiones
2964 4161 3247 4215 sonorum,
3293 4158 3349 4204 et
3379 4165 3498 4205 om-

1900 4218 2030 4274 nino
2059 4219 2125 4275 ad
2156 4223 2408 4281 notiones
2447 4243 2628 4284 rerum
2664 4231 3135 4304 incorporearum,
3169 4254 3290 4308 qua:
3313 4242 3494 4298 omnia

1827 4311 2487 4382 unilibetintellectus.
2519 4322 2615 4377 sed
2639 4338 2810 4394 purus
2849 4335 3013 4398 atque
3062 4331 3227 4385 etiam
3278 4347 3376 4386 usu
3429 4332 3495 4386 li—

1903 4411 2078 4459 matus
2113 4408 2392 4478 percipere
2419 4422 2678 4469 meretur.
2717 4414 2826 4472 Nec
2855 4434 2941 4473 me
2967 4419 3103 4490 fugit
3159 4421 3250 4474 illa
3297 4421 3495 4492 prima,

1902 4512 2025 4565 qua:
2052 4498 2184 4554 duas
2231 4501 2363 4557 istas
2395 4507 2667 4574 potentias
2711 4511 2988 4579 prmeedit,
3023 4514 3117 4568 sed
3147 4512 3214 4565 ad
3244 4517 3517 4570 nostrum'

1903 4584 2212 4642 institutum
2259 4591 2393 4645 nihil
2424 4593 2538 4647 visa
2567 4605 2651 4650 est
2679 4598 2930 4660 attinere,
2983 4610 3038 4654 et
3068 4602 3368 4656 curandum
3407 4615 3498 4660 est

1899 4692 1966 4730 ne
2003 4676 2243 4750 longiore
2271 4698 2431 4752 quam
2453 4695 2669 4752 oportet
2694 4697 2912 4745 utamur
2932 4691 3286 4763 digressione.
3318 4693 3503 4754 Cona-

1901 4784 2023 4823 mur
2058 4770 2220 4834 enim,
2252 4772 2542 4841 adjuvante
2578 4778 2759 4833 divina
2793 4780 2990 4849 gratia,
3035 4782 3320 4840 ostendere
3349 4792 3513 4853 quod

1897 4859 2042 4913 nulla
2067 4859 2302 4916 humana
2332 4862 2588 4934 facultas,
2613 4885 2734 4941 quae
2761 4872 2919 4940 plane
2944 4882 3000 4927 et
3023 4874 3137 4946 ipsa
3180 4884 3265 4929 est
3309 4875 3526 4949 divina

1831 5013 1836 5018 ε
1899 4947 2146 5022 largitas,
2184 4967 2528 5024 nequaquam
2565 4967 2744 5018 tamen
2771 4960 3047 5020 sufﬁciens
3075 4967 3145 5022 sit
3180 4947 3548 5047 (quamlibei

1897 5055 1958 5096 se
1992 5045 2273 5114 extendat)
2309 5045 2378 5100 ad
2406 5049 2981 5117 comprehendendam
3011 5053 3363 5111 altitudinem
3423 5045 3558 5128 sa;

1899 5146 2304 5192 cramentorum
2357 5133 2563 5206 quibus
2622 5143 2902 5199 initiamur
2949 5152 3005 5198 et
3064 5142 3384 5220 perficiuur
3459 5173 3563 5227 ad

1900 5237 2158 5285 :eternam
2189 5230 2422 5286 salutem
2446 5243 2572 5300 qua:
2615 5247 2700 5294 est
2739 5237 2794 5293 in
2835 5235 3060 5297 Christo
3101 5241 3231 5298 Jesu
3275 5236 3568 5320 Domiu0

1905 5328 2105 5364 Ilﬂﬁll'ﬂ.
2182 5322 2557 5364 prnnnnnmne
2609 5329 2790 5364 itan-sn
2841 5329 3172 5364 'tonliennnm
3210 5329 3390 5364 inmani
