4020 5364
510 326 649 383 nos
1427 320 1825 382 ADELMANM
1865 320 2170 382 EPISCOPl
2204 313 2598 398 BntmesIs
3655 319 3792 376 uss

509 435 638 507 quid
662 433 735 491 ibi
762 446 976 499 sensus,
1009 433 1138 503 quid
1189 433 1329 488 ratio
1356 433 1748 506 deprehendat,
1791 435 2100 494 videamus.
2128 447 2179 506 Α
2205 440 2288 494 sio
2316 440 2587 496 tribuatur
2609 456 2623 493 :
2649 439 2787 495 sicut
2809 451 3002 494 sensus
3033 437 3214 492 carnis
3244 435 3409 508 ’paulo
3457 442 3587 491 ante
3629 434 3788 494 ὰοςεο

419 571 424 576 .
507 529 796 599 Liquorem
825 540 945 580 esse
973 525 1230 595 aliquem,
1256 525 1624 599 interrogatus
1653 535 1831 582 tactus
1861 543 2102 597 pronun-
2203 528 2364 583 batur
2387 545 2492 585 non
2533 544 2692 600 posse
2722 529 2787 584 ad
2821 528 3046 582 rationis
3075 527 3449 582 excellentiam
3471 529 3794 588 ascendere.

510 621 642 684 tiat;
665 618 836 685 visus,
859 617 901 672 si
935 617 1076 672 forte
1104 617 1158 671 in
1207 631 1334 672 vase
1361 626 1466 683 est,
1516 617 1767 687 quisnam
1812 617 1989 688 liquor
2034 619 2106 674 sit
2205 620 2277 674 ita
2309 617 2552 689 profecto
2579 629 2634 674 et
2663 618 2840 672 minus
2868 617 3089 672 forsitan
3120 617 3264 671 valet
3295 618 3435 673 ratio
3477 620 3546 672 ad
3576 620 3684 674 hoc
3718 621 3771 674 in

507 711 822 776 addubitat;
857 711 952 766 scd
983 719 1191 782 gustus,
1224 718 1482 780 tanquam
1531 710 1722 765 tertius
1744 711 1898 766 testis
1951 710 2104 765 adhi-
2205 711 2498 767 serutabile
2525 725 2785 767 arcanum
2816 711 3096 780 aspirare;
3146 720 3200 765 et
3231 718 3409 766 tamen
3459 710 3694 766 firmiter
3725 723 3793 767 te-

504 803 674 870 bitus,
713 818 912 874 aquam
932 815 1051 858 esse
1088 802 1470 857 incunctanter
1514 801 1780 871 explorat.
1835 799 2095 868 Ulterius,
2200 818 2411 869 nemus,
2440 801 2722 858 verissime
2761 801 3103 868 confitemur,
3153 802 3387 857 animam
3419 802 3792 874 incorporean

504 897 609 953 nisi
640 895 821 964 fallor,
852 896 1028 950 hacin
1059 911 1117 950 re
1135 894 1371 952 ofﬁcium
1397 910 1554 950 suum
1587 909 1779 950 sensus
1820 910 1927 949 non
1973 895 2095 965 pol-
2199 908 2299 964 per
2328 909 2523 964 aquam
2547 909 2868 965 corpoream
2891 895 3127 961 renasci,
3161 903 3326 965 atque
3353 895 3405 949 in
3436 910 3563 951 eum
3596 905 3797 950 statuta

505 985 716 1046 licetur.
747 988 818 1042 At
851 988 996 1042 ratio
1016 988 1174 1058 longe
1197 988 1409 1057 lateque
1432 995 1678 1057 penetrat
1724 988 1968 1053 inter-ius,
1997 1003 2097 1042 na-
2199 1001 2305 1056 quo
2324 985 2686 1042 fueratAdam
2718 987 2956 1042 nondum
2982 988 3344 1058 praevaricans
3369 1022 3386 1054 -,
3409 987 3658 1058 reparari
3697 988 3798 1058 (5).

504 1089 794 1149 turamque
833 1079 1198 1134 insensibilem
1247 1078 1636 1149 perspicaciter
1683 1077 1945 1142 intuetur,
1993 1080 2098 1134 hoc
2199 1077 2368 1133 Deum
2398 1093 2610 1150 quoque
2635 1079 2846 1150 ipsum,
2897 1077 3050 1148 cujus
3077 1080 3306 1150 tenigma
3331 1094 3549 1134 omnem
3574 1086 3805 1150 superat

503 1180 606 1236 est,
631 1170 884 1226 mobilem
915 1179 1077 1240 atque
1103 1170 1350 1225 obtusam
1379 1183 1521 1234 esse,
1548 1169 1822 1224 humidam
1848 1171 2100 1224 substan—
2195 1166 2556 1237 intellectum,
2579 1184 2686 1225 non
2714 1168 2888 1224 solum
2921 1169 3168 1224 novimus
3194 1183 3315 1224 esse
3356 1169 3499 1239 quod
3551 1170 3802 1225 infideles

503 1263 729 1328 tialiter,
753 1261 998 1331 frigidam
1030 1263 1368 1324 naturaliter,
1401 1261 1456 1316 in
1498 1276 1677 1316 aerem
1706 1261 1820 1317 sive
1875 1262 1931 1317 in
1989 1273 2098 1317 ter—
2195 1258 2512 1326 fateantur,
2564 1276 2755 1317 verum
2803 1260 2970 1315 etiam
3006 1275 3173 1314 unum
3216 1260 3581 1330 eumdemque
3634 1262 3801 1314 trium

503 1366 621 1406 ram
661 1351 904 1407 converti
937 1366 1054 1405 eam
1087 1351 1342 1422 possibile
1371 1366 1490 1406 esse
1517 1369 1528 1404 :
1560 1361 1616 1406 et
1646 1351 1690 1407 si
1741 1352 1870 1422 quid
1915 1352 2090 1409 adhuc
2197 1366 2552 1423 personarum
2581 1349 3130 1420 incircumscriptum,
3173 1349 3373 1418 ubique
3402 1347 3694 1404 illoealiter
3719 1360 3806 1404 to»

505 1442 674 1509 aliud,
702 1445 842 1513 quod
870 1445 1116 1500 novimus
1139 1453 1234 1498 aut
1257 1445 1588 1514 ignoramus,
1625 1444 1691 1500 de
1713 1452 1904 1499 natura
1926 1460 2093 1516 aqua-
2198 1449 2344 1504 tum;
2383 1456 2560 1510 neque
2583 1449 2762 1497 tamen
2800 1455 2964 1496 sensu
3003 1449 3098 1494 aut
3141 1440 3351 1495 ratione
3392 1440 3662 1494 habemus
3697 1441 3804 1495 hoc

505 1550 622 1588 rum
649 1535 890 1606 indagari
921 1545 1118 1605 potest.
1149 1534 1429 1602 Quomodo
1463 1543 1645 1591 autem
1672 1550 1770 1605 per
1811 1551 2007 1606 aquam
2033 1544 2090 1592 et
2197 1529 2668 1601 comprehensum-

503 1626 750 1696 spiritum
780 1627 960 1682 anima
999 1634 1369 1698 regeneretur,
1397 1633 1858 1697 peccatorumque
1897 1626 2089 1684 remis-
2667 1621 2918 1680 Videntur
2938 1621 3104 1678 multa
3129 1622 3325 1679 deesse.

521 1821 3788 1856 m—W

1619 1983 2760 2104 ADELMANNI

1215 2200 1310 2255 EX
1350 2199 1823 2258 SCIIOLASTICO
1873 2197 2236 2257 LEODIENSI
2286 2193 2591 2252 EPISCOPI
2640 2191 3030 2250 BRIXIENSIS

1778 2359 1868 2436 ily
1883 2355 2044 2419 thmi
2080 2352 2499 2435 alphabetici.

931 2539 1080 2630 DE
1153 2539 1485 2635 VIBIS
1554 2539 2346 2636 ILLUSTRIBUS
2417 2543 2607 2634 SUI
2685 2535 3336 2631 TEM-PORIS.

1419 2731 1592 2802 (Apud
1624 2732 1848 2788 MABILL.
1882 2733 2123 2788 Analect.
2155 2747 2283 2788 nov.
2313 2733 2472 2798 cdil.,
2503 2745 2624 2802 pag.
2657 2729 2808 2799 582.)

1803 2963 2428 3112 MONlTUM.

566 3187 870 3242 Armonicae
899 3187 1172 3244 facultatis
1193 3188 1468 3260 aspirante
1496 3187 1668 3259 gratia
1690 3225 1706 3254 ,
2106 3186 2155 3247 B
2183 3181 2293 3237 Nec
2322 3181 2500 3236 minus
2527 3179 2884 3253 Pythagoreis
2915 3176 3220 3250 indulgebat
3258 3177 3472 3236 fidibus.

497 3314 514 3334 .
543 3280 691 3335 cfero
726 3281 870 3334 viros
898 3281 1152 3345 illustres,
1177 3281 1483 3337 litterarum
1520 3280 1749 3346 lumina,
2251 3272 2527 3329 Charitatc
2557 3273 2686 3344 Sigo
2711 3281 2899 3328 noster
2926 3271 3115 3342 plenus
3137 3278 3296 3340 atque
3317 3270 3519 3341 gratia,

496 3371 646 3436 Quos
673 3371 876 3425 recenti
907 3371 1221 3426 recordatur
1250 3387 1404 3427 mens
1433 3371 1617 3427 dolore
1645 3369 1854 3427 saucia.
2181 3365 2347 3420 Multa
2377 3366 2626 3437 praebens
2655 3379 2772 3429 ore,
2804 3379 2966 3418 manu
2997 3363 3221 3418 advenis
3247 3361 3463 3430 solatia,

566 3459 785 3514 Bestiali
817 3458 1036 3516 feritate
1067 3476 1214 3516 mors
1243 3460 1439 3517 acerba
1464 3461 1693 3516 saeviens
2181 3458 2488 3531 Singularis
2520 3457 2763 3531 organali
2791 3458 3057 3527 regnabat
3095 3457 3149 3512 in
3183 3455 3408 3510 musica.

493 3550 551 3604 in
581 3549 856 3606 scholares
885 3548 1107 3604 efferata
1137 3559 1400 3622 tanquam
1429 3551 1512 3606 lco
1538 3553 1781 3622 rugiens,
2251 3548 2578 3605 Lambertus
2606 3548 2962 3613 Parisiacum,
2992 3545 3350 3616 Engelhcrtus
3389 3543 3719 3611 Cenabum,

494 3642 702 3698 Passim
725 3641 873 3697 dedit
903 3651 1113 3713 strages
1143 3643 1260 3699 dire
1287 3643 1572 3714 plusquam
1606 3658 1700 3699 aer
1726 3642 2003 3713 pestilens.
2181 3639 2533 3711 Occupabant
2565 3641 2854 3697 lectionum
2891 3640 3006 3695 otio
3047 3638 3314 3692 venalium
3333 3677 3348 3705 ,

564 3734 888 3790 Carnotena:
916 3736 1082 3791 decus
1102 3735 1254 3791 urbis
1280 3735 1631 3790 memorande
1655 3733 1896 3805 pontifex
1917 3774 1932 3799 ,
2182 3733 2458 3801 Qurestum
2486 3735 2551 3790 de
2587 3735 2730 3804 pube
2753 3731 3092 3790 Francorum
3129 3742 3416 3805 captantes
3439 3749 3551 3789 non
3594 3734 3756 3790 modi-

494 3824 569 3880 Tc
595 3827 850 3898 primum,
883 3826 1336 3894 Pater-Fulberte,
1362 3827 1489 3882 dum
1519 3837 1570 3882 te
1603 3841 1772 3882 conor
1796 3828 1997 3893 dicere,
3531 3823 3708 3898 (cum.

489 3914 651 3990 Fugit
675 3933 880 3982 sermo,
920 3933 1017 3974 cor
1057 3918 1333 3988 liquescit,
1368 3917 1758 3972 recrudescunt
1795 3915 2074 3988 lacrymae.
2251 3914 2469 3972 Martini
2498 3931 2714 3988 quoque
2742 3916 3047 3982 concivem,
3071 3915 3164 3972 sed
3183 3931 3288 3971 non
3324 3931 3479 3985 mque
3503 3917 3774 3982 sobrium,

560 4010 899 4080 Deploranda
923 4010 1236 4082 singillatim
1270 4008 1437 4065 multa
1467 4009 1688 4081 quidem
1720 4009 1964 4076 memini,
2179 4011 2408 4082 Dignum
2441 4012 2580 4068 duco
2616 4020 2918 4083 memoratu
2963 4011 3290 4067 Rainaldum
3323 4011 3662 4067 Turonicum
3683 4052 3702 4078 ,

492 4100 691 4169 Utpote
712 4102 993 4156 convictor
1015 4102 1162 4156 senis
1189 4101 1402 4158 hzerens
1431 4115 1576 4173 saepe
1601 4100 1794 4171 lateri,
2179 4103 2495 4174 Promptum
2518 4103 2725 4176 lingua,
2749 4103 2888 4175 stylo
2915 4106 3148 4175 largum,
3185 4102 3458 4158 valentem
3493 4118 3777 4174 gramma-

490 4191 637 4244 Aure
663 4189 856 4245 bibens
885 4191 996 4245 oris
1025 4190 1230 4246 fontem
1265 4207 1494 4248 aureum
1527 4191 1789 4248 melliflui.
3474 4193 3702 4265 [ticnm.

563 4281 741 4337 Eheu!
777 4293 980 4350 quanta
1003 4285 1269 4352 dignitate
1307 4285 1526 4341 moralis
1563 4285 1872 4351 industrize,
2249 4289 2360 4346 Nec
2392 4298 2504 4356 tua,
2541 4287 3060 4352 Girarde-Gilbertc,
3082 4284 3344 4342 fraudabo
3368 4287 3568 4341 nenia.

491 4373 704 4439 Quanta
743 4388 924 4429 rerum
956 4375 1243 4443 gravitate,
1273 4375 1564 4431 verborum
1597 4375 1907 4443 dulcedine,
1972 4399 1974 4402 ·
2177 4383 2413 4456 Ligerim
2439 4381 2635 4438 ﬂavum
2664 4382 2906 4438 revisens
2934 4380 3002 4436 ab
3028 4377 3269 4435 Jordane
3293 4388 3348 4434 et
3379 4377 3632 4450 Solyma,

491 4464 808 4534 Explicabal
829 4465 1042 4520 altioris
1074 4479 1270 4520 arcana
1295 4465 1533 4520 scientiae
1560 4467 1574 4518 ι
2113 4535 2148 4544 _
2181 4472 2437 4529 Occidisti
2463 4479 2683 4544 propter
2708 4470 2913 4527 Mosam
2941 4469 3043 4526 sub
3067 4468 3297 4524 Virduni
3330 4470 3553 4523 moenia.

561 4554 824 4611 Floruere
848 4564 898 4612 te
933 4555 1154 4614 fovente
1184 4555 1482 4612 Galliarum
1517 4556 1721 4623 studia,
2105 4535 2152 4598 (δ
2251 4564 2295 4621 Ο
2316 4573 2370 4620 et
2399 4535 2613 4620 te'dira
2641 4561 2867 4632 peremit
2898 4559 3216 4616 aemulorum
3250 4557 3438 4622 factio,

488 4646 568 4701 Tu
595 4647 797 4713 divina,
826 4655 882 4703 tu
911 4649 1150 4704 humana
1181 4648 1466 4706 excolebas
1500 4650 1782 4723 dogmata,
2182 4656 2474 4725 Postquam
2505 4653 2702 4709 missus
2727 4668 2786 4708 cs
2833 4651 3137 4720 Europeam
3167 4646 3519 4719 perflagranti
3549 4649 3776 4714 studio,

485 4740 772 4814 Nunquam
793 4758 984 4812 passus
1009 4744 1293 4799 obscurari
1325 4744 1580 4800 virtutem
1609 4745 1837 4802 desidia.
2182 4747 2412 4804 Scholas
2439 4745 2636 4800 multas
2661 4743 2934 4814 expilasti,
2959 4741 3202 4798 Waltere
3229 4739 3569 4810 Burgundio.

555 4833 766 4906 Gurges
795 4835 936 4892 altus
961 4846 1020 4892 ut
1046 4836 1289 4894 minores
1327 4837 1558 4894 solvitur
1587 4839 1644 4894 in
1681 4840 1867 4898 alveos
1885 4883 1902 4908 ,
2248 4837 2419 4893 Proh!
2447 4839 2492 4892 si
2515 4851 2788 4906 nunquam
2816 4832 3224 4903 revertisseszad
3242 4830 3776 4902 finesAllohrognm,

487 4925 666 5000 thue
696 4943 928 4999 magnus
952 4942 1021 4983 ex
1042 4943 1102 4985 se
1125 4929 1329 4985 multos
1360 4927 1534 4985 fundit
1564 4931 1701 5000 ignis
1724 4933 1905 4989 radios
2179 4928 2391 4994 Quanta
2418 4943 2558 4982 nunc
2597 4925 2922 4982 auctoritate
2951 4926 3246 4980 decorares
3270 4922 3520 4977 Latium!

483 5016 577 5072 Sic
599 5019 836 5088 insignes
865 5019 1174 5091 propagasti
1206 5035 1302 5089 per
1331 5019 1541 5075 diversa
1569 5019 1851 5089 plurimos.
2175 5019 2385 5075 Docens
2419 5019 2680 5089 quidquid
2704 5017 2958 5075 revexisti
2984 5018 3054 5073 ab
3081 5015 3257 5073 hortis
3283 5015 3674 5084 Hesperidum.

557 5109 877 5178 Hildierum,
915 5128 1075 5182 quem
1107 5111 1373 5182 Pupillam
1409 5129 1726 5185 nuncupare
1753 5115 1930 5182 soliti,
2245 5110 2376 5176 Quis
2405 5121 2454 5165 te
2480 5110 2726 5176 tandem,
2771 5125 2928 5166 sacer
2969 5111 3134 5166 heros
3161 5107 3262 5181 (6),
3301 5107 3436 5161 satis
3485 5123 3636 5177 saepe
3681 5107 3781 5161 fle-

484 5199 637 5240 Humi
683 5202 908 5240 nneillne
939 5213 1080 5240 occa!
1129 5205 1240 5242 imn
1272 5205 1603 5242 nnrcninnnic
1629 5207 1792 5242 oni-ni
3495 5199 3708 5244 iverit"
