4020 5364
253 308 390 364 HQ?
1449 301 1759 356 RHY'I‘HMI
1799 299 2270 355 ALPIIABETICI.
3363 297 3495 353 I298

255 422 525 478 Barbaras
555 435 715 476 aures
734 419 927 476 Latino
959 428 1264 488 temperans
1300 415 1542 486 eloquio,
1849 423 1900 482 Λ
1929 411 2082 467 Sicut
2110 413 2163 466 hi
2195 426 2331 480 quos
2356 409 2610 476 erudivit,
2639 409 2772 464 satis
2793 408 2997 479 pollent
3026 409 3204 464 hodie.

252 514 425 570 Notus
449 528 603 569 arces
625 514 690 567 ad
715 511 987 568 Romanas
1013 511 1082 566 ab
1101 524 1270 579 usque
1297 522 1518 563 oceano.
1995 499 2349 570 Xerapelinos
2377 508 2600 556 ornatus
2636 515 2758 556 cum
2785 501 2972 570 paucis
2992 498 3278 571 jugeribus

327 604 474 658 Situs
505 613 589 657 est
620 604 674 657 in
701 603 832 656 urbe
855 609 1038 656 nostra
1066 599 1258 670 longus
1297 599 1494 666 hospes
1522 596 1717 667 Legia,
1923 591 2128 647 Prtesul
2149 591 2318 645 durus
2340 590 2662 661 denegarat;
2700 598 2758 645 at
2785 598 2841 645 tu
2866 589 3069 646 Mettim
3097 589 3378 660 profugus,

254 695 416 763 Legia
456 709 773 764 magnarum
802 691 1072 762 quondam
1095 690 1294 745 artium
1317 687 1587 742 nutricula
1925 681 2121 737 nullas
2147 681 2260 736 illic
2281 695 2412 750 opes
2449 689 2662 745 nactus,
2687 679 2935 746 Warine,
2963 697 3024 736 es
3043 689 3098 736 et
3119 682 3370 736 conditus

255 785 367 841 Sub
398 783 686 849 Wathone,
712 782 919 852 subque
955 781 1094 852 ipso,
1125 780 1280 852 cujus
1316 787 1446 836 sunt
1482 779 1598 833 haec
1633 775 1824 848 rhyth-
2001 769 2268 842 Ypogzeis,
2291 779 2345 826 et
2365 771 2601 840 antiqua:
2627 772 2864 841 parentis
2890 772 2943 825 in
2974 773 3183 841 gremio

1562 869 1748 944 [πήρα.
1926 864 2284 928 Dormientes,
2315 861 2585 917 excitandi
2618 875 2775 916 mane
2804 862 2987 916 mundi
3016 862 3228 927 ultimo,

326 965 459 1018 Tres
491 965 645 1028 mihi,
675 964 934 1027 Camena,
971 963 1120 1018 cives
1156 977 1397 1018 memora
1444 961 1510 1016 de
1551 959 1818 1030 pluribus,
1923 958 2062 1012 Pace
2091 968 2295 1012 aeterna
2323 954 2673 1027 perfruantur
2701 964 2772 1019 te,
2796 953 3034 1018 Christe,
3063 955 3315 1024 propitio.

253 1051 629 1122 lllum,procul
653 1065 812 1122 quem
832 1053 1159 1107 exstinctum
1174 1049 1546 1120 Transalpinis
1558 1048 1819 1114 febribus,
1995 1052 2123 1107 Zeto
2149 1052 2338 1122 grandi
2363 1065 2458 1106 cor
2485 1063 2746 1106 accensus
2773 1061 2871 1119 pro
2897 1047 3184 1101 charorum
3223 1050 3409 1103 funere

256 1143 464 1214 Lugent
491 1154 655 1207 artes,
689 1143 872 1214 lugent
894 1142 1053 1196 urbes
1075 1157 1198 1197 cum
1227 1143 1339 1195 Sllis
1365 1140 1708 1212 prim-“nibus.
1925 1143 2293 1200 Adelmannus
2316 1143 2428 1196 IIIBC
2457 1139 2685 1196 deﬂebat
2717 1140 2771 1194 in
2806 1137 3016 1193 Nemeti
3048 1138 3254 1201 littore,

328 1234 424 1289 \‘ix
460 1235 718 1290 amissum
748 1248 1123 1304 quereremur,
1151 1231 1348 1289 Odulfo
1376 1233 1689 1303 superstite,
1932 1234 2074 1292 Suos
2096 1235 2213 1306 ipse
2240 1234 2380 1290 idem
2409 1233 2520 1289 illic
2554 1231 2852 1289 observans
2879 1230 3138 1301 quoudie.

252 1325 592 1394 Alestanum,
619 1336 853 1396 quantus
875 1335 989 1380 erat
1012 1326 1208 1381 veteris
1236 1324 1299 1398 [Ῑ.
1330 1333 1448 1380 uter
1471 1321 1540 1396 is]
1563 1323 1822 1386 scientiae,

1500 1628 2236 1724 ADNOTATIO.

325 1891 432 1947 llos
454 1889 736 1961 rhythmos
765 1904 832 1944 ex
865 1905 965 1944 ms.
996 1889 1184 1943 codice
1212 1886 1586 1944 Gemblacensi
1618 1896 1806 1957 rogatu
1853 1902 1975 1943 meo
2022 1887 2305 1957 descripsit
2336 1885 2620 1958 religiosus
2647 1885 2731 1942 vir
2759 1884 2983 1942 Michael
3013 1886 3332 1953 Delmerius,
3365 1885 3506 1955 ejus-

254 1980 376 2035 dem
418 1979 730 2036 monasterii
768 1978 1231 2044 bibliothecarius,
1262 1977 1355 2049 qui
1399 1992 1618 2050 operam
1650 1977 1779 2031 mihi
1823 1993 1976 2032 suam
2016 1978 2068 2032 in
2105 1977 2290 2032 multis
2339 1976 2462 2032 aliis
2499 1976 2800 2033 liberaliter
2828 1977 3106 2050 impendit.
3157 1977 3288 2047 Quis
3338 1978 3504 2036 fuerit

254 2073 619 2128 Adchnannus
651 2072 877 2125 istorum
908 2086 1161 2126 versuum
1185 2077 1398 2134 auctor,
1427 2083 1587 2125 nemo
1625 2068 1870 2124 eruditus
1892 2069 2126 2140 ignorat.
2153 2069 2357 2141 Nempe
2379 2069 2468 2125 ille
2508 2069 2624 2140 ipse
2645 2081 2729 2126 est
2753 2070 3069 2142 Bcrengarii
3101 2070 3505 2142 condiscipulus

253 2165 352 2218 sub
381 2163 638 2219 Fulherto
662 2163 980 2218 Carnolensi
1009 2163 1282 2233 episcopo,
1315 2163 1713 2232 grammaticus,
1743 2173 1790 2216 ct
1816 2178 1880 2216 ea:
1919 2159 2109 2217 clerico
2132 2160 2407 2216 Lcodiemi
2430 2160 2723 2218 Brixicmis
2745 2165 3036 2232 episcopus,
3062 2171 3200 2218 teste
3222 2163 3504 2234 Sigeberto

253 2259 308 2312 in
335 2256 428 2310 lib.
463 2256 538 2312 De
561 2256 918 2325 scriptoribus
946 2253 1355 2317 ecclesiasticis,
1387 2266 1507 2321 cap.
1537 2251 1662 2315 l55,
1695 2249 1785 2305 ubi
1816 2260 2044 2306 vocatur
2081 2250 2398 2317 Acumsus,
2429 2251 2522 2322 qui
2552 2251 2687 2306 duas
2726 2251 2984 2320 epistolas
3026 2253 3100 2306 De
3129 2253 3359 2307 veritate
3387 2267 3505 2307 cor-

253 2348 403 2420 poris
431 2346 631 2404 Christi
673 2346 884 2401 Domini
928 2345 980 2400 in
1021 2343 1388 2409 Eucharistia,
1420 2359 1582 2398 unam
1622 2343 1688 2398 ad
1726 2341 2132 2413 Bcrengarium,
2158 2342 2384 2398 alteram
2417 2343 2486 2398 ad
2517 2343 2740 2398 Paulum
2783 2345 3150 2414 primicerium
3184 2346 3502 2413 Metenscm,

252 2441 488 2509 scripsit.
515 2441 570 2495 ln
603 2439 899 2510 exemplari
925 2436 1325 2501 Gemblacensi,
1356 2436 1476 2492 istis
1504 2436 1774 2508 rhythmis
1803 2437 2206 2506 pmntittuntur
2236 2438 2350 2494 hrcc
2382 2439 2544 2494 verba
2580 2456 2592 2492 :
2625 2457 2642 2490 ι
2673 2437 2826 2494 Mitto
2851 2441 3014 2495 etiam
3041 2442 3134 2496 tibi
3166 2441 3504 2512 rhythmicos

251 2531 552 2587 versiculos
575 2531 730 2602 juxta
771 2531 1018 2586 ordinem
1049 2527 1321 2600 alphabeti
1353 2528 1614 2597 digestos,
1645 2542 1782 2596 quos
1827 2537 1951 2582 ante
1980 2544 2153 2583 annos
2195 2528 2420 2598 aliquot,
2459 2544 2584 2584 cum
2626 2530 2799 2585 adhuc
2841 2529 3029 2586 Leodii
3062 2545 3259 2596 essem,
3303 2546 3390 2586 me
3438 2533 3504 2585 ad

252 2621 458 2677 amicos
487 2623 746 2692 quosdam
779 2637 946 2686 meos,
993 2635 1224 2690 quorum
1266 2620 1448 2690 plures
1489 2619 1600 2690 ipse
1630 2633 1885 2686 noveras,
1919 2619 2284 2675 lamentaliter
2311 2629 2632 2678 recensente
2672 2623 2999 2694 compositos
3026 2625 3202 2694 reperi
3233 2638 3406 2694 nuper
3449 2633 3507 2679 et

251 2714 418 2770 edidi.
457 2733 475 2767 ι
512 2715 642 2782 Quae
669 2714 831 2769 verba
855 2721 980 2768 sunt
1011 2711 1331 2768 Adelmanni
1356 2711 1455 2767 hos
1482 2726 1669 2767 versus
1699 2712 1965 2768 mittentis
1993 2713 2060 2767 ad
2088 2712 2500 2782 Berengarium,
2526 2714 2593 2770 de
2625 2730 2732 2784 quo
2758 2715 2810 2768 in
2841 2715 2945 2771 [ine
2987 2717 3360 2786 rhythmorum
3389 2717 3506 2772 hznc

251 2806 507 2878 leguntur
533 2825 546 2862 :
583 2807 892 2865 Rssroumr
921 2806 1284 2861 Bsnmctuws
1317 2823 1328 2859 :
1358 2803 1613 2860 Nascitur
1643 2806 1896 2860 ridiculus
1927 2824 2063 2861 mus.
2093 2807 2195 2874 Qui
2232 2807 2595 2881 Berengarius
2631 2809 3003 2865 Aldelmanum
3045 2811 3251 2866 ironice
3283 2814 3508 2869 Auum-

253 2899 485 2956 Ilssxuu
520 2917 716 2958 vocare
753 2901 946 2956 solitus
971 2909 1110 2966 erat,
1143 2908 1204 2954 ut
1233 2899 1431 2955 ibidem
1461 2899 1728 2956 subditur.
1765 2898 1933 2956 Multa
1972 2901 2029 2956 in
2059 2901 2159 2958 hos
2187 2917 2378 2960 versus
2408 2903 2645 2958 notanda
2676 2901 2876 2970 forent,
2914 2902 3008 2959 sed
3048 2910 3258 2959 tantum
3305 2920 3367 2960 ea
3409 2904 3504 2960 ob-

251 3008 412 3046 servo
435 3009 554 3062 qua:
580 2994 711 3048 mihi
742 2993 900 3050 obvia
930 3001 1081 3049 sunt.

321 3084 403 3138 Ad
432 3085 670 3140 litteram
708 3087 753 3141 Κ
780 3087 1032 3141 laudatur
1056 3085 1206 3155 Sigo,
1237 3084 1405 3140 abbas
1428 3085 1636 3140 scilicet
1662 3086 1980 3142 monasterii
2011 3085 2198 3142 Sancti
2228 3086 2902 3143 Florentii‘Salmuriensis
2919 3087 2984 3143 ad
3010 3088 3270 3157 Ligerim,
3294 3088 3377 3143 vir
3405 3103 3504 3143 suo

253 3183 500 3244 tempore
535 3174 900 3242 clarissimus;
942 3175 1096 3246 cujus
1135 3174 1360 3244 a'qualis
1395 3174 1498 3228 fuit
1528 3175 1847 3245 Rainaldus,
1892 3175 2178 3231 Turonicaa
2229 3175 2418 3232 Sancti
2461 3177 2677 3233 Martini
2723 3177 2966 3235 ecclesia:
3022 3180 3360 3236 archiclavus
3407 3193 3500 3234 scu

252 3276 455 3331 custos,
486 3268 551 3323 de
573 3283 680 3338 quo
708 3268 797 3322 hic
833 3267 1037 3322 mentio
1068 3268 1126 3320 iit
1156 3266 1224 3322 ad
1259 3266 1496 3322 litteram
1528 3265 1601 3322 Μ.

325 3358 561 3430 Stropha
593 3361 856 3431 incipiens
884 3374 914 3414 a
944 3359 1124 3414 littera
1151 3358 1220 3424 N,
1250 3359 1506 3414 mendosa
1543 3366 1767 3428 apparet
1796 3359 1848 3414 in
1883 3359 2064 3430 primo
2109 3376 2271 3417 versu
2313 3379 2328 3416 :
2372 3360 2485 3417 Nec
2516 3371 2630 3430 tua,
2675 3361 3190 3434 Cirardc-Gilbertc,
3236 3365 3498 3437 fraudabo

254 3453 452 3517 mania,
476 3451 800 3522 videturque
823 3450 1128 3521 legendum,
1160 3446 1272 3502 Nec
1299 3458 1412 3512 tua,
1450 3446 1676 3503 Girardc
1702 3449 1900 3519 glaber,
1931 3459 1980 3503 te
2001 3449 2263 3508 fraudabo
2295 3453 2488 3506 ntvuia.

322 3545 405 3600 Ad
432 3545 668 3600 litteram
711 3544 748 3598 S
780 3541 960 3614 agitur
993 3541 1060 3597 de
1094 3541 1387 3606 Wathone,
1418 3541 1516 3596 sub
1543 3555 1649 3610 quo
1676 3539 1834 3613 Legia
1869 3557 2180 3612 magnarum
2226 3544 2423 3599 artium
2462 3543 2724 3600 nutricula
2768 3543 3016 3603 ﬂoruisse
3055 3549 3276 3615 dicitur,
3307 3551 3500 3621 rubquc

253 3637 390 3706 ipso,
424 3639 574 3708 cujus
600 3646 720 3691 sunt
749 3636 861 3691 lucc
894 3635 1206 3705 rhythmica.
1233 3632 1310 3690 Ex
1335 3633 1533 3704 quibus
1562 3631 1819 3688 discimus
1846 3632 2242 3688 Adelmannum
2267 3633 2435 3690 fuisse
2463 3637 2844 3692 scholasticum
2877 3654 2970 3694 seu
3002 3639 3317 3710 prmfectum
3340 3643 3498 3698 schn-

253 3729 320 3785 lis
345 3731 398 3785 in
423 3730 557 3786 urbe
582 3728 894 3793 Lcodiensi,
923 3726 1137 3809 scilicet
1162 3734 1289 3797 post
1317 3725 1631 3789 Watonem,
1662 3725 1754 3796 qui
1778 3723 1949 3780 Wazo
1978 3725 2177 3780 dicitur
2198 3726 2265 3780 ab
2291 3726 2546 3782 Anselmo
2577 3728 2842 3784 canonico
2865 3728 3174 3797 Lcodiensi,
3205 3734 3357 3803 cujus
3383 3733 3498 3787 haec

254 3824 420 3878 verba
447 3824 502 3881 in
528 3822 620 3878 lib.
646 3823 720 3877 De
741 3820 1008 3891 episcopis
1035 3817 1446 3886 Leodiensibus,
1471 3833 1590 3887 cap.
1620 3816 1688 3872 84
1727 3835 1739 3870 :
1778 3835 1795 3869 ι
1834 3816 1932 3870 llic
1965 3815 2247 3886 (nimirum
2269 3815 2458 3887 Waso)
2489 3817 2724 3886 primum
2749 3819 2848 3874 sub
2880 3818 3112 3890 Notgero
3138 3823 3366 3891 praesule
3404 3839 3499 3878 ca-

253 3914 502 3985 pellanus
526 3911 791 3976 existens,
831 3917 1015 3979 postea
1046 3908 1115 3962 ab
1139 3909 1327 3963 eodem
1356 3907 1664 3962 scholarum
1696 3905 1927 3961 donatur
1955 3907 2236 3976 magistro.
2277 3926 2297 3960 »
2349 3905 2655 3964 Chronieon
2695 3909 2993 3967 Leodiense
3044 3915 3182 3984 apud
3223 3915 3498 3972 Labbeum

252 4001 308 4055 in
333 4001 681 4056 Bibliotheca:
703 4015 855 4056 novae
883 4010 1028 4053 tomo
1051 3997 1076 4052 l~
1099 3998 1214 4053 hazc
1237 3998 1402 4052 habet
1425 4015 1438 4050 :
1467 3997 1618 4050 Auno
1654 3996 1779 4049 1041
1813 3997 1936 4050 obiit
1974 3995 2290 4063 (lit/tardus,
2318 3999 2544 4052 succedit
2581 3999 2792 4068 Walto;
2816 4003 2970 4076 cujus
2997 4004 3176 4061 obitus
3217 4011 3496 4078 reponitur

252 4110 396 4150 anno
422 4093 579 4148 1048.
615 4091 720 4148 Ubi
756 4091 906 4146 vides
934 4089 1220 4144 Watonem
1247 4103 1354 4143 non
1388 4088 1552 4141 alium
1586 4101 1706 4140 esse
1729 4103 1758 4139 a
1793 4085 1839 4138 Vl

1910 4101 2052 4150 sone,
2081 4087 2158 4141 uti
2193 4087 2389 4158 legitur
2427 4090 2566 4159 apud
2598 4090 2942 4159 Anselmum,
2983 4096 3073 4164 qui
3111 4111 3208 4166 pro
3235 4097 3497 4158 Hithardo

257 4184 582 4239 Nithardum
607 4183 815 4239 scribit.
842 4181 1004 4251 Ergo,
1027 4190 1086 4235 ut
1110 4179 1358 4251 superius
1389 4177 1648 4250 praefatus
1673 4191 1814 4244 sum,
1836 4175 2206 4234 Adelmannus
2225 4178 2424 4235 scholis
2451 4178 2874 4240 Leodicensibus
2905 4183 3196 4256 praefectus
3219 4199 3324 4259 est,
3356 4197 3503 4264 quod

213 4299 220 4309 ε
253 4279 416 4334 nemo
440 4279 727 4343 hactenus,
756 4277 812 4332 ni
845 4271 1028 4340 fallor,
1059 4274 1390 4330 observavit.

327 4371 440 4426 Sub
475 4371 655 4426 littera
685 4368 734 4425 Χ
765 4370 944 4441 agitur
968 4367 1035 4424 de
1062 4366 1310 4434 Warino,
1335 4366 1427 4438 qui
1460 4366 1668 4420 videtur
1699 4363 1866 4420 fuisse
1896 4363 2126 4421 clericus
2155 4365 2492 4432 Leodiensis,
2524 4375 2638 4422 tum
2666 4371 2963 4426 monachus
3003 4373 3058 4427 in
3091 4378 3338 4433 cmnohio
3361 4377 3502 4434 Gor-

255 4465 446 4530 ziensi,
474 4465 800 4534 demumque
839 4463 1007 4518 abbas
1045 4463 1100 4517 in
1139 4461 1366 4518 Metensi
1393 4460 1659 4516 ascetcrio
1690 4458 1877 4516 Sancti
1905 4460 2140 4526 Arnum,
2173 4469 2232 4515 ut
2268 4469 2415 4530 patet
2442 4476 2508 4515 ex
2542 4461 2709 4531 ipsius
2740 4462 2952 4520 Warini
2997 4468 3242 4537 epistola.
3289 4467 3500 4526 Prwsul

254 4561 344 4616 ille
362 4561 550 4622 durus,
578 4559 668 4626 qui
693 4557 918 4613 Warino
941 4555 1268 4626 xcrapeliuos
1297 4563 1514 4608 ornatus
1544 4570 1662 4606 cum
1695 4553 1876 4622 paucis
1897 4553 2172 4623 jugeribus
2205 4554 2507 4622 reposcenti
2537 4554 2833 4626 denegasse
2872 4558 2961 4613 hic
2998 4570 3346 4626 memoratur,
3392 4562 3501 4618 Du.

255 4659 458 4715 randus
483 4664 565 4714 est
597 4654 910 4711 Lcodiensis
933 4653 1235 4722 episcopus,
1265 4648 1420 4718 cujus
1446 4663 1640 4702 nomen
1675 4648 1816 4701 inter
1844 4646 2040 4701 lineam
2068 4648 2358 4716 ascriptum
2389 4657 2474 4701 est
2507 4647 2563 4700 in
2611 4649 2794 4702 codice
2822 4666 2922 4704 ms.
2955 4649 3097 4721 Ergo
3125 4655 3213 4707 hic
3239 4653 3511 4718 Warinus

252 4766 286 4806 ι
325 4753 583 4809 Durando
611 4750 924 4806 Leodicensi
949 4746 1204 4816 episcopo
1230 4757 1400 4812 pauca
1420 4741 1609 4811 jugera
1633 4739 1735 4793 sibi
1763 4738 1878 4832 dari
1908 4737 2140 4806 petierat
2163 4753 2282 4791 cum
2306 4737 2485 4805 aliqua
2517 4738 2570 4791 in
2594 4738 2908 4832 Leodicensi
2948 4741 3187 4799 Ecclesia
3215 4747 3526 4832 dignitate.

255 4856 347 4901 aut
375 4863 478 4916 qua
511 4845 636 4907 alia,
668 4841 821 4910 cujus
850 4840 1060 4909 insigne
1083 4845 1199 4892 erat
1223 4834 1386 4890 vestis
1413 4829 1799 4900 xcrampclina.
1830 4828 1961 4919 Qua:
1989 4845 2113 4883 cum
2136 4829 2302 4882 durus
2324 4829 2556 4884 antistes
2587 4828 2813 4886 Warino
2847 4833 3173 4901 negavisset,
3206 4837 3292 4892 ille
3331 4828 3547 4919 nam;

254 4938 392 4994 clam
424 4935 719 4989 Meteusem
757 4931 808 4985 in
838 4930 1025 4985 urbem
1056 4924 1213 4993 fugit,
1238 4923 1329 4980 ubi
1355 4936 1478 4978 cum
1509 4919 1726 5028 abb‘atia
1756 4918 2054 5028 S.“Arnulii
2075 4919 2272 5028 multis
2296 4932 2424 4988 Opes
2449 4929 2680 4976 nanctus
2711 4928 2813 4974 est.
2845 4922 3256 4994 Xerampelinos
3280 4944 3574 5028 ornatus

253 5027 660 5089 Gemblacensis
694 5025 863 5079 codex
897 5023 972 5078 ita
1010 5021 1402 5089 interpretatur
1455 5033 1468 5068 :
1530 5033 1548 5067 ι
1602 5013 1939 5082 Xcrapelinte
1980 5022 2159 5070 vestes
2194 5013 2450 5113 dicuntur
2490 5025 2704 5073 veteres
2741 5024 2794 5070 et
2834 5017 3124 5086 przesiccae,
3168 5013 3538 5113 pampinea“

254 5123 518 5178 habentes
550 5117 817 5180 colorem;
851 5124 904 5168 et
938 5119 1210 5182 ponuntur
1237 5109 1340 5165 hoc
1380 5107 1498 5160 loco
1543 5121 1642 5177 pro
1673 5106 2088 5178 quibuscunque
2118 5104 2360 5172 antiquis
2394 5106 2660 5168 vestibus.
2711 5128 2732 5163 ι
2765 5107 2896 5175 Quae
2941 5078 3322 5184 interpretati;
3365 5078 3613 5184 dot}?

255 5157 518 5178 ηαυυιιιυσ
551 5157 817 5180 νν-ν-ν-υ,
852 5157 904 5168 ν-
938 5157 1200 5182 ,ιν---ηπη
1241 5157 1338 5165 "vv
1382 5157 1420 5160 -ν
1454 5157 1487 5159 ν-
1545 5157 1633 5177 ιη-
1691 5157 2084 5178 ιηνν-ην---ινν
2120 5157 2210 5160 --ντ
2255 5157 2270 5172 ι
2320 5157 2356 5159 α
2472 5157 2660 5168 νν--ν-νυ
2711 5157 2725 5163 ν
2773 5157 2895 5175 ιι--ν
2941 5157 3313 5184 νην-γινωυι
3365 5157 3462 5184 υυ

255 5230 354 5270 nos
397 5213 500 5268 hoc
532 5211 654 5264 loco
687 5207 964 5278 legendum
1007 5203 1388 5272 xerampelinas
1435 5211 1674 5254 ornatus.
1710 5197 1838 5264 Quae
1868 5213 1974 5254 vox
2013 5201 2200 5257 Graeca
2251 5212 2317 5251 ex
2350 5197 2562 5258 duabus
2592 5203 2891 5272 composita
2937 5212 3042 5270 est,
3092 5210 3298 5264 scilicet
3345 5157 3643 5280 ιερἒὲι

3419 5235 3600 5288 ρὰ.
