4020 5364
182 301 325 362 i305

1360 290 1719 349 ΕΡιδτοιΑε
1758 288 1848 345 ET
1886 288 2309 345 DlPLOMATA.

3323 295 3472 349 1506

180 410 473 471 scensione
524 414 830 463 annuentes
875 404 1233 478 petitionibus
1282 405 1411 473 tuis,
1448 405 1773 462 charissime
1798 412 1849 471 Α
1876 403 2039 461 ritate
2081 414 2413 471 restruxere,
2477 413 2532 461 et
2578 405 2877 478 privilegiis
2946 408 3260 481 apostolica
3316 413 3472 469 sedis

178 504 279 570 ﬁli,
309 512 363 559 et
384 501 535 556 abba
592 497 832 555 Joannes
866 514 964 569 per
1004 498 1147 554 hanc
1185 497 1499 569 apostolica:
1531 498 1772 554 auctori-

176 596 312 654 tatis
337 592 662 651 decretalem
688 591 967 663 paginam,
991 590 1292 647 secundum
1318 591 1464 661 quod
1494 590 1603 647 tuis
1626 598 1775 647 ante-

177 687 497 743 cessoribus
540 684 711 740 nostri
751 682 948 739 fecisse
979 691 1303 749 noscuntur,
1342 682 1694 739 concedimus
1718 691 1773 739 et

177 778 576 834 conﬁrmamus
608 776 728 842 tibi,
758 775 978 846 tuisque
1016 775 1430 831 successoribus
1458 783 1582 846 post
1607 784 1661 832 te
1681 791 1770 832 re-

178 870 447 944 gulariter
470 868 856 945 promovendis
885 867 941 922 in
973 877 1296 938 perpetuum
1330 866 1616 938 prasfatum
1646 883 1768 924 mo-

176 963 486 1019 nasterium
544 960 696 1016 Beati
740 958 1015 1016 Vincentii
1064 959 1318 1031 martyris
1379 959 1549 1015 situm
1607 975 1773 1031 super

178 1056 363 1128 ipsum
394 1055 600 1110 fontem
630 1052 961 1108 Vulturnum
998 1052 1055 1106 in
1086 1051 1362 1109 territorio
1389 1050 1773 1109 Beneventano

177 1147 238 1206 in
268 1146 514 1218 partibus
548 1142 787 1202 Samnite
826 1159 953 1198 cum
996 1141 1254 1198 omnibus
1288 1142 1403 1198 suis
1428 1142 1773 1213 pcrtinentiis

176 1250 235 1296 et
256 1240 428 1306 cellis,
459 1237 710 1293 videlicet
746 1235 1142 1291 monasterium
1171 1234 1323 1290 Beati
1366 1233 1512 1290 Petri
1539 1250 1609 1305 ap
1647 1234 1771 1291 stoli

177 1333 363 1404 pc-situ
388 1350 418 1385 ιι
460 1331 617 1402 juxta
656 1330 879 1384 ﬂuvium
915 1327 1159 1394 Sabbati,
1210 1328 1603 1383 monasterium
1634 1343 1773 1398 quo—

177 1439 289 1497 que
317 1420 504 1478 Sancti
530 1424 665 1479 Ade.
684 1424 796 1478 dati
826 1423 970 1481 intra
993 1421 1382 1487 Beneventum,
1407 1428 1461 1476 et
1484 1421 1770 1479 ecclesiam

181 1515 370 1573 Sancti
432 1514 735 1587 Stephani;
790 1515 982 1573 cellam
1039 1513 1253 1570 Sanctae
1308 1512 1492 1571 Maria:
1549 1517 1604 1571 iu
1648 1517 1771 1572 loco

180 1606 352 1674 Sano,
379 1617 486 1663 etc.
532 1608 900 1664 Concediuius
947 1607 1224 1663 licentiam
1270 1608 1427 1663 vobis
1464 1610 1771 1681 vestrisque

1872 496 2071 551 merito
2092 496 2302 552 carteris
2346 498 2611 554 mobiis
2651 500 3027 569 praetulerunt,
3081 510 3244 572 atque
3270 510 3469 561 contra.

1873 586 2244 659 quorumlibet
2260 598 2544 659 suspectas
2565 590 2796 661 injurias
2816 592 3104 649 eﬁicaciter
3124 595 3471 653 munierunt.

1873 679 2120 749 Quorum
2142 695 2245 736 nos
2280 695 2452 736 sacra:
2492 683 2803 739 auctoritati
2839 685 2982 742 sicut
3002 695 3244 757 tempore
3266 696 3317 743 et
3343 688 3465 745 loco

1874 772 2240 839 succedimus,
2273 772 2356 828 sic
2394 788 2587 828 eorum
2616 776 2885 847 exemplo,
2930 787 2991 833 ut
3013 786 3244 847 oportet,
3276 780 3465 834 inuiti-

1874 879 2019 932 mur,
2043 873 2098 920 et
2117 880 2214 935 per
2240 866 2406 937 hujus
2434 875 2636 923 nostra:
2663 868 2952 926 decretalis
2972 872 3183 941 paginte
3213 881 3461 927 tenorem

1872 955 1991 1021 tibi,
2014 955 2370 1012 dilectissime
2413 956 2491 1010 ﬁli
2535 955 2802 1024 Desideri,
2835 973 3000 1029 quem
3048 960 3301 1016 abbatem
3332 976 3473 1019 σου-ι

1871 1042 2230 1117 secravimus,
2264 1049 2640 1118 concedimus,
2667 1050 2967 1107 secundum
3006 1052 3288 1124 privilegia
3312 1063 3466 1109 ante—

1870 1154 2153 1197 cessorum
2192 1151 2509 1198 nostrorum
2550 1152 2715 1217 atque
2750 1147 3225 1214 consuetudinem,
3271 1164 3468 1205 mona-

1872 1233 2099 1288 sterium
2144 1234 2274 1291 almi
2318 1233 2497 1292 Patris
2532 1236 2837 1305 Benedicti,
2872 1238 3038 1294 situm
3077 1247 3264 1294 monte
3297 1241 3464 1296 castri

1871 1322 2080 1393 Casini,
2113 1336 2481 1398 cunctamque
2516 1329 2689 1399 ipsius
2719 1332 3040 1387 monasterii
3074 1332 3375 1402 abbatiam,
3408 1334 3464 1389 in

1872 1416 2084 1488 integro
2128 1434 2257 1474 cum
2304 1421 2457 1477 cellis
2499 1422 2636 1487 suis,
2688 1423 2949 1492 castellis,
2991 1425 3213 1495 praediis
3234 1434 3291 1483 et
3313 1428 3474 1485 omni

1870 1525 1969 1566 sua
1993 1511 2341 1581 pertinentia,
2364 1522 2421 1569 et
2450 1513 2554 1570 hac
2593 1524 2784 1571 nostra
2808 1518 3136 1574 auctoritate
3167 1517 3463 1576 conﬁrma-

1871 1617 1996 1659 mus
2039 1611 2148 1658 tam
2184 1604 2241 1659 in
2278 1604 2479 1662 ﬁnibus
2520 1605 3051 1677 Beneventanorum,
3076 1609 3377 1680 Apulorum
3411 1620 3467 1667 et

177 1700 415 1774 posteris
436 1699 505 1755 ad
536 1700 730 1755 altaria
765 1700 1139 1757 consecranda
1162 1707 1218 1754 et
1242 1699 1473 1757 clericos
1507 1701 1563 1756 in
1590 1701 1771 1771 quoli-
1799 1770 1833 1774 _
1868 1693 2250 1766 Calabrowm,
2282 1713 2450 1768 quam
2474 1699 2639 1755 etiam
2668 1700 2723 1756 in
2759 1700 2962 1758 finibus
2988 1701 3297 1759 Marsorum
3331 1712 3385 1758 et
3408 1703 3474 1761 in

178 1770 271 1852 bet
296 1792 467 1865 gradu
499 1792 830 1848 ordinandos
876 1791 1110 1847 invitare
1149 1807 1313 1866 quem
1343 1770 1624 1848 volueritis
1654 1794 1770 1866 epi-
1796 1770 1845 1831 Β
1871 1788 2156 1857 marchiiS,
2186 1789 2301 1845 sive
2349 1790 2663 1876 ubicunque
2701 1793 2862 1866 longe
2905 1803 2960 1850 et
2996 1809 3164 1866 prope
3195 1795 3473 1852 hactenus,

174 1900 428 1956 scopum.
458 1883 841 1942 lnterdicimus
862 1885 1032 1943 etiam
1054 1898 1123 1939 ne
1144 1884 1269 1955 quis
1291 1885 1674 1956 episcOporum
1701 1902 1769 1943 ex
1864 1880 1993 1952 iure
2020 1881 2125 1936 sibi
2158 1883 2393 1953 pertinet
2441 1884 2681 1956 aliquid,
2730 1887 2846 1942 sive
2896 1888 3163 1960 quidquid
3206 1887 3475 1959 deinceps-

176 1976 377 2031 eodem
393 1976 732 2032 monasterio
781 1975 1032 2031 abbatem
1062 1975 1147 2031 vel
1193 1977 1525 2033 monachum
1571 1979 1770 2035 audeat

178 2068 248 2126 ad
278 2085 436 2124 suam
478 2069 749 2142 synodum
802 2084 1123 2139 provocare,
1160 2070 1249 2125 vel
1269 2073 1764 2130 excommunicare.

176 2158 443 2218 Jubemus
487 2177 709 2233 quoque
771 2163 1121 2219 concedendo
1180 2163 1337 2219 vobis
1392 2165 1770 2237 cujuscunque

179 2251 436 2309 Ecclesia:
475 2254 759 2321 clericum,
810 2254 858 2310 si
888 2257 1101 2311 venerit
1148 2256 1217 2312 ad
1247 2257 1682 2326 conversionem,
1710 2266 1771 2314 ut

178 2345 456 2415 recipiatis
518 2347 820 2403 secundum
882 2347 1244 2404 monasticam
1302 2349 1765 2420 disciplinam.....

180 2436 442 2506 chrisma,
468 2449 524 2494 et
544 2439 723 2494 oleum
752 2447 1005 2495 sanctum
1042 2441 1339 2511 acquiratis
1378 2457 1410 2497 a
1431 2442 1771 2513 beneplacito

178 2529 336 2585 vobis
360 2529 641 2601 episcopo,
674 2538 779 2590 etc.
808 2530 866 2585 Si
896 2530 1024 2603 quis
1059 2539 1265 2600 autem,
1297 2518 1456 2608 quod
1483 2549 1594 2589 non
1616 2543 1773 2605 opta-

177 2634 328 2687 mus,
353 2630 459 2676 etc.

251 2710 530 2783 Scriptum
562 2727 662 2784 per
684 2728 884 2768 manus
912 2710 1197 2769 Octaviani
1225 2712 1500 2769 scriniarii
1532 2712 1588 2768 S.
1615 2712 1680 2768 R.
1703 2713 1771 2774 Ε.

177 2806 401 2874 notarii,
451 2822 639 2862 mense
686 2806 906 2874 Martio,
950 2815 1005 2862 et
1046 2805 1342 2862 indictione
1366 2822 1465 2861 xu.
1500 2805 1644 2862 Bene
1672 2822 1772 2862 va~

177 2895 304 2955 lete.

250 2987 449 3044 Datum
476 2988 682 3061 Spoleti
730 3006 784 3045 vt
831 2988 1017 3045 Nonas
1054 2988 1256 3057 Martii,
1293 2988 1440 3044 anno
1459 2988 1589 3045 Jesu
1611 2989 1772 3045 Chri-

178 3080 251 3137 sti
276 3080 438 3149 1059,
462 3097 560 3152 per
580 3098 779 3139 manus
794 3080 1080 3139 Humberti
1102 3092 1307 3140 sanctae
1328 3082 1587 3140 Ecclesiae
1609 3082 1771 3139 Silva:

176 3172 438 3229 Candida:
473 3174 736 3247 episcopi,
781 3192 928 3234 anno
956 3192 975 3231 ι
1012 3175 1373 3235 Pontiﬁcatus
1399 3178 1586 3233 domui
1616 3192 1770 3248 papte

176 3262 389 3322 Nicolai
412 3267 659 3336 secundi,
700 3258 997 3324 indictiBne
1022 3285 1120 3324 xu.

929 3404 1019 3460 Ill.

182 3516 445 3594 Nicotaus
464 3517 551 3594 _II
572 3535 711 3594 papg
730 3520 1030 3594 _con[i_rmgt
1065 3519 1200 3594 (zona
1224 3538 1307 3594 jac
1350 3522 1629 3594 privilegia
1652 3539 1768 3577 om-

252 3589 345 3642 nia
381 3606 415 3643 a
452 3588 789 3645 Leone'PP.
835 3588 919 3643 IX
956 3589 1234 3646 Casineusi
1281 3588 1602 3648 monasterio
1639 3610 1769 3649 cou-

252 3674 419 3714 cessa.

772 3752 952 3822 (Anno
990 3753 1176 3828 1059.)

180 3840 939 3919 [COCQUELINES,_Bul/ar.,_l_,
971 3846 1099 3919 ibi,
1123 3864 1190 3919 ex
1219 3857 1445 3919 regesto,
1464 3847 1611 3905 Petri
1640 3849 1769 3906 Dia-

498 3913 644 3980 coni,
677 3930 828 3968 num.
864 3915 951 3982 i8,
979 3915 1074 3971 fol.
1105 3917 1170 3971 i7
1196 3934 1227 3972 a
1251 3913 1448 3991 te'rgo.]
1734 3936 1737 3939 '

250 4000 524 4059 NICOLAUS
564 4004 875 4075 episcopus,
905 4022 1096 4064 servus
1140 4024 1426 4064 servorum
1466 4009 1582 4077 Dei,
1612 4010 1771 4066 Dssr-

178 4110 343 4150 DBBIO
387 4094 586 4150 dilecto
635 4095 748 4150 tilio
786 4097 969 4152 abbati
1012 4099 1342 4154 venerabilis
1374 4101 1769 4157 emnobii'almi

176 4183 362 4245 Patris
404 4186 701 4256 Benedicti,
744 4190 895 4261 quod
937 4199 1286 4261 nuncupatur
1327 4191 1483 4249 Mons
1509 4191 1768 4262 Casinus,

180 4279 508 4349 cunctisque
560 4282 972 4339 successoribus
1021 4284 1142 4354 ejus
1184 4284 1296 4340 illic
1334 4286 1658 4356 regulariter
1702 4286 1771 4342 ad

176 4370 428 4442 regimen
456 4373 871 4441 promovendis,
896 4374 950 4429 in
972 4384 1315 4447 perpetuum.

1871 1972 1965 2028 ubi
2012 1973 2097 2029 vis
2135 1974 2285 2045 juste
2340 1977 2676 2048 aequisierit.
2733 1977 2817 2033 Ad
2858 1978 2975 2035 haec
3022 1980 3318 2051 justitiam,
3380 1984 3466 2037 vel

1870 2066 2152 2136 quodlibet
2180 2067 2423 2124 debitum
2451 2070 2598 2142 quod
2621 2068 2880 2127 oﬁicialcs
2906 2073 3080 2128 nostri
3107 2073 3251 2129 sacri
3277 2074 3472 2145 palatii

1870 2157 2095 2228 exigunt
2127 2173 2158 2213 a
2185 2160 2418 2216 navibus
2451 2162 2519 2216 ad
2555 2159 2864 2217 Romanum
2894 2175 3112 2233 portum
3143 2166 3467 2237 applicanti-

1870 2249 1998 2315 bus,
2044 2251 2210 2307 vestri
2258 2252 2494 2307 cmuobii
2542 2254 2667 2308 navi
2708 2257 2969 2325 peculiari
3018 2266 3296 2328 gratanter
3331 2260 3469 2317 rela-

1871 2356 2070 2397 xamus
2092 2361 2107 2410 ;
2130 2350 2187 2397 et
2218 2344 2655 2417 quotiescunque
2680 2344 2912 2403 Romam
2937 2349 3005 2404 ad
3030 2351 3318 2406 servitium
3338 2368 3467 2408 san-

1872 2440 1974 2489 ctze
2000 2431 2261 2489 Romana:
2286 2434 2542 2491 Ecclesiae
2561 2438 2841 2505 veneritis,
2874 2439 2928 2493 in
2954 2449 3143 2495 sancta
3160 2439 3466 2497 Jerusalem

1872 2526 2060 2596 palatii
2093 2526 2414 2582 Susurriani
2455 2528 2755 2599 hospitium
2805 2531 3095 2599 habeatis;
3128 2540 3184 2587 et
3208 2532 3469 2590 defuncto

1874 2618 2069 2672 abbate
2126 2618 2346 2686 ibidem,
2391 2627 2571 2674 vestra
2604 2621 2688 2675 vel
2730 2630 3041 2677 vestrorum
3081 2637 3471 2682 successorum

1874 2708 2138 2764 electione
2178 2710 2348 2769 abbas
2393 2712 2782 2780 constituatur,
2832 2729 2865 2768 a
2906 2713 3166 2770 Romano
3210 2716 3477 2788 pontiﬁce

1875 2803 2301 2870 consecrandus,
2339 2813 2663 2860 conservato
2688 2805 2847 2862 vobis
2899 2808 3205 2878 vestrisque
3247 2825 3469 2888 succes-

1876 2895 2094 2950 soribus
2117 2894 2482 2966 privilegium,
2507 2904 2619 2951 tam
2647 2899 2795 2968 quod
2818 2913 2887 2954 ex
2910 2900 3036 2954 navi
3064 2885 3273 2969 vestra,
3297 2885 3475 2973 quam

1875 2985 2023 3054 quod
2043 3000 2110 3040 ex
2140 2986 2259 3057 ipsa
2286 2986 2563 3041 destructa
2591 2988 2846 3056 ecclesia,
2877 2998 2937 3044 ut
2959 2990 3045 3045 vel
3070 2991 3150 3046 sic
3172 3002 3470 3049 restruere-

1879 3084 1985 3142 tur,
2015 3076 2296 3147 proximus
2319 3077 2576 3136 decessor
2603 3088 2791 3135 noster
2838 3090 3066 3138 sanctus
3098 3081 3208 3139 Leo
3231 3086 3475 3143 ﬁrmavit,

1872 3167 2055 3222 abbati
2079 3166 2355 3225 Richerio.
2402 3168 2577 3225 Usum
2606 3186 2827 3243 quoque
2866 3173 3243 3230 sandaliorum
3266 3184 3321 3232 et
3344 3177 3465 3232 dal—

1870 3259 2085 3315 maticae
2108 3261 2361 3331 quamvis
2391 3262 2517 3333 jure
2544 3262 2917 3320 cardinalatus
2955 3265 3036 3321 tui
3061 3267 3131 3322 ab
3165 3269 3471 3338 apostolica

1870 3357 1999 3413 sede
2021 3358 2347 3429 perceperis,
2381 3376 2412 3415 a
2446 3360 2606 3417 nobis
2631 3369 2816 3419 tamen
2850 3364 2946 3419 tibi
2975 3373 3032 3420 et
3060 3365 3182 3423 loco
3206 3366 3469 3439 deinceps

1869 3448 1925 3504 in
1948 3449 2339 3521 principalibus
2360 3451 2517 3508 festis
2547 3461 2759 3509 tantum
2789 3458 3144 3513 concedimus
3179 3460 3247 3515 ad
3295 3460 3469 3516 hono—

1870 3540 2195 3597 riﬁcentiam
2233 3551 2343 3598 tam
2375 3544 2705 3602 venerabilis
2746 3547 3005 3616 ccenobii,
3034 3552 3088 3604 et
3108 3549 3180 3605 ob
3212 3550 3466 3606 dilectio-

1869 3649 1994 3690 nem
2031 3636 2133 3703 tui,
2170 3637 2472 3714 secundum
2495 3639 2644 3712 quod
2675 3639 2941 3713 praefatus
2980 3642 3237 3699 decessor
3273 3650 3466 3698 noster

1867 3736 1965 3783 tuo
2002 3729 2227 3800 praefato
2256 3733 2545 3788 concessit.

1938 3820 2208 3877 Praeterea
2234 3825 2654 3881 corroboramus
2681 3824 2781 3880 tibi
2809 3826 3027 3896 tuisque
3048 3827 3464 3884 successoribus

1869 3916 1926 3970 in
1948 3915 2108 3970 omni
2137 3926 2408 3971 conventu
2445 3916 2829 3988 episcoporum
2872 3927 2925 3972 et
2948 3918 3259 3990 principum
3296 3936 3463 3990 supc-

1869 4004 2072 4059 riorem
2095 4006 2151 4059 in
2191 4005 2449 4061 omnibus
2479 4000 2771 4063 abbatibus
2800 4009 3006 4076 sedem,
3036 4019 3090 4065 et
3120 4009 3176 4064 in
3213 4013 3467 4068 cont-iliis

1868 4107 1930 4153 et-
1963 4098 2186 4177 judiciis
2219 4099 2457 4170 priorem
2492 4099 2573 4155 tui
2628 4101 2840 4157 ordinis
2885 4102 3203 4161 hominibus
3242 4115 3465 4162 senten-

1871 4190 2000 4244 tiam
2037 4206 2138 4261 pro
2164 4192 2464 4246 reverentia
2496 4192 2635 4247 tanti
2686 4192 2815 4260 loci,
2839 4194 2933 4266 qui
2965 4195 3206 4266 primum
3230 4208 3282 4253 et
3311 4215 3466 4254 sum-

1870 4297 2021 4336 mum
2070 4284 2388 4339 monastica:
2431 4284 2799 4356 legislatorem
2855 4286 3040 4343 vivum
3088 4296 3143 4343 et
3185 4300 3464 4345 mortuum

1872 4375 2103 4454 retinere
2126 4377 2468 4447 promeruit;
2507 4379 2713 4449 quique
2738 4378 2913 4449 ipsius
2943 4380 3312 4452 legislatorem
3336 4383 3470 4438 scri-

252 4463 555 4521 Pastoralis
600 4467 982 4524 sollicitudinis
1032 4478 1236 4527 nostra:
1281 4470 1487 4525 bonum
1530 4470 1575 4526 si
1612 4469 1772 4527 debet
1803 4475 1848 4531 D
1872 4468 2177 4541 pt0,verbo
2218 4478 2274 4524 et
2296 4471 2545 4540 exemplo
2588 4471 2893 4528 ctenubiale
2924 4473 3265 4542 propositum
3297 4490 3467 4544 appe-

180 4560 496 4630 perspicere
534 4567 591 4615 et
636 4562 900 4631 proficere
927 4564 1182 4619 omnibus
1225 4564 1390 4623 etiam
1416 4562 1693 4620 extraneis
1717 4575 1773 4620 et

180 4650 521 4721 longinquis,
564 4652 737 4709 multo
775 4654 953 4724 magis
989 4654 1304 4712 domesticis
1347 4661 1402 4709 et
1426 4656 1767 4725 propinquis.

180 4741 324 4812 ipsis
373 4744 577 4814 quippe
616 4752 741 4814 post
784 4744 1075 4800 Dominum
1114 4747 1353 4805 secundo
1382 4747 1552 4817 gradu
1578 4748 1770 4802 admo-

181 4836 355 4890 venda
386 4844 474 4891 est
514 4836 808 4893 invisibilis
839 4839 1102 4905 charitas,
1127 4847 1188 4895 ut
1210 4855 1308 4911 per
1330 4855 1425 4894 eos
1446 4839 1595 4894 velut
1621 4855 1773 4910 quae-

180 4927 308 4984 dam
334 4928 570 4984 visibilis
581 4928 799 4985 flamma
816 4930 1080 5002 gradatim
1098 4933 1164 4988 ad
1180 4931 1504 4988 remotiorcs
1524 4948 1773 5005 quosque

178 5019 479 5078 discurrat.
513 5020 629 5076 Piis
666 5037 797 5093 ergo
840 5024 972 5079 locis
1006 5030 1061 5076 et
1090 5023 1277 5084 divina
1310 5021 1574 5092 religione
1604 5041 1771 5082 vene-

176 5112 451 5173 rabilibus
470 5112 669 5168 debitae
699 5113 1084 5170 consolationis
1127 5125 1183 5173 et
1224 5114 1561 5174 defensionis
1584 5131 1775 5187 porre-

174 5204 321 5260 cturi
343 5219 568 5268 manus,
598 5202 746 5258 illum
773 5205 985 5262 caeteris
1022 5208 1425 5273 preferendum
1456 5221 1567 5261 non
1594 5211 1771 5265 ambi-

172 5296 359 5364 gimus
394 5309 563 5364 quem
591 5298 903 5357 monasticae
926 5309 1131 5352 normae
1176 5303 1399 5359 constat
1426 5310 1547 5352 esse
1573 5300 1773 5364 princi-

1877 4559 2059 4627 tcudo,
2086 4560 2141 4613 in
2156 4568 2273 4615 toto
2296 4562 2505 4616 mundo
2532 4562 2647 4616 sole
2670 4562 2874 4617 clarius
2896 4562 3180 4617 evibravit.
3200 4562 3472 4619 Defuncto

1876 4658 2060 4705 autem
2088 4652 2304 4724 abbate,
2329 4668 2397 4707 ex
2427 4668 2550 4707 sese
2596 4654 2714 4725 ipsa
2749 4654 3122 4725 congregatio,
3164 4655 3470 4712 secundum

1877 4742 2068 4798 sanius
2115 4743 2404 4798 consilium
2451 4744 2763 4814 sapientum
2797 4753 2851 4799 et
2902 4743 3181 4801 seniorum
3213 4744 3474 4815 fratrum,

1877 4833 1981 4889 sibi
2034 4834 2284 4890 abbatem
2342 4836 2528 4904 eligat,
2582 4845 2638 4892 et
2684 4835 2995 4907 apostolica:
3037 4838 3182 4894 sedis
3226 4838 3479 4907 pontiﬁci

1878 4926 2206 4982 firmandum
2250 4934 2306 4982 et
2352 4930 2798 4984 consecrandum
2842 4927 3115 4984 exhibeat.
3168 4927 3280 4983 Nec
3319 4929 3479 4991 aliter

1881 5020 1956 5076 ibi
1983 5020 2151 5076 abbas
2179 5020 2573 5086 constituatur,
2615 5031 2712 5078 aut
2736 5019 2953 5076 aliunde
2989 5021 3119 5079 illuc
3150 5021 3495 5082 intromitta.

1883 5122 1992 5183 tur,
2022 5115 2128 5169 nisi
2151 5114 2290 5169 forte
2319 5130 2387 5169 ex
2411 5126 2473 5167 se
2495 5111 2745 5186 aliquem
2771 5121 2923 5169 tanto
2945 5116 3197 5187 regimini
3222 5112 3505 5185 idoneum

1881 5224 1991 5262 non
2020 5206 2332 5274 habuerint,
2358 5214 2415 5261 et
2464 5203 2538 5258 ob
2566 5206 2630 5265 id
2665 5205 2871 5268 saniori
2896 5209 3129 5268 consilio
3159 5217 3506 5274 extraneum

1882 5301 1985 5356 sibi
2031 5299 2311 5364 elegerint.
2356 5297 2562 5364 Porro,
2597 5311 2802 5364 praeter
2845 5316 3124 5360 summum
3173 5301 3511 5364 apostolicae
