4020 5364
543 347 684 426 15οῘ
1891 356 2170 416 NlCOLAl
2205 355 2248 413 ll
2289 355 2491 423 PAPIE
3689 347 3819 416 ιβω

539 469 669 536 deat
710 464 1009 537 celebrare,
1039 466 1156 536 sed,
1208 475 1421 525 remota
1456 477 1510 526 et
1540 473 1856 542 propulsata
1893 475 2136 545 qualibet
2163 477 2211 535 Α
2237 475 2496 528 omnibus
2547 469 2925 542 pertinentiis;
2976 483 3078 533 nec
3137 483 3248 527 non
3295 475 3352 523 et
3407 466 3704 524 castellum
3733 471 3820 540 qui

539 559 900 632 oppressione
942 560 1445 618 ecclesiasticarum
1491 564 1576 619 vel
1618 565 1967 621 saecularium
2009 582 2134 638 pere
2235 575 2464 634 vocatur
2492 563 2968 630 Lastinianum,et
2997 561 3104 616 alia
3139 561 3244 617 tria
3290 561 3537 628 castella,
3582 570 3821 619 montem

535 667 821 719 sonarum,
855 651 998 707 sicut
1019 651 1283 709 hactenus
1325 654 1547 721 mansit,
1579 672 1611 710 a
1639 659 1891 726 praesenti
1926 658 2133 714 duode—
2234 654 2495 722 Alberici,
2518 653 2807 720 Mucelam,
2836 651 2894 706 8.
2922 650 3129 718 Quirici
3155 666 3282 707 cum
3301 659 3468 722 portu
3506 652 3702 707 decem
3727 667 3822 706 na-.

535 744 677 800 cima
707 742 1008 800 indictione
1031 744 1138 799 hoc
1168 752 1359 800 nostro
1402 746 1687 818 privilegio
1716 749 1771 804 in
1805 759 2130 821 perpetuum
2233 747 2404 815 vium,
2443 761 2565 818 quae
2606 746 2715 801 duo
2764 743 3164 807 Trasimundus
3211 760 3398 801 comes
3425 744 3580 801 ﬁlius
3614 745 3824 810 Altonis

533 835 784 904 quietum
824 843 878 890 et
906 835 1181 907 liberum,
1227 836 1295 891 ad
1337 839 1622 894 servitium
1667 848 1722 900 et
1762 842 1992 912 gloriam
2034 842 2129 898 Dei
2232 838 2391 894 beato
2421 837 2715 902 Benedicto
2746 837 2801 891 in
2830 845 3013 898 monte
3051 835 3254 892 Casino
3301 837 3464 909 legali
3521 837 3826 894 donatione

2228 941 2282 994 et
2308 931 2625 996 chartarum
2669 929 3039 990 monumentis
3090 929 3604 998 contulit;tertium
3641 940 3825 993 autem

2229 1024 2511 1079 castellum
2537 1021 2932 1092 Frisam,quod
2969 1020 3180 1092 pratfati
3201 1021 3544 1088 'Erasmundi,
3563 1040 3712 1085 uxor
3732 1039 3826 1094 pro
3907 1027 3912 1030 ’

2227 1116 2409 1180 anima
2440 1131 2559 1182 sua,
2593 1115 2969 1170 consentiente
2989 1114 3109 1169 viro
3138 1131 3257 1182 suo,
3291 1115 3348 1170 8.
3387 1115 3699 1171 Benedicto
3728 1115 3823 1170 ob-

2227 1206 2375 1272 tulit;
2409 1204 2465 1260 S.
2491 1205 2648 1260 Justa
2680 1205 2909 1272 ibidem;
2935 1206 3127 1260 cellam
3160 1204 3216 1260 8.
3244 1205 3433 1261 Focati
3465 1207 3522 1260 in
3548 1206 3824 1272 Alarino,

2227 1298 2285 1354 8.
2319 1297 2538 1370 Georgii
2572 1298 2628 1362 in
2666 1296 2944 1365 Termole;
3003 1298 3196 1352 cellam
3258 1296 3314 1352 8.
3363 1297 3719 1352 Liberatoris
3773 1297 3824 1351 in

2223 1392 2487 1460 Marcbia,
2527 1409 2650 1456 cum
2678 1391 3042 1463 quadraginta
3073 1391 3251 1457 cellis;
3288 1389 3345 1444 8.
3402 1387 3722 1452 Salvatoris
3771 1389 3822 1452 in

2225 1481 2404 1550 Tabe,
2457 1482 2512 1536 8.
2569 1480 2922 1536 Scholasticre
2977 1480 3033 1534 in
3087 1479 3289 1547 Pinne,
3345 1478 3403 1534 8.
3467 1479 3703 1534 Martini
3770 1481 3823 1533 in

2227 1571 2434 1641 Salina,
2467 1573 2524 1628 S.
2555 1571 2762 1629 Nicolai
2786 1573 2840 1627 in
2862 1571 3105 1642 Apruxo,
3134 1571 3192 1626 8.
3220 1570 3413 1644 Angeli
3441 1572 3498 1626 in
3523 1570 3822 1637 Maranno,

2221 1682 2348 1730 cum
2400 1666 2667 1728 omnibus.
2712 1665 2864 1730 cellis
2909 1664 3026 1720 suis
3061 1673 3375 1730 sanctorum
3431 1672 3649 1742 septem
3709 1661 3821 1717 fra-

537 934 775 992 maneat,
804 927 908 982 sub
950 925 1268 983 defensione
1307 929 1505 1004 etjure
1539 939 1744 995 saneta:
1779 931 2042 993 Romanae
2075 941 2131 996 et

537 1019 852 1088 apustolieze
875 1019 1041 1086 sedis,
1068 1036 1191 1085 curn
1217 1021 1334 1076 suis
1358 1022 1634 1079 omnibus.

605 1111 683 1167 Ex
713 1112 914 1182 quibus
937 1113 1255 1168 summatim
1276 1123 1328 1168 et
1356 1116 1682 1192 generaliter
1709 1118 1967 1175 omnibus
2009 1121 2127 1176 haec

533 1204 856 1258 nominatim
878 1213 930 1258 et
959 1204 1262 1275 specialiter
1297 1215 1510 1266 tantum
1559 1206 1683 1263 istic
1733 1209 2062 1281 digessimus
2109 1231 2121 1266 :

535 1294 594 1349 In
623 1296 814 1367 primis
838 1298 1234 1361 monasterium
1273 1297 1490 1353 Domini
1531 1299 1832 1363 Salvatoris
1883 1304 2123 1372 positum

532 1390 601 1444 azl
628 1389 800 1458 ipsius
823 1391 1012 1463 pedem
1035 1391 1272 1458 montis;
1303 1401 1467 1463 atque
1491 1395 1881 1453 monasterium
1909 1393 2125 1457 Sancta:

532 1479 627 1534 Dei
659 1481 938 1551 genitricis
966 1491 1019 1536 et
1048 1481 1278 1554 virginis
1327 1482 1527 1550 Maria},
1558 1486 1653 1555 qui
1685 1495 1912 1547 vocatur
1935 1485 2122 1542 Plum-

530 1572 749 1639 harola;
789 1573 882 1628 sed
910 1582 964 1628 ct
1002 1575 1289 1630 castellum
1334 1573 1391 1630 8.
1422 1575 1565 1631 Petri
1597 1578 1665 1632 ad
1718 1579 1910 1648 pedem
1948 1579 2122 1649 ipsius

531 1663 754 1731 montis,
778 1665 926 1735 quod
953 1665 1023 1721 ab
1051 1667 1293 1738 antiquis
1320 1668 1526 1724 dictum
1550 1679 1634 1724 est
1651 1681 1890 1726 castrum
1907 1669 2117 1740 Casini,

530 1773 632 1818 nec
662 1774 768 1812 non
807 1770 860 1813 et
889 1759 1177 1814 castellum
1210 1759 1266 1814 8.
1296 1760 1517 1832 Angeli;
1560 1764 1845 1823 castellum
1883 1765 1979 1834 qui
2021 1781 2120 1819 γο-
2152 1832 2178 1834 _
2221 1767 2399 1824 trum;
2446 1755 2504 1812 8.
2537 1757 2858 1824 Laurentii,
2909 1765 2965 1819 et
3019 1755 3085 1812 ’8.
3133 1755 3410 1815 Benedicti
3468 1756 3526 1809 in
3580 1753 3830 1823 Trunto,

527 1860 684 1906 catur
708 1850 1028 1919 Piniatario,
1055 1861 1110 1907 et
1142 1851 1436 1922 Junctura;
1467 1856 1752 1920 castellum
1788 1855 1844 1914 S.
1879 1832 2115 1930 Georgii,
2151 1832 2194 1890 Β
2225 1846 2280 1902 S-
2313 1848 2648 1918 Aponinal‘is
2670 1849 2725 1903 ίιι
2750 1847 2956 1916 Firmo.
2989 1846 3057 1912 δκ
3090 1846 3368 1906 Benedicti
3404 1847 3461 1900 in
3497 1845 3724 1913 Τὶδὶηο,
3770 1855 3824 1905 ει

526 1954 582 2001 et
609 1945 664 2000 8.
693 1945 1051 2018 Apollinaris,
1077 1957 1131 2002 et
1154 1947 1210 2003 8.
1237 1950 1543 2019 Ambrosii,
1561 1959 1615 2006 et
1643 1951 1699 2006 8.
1730 1952 1960 2010 Andrea:
2005 1973 2019 2010 :
2065 1964 2119 2010 et

527 2039 818 2102 castellum
860 2040 954 2116 qui
981 2050 1214 2102 vocatur
1245 2040 1614 2115 Vallisfrigida
1648 2064 1664 2100 :
1708 2047 1989 2107 castellum
2023 2048 2122 2118 qui

524 2131 726 2186 dicitur
748 2131 973 2200 Bantra,
999 2141 1053 2188 et
1081 2131 1137 2187 8.
1169 2132 1317 2189 Petri
1346 2135 1400 2190 in
1423 2134 1552 2204 l-lia;
1585 2137 1642 2192 8.
1670 2137 1923 2206 Victoris,
1946 2139 2118 2195 Toro-

525 2221 734 2288 culum,
774 2219 1041 2289 Cervaru,
1092 2221 1152 2284 8.
1180 2222 1331 2291 Elim,
1363 2223 1890 2296 Vallemrotundam,
1935 2228 2116 2285 Rocca

524 2310 594 2366 de
625 2309 851 2380 Bontra,
873 2329 999 2368 cum
1027 2315 1284 2378 omnibus
1335 2316 1451 2380 suis
1492 2319 1866 2388 pertinentiis;
1915 2322 2115 2376 castel-

526 2402 638 2456 lum
665 2403 761 2473 qui
803 2403 1004 2466 dicitur
1049 2403 1478 2475 Sarasiniscum,
1515 2417 1569 2464 et
1598 2411 1880 2472 castellum
1909 2411 1965 2467 8.
1996 2413 2117 2469 Ste-

528 2490 731 2573 phani;
764 2493 957 2549 cellam
985 2494 1200 2552 Sancta:
1219 2496 1402 2552 Marize
1437 2498 1491 2553 in
1515 2498 1810 2567 Albaneta;
1855 2512 1908 2558 et
1933 2503 1989 2559 S.
2018 2504 2113 2558 Ni-

525 2583 666 2637 eolai
693 2584 748 2638 in
773 2583 1026 2654 Ciconia,
1060 2585 1116 2642 8.
1149 2587 1427 2645 Benedicti
1460 2590 1514 2646 in
1549 2591 1686 2660 Clia,
1734 2593 1791 2650 8.
1824 2595 2012 2669 Angeli
2059 2599 2114 2654 in

526 2672 841 2745 Vallelucis,
877 2687 931 2734 et
978 2680 1113 2736 cella
1157 2679 1346 2746 Sancti
1384 2683 1694 2755 Michaelis;
1739 2689 1794 2743 in
1851 2691 2114 2756 comitatu

522 2763 830 2840 Aquinensi
858 2771 1051 2831 cellam
1075 2770 1133 2827 S.
1165 2772 1434 2846 Gregorii,
1467 2774 1524 2831 8.
1557 2777 1821 2847 Mauritii,
1841 2789 1895 2836 et
1919 2780 1976 2836 8.
2019 2781 2114 2836 Ni-

527 2850 665 2941 colai
697 2861 750 2914 in
780 2859 930 2930 Pica,
956 2861 1012 2917 8.
1047 2863 1236 2936 Angeli
1261 2866 1317 2921 in
1349 2864 1685 2938 Cannuccio,
1736 2869 1792 2926 8.
1834 2871 2019 2929 Mariae
2055 2874 2112 2930 in

521 2953 732 3018 Barole,
757 2962 811 3008 et
847 2953 905 3008 8.
942 2954 1089 3014 Petri
1120 2956 1176 3018 in
1216 2957 1468 3026 Ascleto;
1526 2961 1656 3018 item
1693 2963 1749 3018 in
1799 2963 1946 3028 Luca
2001 2968 2114 3025 cel—.

521 3033 627 3099 lam
650 3043 707 3100 S.
733 3045 951 3117 Georgii
971 3063 1137 3124 prope
1167 3048 1538 3121 Postcrulam;
1563 3053 1924 3124 Wiriwalam,
1944 3075 2110 3129 quam

2224 1938 2280 1995 8.
2316 1940 2500 1996 Maria:
2538 1941 2594 1996 in
2635 1939 2969 2008 Arboscola;
3038 1939 3234 1994 cellam
3292 1937 3351 1993 8.
3413 1937 3706 1994 Benedicti
3769 1939 3821 1994 iu

2219 2028 2396 2098 Marli,
2421 2038 2476 2085 et
2507 2028 2564 2086 8.
2591 2028 2866 2096 Cosmati;
2895 2029 3092 2092 cellam.
3120 2027 3178 2084 8.
3200 2028 3394 2100 Angeli
3420 2029 3474 2082 in
3506 2026 3822 2099 Valleregia

2219 2137 2344 2178 cum
2377 2122 2619 2178 castellis
2639 2129 2692 2178 et
2723 2122 2980 2176 omnibus
3009 2122 3126 2177 suis
3153 2121 3532 2193 pertinentiis;
3564 2136 3674 2178 nec
3710 2135 3822 2175 non

2218 2224 2270 2270 et
2291 2215 2517 2270 castella
2547 2215 2603 2269 in
2629 2215 2891 2270 comitatu
2925 2215 3202 2270 Asculano
3252 2214 3307 2270 id
3350 2222 3436 2270 est
3463 2212 3740 2278 Octavus,
3769 2227 3823 2268 et

2217 2316 2342 2377 post
2366 2314 2608 2362 montem
2635 2305 2928 2361 Cinianum
2953 2315 3007 2361 et
3044 2305 3426 2373 Trivilianum,
3476 2315 3537 2361 et
3581 2305 3818 2368 Cavino,

2217 2399 2362 2471 quod
2392 2398 2668 2461 Rolandus
2691 2399 2746 2452 in
2777 2397 3002 2470 praefato
3028 2399 3373 2460 monasterio
3397 2413 3526 2462 cum
3569 2398 3695 2452 suis
3725 2412 3820 2450 ne-

2217 2493 2437 2562 potibus
2467 2492 2741 2559 obtulere;
2778 2491 2970 2556 cellam
2999 2490 3056 2546 8.
3083 2489 3270 2552 Jacobi
3300 2491 3358 2546 in
3401 2489 3640 2553 ‘I‘remiti
3688 2504 3828 2550 cum.

2216 2584 2353 2654 ipsis
2389 2584 2620 2651 insulis;
2668 2585 2724 2638 in
2752 2584 2983 2643 Comino
3011 2583 3296 2645 castellum
3329 2583 3427 2662 qui
3469 2582 3686 2638 dicitur
3724 2579 3817 2634 Vi-

2217 2675 2394 2743 calbo,
2429 2691 2555 2730 cum
2585 2675 2842 2730 omnibus
2865 2675 2984 2730 suis
3007 2675 3372 2745 pertinentiis.

2287 2769 2384 2825 His
2420 2770 2585 2843 igitur
2606 2779 2660 2825 et
2689 2770 2947 2826 omnibus
2969 2785 3091 2841 qua:
3119 2769 3345 2841 praefato
3374 2770 3636 2830 caenobio
3665 2770 3816 2841 justc

2212 2862 2486 2932 pertinent
2527 2878 2842 2933 nunc,qu:e
2893 2863 2950 2917 in
2989 2862 3176 2918 futuro
3225 2863 3377 2934 juste
3430 2863 3828 2932 pertinebunt,

2213 2955 2316 3010 sub
2346 2955 2511 3009 tutela
2541 2963 2595 3010 et
2627 2953 2874 3009 Romana
2905 2954 3154 3010 libertate
3200 2955 3305 3010 hoc
3353 2955 3652 3029 privilegio
3689 2972 3815 3027 per-

2211 3048 2521 3117 petualiter,
2539 3047 2607 3102 ad
2639 3047 2991 3126 temporalem
3015 3063 3296 3103 servorum
3325 3046 3419 3104 Dei
3445 3049 3812 3119 praesentium

521 3136 578 3191 S.
607 3136 900 3194 Benedicto
923 3140 1202 3197 contulere
1227 3142 1460 3206 Enricus
1487 3155 1544 3201 et
1574 3146 1856 3210 Rolandus
1892 3149 2108 3218 fratres,
2138 3179 2179 3236 ρ
2214 3140 2422 3196 δοίιίεθι
2466 3151 2628 3211 atque
2666 3140 2977 3236 fu‘m‘fn'um
3029 3142 3267 3212 (ἰυίθῐθω
3293 3184 3308 3209 ι
3347 3143 3597 3210 sumus:
3646 3153 3828 3214 at(luc-

521 3239 726 3290 sanctze
770 3233 1204 3290 conversationis
1241 3236 1486 3291 habitum
1518 3249 1855 3309 quazrentes;
1914 3244 2106 3299 cellam

522 3320 580 3375 S.
606 3321 907 3392 Benedicti,
933 3333 988 3382 et
1026 3325 1083 3383 S.
1121 3326 1474 3386 Scholasticae
1527 3331 1582 3385 in
1627 3331 1829 3401 Gaeta;
1887 3334 1943 3390 8.
1988 3335 2114 3392 Stoa

520 3413 688 3482 phani
721 3414 778 3468 in
801 3414 1136 3485 Terracina;
1182 3417 1238 3476 8.
1275 3419 1477 3488 Luciaa,
1511 3422 1567 3478 8.
1615 3422 1761 3480 Petri
1788 3426 1843 3480 in
1879 3425 2066 3482 Curuli
2090 3447 2114 3497 ;,

521 3500 580 3556 8.
611 3501 894 3575 Sylvestri,
918 3515 972 3562 et
1003 3507 1061 3562 8.
1095 3508 1277 3565 Lucia:
1315 3513 1372 3567 in
1404 3512 1650 3584 Arpino;
1708 3514 1765 3570 S.
1831 3515 2110 3577 Benedicti

519 3592 578 3649 in
623 3595 762 3658 colle
795 3597 862 3652 de
909 3597 1129 3668 Insula;
1184 3599 1242 3656 8.
1296 3602 1555 3668 Germani
1592 3607 1648 3661 in
1687 3605 1855 3676 Sura;
1896 3619 2106 3667 curtem

521 3683 579 3738 8.
615 3683 824 3742 Urbani
846 3688 905 3743 in
939 3688 1200 3761 Comino;
1255 3694 1446 3750 cellam
1502 3695 1559 3752 S.
1609 3698 1765 3755 Pauli
1813 3701 2012 3758 ibidem
2053 3713 2108 3760 et

519 3775 577 3831 8.
610 3776 846 3847 Nazarii,
873 3789 927 3836 et
955 3781 1011 3837 8.
1045 3782 1336 3855 Valentini,
1363 3805 1428 3844 ac
1462 3787 1528 3867 .S.
1560 3789 1888 3862 Salvatoris;
1913 3797 2106 3856 cellam

518 3868 576 3926 S.
612 3869 890 3928 Benedicti
925 3875 981 3929 in
1007 3874 1278 3946 Venafro;
1312 3889 1366 3935 et
1391 3879 1446 3936 8.
1475 3880 1715 3950 Nazarii,
1741 3893 1795 3939 et
1831 3884 1887 3940 8.
1921 3886 2106 3944 Maria:

517 3962 572 4020 in
598 3961 760 4032 Sala;
803 3975 1014 4023 cui-tem
1053 3967 1110 4024 8.
1138 3969 1416 4029 Benedicti
1464 3975 1696 4039 minoris
1742 3977 1970 4047 ibidem;
2008 3996 2105 4036 ea-

515 4057 732 4112 stellum
769 4061 917 4130 quod
953 4062 1155 4118 dicitur
1205 4063 1482 4135 Capriata,
1536 4077 1591 4124 et
1640 4067 2002 4138 Francilonis,
2050 4082 2105 4128 et

516 4145 575 4200 S.
608 4146 878 4219 Joannis;
920 4162 1127 4210 curtem
1157 4153 1213 4210 S.
1250 4156 1475 4225 Felicis;
1501 4161 1786 4216 castellum
1819 4163 1914 4233 qui
1947 4179 2104 4218 voca-

517 4245 606 4292 tur
643 4238 853 4307 Conca;
889 4245 1082 4300 cellam
1115 4245 1173 4301 8.
1205 4247 1482 4310 Benedicti
1505 4251 1559 4306 in
1601 4251 1866 4322 Cesama;
1902 4253 1959 4311 8.
2001 4255 2103 4310 Be-

515 4329 719 4389 nedicti
745 4331 800 4384 in
833 4332 1049 4401 Teano;
1098 4346 1153 4392 et
1200 4338 1256 4393 8.
1293 4339 1569 4400 Benedicti
1614 4343 1671 4397 in
1709 4342 1945 4412 Suessa;
2003 4362 2104 4402 nec

515 4435 624 4504 non
647 4430 700 4476 et
719 4423 907 4479 cellam
934 4426 990 4480 8.
1008 4426 1284 4485 Benedicti
1309 4433 1363 4486 in
1389 4432 1572 4502 Capua
1597 4450 1720 4488 cum
1751 4434 1869 4504 ipso
1890 4436 2100 4493 Gualdo

512 4502 579 4566 de
602 4511 799 4586 Ligure
823 4524 877 4570 et
908 4534 1032 4572 cum
1060 4522 1316 4577 omnibus
1345 4523 1460 4578 suis
1502 4524 1876 4594 pertinentiis;
1903 4529 2095 4585 cellam
2133 4524 2176 4577 Ι)

514 4601 815 4662 SJoannis
839 4609 1164 4667 ancillarum
1198 4612 1291 4668 Dei
1314 4613 1368 4668 in
1392 4615 1579 4670 eadem
1605 4615 1856 4685 civitate;
1895 4617 1952 4674 S.
1983 4620 2096 4676 Ma-

509 4696 604 4752 riae
637 4697 694 4753 in
715 4697 912 4769 Calvo;
949 4701 1006 4758 S.
1044 4703 1228 4761 Maria:
1252 4705 1305 4760 in
1332 4704 1595 4779 Cingula;
1640 4709 1698 4764 8.
1726 4709 2004 4780 Adjutoris
2036 4713 2093 4768 in

509 4787 711 4859 Alifas;
769 4791 826 4848 8.
875 4792 1105 4852 Caecilia:
1151 4798 1203 4852 in
1247 4796 1470 4868 Napoli;
1532 4799 1831 4857 Ecclesium
1885 4802 2097 4861 Sanctae

507 4878 703 4938 Crucis
744 4883 798 4937 in
841 4883 1082 4952 Ancalﬁ;
1117 4887 1307 4942 cellam
1334 4885 1390 4943 8.
1425 4888 1703 4946 Benedicti
1733 4893 1788 4946 in
1833 4893 2091 4964 Salerno;

508 4974 773 5028 et-ccllam
803 4975 858 5030 8.
895 4975 1112 5046 Sophia:
1139 4977 1280 5032 infra
1306 4980 1583 5035 civitatem
1615 4980 2050 5040 Beneventanam
2075 5004 2088 5053 ;

509 5063 699 5117 cellam
732 5062 790 5118 8.
820 5064 1093 5121 Benedicti
1126 5067 1180 5120 in
1213 5068 1445 5135 Asculo;
1496 5070 1685 5124 cellam
1735 5069 1792 5125 S.
1818 5071 2094 5129 Benedicti

511 5151 567 5203 in
597 5151 805 5219 Trans;
841 5163 894 5208 et
923 5154 979 5210 S.
1009 5155 1284 5213 Benedicti
1314 5159 1370 5213 in
1391 5159 1517 5214 Bari
1555 5180 1566 5216 :
1597 5161 1790 5216 cellam
1821 5162 1878 5218 S.
1907 5163 2094 5220 Mariae,

507 5242 832 5299 ancillarum
853 5246 948 5302 Dei
977 5249 1031 5303 in
1059 5249 1280 5304 civitate
1299 5250 1584 5304 Cosentia:
1609 5253 1798 5296 ορ¹¹ηιπ
1827 5253 1864 5288 8
1919 5255 2094 5304 "mm.-

2214 3232 2591 3300 conﬁrmatis;
2626 3234 2926 3314 apostolica
2954 3250 3214 3304 censura,
3247 3236 3351 3290 sub
3385 3237 3811 3307 interpositione

2211 3325 2445 3380 districti
2476 3326 2840 3383 anathematis
2874 3335 2928 3382 et
2955 3328 3124 3383 divini
3161 3331 3566 3386 contestatione
3587 3331 3822 3402 judicii,

2211 3419 2630 3477 interminamus
2653 3423 2910 3478 omnibus
2931 3431 3042 3478 tam
3065 3425 3426 3494 praesentibus
3456 3440 3630 3496 quam
3659 3425 3812 3481 futu-

2209 3512 2307 3579 ris,
2333 3529 2401 3568 ne
2425 3513 2567 3570 ullus
2603 3515 2887 3570 hominum
2909 3516 3285 3588 cujuscunque
3312 3519 3548 3584 ordinis,
3574 3519 3812 3591 dignita-

2210 3604 2301 3670 tis,
2333 3604 2685 3672 conditionis,
2714 3607 2796 3660 vel
2834 3606 3215 3679 cujuscunque
3239 3610 3428 3677 cilicii,
3465 3626 3567 3667 seu
3611 3612 3809 3682 quael-i-

2209 3695 2301 3751 bet
2353 3697 2438 3752 vel
2471 3699 2872 3768 quantumlibet
2922 3715 3090 3770 parva
3144 3713 3238 3756 aut
3282 3718 3482 3774 magna
3539 3719 3804 3775 persona,

2208 3787 2628 3860 quibuscunque
2659 3790 2823 3846 rebus
2848 3791 2930 3848 vel
2952 3793 3204 3862 personis
3239 3793 3468 3864 prtefato
3521 3805 3808 3851 monaste-

2205 3881 2290 3935 rio
2312 3880 2460 3955 juste
2499 3881 2897 3952 pertinentibus
2940 3883 3183 3957 aliquam
3222 3887 3538 3948 violentiam
3577 3888 3817 3958 inferat,

2205 3989 2300 4031 aut
2355 3977 2729 4036 calumniosus
2775 3979 3021 4049 existat,
3065 3981 3150 4036 vel
3201 3982 3502 4038 incumbat.
3570 3983 3806 4056 Insuper

2204 4069 2336 4139 quia
2353 4071 2689 4128 monasticus
2711 4087 2908 4128 cursus
2926 4073 3224 4129 secundum
3248 4085 3580 4146 preceptum
3599 4079 3804 4150 regula

2205 4163 2335 4221 almi
2364 4163 2541 4222 Patris
2570 4165 2845 4223 Benedicti
2867 4169 3070 4228 aestivis
3111 4178 3166 4224 et
3207 4171 3538 4231 hiemalibus
3584 4183 3801 4246 tempo-

2204 4257 2358 4312 ribus
2401 4258 2660 4328 praafixus
2713 4268 2819 4327 est,
2847 4261 3171 4318 auctoritate
3206 4265 3802 4333 apostolicarconcedi-

2204 4365 2328 4410 mus
2371 4359 2431 4406 ut
2476 4351 2639 4406 liceat
2677 4351 2940 4408 fratribus
2971 4354 3188 4425 signum
3225 4357 3448 4426 pulsare
3501 4357 3559 4413 in
3605 4361 3799 4415 eodem

2204 4444 2540 4520 monasterio
2581 4453 2636 4500 et
2671 4446 2727 4500 in
2755 4446 2906 4501 cellis
2936 4446 3075 4517 ejus,
3115 4455 3227 4503 tam
3255 4449 3324 4503 ad
3367 4449 3602 4506 diurnas
3629 4469 3799 4522 quam

2201 4535 2268 4590 ad
2292 4544 2590 4592 nocturnas
2614 4537 2799 4604 horas,
2822 4539 3263 4610 quandocunque
3283 4540 3580 4599 voluerint.
3612 4541 3800 4601 Liceat

2201 4646 2420 4700 quoque
2454 4631 2629 4702 ipsius
2652 4633 2970 4689 monasterii
3000 4640 3055 4688 et
3081 4633 3339 4689 cellarum
3375 4635 3499 4706 ejus
3530 4635 3801 4694 fratribus

2201 4721 2458 4776 clericum
2493 4722 2870 4792 cujuscunque
2891 4723 3200 4790 ordinis,de
3224 4725 3558 4797 quocunque
3585 4729 3801 4798 episeo-

2200 4821 2330 4882 patu
2373 4810 2559 4880 fuerit,
2587 4814 2889 4870 secundum
2937 4815 3286 4871 traditionem
3327 4827 3656 4874 sanctorum
3697 4819 3800 4875 Pa-

2199 4911 2342 4958 trum
2378 4904 2658 4974 suscipere
2689 4921 2816 4962 cum
2847 4907 3010 4968 rebus
3038 4908 3154 4964 suis
3177 4907 3717 4970 adeonversandum
3750 4924 3801 4965 et

2199 4995 2584 5051 monachicum
2613 4997 2859 5054 habitum
2897 5000 3328 5071 suscipiendum,
3369 5001 3582 5073 absque
3624 5004 3797 5058 inter-

2197 5085 2436 5142 dictione
2457 5090 2830 5158 quorumlibet
2849 5092 3264 5163 episcoporum;
3291 5101 3353 5148 ut
3376 5093 3542 5152 liceat
3578 5095 3792 5152 eisdem

2197 5177 2460 5248 subjectis
2489 5181 2810 5236 monasterii
2835 5197 3025 5238 eorum
3044 5183 3296 5251 judicare
3321 5192 3435 5239 tam
3482 5187 3792 5242 monachos

2195 5280 2357 5304 "nam
2377 5275 2428 5304 Ω.
2454 5270 2896 5304 connIimnnin‘oc
2917 5270 3144 5304 'nm:nnn
3187 5275 3393 5304 ’διεκίνει-Α
3414 5276 3788 5304 -ι-ΑλζιιέοἶΑκιι
