4020 5364
149 234 307 291 isos
1284 220 1691 307 erismae
1728 218 1815 275 er
1851 190 2267 276 marcium.
2848 302 2852 307 ἱ
2942 302 2949 307 α
3018 304 3021 307 Α
3106 304 3111 307 ι
3298 215 3442 277 me

145 356 254 404 aut
280 342 515 403 normis
540 349 714 398 morte
742 348 838 397 aut
858 337 1144 395 electione.
1169 336 1249 393 Ad
1272 338 1389 393 htec
1406 338 1568 399 liceat
1592 336 1747 392 vobis
1777 342 1819 400 Α
1849 332 2009 394 fratri
2049 332 2279 403 Assem,
2308 330 2719 408 archiepiscopo
2746 331 3082 403 Coloniensi,
3115 344 3437 407 perpetuam

144 453 384 496 sacrum
413 435 673 501 chrisma,
708 442 764 489 et
802 430 1208 491 ecclesiasticos
1240 429 1486 497 ordines,
1517 438 1571 484 et
1606 428 1747 491 alta:-
1849 424 1905 480 in
1933 424 2167 487 Domino
2189 429 2440 483 salutem.
2774 436 2779 441 '

142 530 306 584 rium
332 524 771 586 consecrationcs
810 523 879 585 ab
912 522 1168 595 episcopo
1197 519 1440 601 quolibet
1486 518 1749 575 canonice
1919 516 2190 575 Pontilicii
2229 518 2568 590 apostolatus
2609 516 2784 582 nostri
2829 527 2934 587 est,
2972 520 3269 575 universali
3304 521 3436 591 vigi.

143 626 416 693 promoto
452 618 720 689 accipere,
759 623 815 672 et
849 613 1337 670 Christianismum
1388 611 1445 666 in
1496 609 1746 666 ecclesiis
1847 608 2017 671 lantia
2048 610 2306 665 omnibus
2342 609 2732 666 ecclesiasticis
2778 611 3009 683 negotiis
3054 611 3262 667 utiliter
3300 628 3433 682 pro-

140 714 541 785 vestrisagere
569 727 665 784 per
689 710 917 772 clericos
949 716 1180 774 vestros,
1212 715 1267 762 et
1290 706 1553 777 hymnum
1581 718 1746 774 ange-
1848 705 2086 779 spicere;
2135 703 2522 775 religiosorum
2577 710 2759 757 tamen
2807 702 3052 758 locorum
3107 704 3435 761 utilitatibus

140 804 328 861 lieum
355 819 452 875 per
488 803 605 859 dies
631 800 946 857 Dominicos
977 806 1032 854 et
1081 796 1403 853 festivitates
1449 795 1516 859 ad
1548 794 1747 850 missa—
1847 813 2123 854 summam
2164 794 2589 855 sollicitudinem
2634 794 2723 871 pia
2764 793 3054 849 devotione
3097 795 3429 865 impendere.

138 911 277 951 rum
303 895 571 951 solemnia
605 894 709 955 rite
736 891 1047 947 decantare.
1112 887 1177 943 Et
1225 886 1406 943 nullus
1455 886 1745 967 episcopus
1846 885 2021 961 Quam
2076 902 2204 944 cum
2251 885 2507 948 omnibus
2556 882 2883 959 generaliter
2930 884 3253 953 debeamus,
3305 903 3434 966 Spe-

138 992 456 1061 praesumat
477 985 533 1038 in
558 984 672 1055 jam
720 983 865 1039 dicto
911 981 1245 1038 monasterio
1286 979 1493 1045 venire,
1542 978 1629 1034 vei
1687 977 1744 1033 in
1846 978 2057 1034 cialiter
2109 986 2292 1034 tamen
2354 991 2641 1033 assensum
2696 976 3068 1047 praerogativae
3122 977 3435 1036 dilectionis

140 1075 408 1132 ecclesiis
437 1075 543 1131 sibi
568 1074 831 1146 subjectis
860 1074 1198 1130 sacerdotem
1243 1070 1742 1136 excommunieare,
1844 1086 1972 1143 erga
2008 1071 2367 1135 reverentiam
2419 1068 2777 1130 fraternitatis
2814 1077 2923 1123 tum
2975 1083 3190 1141 semper
3233 1070 3437 1127 habere

140 1168 230 1223 vel
263 1167 339 1223 ad
368 1168 637 1240 synodum
671 1180 991 1238 provocare,
1024 1173 1119 1220 aut
1140 1165 1393 1219 abbatem
1437 1170 1494 1219 et
1548 1162 1741 1218 moria-
1843 1171 2119 1235 optamus.
3030 1183 3035 1189 ν

141 1260 282 1315 chos
318 1259 419 1330 qui
442 1259 536 1315 illo
564 1259 618 1313 in
650 1267 893 1329 tempore
915 1257 1138 1320 fuerint.
1398 1266 1401 1271 '
1676 1256 1679 1259 λ
1914 1253 2211 1324 Quocirca,
2249 1253 2384 1309 dum
2438 1254 2696 1310 omnibus
2731 1253 2900 1326 justis
2939 1254 3299 1326 petitionibus
3342 1256 3439 1313 de-

214 1350 403 1410 Porro
450 1352 739 1427 cupientes
776 1350 1064 1405 consulere
1102 1350 1421 1409 monasticae
1465 1348 1740 1420 religioni,
1844 1347 2037 1402 beatur
2058 1347 2233 1405 facilis
2255 1362 2541 1414 assensus,
2566 1347 2915 1418 suggestione
2948 1347 3300 1419 benignitatis
3328 1355 3437 1404 tua:

142 1458 270 1514 qua:
328 1444 574 1512 peccatis
620 1442 966 1515 exigentibus
1023 1442 1228 1511 passim
1279 1441 1639 1519 depravatur,
1690 1449 1742 1497 te
1841 1447 2130 1510 p:omptus
2159 1438 2442 1499 charitatis
2489 1448 2692 1498 nostra:
2719 1439 3010 1495 exhibetur
3039 1438 3285 1495 affectus.
3330 1439 3436 1496 ita-

141 1535 536 1597 tantummodo
561 1535 757 1592 diebus
777 1535 901 1589 vitae
926 1542 1031 1597 tua:
1058 1533 1321 1587 vicarium
1344 1533 1503 1589 nobis
1525 1533 1591 1588 ad
1618 1548 1741 1589 cor—
1841 1548 1949 1604 que
1989 1531 2291 1597 secundum
2327 1547 2569 1587 amorem
2600 1532 2881 1602 petitionis
2918 1542 3025 1588 tua:
3049 1532 3337 1587 ecclesiam
3369 1531 3431 1586 B.

141 1627 452 1683 rectionem
482 1627 731 1683 omnium
768 1625 1228 1681 monasteriorum
1260 1633 1314 1679 et
1342 1624 1740 1681 monachorum
1773 1682 1814 1699 ἢ
1840 1608 2025 1677 Maria:
2056 1621 2249 1676 matris
2274 1620 2491 1675 Domini
2511 1621 2687 1677 nostri
2707 1619 2836 1677 Jesu
2860 1621 3089 1699 Christi,
3110 1622 3269 1685 sitam
3293 1622 3437 1688 inter
3482 1628 3483 1633 ‘

141 1720 213 1775 ah
244 1720 374 1790 ipso
404 1719 570 1775 ﬂuvio
600 1718 863 1784 Pisearia,
897 1718 1042 1774 sicut
1074 1716 1253 1771 influit
1291 1716 1349 1771 in
1387 1732 1561 1783 mare,
1593 1717 1741 1772 scili-
1773 1682 1815 1736 Β
1841 1729 2031 1769 muros
2061 1713 2211 1768 urbis
2231 1712 2473 1768 Coloniae
2503 1712 2558 1767 in
2584 1714 2704 1768 loco
2728 1714 2824 1784 qni
2846 1696 3169 1769 vocaturvad
3195 1712 3431 1780 Gradus,

142 1820 229 1868 cet
262 1829 366 1883 per
396 1821 566 1868 totam
602 1810 981 1883 Campaniam,
1014 1809 1387 1880 Principatum
1420 1825 1657 1881 quoque,
1685 1817 1741 1864 et
1838 1821 2004 1876 quam
2039 1804 2127 1875 pia
2156 1804 2376 1860 devotio
2409 1813 2499 1859 tua
2528 1806 2837 1860 construxit
2864 1813 2919 1862 et
2944 1806 3013 1861 ad
3040 1806 3433 1876 omnipotentis

142 1888 426 1975 Apuliam,
470 1890 633 1976 atque
679 1903 1013 1970 Calabriam,
1058 1894 1341 1958 assumere
1373 1896 1736 1968 decrevimus,
1839 1895 1935 1952 Dei
1964 1898 2253 1963 honorem,
2292 1905 2457 1967 atque
2500 1896 2698 1951 anima:
2735 1907 3054 1968 perpetuam
3100 1898 3431 1963 mercedem,

142 1997 216 2051 ita
254 2005 315 2052 ut
349 1997 651 2068 capitulum
681 1997 737 2051 in
768 1996 849 2061 eis
882 1996 1103 2063 habeas,
1131 2003 1187 2050 et
1218 1994 1335 2050 vice
1370 2002 1562 2050 nostra
1592 1992 1737 2047 indi-
1838 1988 2283 2059 possessionibus
2313 2005 2380 2046 ae
2402 1989 2568 2044 rebus
2597 1988 2829 2044 interius
2859 2000 2913 2046 et
2947 1991 3191 2046 exterius
3215 1990 3429 2058 ditavit,

143 2088 490 2159 sciplinatos,
544 2105 668 2153 cum
716 2088 989 2159 adjutorio
1043 2087 1426 2157 episcoporum
1473 2084 1542 2140 ad
1596 2099 1739 2156 quos
1837 2081 1942 2137 sub
1964 2082 2275 2151 apostolicae
2299 2080 2640 2137 defensionis
2671 2081 2836 2136 tutela
2861 2082 3179 2152 recipimus.

145 2182 484 2243 monasteria
533 2181 649 2256 ipsa
690 2180 984 2251 pertinent,
1030 2178 1295 2253 corrigas,
1346 2186 1400 2233 et
1447 2192 1570 2248 qua:
1611 2183 1740 2240 sunt
1907 2173 2219 2246 Apostolica
2268 2173 2631 2229 nihilominus
2669 2174 2993 2230 auctoritate
3039 2176 3432 2237 conﬁrmamus

147 2275 510 2340 emendanda,
535 2274 581 2331 si
612 2274 878 2344 potueris,
902 2272 1201 2329 secundum
1228 2270 1520 2326 Dominum
1549 2283 1735 2325 emen-
1835 2266 2013 2322 eidem
2040 2266 2285 2321 ecclesia
2307 2265 2576 2337 quidquid
2596 2274 2652 2321 et
2678 2274 2784 2322 tua
2804 2266 3011 2322 devota:
3036 2267 3315 2339 religionis
3342 2268 3430 2322 in-

144 2366 261 2433 des,
298 2375 399 2421 aut
424 2366 739 2437 apostolica:
767 2364 913 2421 sedis
940 2364 1181 2439 pontiﬁci
1206 2362 1488 2418 renunties
1512 2362 1579 2417 ad
1608 2376 1734 2433 per-
1834 2362 2006 2418 tentio
2030 2361 2203 2417 divini
2232 2362 2332 2416 zeli
2374 2360 2589 2417 fervore
2618 2361 2885 2425 hactenus
2923 2362 3175 2431 contulit,
3221 2363 3433 2425 scilicet

146 2464 365 2524 petnam
400 2455 597 2512 animm
620 2465 819 2514 vestrae
843 2455 1169 2521 mercedem,
1203 2461 1258 2509 et
1295 2453 1610 2510 monastica:
1645 2467 1735 2507 rc-
1834 2453 2337 2520 Blisenna,Wissa,
2358 2452 3228 2524 Uneltelo,lleigenbaeh,Elinlte,
3249 2453 3431 2516 Flam-

143 2539 836 2621 ligionis'emendationem
882 2558 938 2605 et
987 2549 1485 2615 conservationem,
1532 2546 1737 2619 pariter
1834 2543 2171 2609 nersheimb,
2214 2550 2271 2597 et
2316 2550 2632 2598 antecessor
2672 2549 2800 2598 tuus
2845 2539 3196 2597 llermannus
3244 2542 3428 2596 archi-

146 2658 365 2714 quoque
391 2644 459 2699 ad
487 2644 567 2700 tui
589 2644 959 2700 cardinalatus
982 2642 1299 2714 dignitatem
1322 2651 1376 2698 et
1397 2640 1733 2698 sanctissimi
1832 2632 2123 2704 episcopus
2155 2632 2332 2687 eidem
2378 2630 2622 2686 ecclesia:
2659 2629 3081 2696 exmdiﬁcandte,
3112 2630 3179 2685 de
3208 2637 3431 2685 caetero.

146 2731 426 2797 Benedicti
467 2734 967 2801 honorificentiam,
993 2750 1056 2790 ea
1084 2734 1259 2805 gratia
1293 2744 1353 2790 ut
1395 2733 1734 2789 monasticus
1832 2740 1954 2779 Tum
1999 2723 2438 2795 POSSESSiOHibuS
2479 2721 2801 2793 acquisivit,
2851 2730 2907 2776 et
2946 2721 3092 2792 ειυοά
3134 2728 3229 2776 tua
3269 2721 3431 2779 indm

147 2825 278 2881 ordo
309 2826 622 2898 corrigatur
656 2827 762 2885 illis
789 2827 844 2882 in
867 2827 1116 2900 partibus
1142 2841 1236 2899 per
1266 2834 1316 2881 te
1339 2826 1653 2903 religiosum
1678 2833 1735 2881 et
1833 2816 1997 2885 atria,
2044 2816 2291 2873 Ricbcsm
2336 2824 2391 2872 et
2443 2814 2789 2871 coheredum
2827 2813 3123 2885 acquisivit
3158 2811 3429 2869 Meckeni-

145 2917 636 2989 prudentissimum
676 2918 1050 2975 successorem
1103 2918 1268 2973 illius.
1313 2916 1371 2972 Si
1411 2918 1535 2989 quis
1577 2932 1729 2984 vero,
1830 2911 2012 2978 ehem,
2057 2909 2322 2975 Cloteno,
2372 2906 2805 2990 Demunderedo,
2851 2905 3062 2972 Assela,
3095 2913 3150 2961 et
3190 2905 3429 2961 decima-

147 3010 288 3079 quod
324 3028 440 3067 non
474 3021 748 3084 optamus,
780 3012 945 3083 hujus
976 3011 1152 3066 nostri
1185 3011 1451 3083 privilegii
1485 3011 1731 3067 decreta-

1838 3002 2035 3057 tionem
2082 3002 2136 3056 in
2185 3000 2447 3069 Saxonia,
2496 3016 2619 3072 qua:
2662 2999 2885 3055 fetidum
2933 2996 3158 3053 Henrici
3204 2996 3326 3063 fuit,
3369 3006 3425 3052 et

147 3100 249 3156 lem
291 3104 551 3175 paginam
593 3104 886 3159 temerario
927 3119 1067 3177 ausu
1111 3104 1167 3157 in
1211 3104 1396 3175 aliquo
1436 3102 1732 3174 infringere
1759 3087 1800 3106 ν
1835 3095 2101 3170 quidquid
2142 3094 2198 3149 in
2239 3093 2485 3150 futurum
2530 3107 2860 3165 quocunque
2906 3090 3071 3146 modo
3110 3087 3312 3144 divinis
3340 3088 3429 3144 vel

149 3195 457 3262 tentaverit,
483 3205 701 3252 aeternae
725 3195 1124 3252 maledictionis
1155 3196 1476 3251 innodatum
1499 3196 1734 3251 vinculis
1835 3187 2095 3243 humanis
2120 3187 2331 3259 legibus
2366 3201 2609 3256 congruo
2647 3193 2739 3239 tua
2779 3183 3023 3239 charitas
3059 3188 3115 3237 et
3156 3195 3426 3252 quorum-

149 3298 205 3340 se
233 3287 471 3354 noverit,
511 3296 566 3344 et
589 3297 847 3359 perpetua
876 3289 1141 3359 supplicia
1165 3288 1427 3343 luiturum
1462 3304 1588 3343 cum
1610 3288 1732 3343 dia-
1834 3296 2051 3352 cunque
2080 3280 2318 3336 ﬁdelium
2344 3279 2628 3351 acquirere
2658 3276 2878 3348 poterit.

148 3376 270 3434 bolo
304 3388 360 3436 et
390 3381 598 3452 angelis
633 3381 772 3452 ejus,
804 3381 906 3437 nisi
939 3380 1080 3438 forte
1107 3382 1262 3453 prius
1285 3382 1615 3453 resipiscens
1639 3397 1731 3438 sa-
1907 3371 2213 3455 Slaluimus
2241 3372 2445 3448 itaque,
2488 3387 2585 3449 per
2612 3370 2779 3447 hujus
2809 3367 2984 3424 nostri
3028 3365 3299 3443 privilegii
3328 3366 3427 3422 de-

147 3468 407 3532 tisfecerit
472 3473 542 3529 At
571 3473 665 3544 qui
692 3473 913 3544 pietatis
942 3473 1140 3530 intuitu
1163 3474 1392 3530 devotus
1418 3474 1735 3530 observator
1832 3465 2092 3521 cretalem
2139 3464 2417 3536 paginam,
2479 3471 2538 3518 ut
2577 3463 2726 3518 nulla
2763 3476 3005 3533 unquam
3048 3460 3427 3531 cujuscunque

148 3563 435 3630 exstiterit,
479 3563 654 3634 ipsius
698 3564 1001 3620 intementu
1049 3566 1179 3622 almi
1228 3563 1409 3621 Patris
1457 3564 1733 3622 Benedicti
1833 3556 2134 3629 dignitatis.
2168 3555 2371 3628 gradus
2394 3555 2479 3610 vel
2507 3555 2718 3611 ordinis
2757 3569 2954 3625 magna
2979 3565 3255 3622 parvaque
3300 3565 3426 3621 pcr-

148 3657 623 3731 perfectorumque
650 3659 967 3731 sequacium
994 3659 1381 3730 sociorumque
1410 3658 1551 3729 ejus,
1588 3673 1733 3714 sem-
1833 3661 1969 3702 sena
2000 3646 2202 3702 audeat
2226 3654 2282 3701 et
2315 3652 2612 3717 praesumat
2650 3645 2825 3715 ipsam
2856 3642 3147 3699 ecclesiam
3169 3648 3265 3695 aut
3291 3641 3424 3696 reli-

147 3748 372 3819 ρξιοιιηω
415 3750 814 3808 benedictionis
852 3750 1144 3824 particeps,
1187 3760 1241 3807 ει
1265 3750 1507 3825 paradisi
1540 3750 1733 3807 beatus
1832 3738 1987 3809 giose
2032 3736 2363 3793 famulantes
2403 3737 2452 3792 ei
2495 3737 2610 3791 ullo
2648 3736 2812 3791 modo
2855 3732 3211 3825 inquietando
3253 3732 3426 3787 mole-

147 3853 434 3913 possessor
453 3845 736 3902 efﬁciatur,
761 3845 957 3903 Amen,
1272 3824 1275 3825 ⁷
1730 3830 1731 3835 “
1833 3836 2001 3895 stare,
2029 3837 2124 3884 aut
2148 3828 2216 3883 de
2240 3828 2357 3884 suis
2391 3827 2686 3882 mobilibus
2714 3827 2800 3882 vel
2828 3824 3220 3891 immobilibus,
3252 3830 3425 3878 teme-

218 3930 495 4008 Seriptum
536 3953 634 4009 per
665 3955 890 3996 manum
942 3935 1224 3995 Octaviani
1267 3934 1469 3993 notarii
1502 3943 1557 3991 et
1590 3934 1731 3992 scri-

1835 3917 1982 3973 rario
2015 3933 2153 3973 ausu
2193 3917 2488 3983 discutere,
2530 3915 2790 3987 quoniam
2828 3914 3055 3986 dignum
3094 3921 3179 3969 est
3225 3921 3286 3969 ut
3326 3913 3422 3984 qui

149 4026 306 4083 niarii
340 4004 554 4087 sancta;
594 4031 854 4094 Romana:
894 4031 1155 4091 Ecclesiae
1200 4030 1511 4101 apostolica:
1561 4028 1729 4096 sedis,

1836 4009 2094 4065 continuo
2136 4009 2400 4078 obsequio
2445 4009 2501 4062 in
2540 4005 2743 4063 Christi
2778 4006 2950 4061 solius
2984 4005 3180 4085 militia
3213 4004 3423 4062 exerci-

151 4131 292 4180 τιιιηο
334 4123 515 4193 primo
553 4124 903 4196 ροηιίηεεωε
953 4124 1143 4181 domui
1190 4095 1345 4196 pium
1381 4121 1592 4179 Νίοοιαί
1640 4136 1730 4178 se-
1832 4110 2038 4169 tantur,
2063 4100 2425 4156 indeﬁcientis
2448 4108 2651 4157 nostra:
2671 4097 3032 4170 inspectionis
3058 4095 3267 4154 salubri
3294 4111 3420 4151 mu-

150 4214 330 4281 eundi,
361 4215 660 4299 indictione
687 4217 1027 4275 duodecima.

1832 4193 2040 4250 nimine
2068 4200 2441 4266 protegantur.
3268 4198 3274 4207 '

220 4304 411 4365 Datum
465 4311 687 4369 Auxiini
739 4320 933 4368 octavo
980 4311 1107 4369 ldus
1161 4311 1362 4380 Martii,
1409 4327 1556 4369 anno
1596 4308 1726 4366 Jesu
1910 4306 2063 4364 Unde
2084 4308 2406 4365 auctoritate
2424 4306 2623 4374 Patris,
2647 4314 2702 4362 et
2722 4304 2868 4373 Filii,
2890 4314 2944 4360 et
2961 4303 3200 4375 Spiritus
3221 4300 3418 4369 sancti,

153 4396 351 4459 Christi
391 4403 683 4462 millesimo
709 4404 1164 4478 quinquagesimo
1190 4422 1355 4471 neiio,
1380 4422 1477 4478 per
1502 4421 1726 4460 manum
1758 4399 1806 4458 Ι)
1831 4407 1887 4455 et
1918 4400 2205 4455 beatorum
2232 4400 2606 4470 apostolorum
2638 4399 2948 4470 principum
2976 4395 3124 4452 Petri
3144 4403 3200 4450 et
3240 4392 3417 4473 Pauli,

155 4483 426 4548 llumberti
452 4503 658 4551 sanctae
689 4495 940 4552 Ecclesia:
977 4495 1139 4553 Silva:
1166 4498 1423 4554 Candidae
1459 4498 1723 4569 episcopi,
1832 4492 2051 4550 ail‘ectui
2074 4502 2279 4550 sanctae
2294 4493 2602 4549 devotionis
2623 4501 2751 4557 tum,
2776 4488 3102 4545 charissime
3122 4484 3416 4549 confrater,

155 4586 207 4633 et
227 4579 624 4645 hibliothecarii
650 4588 958 4661 apostolict'e
981 4588 1148 4645 sedis.
1832 4584 2066 4657 gratanti
2097 4584 2284 4639 animo
2318 4591 2645 4649 annuentes,
2680 4582 2995 4646 statuimus,
3025 4587 3083 4636 et
3114 4578 3218 4635 sub
3245 4576 3417 4632 inter—

890 4679 979 4735 lV.
1834 4675 2103 4745 positione
2127 4673 2376 4745 perpetui
2406 4670 2773 4727 anathematis
2807 4686 2873 4725 ac
2912 4668 3083 4725 divini
3107 4666 3298 4740 judieii
3323 4665 3419 4720 ob-

161 4760 408 4842 Nigolatts
450 4771 515 4827 II
558 4772 796 4842 pontifex
834 4773 1115 4842 conﬁrmat
1152 4772 1463 4842 creationem
1502 4771 1726 4841 capituli
1834 4765 2143 4833 servatione
2169 4764 2519 4838 prtecipimus
2541 4771 2602 4818 ut
2631 4771 2727 4818 tua
2748 4769 2803 4816 et
2841 4762 2957 4815 hmo
2987 4768 3177 4817 nostra
3208 4756 3418 4820 eadem,

222 4834 512 4929 Eii”?
557 4834 814 4929 νίνσ-’ναςι
855 4834 1363 4929 ίῖτέιάιιδνηδίζίοηίίε
1382 4834 1724 4929 ίιίῃνίηίνίηιυ.
1833 4856 1901 4912 ad
1928 4834 2282 4929 augmentum
2318 4834 2556 4929 praefatae
2591 4854 2838 4912 ecclesiae
2876 4852 3267 4925 perpetualiter
3295 4862 3425 4902 con-

292 4910 357 4964 od
391 4922 467 4968 est
501 4930 571 4968 xx
607 4910 979 4967 cdnom’corum
1013 4912 1321 4968 collem’um.
1358 4928 1390 4963 a
1419 4910 1475 4965 S.
1511 4910 1727 4968 Annona
1829 4910 2087 4968 λιξζξῗέξ
2102 4910 2367 4968 ’Ῐξίλμῗ
2388 4910 2513 4968 ζμά

292 4912 797 4968 odet.xcanoni
878 4912 1116 4966 "incol!
1186 4915 1289 4965 'm
1358 4912 1551 4965 aS.A
2002 4912 2179 4929 ⁹’⁷
2318 4912 2339 4929 ‘
2407 4948 2419 4960 .
2502 4947 2513 4957 .
2876 4912 2896 4925 ⁵
2976 4912 2992 4923 “

223 4921 926 5056 ῗριοηὶεῗηδὶανςιεὶερίδὲἓέτέ)
952 4930 1253 5056 animiam,
1285 4930 1729 5056 miritisquenzgt’:
1828 4948 2116 5017 ﬁrmanda’
2145 4956 2372 5016 Statum’
2406 4947 2665 5002 mndata
2689 4956 3077 5041 Parmam“

227 5044 324 5103 diis
348 5068 380 5105 a
412 5053 479 5109 B.
509 5044 737 5108 RicIIezo
767 5044 1113 5129 (lfPoIonia:
1140 5044 1323 5127 regina
1346 5044 1608 5110 dotatam:

1904 5061 1961 5118 Si
1988 5063 2116 5133 quis
2154 5064 2341 5135 igitur,
2385 5060 2531 5131 quod
2571 5076 2683 5116 non
2710 5067 2988 5129 optamus,
3022 5060 3199 5131 hujus
3237 5056 3438 5106 nostrai

725 5144 914 5210 (Anno
952 5146 1133 5219 i059.)
1829 5150 2118 5208 decretalis
2150 5150 2420 5223 privilegii
2448 5150 2661 5221 paginae
2699 5147 2999 5204 temerario
3036 5162 3183 5210 ausu
3210 5139 3440 5195 violator

453 5235 719 5309 [Minius
760 5237 899 5310 Opp.
930 5237 1171 5308 ὥρισα,
1202 5236 1296 5302 IV,
1323 5233 1404 5306 5.]
1728 5288 1731 5291 .
1829 5242 2085 5309 existere,
2106 5254 2163 5301 et
2183 5252 2385 5299 sanctae
2408 5239 2556 5297 sedis
2579 5240 2893 5312 apostolica:
2919 5232 3256 5302 contumaci
3278 5228 3442 5284 rebel-

220 5316 361 5364 ΝΙΕΛΙ
381 5343 467 5364 Anc
503 5326 799 5364 aniennnuu
850 5344 1040 5364 οηιουηε
1065 5343 1353 5364 ann-varum
1384 5325 1475 5364 nni
1530 5333 1727 5364 ι’ἷΙΛηΙΛ

1859 5332 1974 5364 innn
1993 5331 2208 5364 Ammon
2235 5344 2588 5364 ann-numnam
2610 5330 3034 5364 nrmcnmncnris
3090 5329 3227 5364 ι-ηἶειΙ
3253 5334 3310 5364 £0.
3330 5331 3446 5364 ner-
