  <div class='ocr_page' id='page_1' title='image "/cluster/home/n/w/nwhite01/storage/ocr_20150623/143/hvd.32044015471816/657.png"; bbox 0 0 4020 5364; ppageno 0'>
   <div class='ocr_carea' id='block_1_1' title="bbox 594 193 727 271">
    <p class='ocr_par' dir='ltr' id='par_1_1' title="bbox 594 193 727 271">
     <span class='ocr_line' id='line_1_1' title="bbox 594 193 727 271; baseline -0.015 -19"><span class='ocrx_word' id='word_1_1' title='bbox 594 193 727 271; x_wconf 71' lang='lat' dir='ltr'><strong>tau</strong></span> 
     </span>
    </p>
   </div>
   <div class='ocr_carea' id='block_1_2' title="bbox 1946 204 2534 270">
    <p class='ocr_par' dir='ltr' id='par_1_2' title="bbox 1946 204 2534 270">
     <span class='ocr_line' id='line_1_2' title="bbox 1946 204 2534 270; baseline 0.01 -6"><span class='ocrx_word' id='word_1_2' title='bbox 1946 204 2214 265; x_wconf 76' lang='lat' dir='ltr'><strong>NlCOl..~\‘I</strong></span> <span class='ocrx_word' id='word_1_3' title='bbox 2253 212 2298 267; x_wconf 89' lang='lat' dir='ltr'><strong>ll</strong></span> <span class='ocrx_word' id='word_1_4' title='bbox 2330 212 2534 270; x_wconf 65' lang='lat' dir='ltr'><strong>PAPE</strong></span> 
     </span>
    </p>
   </div>
   <div class='ocr_carea' id='block_1_3' title="bbox 3742 211 3862 268">
    <p class='ocr_par' dir='ltr' id='par_1_3' title="bbox 3742 211 3862 268">
     <span class='ocr_line' id='line_1_3' title="bbox 3742 211 3862 268; baseline -0.033 0"><span class='ocrx_word' id='word_1_5' title='bbox 3742 211 3862 268; x_wconf 69' lang='lat'><strong>1313</strong></span> 
     </span>
    </p>
   </div>
   <div class='ocr_carea' id='block_1_4' title="bbox 590 308 3863 401">
    <p class='ocr_par' dir='ltr' id='par_1_4' title="bbox 590 308 3863 401">
     <span class='ocr_line' id='line_1_4' title="bbox 590 308 3863 401; baseline 0.007 -40"><span class='ocrx_word' id='word_1_6' title='bbox 590 317 769 379; x_wconf 58' lang='lat' dir='ltr'><strong>petum.</strong></span> <span class='ocrx_word' id='word_1_7' title='bbox 819 308 1218 368; x_wconf 84' lang='lat' dir='ltr'><strong>maledictionis</strong></span> <span class='ocrx_word' id='word_1_8' title='bbox 1277 315 1625 373; x_wconf 90' lang='lat' dir='ltr'><strong>anathemate</strong></span> <span class='ocrx_word' id='word_1_9' title='bbox 1673 318 2076 387; x_wconf 76' lang='lat' dir='ltr'><strong>damnandum,</strong></span> <span class='ocrx_word' id='word_1_10' title='bbox 2129 330 2183 375; x_wconf 87' lang='lat' dir='ltr'><strong>et</strong></span> <span class='ocrx_word' id='word_1_11' title='bbox 2211 326 2256 382; x_wconf 77' lang='grc' dir='ltr'><strong>Α</strong></span> <span class='ocrx_word' id='word_1_12' title='bbox 2282 327 2606 383; x_wconf 73' lang='lat' dir='ltr'><strong>auctoritate</strong></span> <span class='ocrx_word' id='word_1_13' title='bbox 2634 327 2865 384; x_wconf 79' lang='lat' dir='ltr'><strong>B.Pct1=i</strong></span> <span class='ocrx_word' id='word_1_14' title='bbox 2892 329 3154 400; x_wconf 79' lang='lat' dir='ltr'><strong>principis</strong></span> <span class='ocrx_word' id='word_1_15' title='bbox 3189 327 3599 401; x_wconf 81' lang='lat' dir='ltr'><strong>apostolorum,</strong></span> <span class='ocrx_word' id='word_1_16' title='bbox 3634 344 3738 383; x_wconf 78' lang='lat' dir='ltr'><strong>nec</strong></span> <span class='ocrx_word' id='word_1_17' title='bbox 3767 345 3863 383; x_wconf 83' lang='lat' dir='ltr'><strong>non</strong></span> 
     </span>
    </p>
   </div>
   <div class='ocr_carea' id='block_1_5' title="bbox 588 396 2179 480">
    <p class='ocr_par' dir='ltr' id='par_1_5' title="bbox 588 396 2179 480">
     <span class='ocr_line' id='line_1_5' title="bbox 588 396 2179 480; baseline 0.008 -28"><span class='ocrx_word' id='word_1_18' title='bbox 588 413 715 453; x_wconf 90' lang='lat' dir='ltr'><strong>cum</strong></span> <span class='ocrx_word' id='word_1_19' title='bbox 735 396 955 456; x_wconf 78' lang='lat' dir='ltr'><strong>diabolo</strong></span> <span class='ocrx_word' id='word_1_20' title='bbox 979 410 1034 457; x_wconf 90' lang='lat' dir='ltr'><strong>et</strong></span> <span class='ocrx_word' id='word_1_21' title='bbox 1059 403 1386 462; x_wconf 83' lang='lat' dir='ltr'><strong>satellitibus</strong></span> <span class='ocrx_word' id='word_1_22' title='bbox 1411 406 1531 477; x_wconf 87' lang='lat' dir='ltr'><strong>ejus</strong></span> <span class='ocrx_word' id='word_1_23' title='bbox 1547 408 1736 463; x_wconf 67' lang='lat' dir='ltr'><strong>aeterni</strong></span> <span class='ocrx_word' id='word_1_24' title='bbox 1763 408 1905 480; x_wconf 86' lang='lat' dir='ltr'><strong>ignis</strong></span> <span class='ocrx_word' id='word_1_25' title='bbox 1927 409 2179 465; x_wconf 73' lang='lat' dir='ltr'><strong>incendio</strong></span> 
     </span>
    </p>
   </div>
   <div class='ocr_carea' id='block_1_6' title="bbox 588 491 2181 573">
    <p class='ocr_par' dir='ltr' id='par_1_6' title="bbox 588 491 2181 573">
     <span class='ocr_line' id='line_1_6' title="bbox 588 491 2181 573; baseline 0.01 -30"><span class='ocrx_word' id='word_1_26' title='bbox 588 491 967 560; x_wconf 88' lang='lat' dir='ltr'><strong>cremandum,</strong></span> <span class='ocrx_word' id='word_1_27' title='bbox 995 494 1102 549; x_wconf 87' lang='lat' dir='ltr'><strong>nisi</strong></span> <span class='ocrx_word' id='word_1_28' title='bbox 1124 493 1263 551; x_wconf 83' lang='lat' dir='ltr'><strong>forte</strong></span> <span class='ocrx_word' id='word_1_29' title='bbox 1288 497 1598 569; x_wconf 88' lang='lat' dir='ltr'><strong>resipuerit,</strong></span> <span class='ocrx_word' id='word_1_30' title='bbox 1623 508 1676 555; x_wconf 93' lang='lat' dir='ltr'><strong>et</strong></span> <span class='ocrx_word' id='word_1_31' title='bbox 1700 499 1811 556; x_wconf 91' lang='lat' dir='ltr'><strong>Deo</strong></span> <span class='ocrx_word' id='word_1_32' title='bbox 1834 510 1888 557; x_wconf 91' lang='lat' dir='ltr'><strong>et</strong></span> <span class='ocrx_word' id='word_1_33' title='bbox 1911 503 2181 573; x_wconf 69' lang='lat' dir='ltr'><strong>prmdietce</strong></span> 
     </span>
    </p>
   </div>
   <div class='ocr_carea' id='block_1_7' title="bbox 587 583 2179 665">
    <p class='ocr_par' dir='ltr' id='par_1_7' title="bbox 587 583 2179 665">
     <span class='ocr_line' id='line_1_7' title="bbox 587 583 2179 665; baseline 0.009 -27"><span class='ocrx_word' id='word_1_34' title='bbox 587 583 835 640; x_wconf 77' lang='lat' dir='ltr'><strong>ecclesiae</strong></span> <span class='ocrx_word' id='word_1_35' title='bbox 875 587 1143 660; x_wconf 78' lang='lat' dir='ltr'><strong>condigne</strong></span> <span class='ocrx_word' id='word_1_36' title='bbox 1190 589 1538 648; x_wconf 81' lang='lat' dir='ltr'><strong>satisfecerit.</strong></span> <span class='ocrx_word' id='word_1_37' title='bbox 1581 592 1686 660; x_wconf 82' lang='lat' dir='ltr'><strong>Qui</strong></span> <span class='ocrx_word' id='word_1_38' title='bbox 1722 610 1851 649; x_wconf 87' lang='lat' dir='ltr'><strong>vero</strong></span> <span class='ocrx_word' id='word_1_39' title='bbox 1884 596 1974 665; x_wconf 87' lang='lat' dir='ltr'><strong>pia</strong></span> <span class='ocrx_word' id='word_1_40' title='bbox 2010 595 2179 651; x_wconf 80' lang='lat' dir='ltr'><strong>devo-</strong></span> 
     </span>
    </p>
   </div>
   <div class='ocr_carea' id='block_1_8' title="bbox 590 671 2178 755">
    <p class='ocr_par' dir='ltr' id='par_1_8' title="bbox 590 671 2178 755">
     <span class='ocr_line' id='line_1_8' title="bbox 590 671 2178 755; baseline 0.011 -30"><span class='ocrx_word' id='word_1_41' title='bbox 590 671 753 729; x_wconf 77' lang='lat' dir='ltr'><strong>tionis</strong></span> <span class='ocrx_word' id='word_1_42' title='bbox 782 674 1085 754; x_wconf 77' lang='lat' dir='ltr'><strong>intentione</strong></span> <span class='ocrx_word' id='word_1_43' title='bbox 1105 688 1463 736; x_wconf 82' lang='lat' dir='ltr'><strong>conservator</strong></span> <span class='ocrx_word' id='word_1_44' title='bbox 1503 682 1792 752; x_wconf 73' lang='lat' dir='ltr'><strong>exstiterit,</strong></span> <span class='ocrx_word' id='word_1_45' title='bbox 1826 695 2178 755; x_wconf 88' lang='lat' dir='ltr'><strong>peccatorum</strong></span> 
     </span>
    </p>
   </div>
   <div class='ocr_carea' id='block_1_9' title="bbox 528 748 2176 848">
    <p class='ocr_par' dir='ltr' id='par_1_9' title="bbox 528 748 2176 848">
     <span class='ocr_line' id='line_1_9' title="bbox 528 748 2176 848; baseline 0.009 -29"><span class='ocrx_word' id='word_1_46' title='bbox 528 748 532 752; x_wconf 24' lang='lat' dir='ltr'><strong>l</strong></span> <span class='ocrx_word' id='word_1_47' title='bbox 588 754 827 820; x_wconf 83' lang='lat' dir='ltr'><strong>suorum</strong></span> <span class='ocrx_word' id='word_1_48' title='bbox 859 748 1127 837; x_wconf 70' lang='lat' dir='ltr'><strong>ninnium,</strong></span> <span class='ocrx_word' id='word_1_49' title='bbox 1172 772 1429 841; x_wconf 83' lang='lat' dir='ltr'><strong>precibus</strong></span> <span class='ocrx_word' id='word_1_50' title='bbox 1474 774 1756 830; x_wconf 81' lang='lat' dir='ltr'><strong>beatorum</strong></span> <span class='ocrx_word' id='word_1_51' title='bbox 1803 779 2176 848; x_wconf 81' lang='lat' dir='ltr'><strong>apostolorum</strong></span> 
     </span>
    </p>
   </div>
   <div class='ocr_carea' id='block_1_10' title="bbox 586 853 2179 931">
    <p class='ocr_par' dir='ltr' id='par_1_10' title="bbox 586 853 2179 931">
     <span class='ocr_line' id='line_1_10' title="bbox 586 853 2179 931; baseline 0.011 -25"><span class='ocrx_word' id='word_1_52' title='bbox 586 853 922 926; x_wconf 82' lang='lat' dir='ltr'><strong>principum,</strong></span> <span class='ocrx_word' id='word_1_53' title='bbox 964 870 1337 930; x_wconf 81' lang='lat' dir='ltr'><strong>consequatur</strong></span> <span class='ocrx_word' id='word_1_54' title='bbox 1370 863 1606 931; x_wconf 77' lang='lat' dir='ltr'><strong>veniam,</strong></span> <span class='ocrx_word' id='word_1_55' title='bbox 1650 874 1704 920; x_wconf 90' lang='lat' dir='ltr'><strong>et</strong></span> <span class='ocrx_word' id='word_1_56' title='bbox 1753 882 1878 921; x_wconf 83' lang='lat' dir='ltr'><strong>cum</strong></span> <span class='ocrx_word' id='word_1_57' title='bbox 1921 870 2179 927; x_wconf 88' lang='lat' dir='ltr'><strong>omnibus</strong></span> 
     </span>
    </p>
   </div>
   <div class='ocr_carea' id='block_1_11' title="bbox 584 943 2178 1033">
    <p class='ocr_par' dir='ltr' id='par_1_11' title="bbox 584 943 2178 1033">
     <span class='ocr_line' id='line_1_11' title="bbox 584 943 2178 1033; baseline 0.013 -36"><span class='ocrx_word' id='word_1_58' title='bbox 584 943 783 1001; x_wconf 67' lang='lat' dir='ltr'><strong>divina:</strong></span> <span class='ocrx_word' id='word_1_59' title='bbox 805 947 939 1019; x_wconf 63' lang='lat' dir='ltr'><strong>legis</strong></span> <span class='ocrx_word' id='word_1_60' title='bbox 964 949 1438 1022; x_wconf 88' lang='lat' dir='ltr'><strong>observatoribus,</strong></span> <span class='ocrx_word' id='word_1_61' title='bbox 1467 965 1684 1013; x_wconf 64' lang='lat' dir='ltr'><strong>acterna:</strong></span> <span class='ocrx_word' id='word_1_62' title='bbox 1709 958 2017 1017; x_wconf 88' lang='lat' dir='ltr'><strong>heatudinis</strong></span> <span class='ocrx_word' id='word_1_63' title='bbox 2051 978 2178 1033; x_wconf 76' lang='lat' dir='ltr'><strong>pro-</strong></span> 
     </span>
    </p>
   </div>
   <div class='ocr_carea' id='block_1_12' title="bbox 586 1036 1253 1112">
    <p class='ocr_par' dir='ltr' id='par_1_12' title="bbox 586 1036 1253 1112">
     <span class='ocr_line' id='line_1_12' title="bbox 586 1036 1253 1112; baseline 0.016 -22"><span class='ocrx_word' id='word_1_64' title='bbox 586 1048 866 1094; x_wconf 88' lang='lat' dir='ltr'><strong>mereatur</strong></span> <span class='ocrx_word' id='word_1_65' title='bbox 892 1042 1143 1112; x_wconf 80' lang='lat' dir='ltr'><strong>gloriam.</strong></span> <span class='ocrx_word' id='word_1_66' title='bbox 1247 1036 1253 1043; x_wconf 78' lang='grc'><strong>’</strong></span> 
     </span>
    </p>
   </div>
   <div class='ocr_carea' id='block_1_13' title="bbox 662 1118 2177 1210">
    <p class='ocr_par' dir='ltr' id='par_1_13' title="bbox 662 1118 2177 1210">
     <span class='ocr_line' id='line_1_13' title="bbox 662 1118 2177 1210; baseline 0.012 -26"><span class='ocrx_word' id='word_1_67' title='bbox 662 1128 937 1202; x_wconf 83' lang='lat' dir='ltr'><strong>Scriptum</strong></span> <span class='ocrx_word' id='word_1_68' title='bbox 974 1118 1076 1205; x_wconf 85' lang='lat' dir='ltr'><strong>per</strong></span> <span class='ocrx_word' id='word_1_69' title='bbox 1107 1153 1330 1193; x_wconf 90' lang='lat' dir='ltr'><strong>manum</strong></span> <span class='ocrx_word' id='word_1_70' title='bbox 1360 1137 1663 1210; x_wconf 83' lang='lat' dir='ltr'><strong>Octaviani,</strong></span> <span class='ocrx_word' id='word_1_71' title='bbox 1709 1144 1850 1198; x_wconf 89' lang='lat' dir='ltr'><strong>sacri</strong></span> <span class='ocrx_word' id='word_1_72' title='bbox 1886 1145 2074 1201; x_wconf 85' lang='lat' dir='ltr'><strong>scrinii</strong></span> <span class='ocrx_word' id='word_1_73' title='bbox 2122 1156 2177 1203; x_wconf 90' lang='lat' dir='ltr'><strong>et</strong></span> 
     </span>
    </p>
   </div>
   <div class='ocr_carea' id='block_1_14' title="bbox 583 1225 2173 1305">
    <p class='ocr_par' dir='ltr' id='par_1_14' title="bbox 583 1225 2173 1305">
     <span class='ocr_line' id='line_1_14' title="bbox 583 1225 2173 1305; baseline 0.01 -27"><span class='ocrx_word' id='word_1_74' title='bbox 583 1232 787 1280; x_wconf 61' lang='lat' dir='ltr'><strong>sanctae</strong></span> <span class='ocrx_word' id='word_1_75' title='bbox 810 1225 1069 1284; x_wconf 76' lang='lat' dir='ltr'><strong>Romana:</strong></span> <span class='ocrx_word' id='word_1_76' title='bbox 1099 1228 1353 1287; x_wconf 67' lang='lat' dir='ltr'><strong>Ecclesia:</strong></span> <span class='ocrx_word' id='word_1_77' title='bbox 1377 1234 1597 1300; x_wconf 87' lang='lat' dir='ltr'><strong>nota.ii,</strong></span> <span class='ocrx_word' id='word_1_78' title='bbox 1622 1234 1881 1293; x_wconf 83' lang='lat' dir='ltr'><strong>Kalendis</strong></span> <span class='ocrx_word' id='word_1_79' title='bbox 1909 1236 2055 1305; x_wconf 81' lang='lat' dir='ltr'><strong>Maii,</strong></span> <span class='ocrx_word' id='word_1_80' title='bbox 2085 1239 2173 1294; x_wconf 91' lang='lat' dir='ltr'><strong>in-</strong></span> 
     </span>
    </p>
   </div>
   <div class='ocr_carea' id='block_1_15' title="bbox 581 1314 2170 1395">
    <p class='ocr_par' dir='ltr' id='par_1_15' title="bbox 581 1314 2170 1395">
     <span class='ocr_line' id='line_1_15' title="bbox 581 1314 2170 1395; baseline 0.009 -25"><span class='ocrx_word' id='word_1_81' title='bbox 581 1314 824 1371; x_wconf 84' lang='lat' dir='ltr'><strong>dictione</strong></span> <span class='ocrx_word' id='word_1_82' title='bbox 859 1332 959 1385; x_wconf 81' lang='lat' dir='ltr'><strong>xu,</strong></span> <span class='ocrx_word' id='word_1_83' title='bbox 991 1336 1138 1377; x_wconf 85' lang='lat' dir='ltr'><strong>anno</strong></span> <span class='ocrx_word' id='word_1_84' title='bbox 1169 1320 1387 1376; x_wconf 87' lang='lat' dir='ltr'><strong>Domini</strong></span> <span class='ocrx_word' id='word_1_85' title='bbox 1413 1324 1588 1380; x_wconf 85' lang='lat' dir='ltr'><strong>nostri</strong></span> <span class='ocrx_word' id='word_1_86' title='bbox 1617 1323 1746 1381; x_wconf 83' lang='lat' dir='ltr'><strong>Jesu</strong></span> <span class='ocrx_word' id='word_1_87' title='bbox 1777 1326 1981 1383; x_wconf 88' lang='lat' dir='ltr'><strong>Christi</strong></span> <span class='ocrx_word' id='word_1_88' title='bbox 2012 1329 2170 1395; x_wconf 81' lang='lat' dir='ltr'><strong>l058,</strong></span> 
     </span>
    </p>
   </div>
   <div class='ocr_carea' id='block_1_16' title="bbox 582 1409 2175 1480">
    <p class='ocr_par' dir='ltr' id='par_1_16' title="bbox 582 1409 2175 1480">
     <span class='ocr_line' id='line_1_16' title="bbox 582 1409 2175 1480; baseline 0.01 -18"><span class='ocrx_word' id='word_1_89' title='bbox 582 1425 678 1480; x_wconf 86' lang='lat' dir='ltr'><strong>per</strong></span> <span class='ocrx_word' id='word_1_90' title='bbox 699 1425 897 1467; x_wconf 86' lang='lat' dir='ltr'><strong>manus</strong></span> <span class='ocrx_word' id='word_1_91' title='bbox 921 1409 1206 1469; x_wconf 89' lang='lat' dir='ltr'><strong>Humberti</strong></span> <span class='ocrx_word' id='word_1_92' title='bbox 1230 1422 1433 1472; x_wconf 69' lang='lat' dir='ltr'><strong>sancta:</strong></span> <span class='ocrx_word' id='word_1_93' title='bbox 1450 1413 1706 1473; x_wconf 64' lang='lat' dir='ltr'><strong>Ecclesiae</strong></span> <span class='ocrx_word' id='word_1_94' title='bbox 1730 1416 1893 1475; x_wconf 66' lang='lat' dir='ltr'><strong>Silvae</strong></span> <span class='ocrx_word' id='word_1_95' title='bbox 1915 1417 2175 1477; x_wconf 76' lang='lat' dir='ltr'><strong>Candida:</strong></span> 
     </span>
    </p>
   </div>
   <div class='ocr_carea' id='block_1_17' title="bbox 580 1500 2173 1580">
    <p class='ocr_par' dir='ltr' id='par_1_17' title="bbox 580 1500 2173 1580">
     <span class='ocr_line' id='line_1_17' title="bbox 580 1500 2173 1580; baseline 0.008 -25"><span class='ocrx_word' id='word_1_96' title='bbox 580 1500 820 1573; x_wconf 87' lang='lat' dir='ltr'><strong>episcopi</strong></span> <span class='ocrx_word' id='word_1_97' title='bbox 875 1512 930 1560; x_wconf 91' lang='lat' dir='ltr'><strong>et</strong></span> <span class='ocrx_word' id='word_1_98' title='bbox 975 1506 1290 1576; x_wconf 73' lang='lat' dir='ltr'><strong>apostolica:</strong></span> <span class='ocrx_word' id='word_1_99' title='bbox 1345 1508 1491 1565; x_wconf 90' lang='lat' dir='ltr'><strong>sedis</strong></span> <span class='ocrx_word' id='word_1_100' title='bbox 1555 1509 1978 1580; x_wconf 88' lang='lat' dir='ltr'><strong>bibliothecarii,</strong></span> <span class='ocrx_word' id='word_1_101' title='bbox 2026 1528 2173 1568; x_wconf 86' lang='lat' dir='ltr'><strong>anno</strong></span> 
     </span>
    </p>
   </div>
   <div class='ocr_carea' id='block_1_18' title="bbox 581 1594 2172 1674">
    <p class='ocr_par' dir='ltr' id='par_1_18' title="bbox 581 1594 2172 1674">
     <span class='ocr_line' id='line_1_18' title="bbox 581 1594 2172 1674; baseline 0.009 -27"><span class='ocrx_word' id='word_1_102' title='bbox 581 1594 757 1662; x_wconf 90' lang='lat' dir='ltr'><strong>primo</strong></span> <span class='ocrx_word' id='word_1_103' title='bbox 786 1596 1138 1665; x_wconf 79' lang='lat' dir='ltr'><strong>pontiﬁcatus</strong></span> <span class='ocrx_word' id='word_1_104' title='bbox 1160 1598 1379 1656; x_wconf 89' lang='lat' dir='ltr'><strong>Domini</strong></span> <span class='ocrx_word' id='word_1_105' title='bbox 1403 1617 1559 1674; x_wconf 68' lang='lat' dir='ltr'><strong>papa:</strong></span> <span class='ocrx_word' id='word_1_106' title='bbox 1584 1602 1792 1662; x_wconf 90' lang='lat' dir='ltr'><strong>Nicolai</strong></span> <span class='ocrx_word' id='word_1_107' title='bbox 1816 1606 2062 1673; x_wconf 90' lang='lat' dir='ltr'><strong>secundi,</strong></span> <span class='ocrx_word' id='word_1_108' title='bbox 2088 1606 2172 1662; x_wconf 89' lang='lat' dir='ltr'><strong>in-</strong></span> 
     </span>
    </p>
   </div>
   <div class='ocr_carea' id='block_1_19' title="bbox 581 1686 1188 1749">
    <p class='ocr_par' dir='ltr' id='par_1_19' title="bbox 581 1686 1188 1749">
     <span class='ocr_line' id='line_1_19' title="bbox 581 1686 1188 1749; baseline 0.013 -9"><span class='ocrx_word' id='word_1_109' title='bbox 581 1686 818 1744; x_wconf 78' lang='lat' dir='ltr'><strong>dictione</strong></span> <span class='ocrx_word' id='word_1_110' title='bbox 841 1689 1188 1749; x_wconf 85' lang='lat' dir='ltr'><strong>duodecima.</strong></span> 
     </span>
    </p>
   </div>
   <div class='ocr_carea' id='block_1_20' title="bbox 1353 1808 1416 1865">
    <p class='ocr_par' dir='ltr' id='par_1_20' title="bbox 1353 1808 1416 1865">
     <span class='ocr_line' id='line_1_20' title="bbox 1353 1808 1416 1865; baseline 0.032 -2"><span class='ocrx_word' id='word_1_111' title='bbox 1353 1808 1416 1865; x_wconf 86' lang='lat' dir='ltr'><strong>V.</strong></span> 
     </span>
    </p>
   </div>
   <div class='ocr_carea' id='block_1_21' title="bbox 580 1890 2172 1975">
    <p class='ocr_par' dir='ltr' id='par_1_21' title="bbox 580 1890 2172 1975">
     <span class='ocr_line' id='line_1_21' title="bbox 580 1890 2172 1975; baseline 0.006 -24"><span class='ocrx_word' id='word_1_112' title='bbox 580 1890 636 1951; x_wconf 86' lang='grc' dir='ltr'><em>Ν</em></span> <span class='ocrx_word' id='word_1_113' title='bbox 640 1892 844 1952; x_wconf 74' lang='lat' dir='ltr'><strong>t&#39;colaus</strong></span> <span class='ocrx_word' id='word_1_114' title='bbox 875 1894 944 1952; x_wconf 84' lang='lat' dir='ltr'><strong>II</strong></span> <span class='ocrx_word' id='word_1_115' title='bbox 974 1896 1231 1975; x_wconf 74' lang='lat' dir='ltr'><strong>Ecclesia:</strong></span> <span class='ocrx_word' id='word_1_116' title='bbox 1258 1901 1552 1959; x_wconf 77' lang='lat' dir='ltr'><strong>Penuensis</strong></span> <span class='ocrx_word' id='word_1_117' title='bbox 1581 1903 1736 1971; x_wconf 85' lang='lat' dir='ltr'><strong>bona,</strong></span> <span class='ocrx_word' id='word_1_118' title='bbox 1767 1913 1975 1975; x_wconf 83' lang='lat' dir='ltr'><strong>petente</strong></span> <span class='ocrx_word' id='word_1_119' title='bbox 1999 1905 2172 1961; x_wconf 76' lang='lat' dir='ltr'><strong>Joan-</strong></span> 
     </span>
    </p>
   </div>
   <div class='ocr_carea' id='block_1_22' title="bbox 1035 1973 1717 2045">
    <p class='ocr_par' dir='ltr' id='par_1_22' title="bbox 1035 1973 1717 2045">
     <span class='ocr_line' id='line_1_22' title="bbox 1035 1973 1717 2045; baseline 0.007 -20"><span class='ocrx_word' id='word_1_120' title='bbox 1035 1986 1099 2025; x_wconf 82' lang='lat' dir='ltr'><strong>ne</strong></span> <span class='ocrx_word' id='word_1_121' title='bbox 1121 1973 1385 2043; x_wconf 77' lang='lat' dir='ltr'><strong>episcopo,</strong></span> <span class='ocrx_word' id='word_1_122' title='bbox 1417 1975 1717 2045; x_wconf 83' lang='lat' dir='ltr'><strong>conﬁrmat.</strong></span> 
     </span>
    </p>
   </div>
   <div class='ocr_carea' id='block_1_23' title="bbox 1164 2064 1571 2138">
    <p class='ocr_par' dir='ltr' id='par_1_23' title="bbox 1164 2064 1571 2138">
     <span class='ocr_line' id='line_1_23' title="bbox 1164 2064 1571 2138; baseline 0.01 -19"><span class='ocrx_word' id='word_1_123' title='bbox 1164 2064 1347 2136; x_wconf 83' lang='lat' dir='ltr'><strong>(Anno</strong></span> <span class='ocrx_word' id='word_1_124' title='bbox 1386 2066 1571 2138; x_wconf 81' lang='grc'><strong>1059.)</strong></span> 
     </span>
    </p>
   </div>
   <div class='ocr_carea' id='block_1_24' title="bbox 858 2151 1883 2234">
    <p class='ocr_par' dir='ltr' id='par_1_24' title="bbox 858 2151 1883 2234">
     <span class='ocr_line' id='line_1_24' title="bbox 858 2151 1883 2234; baseline 0.009 -25"><span class='ocrx_word' id='word_1_125' title='bbox 858 2151 1126 2226; x_wconf 81' lang='lat' dir='ltr'><strong>[UcnsLu</strong></span> <span class='ocrx_word' id='word_1_126' title='bbox 1144 2197 1160 2223; x_wconf 94' lang='lat'><strong>,</strong></span> <span class='ocrx_word' id='word_1_127' title='bbox 1187 2155 1359 2213; x_wconf 79' lang='lat' dir='ltr'><strong>Italia</strong></span> <span class='ocrx_word' id='word_1_128' title='bbox 1394 2174 1550 2213; x_wconf 84' lang='lat' dir='ltr'><strong>sacra</strong></span> <span class='ocrx_word' id='word_1_129' title='bbox 1567 2201 1582 2227; x_wconf 91' lang='lat'><strong>,</strong></span> <span class='ocrx_word' id='word_1_130' title='bbox 1618 2158 1667 2225; x_wconf 87' lang='grc' dir='ltr'><strong>Ι,</strong></span> <span class='ocrx_word' id='word_1_131' title='bbox 1695 2160 1883 2234; x_wconf 69' lang='lat'><strong>1116.]</strong></span> 
     </span>
    </p>
   </div>
   <div class='ocr_carea' id='block_1_25' title="bbox 650 2241 2169 2322">
    <p class='ocr_par' dir='ltr' id='par_1_25' title="bbox 650 2241 2169 2322">
     <span class='ocr_line' id='line_1_25' title="bbox 650 2241 2169 2322; baseline 0.008 -23"><span class='ocrx_word' id='word_1_132' title='bbox 650 2241 919 2301; x_wconf 76' lang='lat' dir='ltr'><strong>NICOLAUS</strong></span> <span class='ocrx_word' id='word_1_133' title='bbox 940 2246 1250 2320; x_wconf 88' lang='lat' dir='ltr'><strong>episcopus,</strong></span> <span class='ocrx_word' id='word_1_134' title='bbox 1283 2265 1475 2306; x_wconf 88' lang='lat' dir='ltr'><strong>servus</strong></span> <span class='ocrx_word' id='word_1_135' title='bbox 1507 2267 1794 2308; x_wconf 87' lang='lat' dir='ltr'><strong>servorum</strong></span> <span class='ocrx_word' id='word_1_136' title='bbox 1821 2253 1938 2322; x_wconf 85' lang='lat' dir='ltr'><strong>Dei,</strong></span> <span class='ocrx_word' id='word_1_137' title='bbox 1969 2255 2169 2312; x_wconf 89' lang='lat' dir='ltr'><strong>dilecto</strong></span> 
     </span>
    </p>
   </div>
   <div class='ocr_carea' id='block_1_26' title="bbox 576 2335 2169 2417">
    <p class='ocr_par' dir='ltr' id='par_1_26' title="bbox 576 2335 2169 2417">
     <span class='ocr_line' id='line_1_26' title="bbox 576 2335 2169 2417; baseline 0.009 -26"><span class='ocrx_word' id='word_1_138' title='bbox 576 2335 838 2392; x_wconf 81' lang='lat' dir='ltr'><strong>eonfratri</strong></span> <span class='ocrx_word' id='word_1_139' title='bbox 868 2335 1058 2394; x_wconf 64' lang='lat' dir='ltr'><strong>10mm</strong></span> <span class='ocrx_word' id='word_1_140' title='bbox 1093 2339 1367 2417; x_wconf 81' lang='lat' dir='ltr'><strong>Pennensi</strong></span> <span class='ocrx_word' id='word_1_141' title='bbox 1397 2343 1655 2417; x_wconf 89' lang='lat' dir='ltr'><strong>episcopo</strong></span> <span class='ocrx_word' id='word_1_142' title='bbox 1681 2354 1735 2400; x_wconf 89' lang='lat' dir='ltr'><strong>et</strong></span> <span class='ocrx_word' id='word_1_143' title='bbox 1777 2363 1873 2417; x_wconf 89' lang='lat' dir='ltr'><strong>per</strong></span> <span class='ocrx_word' id='word_1_144' title='bbox 1914 2358 1967 2404; x_wconf 89' lang='lat' dir='ltr'><strong>te</strong></span> <span class='ocrx_word' id='word_1_145' title='bbox 1994 2349 2169 2405; x_wconf 73' lang='lat' dir='ltr'><strong>eccle-</strong></span> 
     </span>
    </p>
   </div>
   <div class='ocr_carea' id='block_1_27' title="bbox 575 2416 2168 2511">
    <p class='ocr_par' dir='ltr' id='par_1_27' title="bbox 575 2416 2168 2511">
     <span class='ocr_line' id='line_1_27' title="bbox 575 2416 2168 2511; baseline 0.01 -29"><span class='ocrx_word' id='word_1_146' title='bbox 575 2427 671 2482; x_wconf 66' lang='lat' dir='ltr'><strong>sia:</strong></span> <span class='ocrx_word' id='word_1_147' title='bbox 700 2426 757 2484; x_wconf 91' lang='lat' dir='ltr'><strong>S.</strong></span> <span class='ocrx_word' id='word_1_148' title='bbox 794 2420 983 2486; x_wconf 72' lang='lat' dir='ltr'><strong>Mariae</strong></span> <span class='ocrx_word' id='word_1_149' title='bbox 1017 2440 1071 2487; x_wconf 93' lang='lat' dir='ltr'><strong>et</strong></span> <span class='ocrx_word' id='word_1_150' title='bbox 1099 2416 1324 2504; x_wconf 79' lang='lat' dir='ltr'><strong>gloriosi</strong></span> <span class='ocrx_word' id='word_1_151' title='bbox 1357 2434 1564 2492; x_wconf 89' lang='lat' dir='ltr'><strong>Christi</strong></span> <span class='ocrx_word' id='word_1_152' title='bbox 1598 2416 1792 2511; x_wconf 73' lang='lat' dir='ltr'><strong>martyl</strong></span> <span class='ocrx_word' id='word_1_153' title='bbox 1807 2440 1855 2496; x_wconf 89' lang='lat' dir='ltr'><strong>is</strong></span> <span class='ocrx_word' id='word_1_154' title='bbox 1898 2457 1963 2496; x_wconf 89' lang='lat' dir='ltr'><strong>ac</strong></span> <span class='ocrx_word' id='word_1_155' title='bbox 1993 2441 2168 2498; x_wconf 65' lang='lat' dir='ltr'><strong>levita:</strong></span> 
     </span>
    </p>
   </div>
   <div class='ocr_carea' id='block_1_28' title="bbox 573 2517 1987 2603">
    <p class='ocr_par' dir='ltr' id='par_1_28' title="bbox 573 2517 1987 2603">
     <span class='ocr_line' id='line_1_28' title="bbox 573 2517 1987 2603; baseline 0.012 -29"><span class='ocrx_word' id='word_1_156' title='bbox 573 2517 821 2599; x_wconf 72' lang='lat' dir='ltr'><strong>Maximi,</strong></span> <span class='ocrx_word' id='word_1_157' title='bbox 849 2523 1070 2595; x_wconf 87' lang='lat' dir='ltr'><strong>tuisque</strong></span> <span class='ocrx_word' id='word_1_158' title='bbox 1104 2529 1521 2586; x_wconf 88' lang='lat' dir='ltr'><strong>successoribus</strong></span> <span class='ocrx_word' id='word_1_159' title='bbox 1553 2531 1610 2585; x_wconf 92' lang='lat' dir='ltr'><strong>in</strong></span> <span class='ocrx_word' id='word_1_160' title='bbox 1643 2542 1987 2603; x_wconf 86' lang='lat' dir='ltr'><strong>perpetuum.</strong></span> 
     </span>
    </p>
   </div>
   <div class='ocr_carea' id='block_1_29' title="bbox 634 2608 2164 2684">
    <p class='ocr_par' dir='ltr' id='par_1_29' title="bbox 634 2608 2164 2684">
     <span class='ocr_line' id='line_1_29' title="bbox 634 2608 2164 2684; baseline 0.011 -18"><span class='ocrx_word' id='word_1_161' title='bbox 634 2608 807 2668; x_wconf 79' lang='lat' dir='ltr'><strong>Ollicii</strong></span> <span class='ocrx_word' id='word_1_162' title='bbox 831 2615 1008 2670; x_wconf 86' lang='lat' dir='ltr'><strong>nostri</strong></span> <span class='ocrx_word' id='word_1_163' title='bbox 1028 2624 1113 2673; x_wconf 91' lang='lat' dir='ltr'><strong>est</strong></span> <span class='ocrx_word' id='word_1_164' title='bbox 1139 2618 1398 2676; x_wconf 90' lang='lat' dir='ltr'><strong>omnibus</strong></span> <span class='ocrx_word' id='word_1_165' title='bbox 1419 2621 1810 2679; x_wconf 89' lang='lat' dir='ltr'><strong>ecclesiasticis</strong></span> <span class='ocrx_word' id='word_1_166' title='bbox 1833 2626 2164 2684; x_wconf 86' lang='lat' dir='ltr'><strong>utilitatibus</strong></span> 
     </span>
    </p>
   </div>
   <div class='ocr_carea' id='block_1_30' title="bbox 572 2704 2165 2790">
    <p class='ocr_par' dir='ltr' id='par_1_30' title="bbox 572 2704 2165 2790">
     <span class='ocr_line' id='line_1_30' title="bbox 572 2704 2165 2790; baseline 0.012 -34"><span class='ocrx_word' id='word_1_167' title='bbox 572 2704 882 2775; x_wconf 83' lang='lat' dir='ltr'><strong>providere,</strong></span> <span class='ocrx_word' id='word_1_168' title='bbox 923 2715 978 2763; x_wconf 88' lang='lat' dir='ltr'><strong>et</strong></span> <span class='ocrx_word' id='word_1_169' title='bbox 997 2707 1166 2780; x_wconf 91' lang='lat' dir='ltr'><strong>justis</strong></span> <span class='ocrx_word' id='word_1_170' title='bbox 1188 2712 1479 2770; x_wconf 89' lang='lat' dir='ltr'><strong>desideriis</strong></span> <span class='ocrx_word' id='word_1_171' title='bbox 1504 2729 1571 2770; x_wconf 85' lang='lat' dir='ltr'><strong>ac</strong></span> <span class='ocrx_word' id='word_1_172' title='bbox 1600 2716 1957 2787; x_wconf 84' lang='lat' dir='ltr'><strong>petitionibus</strong></span> <span class='ocrx_word' id='word_1_173' title='bbox 1980 2735 2165 2790; x_wconf 80' lang='lat' dir='ltr'><strong>prom-</strong></span> 
     </span>
    </p>
   </div>
   <div class='ocr_carea' id='block_1_31' title="bbox 573 2798 2160 2882">
    <p class='ocr_par' dir='ltr' id='par_1_31' title="bbox 573 2798 2160 2882">
     <span class='ocr_line' id='line_1_31' title="bbox 573 2798 2160 2882; baseline 0.011 -32"><span class='ocrx_word' id='word_1_174' title='bbox 573 2805 669 2867; x_wconf 90' lang='lat' dir='ltr'><strong>pto</strong></span> <span class='ocrx_word' id='word_1_175' title='bbox 708 2798 895 2871; x_wconf 88' lang='lat' dir='ltr'><strong>animo</strong></span> <span class='ocrx_word' id='word_1_176' title='bbox 937 2800 1240 2874; x_wconf 89' lang='lat' dir='ltr'><strong>indulgere.</strong></span> <span class='ocrx_word' id='word_1_177' title='bbox 1299 2803 1474 2875; x_wconf 90' lang='lat' dir='ltr'><strong>Unde,</strong></span> <span class='ocrx_word' id='word_1_178' title='bbox 1511 2808 1642 2878; x_wconf 87' lang='lat' dir='ltr'><strong>quia</strong></span> <span class='ocrx_word' id='word_1_179' title='bbox 1679 2810 1861 2879; x_wconf 87' lang='lat' dir='ltr'><strong>petisti</strong></span> <span class='ocrx_word' id='word_1_180' title='bbox 1910 2826 1943 2867; x_wconf 92' lang='lat' dir='ltr'><strong>a</strong></span> <span class='ocrx_word' id='word_1_181' title='bbox 1980 2812 2160 2882; x_wconf 90' lang='lat' dir='ltr'><strong>nobis,</strong></span> 
     </span>
    </p>
   </div>
   <div class='ocr_carea' id='block_1_32' title="bbox 569 2887 2160 2977">
    <p class='ocr_par' dir='ltr' id='par_1_32' title="bbox 569 2887 2160 2977">
     <span class='ocr_line' id='line_1_32' title="bbox 569 2887 2160 2977; baseline 0.011 -35"><span class='ocrx_word' id='word_1_182' title='bbox 569 2887 895 2946; x_wconf 89' lang='lat' dir='ltr'><strong>charissime</strong></span> <span class='ocrx_word' id='word_1_183' title='bbox 941 2891 1242 2963; x_wconf 68' lang='lat' dir='ltr'><strong>conti-ater,</strong></span> <span class='ocrx_word' id='word_1_184' title='bbox 1270 2904 1330 2950; x_wconf 91' lang='lat' dir='ltr'><strong>ut</strong></span> <span class='ocrx_word' id='word_1_185' title='bbox 1366 2913 1464 2967; x_wconf 89' lang='lat' dir='ltr'><strong>per</strong></span> <span class='ocrx_word' id='word_1_186' title='bbox 1497 2900 1673 2956; x_wconf 86' lang='lat' dir='ltr'><strong>nostri</strong></span> <span class='ocrx_word' id='word_1_187' title='bbox 1703 2902 1970 2974; x_wconf 84' lang='lat' dir='ltr'><strong>privilegii</strong></span> <span class='ocrx_word' id='word_1_188' title='bbox 2005 2905 2160 2977; x_wconf 86' lang='lat' dir='ltr'><strong>pagi-</strong></span> 
     </span>
    </p>
   </div>
   <div class='ocr_carea' id='block_1_33' title="bbox 570 2985 2160 3063">
    <p class='ocr_par' dir='ltr' id='par_1_33' title="bbox 570 2985 2160 3063">
     <span class='ocr_line' id='line_1_33' title="bbox 570 2985 2160 3063; baseline 0.011 -27"><span class='ocrx_word' id='word_1_189' title='bbox 570 2995 699 3036; x_wconf 86' lang='lat' dir='ltr'><strong>nam</strong></span> <span class='ocrx_word' id='word_1_190' title='bbox 748 2987 857 3037; x_wconf 77' lang='lat' dir='ltr'><strong>tuze</strong></span> <span class='ocrx_word' id='word_1_191' title='bbox 903 2985 1171 3056; x_wconf 66' lang='lat' dir='ltr'><strong>ecclesiae,</strong></span> <span class='ocrx_word' id='word_1_192' title='bbox 1214 2996 1269 3042; x_wconf 90' lang='lat' dir='ltr'><strong>et</strong></span> <span class='ocrx_word' id='word_1_193' title='bbox 1306 2989 1425 3057; x_wconf 88' lang='lat' dir='ltr'><strong>tibi,</strong></span> <span class='ocrx_word' id='word_1_194' title='bbox 1481 2991 1702 3063; x_wconf 87' lang='lat' dir='ltr'><strong>tuisque</strong></span> <span class='ocrx_word' id='word_1_195' title='bbox 1746 2997 2160 3054; x_wconf 88' lang='lat' dir='ltr'><strong>successoribus</strong></span> 
     </span>
    </p>
   </div>
   <div class='ocr_carea' id='block_1_34' title="bbox 569 3073 2159 3157">
    <p class='ocr_par' dir='ltr' id='par_1_34' title="bbox 569 3073 2159 3157">
     <span class='ocr_line' id='line_1_34' title="bbox 569 3073 2159 3157; baseline 0.012 -32"><span class='ocrx_word' id='word_1_196' title='bbox 569 3073 955 3142; x_wconf 86' lang='lat' dir='ltr'><strong>perpetualiter</strong></span> <span class='ocrx_word' id='word_1_197' title='bbox 1001 3078 1456 3139; x_wconf 84' lang='lat' dir='ltr'><strong>conﬂrmaremus</strong></span> <span class='ocrx_word' id='word_1_198' title='bbox 1497 3084 1684 3141; x_wconf 88' lang='lat' dir='ltr'><strong>omnia</strong></span> <span class='ocrx_word' id='word_1_199' title='bbox 1721 3101 1845 3156; x_wconf 71' lang='lat' dir='ltr'><strong>qua:</strong></span> <span class='ocrx_word' id='word_1_200' title='bbox 1886 3088 2159 3157; x_wconf 70' lang='lat' dir='ltr'><strong>przedictse</strong></span> 
     </span>
    </p>
   </div>
   <div class='ocr_carea' id='block_1_35' title="bbox 569 3163 2161 3248">
    <p class='ocr_par' dir='ltr' id='par_1_35' title="bbox 569 3163 2161 3248">
     <span class='ocr_line' id='line_1_35' title="bbox 569 3163 2161 3248; baseline 0.014 -32"><span class='ocrx_word' id='word_1_201' title='bbox 569 3163 815 3220; x_wconf 67' lang='lat' dir='ltr'><strong>ecclesiae</strong></span> <span class='ocrx_word' id='word_1_202' title='bbox 836 3165 986 3237; x_wconf 89' lang='lat' dir='ltr'><strong>juste</strong></span> <span class='ocrx_word' id='word_1_203' title='bbox 1021 3177 1078 3224; x_wconf 89' lang='lat' dir='ltr'><strong>et</strong></span> <span class='ocrx_word' id='word_1_204' title='bbox 1106 3170 1352 3241; x_wconf 87' lang='lat' dir='ltr'><strong>legalitcr</strong></span> <span class='ocrx_word' id='word_1_205' title='bbox 1385 3183 1722 3245; x_wconf 88' lang='lat' dir='ltr'><strong>competunt,</strong></span> <span class='ocrx_word' id='word_1_206' title='bbox 1755 3179 2004 3248; x_wconf 88' lang='lat' dir='ltr'><strong>petitioni</strong></span> <span class='ocrx_word' id='word_1_207' title='bbox 2054 3189 2161 3238; x_wconf 71' lang='lat' dir='ltr'><strong>tua:</strong></span> 
     </span>
    </p>
   </div>
   <div class='ocr_carea' id='block_1_36' title="bbox 569 3262 2160 3336">
    <p class='ocr_par' dir='ltr' id='par_1_36' title="bbox 569 3262 2160 3336">
     <span class='ocr_line' id='line_1_36' title="bbox 569 3262 2160 3336; baseline 0.016 -31"><span class='ocrx_word' id='word_1_208' title='bbox 569 3262 848 3322; x_wconf 79' lang='lat' dir='ltr'><strong>gratanter</strong></span> <span class='ocrx_word' id='word_1_209' title='bbox 870 3268 1196 3328; x_wconf 84' lang='lat' dir='ltr'><strong>annuentes,</strong></span> <span class='ocrx_word' id='word_1_210' title='bbox 1219 3278 1317 3336; x_wconf 87' lang='lat' dir='ltr'><strong>per</strong></span> <span class='ocrx_word' id='word_1_211' title='bbox 1342 3264 1507 3335; x_wconf 87' lang='lat' dir='ltr'><strong>hujus</strong></span> <span class='ocrx_word' id='word_1_212' title='bbox 1527 3274 1730 3325; x_wconf 70' lang='lat' dir='ltr'><strong>nostra:</strong></span> <span class='ocrx_word' id='word_1_213' title='bbox 1748 3271 2160 3329; x_wconf 88' lang='lat' dir='ltr'><strong>constitutionis</strong></span> 
     </span>
    </p>
   </div>
   <div class='ocr_carea' id='block_1_37' title="bbox 568 3343 2160 3421">
    <p class='ocr_par' dir='ltr' id='par_1_37' title="bbox 568 3343 2160 3421">
     <span class='ocr_line' id='line_1_37' title="bbox 568 3343 2160 3421; baseline 0.016 -24"><span class='ocrx_word' id='word_1_214' title='bbox 568 3343 848 3400; x_wconf 88' lang='lat' dir='ltr'><strong>decretum</strong></span> <span class='ocrx_word' id='word_1_215' title='bbox 868 3355 923 3401; x_wconf 91' lang='lat' dir='ltr'><strong>et</strong></span> <span class='ocrx_word' id='word_1_216' title='bbox 947 3352 1258 3419; x_wconf 62' lang='lat' dir='ltr'><strong>apostolicae</strong></span> <span class='ocrx_word' id='word_1_217' title='bbox 1288 3355 1436 3413; x_wconf 88' lang='lat' dir='ltr'><strong>sedis</strong></span> <span class='ocrx_word' id='word_1_218' title='bbox 1463 3356 1703 3414; x_wconf 88' lang='lat' dir='ltr'><strong>edictum</strong></span> <span class='ocrx_word' id='word_1_219' title='bbox 1728 3362 2082 3421; x_wconf 88' lang='lat' dir='ltr'><strong>concedimus</strong></span> <span class='ocrx_word' id='word_1_220' title='bbox 2106 3374 2160 3421; x_wconf 91' lang='lat' dir='ltr'><strong>et</strong></span> 
     </span>
    </p>
   </div>
   <div class='ocr_carea' id='block_1_38' title="bbox 568 3435 2159 3528">
    <p class='ocr_par' dir='ltr' id='par_1_38' title="bbox 568 3435 2159 3528">
     <span class='ocr_line' id='line_1_38' title="bbox 568 3435 2159 3528; baseline 0.015 -38"><span class='ocrx_word' id='word_1_221' title='bbox 568 3435 966 3497; x_wconf 82' lang='lat' dir='ltr'><strong>conﬁrmamus</strong></span> <span class='ocrx_word' id='word_1_222' title='bbox 1006 3442 1127 3512; x_wconf 83' lang='lat' dir='ltr'><strong>tibi,</strong></span> <span class='ocrx_word' id='word_1_223' title='bbox 1164 3444 1308 3503; x_wconf 83' lang='lat' dir='ltr'><strong>sicut</strong></span> <span class='ocrx_word' id='word_1_224' title='bbox 1338 3450 1594 3519; x_wconf 89' lang='lat' dir='ltr'><strong>superius</strong></span> <span class='ocrx_word' id='word_1_225' title='bbox 1621 3451 1838 3523; x_wconf 80' lang='lat' dir='ltr'><strong>legitur,</strong></span> <span class='ocrx_word' id='word_1_226' title='bbox 1867 3454 1924 3510; x_wconf 90' lang='lat' dir='ltr'><strong>in</strong></span> <span class='ocrx_word' id='word_1_227' title='bbox 1961 3471 2159 3528; x_wconf 73' lang='lat' dir='ltr'><strong>perpe—</strong></span> 
     </span>
    </p>
   </div>
   <div class='ocr_carea' id='block_1_39' title="bbox 570 3530 2158 3617">
    <p class='ocr_par' dir='ltr' id='par_1_39' title="bbox 570 3530 2158 3617">
     <span class='ocr_line' id='line_1_39' title="bbox 570 3530 2158 3617; baseline 0.014 -37"><span class='ocrx_word' id='word_1_228' title='bbox 570 3534 727 3582; x_wconf 90' lang='lat' dir='ltr'><strong>tuum</strong></span> <span class='ocrx_word' id='word_1_229' title='bbox 749 3530 1019 3602; x_wconf 86' lang='lat' dir='ltr'><strong>quidquid</strong></span> <span class='ocrx_word' id='word_1_230' title='bbox 1042 3533 1100 3589; x_wconf 92' lang='lat' dir='ltr'><strong>in</strong></span> <span class='ocrx_word' id='word_1_231' title='bbox 1144 3538 1557 3606; x_wconf 64' lang='lat' dir='ltr'><strong>praenominataa</strong></span> <span class='ocrx_word' id='word_1_232' title='bbox 1590 3542 1835 3599; x_wconf 67' lang='lat' dir='ltr'><strong>ecclesiae</strong></span> <span class='ocrx_word' id='word_1_233' title='bbox 1878 3544 2158 3617; x_wconf 90' lang='lat' dir='ltr'><strong>episcopio</strong></span> 
     </span>
    </p>
   </div>
   <div class='ocr_carea' id='block_1_40' title="bbox 566 3615 2156 3705">
    <p class='ocr_par' dir='ltr' id='par_1_40' title="bbox 566 3615 2156 3705">
     <span class='ocr_line' id='line_1_40' title="bbox 566 3615 2156 3705; baseline 0.015 -34"><span class='ocrx_word' id='word_1_234' title='bbox 566 3615 628 3672; x_wconf 89' lang='grc' dir='ltr'><strong>Β.</strong></span> <span class='ocrx_word' id='word_1_235' title='bbox 654 3617 842 3676; x_wconf 63' lang='lat' dir='ltr'><strong>Mariae</strong></span> <span class='ocrx_word' id='word_1_236' title='bbox 870 3629 925 3677; x_wconf 92' lang='lat' dir='ltr'><strong>et</strong></span> <span class='ocrx_word' id='word_1_237' title='bbox 949 3622 1171 3694; x_wconf 82' lang='lat' dir='ltr'><strong>gloriosi</strong></span> <span class='ocrx_word' id='word_1_238' title='bbox 1198 3625 1405 3685; x_wconf 87' lang='lat' dir='ltr'><strong>Christi</strong></span> <span class='ocrx_word' id='word_1_239' title='bbox 1439 3634 1696 3705; x_wconf 83' lang='lat' dir='ltr'><strong>martyris</strong></span> <span class='ocrx_word' id='word_1_240' title='bbox 1735 3643 1791 3689; x_wconf 90' lang='lat' dir='ltr'><strong>et</strong></span> <span class='ocrx_word' id='word_1_241' title='bbox 1813 3634 2015 3694; x_wconf 68' lang='lat' dir='ltr'><strong>Levita:</strong></span> <span class='ocrx_word' id='word_1_242' title='bbox 2038 3615 2156 3695; x_wconf 71' lang='lat' dir='ltr'><strong>hla-</strong></span> 
     </span>
    </p>
   </div>
   <div class='ocr_carea' id='block_1_41' title="bbox 567 3707 2155 3795">
    <p class='ocr_par' dir='ltr' id='par_1_41' title="bbox 567 3707 2155 3795">
     <span class='ocr_line' id='line_1_41' title="bbox 567 3707 2155 3795; baseline 0.014 -34"><span class='ocrx_word' id='word_1_243' title='bbox 567 3707 700 3763; x_wconf 80' lang='lat' dir='ltr'><strong>ximi</strong></span> <span class='ocrx_word' id='word_1_244' title='bbox 723 3708 1218 3791; x_wconf 23' lang='lat' dir='ltr'><strong>inupraasentiarum</strong></span> <span class='ocrx_word' id='word_1_245' title='bbox 1244 3718 1513 3788; x_wconf 87' lang='lat' dir='ltr'><strong>possides,</strong></span> <span class='ocrx_word' id='word_1_246' title='bbox 1545 3722 1776 3795; x_wconf 66' lang='lat' dir='ltr'><strong>quaeque</strong></span> <span class='ocrx_word' id='word_1_247' title='bbox 1818 3724 1872 3780; x_wconf 91' lang='lat' dir='ltr'><strong>in</strong></span> <span class='ocrx_word' id='word_1_248' title='bbox 1909 3724 2155 3785; x_wconf 76' lang='lat' dir='ltr'><strong>futurum</strong></span> 
     </span>
    </p>
   </div>
   <div class='ocr_carea' id='block_1_42' title="bbox 562 3802 2154 3889">
    <p class='ocr_par' dir='ltr' id='par_1_42' title="bbox 562 3802 2154 3889">
     <span class='ocr_line' id='line_1_42' title="bbox 562 3802 2154 3889; baseline 0.015 -39"><span class='ocrx_word' id='word_1_249' title='bbox 562 3811 895 3870; x_wconf 88' lang='lat' dir='ltr'><strong>quocunque</strong></span> <span class='ocrx_word' id='word_1_250' title='bbox 915 3802 1079 3857; x_wconf 90' lang='lat' dir='ltr'><strong>modo</strong></span> <span class='ocrx_word' id='word_1_251' title='bbox 1104 3803 1326 3875; x_wconf 88' lang='lat' dir='ltr'><strong>divinis,</strong></span> <span class='ocrx_word' id='word_1_252' title='bbox 1356 3816 1411 3864; x_wconf 91' lang='lat' dir='ltr'><strong>et</strong></span> <span class='ocrx_word' id='word_1_253' title='bbox 1435 3809 1691 3868; x_wconf 88' lang='lat' dir='ltr'><strong>humanis</strong></span> <span class='ocrx_word' id='word_1_254' title='bbox 1724 3814 1935 3887; x_wconf 84' lang='lat' dir='ltr'><strong>legibus</strong></span> <span class='ocrx_word' id='word_1_255' title='bbox 1964 3819 2154 3889; x_wconf 70' lang='lat' dir='ltr'><strong>cogui~</strong></span> 
     </span>
    </p>
   </div>
   <div class='ocr_carea' id='block_1_43' title="bbox 565 3888 2153 3982">
    <p class='ocr_par' dir='ltr' id='par_1_43' title="bbox 565 3888 2153 3982">
     <span class='ocr_line' id='line_1_43' title="bbox 565 3888 2153 3982; baseline 0.016 -39"><span class='ocrx_word' id='word_1_256' title='bbox 565 3888 635 3962; x_wconf 84' lang='lat' dir='ltr'><strong>tis</strong></span> <span class='ocrx_word' id='word_1_257' title='bbox 676 3892 962 3962; x_wconf 87' lang='lat' dir='ltr'><strong>acquirere</strong></span> <span class='ocrx_word' id='word_1_258' title='bbox 1013 3898 1242 3967; x_wconf 90' lang='lat' dir='ltr'><strong>poteris,</strong></span> <span class='ocrx_word' id='word_1_259' title='bbox 1292 3900 1501 3958; x_wconf 73' lang='lat' dir='ltr'><strong>scilicet</strong></span> <span class='ocrx_word' id='word_1_260' title='bbox 1542 3904 1724 3974; x_wconf 91' lang='lat' dir='ltr'><strong>ipsum</strong></span> <span class='ocrx_word' id='word_1_261' title='bbox 1777 3888 2153 3982; x_wconf 81' lang='lat' dir='ltr'><strong>episcopatum</strong></span> 
     </span>
    </p>
   </div>
   <div class='ocr_carea' id='block_1_44' title="bbox 562 3976 2154 4074">
    <p class='ocr_par' dir='ltr' id='par_1_44' title="bbox 562 3976 2154 4074">
     <span class='ocr_line' id='line_1_44' title="bbox 562 3976 2154 4074; baseline 0.018 -42"><span class='ocrx_word' id='word_1_262' title='bbox 562 3994 690 4034; x_wconf 89' lang='lat' dir='ltr'><strong>cum</strong></span> <span class='ocrx_word' id='word_1_263' title='bbox 714 3976 972 4041; x_wconf 88' lang='lat' dir='ltr'><strong>omnibus</strong></span> <span class='ocrx_word' id='word_1_264' title='bbox 1006 3989 1172 4045; x_wconf 89' lang='lat' dir='ltr'><strong>rebus</strong></span> <span class='ocrx_word' id='word_1_265' title='bbox 1208 3999 1262 4046; x_wconf 91' lang='lat' dir='ltr'><strong>et</strong></span> <span class='ocrx_word' id='word_1_266' title='bbox 1300 3995 1746 4063; x_wconf 87' lang='lat' dir='ltr'><strong>possessionibus</strong></span> <span class='ocrx_word' id='word_1_267' title='bbox 1786 4000 1927 4069; x_wconf 89' lang='lat' dir='ltr'><strong>suis,</strong></span> <span class='ocrx_word' id='word_1_268' title='bbox 1953 4011 2008 4058; x_wconf 90' lang='lat' dir='ltr'><strong>et</strong></span> <span class='ocrx_word' id='word_1_269' title='bbox 2030 4020 2154 4074; x_wconf 90' lang='lat' dir='ltr'><strong>per-</strong></span> 
     </span>
    </p>
   </div>
   <div class='ocr_carea' id='block_1_45' title="bbox 562 4069 2151 4161">
    <p class='ocr_par' dir='ltr' id='par_1_45' title="bbox 562 4069 2151 4161">
     <span class='ocr_line' id='line_1_45' title="bbox 562 4069 2151 4161; baseline 0.018 -38"><span class='ocrx_word' id='word_1_270' title='bbox 562 4069 830 4142; x_wconf 88' lang='lat' dir='ltr'><strong>tinentiis,</strong></span> <span class='ocrx_word' id='word_1_271' title='bbox 864 4076 1161 4137; x_wconf 90' lang='lat' dir='ltr'><strong>mobilibus</strong></span> <span class='ocrx_word' id='word_1_272' title='bbox 1185 4089 1240 4137; x_wconf 89' lang='lat' dir='ltr'><strong>et</strong></span> <span class='ocrx_word' id='word_1_273' title='bbox 1260 4082 1633 4143; x_wconf 88' lang='lat' dir='ltr'><strong>immobilibus</strong></span> <span class='ocrx_word' id='word_1_274' title='bbox 1656 4104 1885 4161; x_wconf 89' lang='lat' dir='ltr'><strong>seseque</strong></span> <span class='ocrx_word' id='word_1_275' title='bbox 1922 4069 2151 4150; x_wconf 76' lang='lat' dir='ltr'><strong>moveu-</strong></span> 
     </span>
    </p>
   </div>
   <div class='ocr_carea' id='block_1_46' title="bbox 562 4160 2151 4255">
    <p class='ocr_par' dir='ltr' id='par_1_46' title="bbox 562 4160 2151 4255">
     <span class='ocr_line' id='line_1_46' title="bbox 562 4160 2151 4255; baseline 0.016 -41"><span class='ocrx_word' id='word_1_276' title='bbox 562 4160 730 4230; x_wconf 91' lang='lat' dir='ltr'><strong>tibus,</strong></span> <span class='ocrx_word' id='word_1_277' title='bbox 762 4167 980 4234; x_wconf 88' lang='lat' dir='ltr'><strong>castris,</strong></span> <span class='ocrx_word' id='word_1_278' title='bbox 1018 4171 1161 4228; x_wconf 88' lang='lat' dir='ltr'><strong>villis</strong></span> <span class='ocrx_word' id='word_1_279' title='bbox 1189 4181 1243 4229; x_wconf 91' lang='lat' dir='ltr'><strong>et</strong></span> <span class='ocrx_word' id='word_1_280' title='bbox 1265 4176 1574 4244; x_wconf 87' lang='lat' dir='ltr'><strong>territoriis,</strong></span> <span class='ocrx_word' id='word_1_281' title='bbox 1601 4160 1849 4237; x_wconf 85' lang='lat' dir='ltr'><strong>ecclesiis</strong></span> <span class='ocrx_word' id='word_1_282' title='bbox 1885 4198 2010 4239; x_wconf 90' lang='lat' dir='ltr'><strong>cum</strong></span> <span class='ocrx_word' id='word_1_283' title='bbox 2043 4186 2151 4255; x_wconf 80' lang='lat' dir='ltr'><strong>pri-</strong></span> 
     </span>
    </p>
   </div>
   <div class='ocr_carea' id='block_1_47' title="bbox 561 4254 2150 4350">
    <p class='ocr_par' dir='ltr' id='par_1_47' title="bbox 561 4254 2150 4350">
     <span class='ocr_line' id='line_1_47' title="bbox 561 4254 2150 4350; baseline 0.018 -43"><span class='ocrx_word' id='word_1_284' title='bbox 561 4254 731 4311; x_wconf 89' lang='lat' dir='ltr'><strong>mitiis</strong></span> <span class='ocrx_word' id='word_1_285' title='bbox 760 4265 815 4314; x_wconf 91' lang='lat' dir='ltr'><strong>et</strong></span> <span class='ocrx_word' id='word_1_286' title='bbox 846 4258 1205 4322; x_wconf 88' lang='lat' dir='ltr'><strong>decimalibus</strong></span> <span class='ocrx_word' id='word_1_287' title='bbox 1232 4308 1247 4333; x_wconf 91' lang='lat'><strong>,</strong></span> <span class='ocrx_word' id='word_1_288' title='bbox 1284 4277 1489 4324; x_wconf 91' lang='lat' dir='ltr'><strong>etcum</strong></span> <span class='ocrx_word' id='word_1_289' title='bbox 1514 4272 1772 4329; x_wconf 87' lang='lat' dir='ltr'><strong>omnibus</strong></span> <span class='ocrx_word' id='word_1_290' title='bbox 1802 4291 1925 4345; x_wconf 72' lang='lat' dir='ltr'><strong>qua:</strong></span> <span class='ocrx_word' id='word_1_291' title='bbox 1950 4277 2027 4333; x_wconf 89' lang='lat' dir='ltr'><strong>ibi</strong></span> <span class='ocrx_word' id='word_1_292' title='bbox 2059 4278 2150 4350; x_wconf 87' lang='lat' dir='ltr'><strong>pia</strong></span> 
     </span>
    </p>
   </div>
   <div class='ocr_carea' id='block_1_48' title="bbox 559 4346 2147 4437">
    <p class='ocr_par' dir='ltr' id='par_1_48' title="bbox 559 4346 2147 4437">
     <span class='ocr_line' id='line_1_48' title="bbox 559 4346 2147 4437; baseline 0.018 -36"><span class='ocrx_word' id='word_1_293' title='bbox 559 4346 775 4406; x_wconf 86' lang='lat' dir='ltr'><strong>devotio</strong></span> <span class='ocrx_word' id='word_1_294' title='bbox 809 4350 1275 4415; x_wconf 80' lang='lat' dir='ltr'><strong>ﬁdeliumsacris</strong></span> <span class='ocrx_word' id='word_1_295' title='bbox 1321 4362 1555 4418; x_wconf 91' lang='lat' dir='ltr'><strong>contulit</strong></span> <span class='ocrx_word' id='word_1_296' title='bbox 1594 4365 1984 4437; x_wconf 88' lang='lat' dir='ltr'><strong>oblationibus,</strong></span> <span class='ocrx_word' id='word_1_297' title='bbox 2036 4346 2147 4428; x_wconf 73' lang='lat' dir='ltr'><strong>tam</strong></span> 
     </span>
    </p>
   </div>
   <div class='ocr_carea' id='block_1_49' title="bbox 556 4446 2150 4529">
    <p class='ocr_par' dir='ltr' id='par_1_49' title="bbox 556 4446 2150 4529">
     <span class='ocr_line' id='line_1_49' title="bbox 556 4446 2150 4529; baseline 0.018 -35"><span class='ocrx_word' id='word_1_298' title='bbox 556 4456 657 4513; x_wconf 87' lang='lat' dir='ltr'><strong>pro</strong></span> <span class='ocrx_word' id='word_1_299' title='bbox 680 4446 856 4502; x_wconf 87' lang='lat' dir='ltr'><strong>salute</strong></span> <span class='ocrx_word' id='word_1_300' title='bbox 876 4448 1126 4507; x_wconf 87' lang='lat' dir='ltr'><strong>vivorum</strong></span> <span class='ocrx_word' id='word_1_301' title='bbox 1149 4469 1313 4524; x_wconf 88' lang='lat' dir='ltr'><strong>quam</strong></span> <span class='ocrx_word' id='word_1_302' title='bbox 1330 4453 1496 4511; x_wconf 88' lang='lat' dir='ltr'><strong>etiam</strong></span> <span class='ocrx_word' id='word_1_303' title='bbox 1516 4473 1618 4529; x_wconf 89' lang='lat' dir='ltr'><strong>pro</strong></span> <span class='ocrx_word' id='word_1_304' title='bbox 1639 4469 2002 4519; x_wconf 86' lang='lat' dir='ltr'><strong>mortuorum.</strong></span> <span class='ocrx_word' id='word_1_305' title='bbox 2032 4463 2150 4523; x_wconf 85' lang='lat' dir='ltr'><strong>Sta-</strong></span> 
     </span>
    </p>
   </div>
   <div class='ocr_carea' id='block_1_50' title="bbox 558 4545 2145 4627">
    <p class='ocr_par' dir='ltr' id='par_1_50' title="bbox 558 4545 2145 4627">
     <span class='ocr_line' id='line_1_50' title="bbox 558 4545 2145 4627; baseline 0.014 -34"><span class='ocrx_word' id='word_1_306' title='bbox 558 4547 775 4598; x_wconf 88' lang='lat' dir='ltr'><strong>tuentes</strong></span> <span class='ocrx_word' id='word_1_307' title='bbox 806 4560 905 4614; x_wconf 89' lang='lat' dir='ltr'><strong>per</strong></span> <span class='ocrx_word' id='word_1_308' title='bbox 927 4545 1070 4603; x_wconf 88' lang='lat' dir='ltr'><strong>hanc</strong></span> <span class='ocrx_word' id='word_1_309' title='bbox 1091 4547 1256 4620; x_wconf 88' lang='lat' dir='ltr'><strong>hujus</strong></span> <span class='ocrx_word' id='word_1_310' title='bbox 1288 4559 1492 4608; x_wconf 68' lang='lat' dir='ltr'><strong>sancta:</strong></span> <span class='ocrx_word' id='word_1_311' title='bbox 1524 4553 1670 4610; x_wconf 93' lang='lat' dir='ltr'><strong>sedis</strong></span> <span class='ocrx_word' id='word_1_312' title='bbox 1691 4557 2024 4627; x_wconf 53' lang='lat' dir='ltr'><strong>apostolica,</strong></span> <span class='ocrx_word' id='word_1_313' title='bbox 2056 4561 2145 4617; x_wconf 90' lang='lat' dir='ltr'><strong>cui</strong></span> 
     </span>
    </p>
   </div>
   <div class='ocr_carea' id='block_1_51' title="bbox 554 4635 2143 4717">
    <p class='ocr_par' dir='ltr' id='par_1_51' title="bbox 554 4635 2143 4717">
     <span class='ocr_line' id='line_1_51' title="bbox 554 4635 2143 4717; baseline 0.014 -30"><span class='ocrx_word' id='word_1_314' title='bbox 554 4644 831 4690; x_wconf 88' lang='lat' dir='ltr'><strong>annuente</strong></span> <span class='ocrx_word' id='word_1_315' title='bbox 885 4635 996 4693; x_wconf 90' lang='lat' dir='ltr'><strong>Deo</strong></span> <span class='ocrx_word' id='word_1_316' title='bbox 1045 4656 1280 4710; x_wconf 67' lang='lat' dir='ltr'><strong>praeesse</strong></span> <span class='ocrx_word' id='word_1_317' title='bbox 1324 4644 1719 4717; x_wconf 90' lang='lat' dir='ltr'><strong>dignoscimur,</strong></span> <span class='ocrx_word' id='word_1_318' title='bbox 1776 4650 2143 4709; x_wconf 86' lang='lat' dir='ltr'><strong>inviolabilem</strong></span> 
     </span>
    </p>
   </div>
   <div class='ocr_carea' id='block_1_52' title="bbox 555 4724 2145 4811">
    <p class='ocr_par' dir='ltr' id='par_1_52' title="bbox 555 4724 2145 4811">
     <span class='ocr_line' id='line_1_52' title="bbox 555 4724 2145 4811; baseline 0.015 -34"><span class='ocrx_word' id='word_1_319' title='bbox 555 4724 1023 4796; x_wconf 83' lang='lat' dir='ltr'><strong>constitutionem,</strong></span> <span class='ocrx_word' id='word_1_320' title='bbox 1058 4738 1117 4784; x_wconf 87' lang='lat' dir='ltr'><strong>ut</strong></span> <span class='ocrx_word' id='word_1_321' title='bbox 1157 4733 1339 4788; x_wconf 84' lang='lat' dir='ltr'><strong>nullus</strong></span> <span class='ocrx_word' id='word_1_322' title='bbox 1381 4735 1697 4806; x_wconf 85' lang='lat' dir='ltr'><strong>imperator,</strong></span> <span class='ocrx_word' id='word_1_323' title='bbox 1746 4743 2014 4811; x_wconf 89' lang='lat' dir='ltr'><strong>marchio,</strong></span> <span class='ocrx_word' id='word_1_324' title='bbox 2051 4761 2145 4800; x_wconf 91' lang='lat' dir='ltr'><strong>co-</strong></span> 
     </span>
    </p>
   </div>
   <div class='ocr_carea' id='block_1_53' title="bbox 557 4817 2139 4906">
    <p class='ocr_par' dir='ltr' id='par_1_53' title="bbox 557 4817 2139 4906">
     <span class='ocr_line' id='line_1_53' title="bbox 557 4817 2139 4906; baseline 0.016 -39"><span class='ocrx_word' id='word_1_325' title='bbox 557 4830 696 4884; x_wconf 87' lang='lat' dir='ltr'><strong>mes,</strong></span> <span class='ocrx_word' id='word_1_326' title='bbox 724 4817 1054 4888; x_wconf 77' lang='lat' dir='ltr'><strong>vicecomes,</strong></span> <span class='ocrx_word' id='word_1_327' title='bbox 1102 4832 1197 4877; x_wconf 90' lang='lat' dir='ltr'><strong>aut</strong></span> <span class='ocrx_word' id='word_1_328' title='bbox 1236 4824 1341 4879; x_wconf 84' lang='lat' dir='ltr'><strong>alia</strong></span> <span class='ocrx_word' id='word_1_329' title='bbox 1390 4828 1645 4896; x_wconf 66' lang='lat' dir='ltr'><strong>quaelibet</strong></span> <span class='ocrx_word' id='word_1_330' title='bbox 1689 4848 1908 4903; x_wconf 87' lang='lat' dir='ltr'><strong>magna,</strong></span> <span class='ocrx_word' id='word_1_331' title='bbox 1950 4852 2139 4906; x_wconf 84' lang='lat' dir='ltr'><strong>parva,</strong></span> 
     </span>
    </p>
   </div>
   <div class='ocr_carea' id='block_1_54' title="bbox 553 4907 2139 4994">
    <p class='ocr_par' dir='ltr' id='par_1_54' title="bbox 553 4907 2139 4994">
     <span class='ocr_line' id='line_1_54' title="bbox 553 4907 2139 4994; baseline 0.014 -32"><span class='ocrx_word' id='word_1_332' title='bbox 553 4907 933 4982; x_wconf 85' lang='lat' dir='ltr'><strong>cujuscunque</strong></span> <span class='ocrx_word' id='word_1_333' title='bbox 980 4914 1263 4986; x_wconf 78' lang='lat' dir='ltr'><strong>dignitatis</strong></span> <span class='ocrx_word' id='word_1_334' title='bbox 1299 4918 1383 4973; x_wconf 91' lang='lat' dir='ltr'><strong>vel</strong></span> <span class='ocrx_word' id='word_1_335' title='bbox 1416 4920 1622 4977; x_wconf 87' lang='lat' dir='ltr'><strong>ordinis</strong></span> <span class='ocrx_word' id='word_1_336' title='bbox 1652 4938 1908 4994; x_wconf 84' lang='lat' dir='ltr'><strong>persona,</strong></span> <span class='ocrx_word' id='word_1_337' title='bbox 1950 4938 2139 4985; x_wconf 87' lang='lat' dir='ltr'><strong>contra</strong></span> 
     </span>
    </p>
   </div>
   <div class='ocr_carea' id='block_1_55' title="bbox 558 4998 2140 5091">
    <p class='ocr_par' dir='ltr' id='par_1_55' title="bbox 558 4998 2140 5091">
     <span class='ocr_line' id='line_1_55' title="bbox 558 4998 2140 5091; baseline 0.015 -39"><span class='ocrx_word' id='word_1_338' title='bbox 558 4998 665 5055; x_wconf 91' lang='lat' dir='ltr'><strong>hoc</strong></span> <span class='ocrx_word' id='word_1_339' title='bbox 688 5010 933 5059; x_wconf 91' lang='lat' dir='ltr'><strong>nostrum</strong></span> <span class='ocrx_word' id='word_1_340' title='bbox 961 5007 1305 5079; x_wconf 82' lang='lat' dir='ltr'><strong>privilegium</strong></span> <span class='ocrx_word' id='word_1_341' title='bbox 1328 5016 1626 5081; x_wconf 66' lang='lat' dir='ltr'><strong>praesumat</strong></span> <span class='ocrx_word' id='word_1_342' title='bbox 1641 5015 1757 5086; x_wconf 89' lang='lat' dir='ltr'><strong>jam</strong></span> <span class='ocrx_word' id='word_1_343' title='bbox 1792 5017 2000 5074; x_wconf 88' lang='lat' dir='ltr'><strong>dictum</strong></span> <span class='ocrx_word' id='word_1_344' title='bbox 2025 5022 2140 5091; x_wconf 88' lang='lat' dir='ltr'><strong>epi-</strong></span> 
     </span>
    </p>
   </div>
   <div class='ocr_carea' id='block_1_56' title="bbox 555 5090 2138 5182">
    <p class='ocr_par' dir='ltr' id='par_1_56' title="bbox 555 5090 2138 5182">
     <span class='ocr_line' id='line_1_56' title="bbox 555 5090 2138 5182; baseline 0.016 -40"><span class='ocrx_word' id='word_1_345' title='bbox 555 5090 799 5159; x_wconf 85' lang='lat' dir='ltr'><strong>copium,</strong></span> <span class='ocrx_word' id='word_1_346' title='bbox 820 5105 915 5150; x_wconf 91' lang='lat' dir='ltr'><strong>aut</strong></span> <span class='ocrx_word' id='word_1_347' title='bbox 934 5105 1004 5164; x_wconf 80' lang='lat' dir='ltr'><strong>te,</strong></span> <span class='ocrx_word' id='word_1_348' title='bbox 1022 5100 1345 5159; x_wconf 89' lang='lat' dir='ltr'><strong>charissime</strong></span> <span class='ocrx_word' id='word_1_349' title='bbox 1366 5102 1464 5170; x_wconf 86' lang='lat' dir='ltr'><strong>ﬁli,</strong></span> <span class='ocrx_word' id='word_1_350' title='bbox 1486 5112 1720 5178; x_wconf 87' lang='lat' dir='ltr'><strong>tuosque</strong></span> <span class='ocrx_word' id='word_1_351' title='bbox 1739 5108 1794 5163; x_wconf 91' lang='lat' dir='ltr'><strong>in</strong></span> <span class='ocrx_word' id='word_1_352' title='bbox 1817 5090 2138 5182; x_wconf 82' lang='lat' dir='ltr'><strong>perpetuum</strong></span> 
     </span>
    </p>
   </div>
   <div class='ocr_carea' id='block_1_57' title="bbox 558 5188 2138 5272">
    <p class='ocr_par' dir='ltr' id='par_1_57' title="bbox 558 5188 2138 5272">
     <span class='ocr_line' id='line_1_57' title="bbox 558 5188 2138 5272; baseline 0.016 -37"><span class='ocrx_word' id='word_1_353' title='bbox 558 5195 909 5240; x_wconf 89' lang='lat' dir='ltr'><strong>successores</strong></span> <span class='ocrx_word' id='word_1_354' title='bbox 943 5188 1008 5244; x_wconf 91' lang='lat' dir='ltr'><strong>de</strong></span> <span class='ocrx_word' id='word_1_355' title='bbox 1033 5190 1193 5249; x_wconf 86' lang='lat' dir='ltr'><strong>bonis</strong></span> <span class='ocrx_word' id='word_1_356' title='bbox 1233 5195 1350 5252; x_wconf 88' lang='lat' dir='ltr'><strong>suis</strong></span> <span class='ocrx_word' id='word_1_357' title='bbox 1382 5195 1658 5266; x_wconf 86' lang='lat' dir='ltr'><strong>divestire,</strong></span> <span class='ocrx_word' id='word_1_358' title='bbox 1686 5199 2010 5272; x_wconf 87' lang='lat' dir='ltr'><strong>inquietare,</strong></span> <span class='ocrx_word' id='word_1_359' title='bbox 2043 5213 2138 5261; x_wconf 90' lang='lat' dir='ltr'><strong>aut</strong></span> 
     </span>
    </p>
   </div>
   <div class='ocr_carea' id='block_1_58' title="bbox 557 5271 2137 5352">
    <p class='ocr_par' dir='ltr' id='par_1_58' title="bbox 557 5271 2137 5352">
     <span class='ocr_line' id='line_1_58' title="bbox 557 5271 2137 5352; baseline 0.018 -28"><span class='ocrx_word' id='word_1_360' title='bbox 557 5271 768 5342; x_wconf 83' lang='lat' dir='ltr'><strong>aliquid</strong></span> <span class='ocrx_word' id='word_1_361' title='bbox 823 5273 897 5328; x_wconf 89' lang='lat' dir='ltr'><strong>ibi</strong></span> <span class='ocrx_word' id='word_1_362' title='bbox 938 5289 1128 5337; x_wconf 90' lang='lat' dir='ltr'><strong>contra</strong></span> <span class='ocrx_word' id='word_1_363' title='bbox 1175 5300 1365 5342; x_wconf 91' lang='lat' dir='ltr'><strong>sacros</strong></span> <span class='ocrx_word' id='word_1_364' title='bbox 1401 5302 1640 5346; x_wconf 89' lang='lat' dir='ltr'><strong>canones</strong></span> <span class='ocrx_word' id='word_1_365' title='bbox 1679 5271 2011 5351; x_wconf 89' lang='lat' dir='ltr'><strong>constituere</strong></span> <span class='ocrx_word' id='word_1_366' title='bbox 2051 5297 2137 5352; x_wconf 89' lang='lat' dir='ltr'><strong>vel</strong></span> 
     </span>
    </p>
   </div>
   <div class='ocr_carea' id='block_1_59' title="bbox 2283 417 3864 482">
    <p class='ocr_par' dir='ltr' id='par_1_59' title="bbox 2283 417 3864 482">
     <span class='ocr_line' id='line_1_59' title="bbox 2283 417 3864 482; baseline 0.002 -9"><span class='ocrx_word' id='word_1_367' title='bbox 2283 432 2408 473; x_wconf 88' lang='lat' dir='ltr'><strong>cum</strong></span> <span class='ocrx_word' id='word_1_368' title='bbox 2453 418 2673 476; x_wconf 88' lang='lat' dir='ltr'><strong>diabolo</strong></span> <span class='ocrx_word' id='word_1_369' title='bbox 2701 430 2755 477; x_wconf 92' lang='lat' dir='ltr'><strong>et</strong></span> <span class='ocrx_word' id='word_1_370' title='bbox 2778 420 2919 482; x_wconf 81' lang='lat' dir='ltr'><strong>Juda</strong></span> <span class='ocrx_word' id='word_1_371' title='bbox 2961 421 3221 479; x_wconf 83' lang='lat' dir='ltr'><strong>traditore</strong></span> <span class='ocrx_word' id='word_1_372' title='bbox 3261 421 3323 477; x_wconf 92' lang='lat' dir='ltr'><strong>D.</strong></span> <span class='ocrx_word' id='word_1_373' title='bbox 3354 421 3422 477; x_wconf 84' lang='lat' dir='ltr'><strong>N.</strong></span> <span class='ocrx_word' id='word_1_374' title='bbox 3450 420 3500 475; x_wconf 84' lang='lat' dir='ltr'><strong>J.</strong></span> <span class='ocrx_word' id='word_1_375' title='bbox 3542 417 3760 476; x_wconf 85' lang='lat' dir='ltr'><strong>Christi</strong></span> <span class='ocrx_word' id='word_1_376' title='bbox 3780 436 3864 476; x_wconf 82' lang='lat' dir='ltr'><strong>eos</strong></span> 
     </span>
    </p>
   </div>
   <div class='ocr_carea' id='block_1_60' title="bbox 2282 508 3869 585">
    <p class='ocr_par' dir='ltr' id='par_1_60' title="bbox 2282 508 3869 585">
     <span class='ocr_line' id='line_1_60' title="bbox 2282 508 3869 585; baseline 0.002 -23"><span class='ocrx_word' id='word_1_377' title='bbox 2282 508 2337 562; x_wconf 90' lang='lat' dir='ltr'><strong>in</strong></span> <span class='ocrx_word' id='word_1_378' title='bbox 2362 509 2596 566; x_wconf 83' lang='lat' dir='ltr'><strong>incendii</strong></span> <span class='ocrx_word' id='word_1_379' title='bbox 2627 514 2968 569; x_wconf 88' lang='lat' dir='ltr'><strong>concremari</strong></span> <span class='ocrx_word' id='word_1_380' title='bbox 3017 514 3306 585; x_wconf 87' lang='lat' dir='ltr'><strong>supplicio,</strong></span> <span class='ocrx_word' id='word_1_381' title='bbox 3360 522 3415 569; x_wconf 88' lang='lat' dir='ltr'><strong>et</strong></span> <span class='ocrx_word' id='word_1_382' title='bbox 3459 514 3697 582; x_wconf 79' lang='lat' dir='ltr'><strong>insuper</strong></span> <span class='ocrx_word' id='word_1_383' title='bbox 3744 512 3869 566; x_wconf 78' lang='lat' dir='ltr'><strong>sciat</strong></span> 
     </span>
    </p>
   </div>
   <div class='ocr_carea' id='block_1_61' title="bbox 2282 601 3868 662">
    <p class='ocr_par' dir='ltr' id='par_1_61' title="bbox 2282 601 3868 662">
     <span class='ocr_line' id='line_1_61' title="bbox 2282 601 3868 662; baseline 0.001 -6"><span class='ocrx_word' id='word_1_384' title='bbox 2282 616 2341 656; x_wconf 87' lang='lat' dir='ltr'><strong>se</strong></span> <span class='ocrx_word' id='word_1_385' title='bbox 2357 601 2612 658; x_wconf 88' lang='lat' dir='ltr'><strong>daturum</strong></span> <span class='ocrx_word' id='word_1_386' title='bbox 2641 621 2674 658; x_wconf 66' lang='grc' dir='ltr'><strong>χ</strong></span> <span class='ocrx_word' id='word_1_387' title='bbox 2700 606 2820 660; x_wconf 89' lang='lat' dir='ltr'><strong>auri</strong></span> <span class='ocrx_word' id='word_1_388' title='bbox 2845 606 3045 661; x_wconf 91' lang='lat' dir='ltr'><strong>libras:</strong></span> <span class='ocrx_word' id='word_1_389' title='bbox 3071 606 3280 662; x_wconf 90' lang='lat' dir='ltr'><strong>scilicet</strong></span> <span class='ocrx_word' id='word_1_390' title='bbox 3303 606 3661 661; x_wconf 85' lang='lat' dir='ltr'><strong>medietatem</strong></span> <span class='ocrx_word' id='word_1_391' title='bbox 3690 614 3868 659; x_wconf 80' lang='lat' dir='ltr'><strong>nostro</strong></span> 
     </span>
    </p>
   </div>
   <div class='ocr_carea' id='block_1_62' title="bbox 2280 694 3866 768">
    <p class='ocr_par' dir='ltr' id='par_1_62' title="bbox 2280 694 3866 768">
     <span class='ocr_line' id='line_1_62' title="bbox 2280 694 3866 768; baseline 0 -21"><span class='ocrx_word' id='word_1_392' title='bbox 2280 707 2440 748; x_wconf 88' lang='lat' dir='ltr'><strong>sacro</strong></span> <span class='ocrx_word' id='word_1_393' title='bbox 2494 694 2718 765; x_wconf 89' lang='lat' dir='ltr'><strong>palatio,</strong></span> <span class='ocrx_word' id='word_1_394' title='bbox 2769 704 2824 751; x_wconf 90' lang='lat' dir='ltr'><strong>et</strong></span> <span class='ocrx_word' id='word_1_395' title='bbox 2867 697 3213 752; x_wconf 83' lang='lat' dir='ltr'><strong>medietatem</strong></span> <span class='ocrx_word' id='word_1_396' title='bbox 3259 697 3520 768; x_wconf 68' lang='lat' dir='ltr'><strong>prmdicto</strong></span> <span class='ocrx_word' id='word_1_397' title='bbox 3572 694 3866 766; x_wconf 59' lang='lat' dir='ltr'><strong>episcoriio.</strong></span> 
     </span>
    </p>
   </div>
   <div class='ocr_carea' id='block_1_63' title="bbox 2280 781 3868 858">
    <p class='ocr_par' dir='ltr' id='par_1_63' title="bbox 2280 781 3868 858">
     <span class='ocr_line' id='line_1_63' title="bbox 2280 781 3868 858; baseline 0.001 -21"><span class='ocrx_word' id='word_1_398' title='bbox 2280 781 2386 850; x_wconf 86' lang='lat' dir='ltr'><strong>Qui</strong></span> <span class='ocrx_word' id='word_1_399' title='bbox 2410 800 2538 839; x_wconf 91' lang='lat' dir='ltr'><strong>vero</strong></span> <span class='ocrx_word' id='word_1_400' title='bbox 2568 786 2769 842; x_wconf 85' lang='lat' dir='ltr'><strong>intuitu</strong></span> <span class='ocrx_word' id='word_1_401' title='bbox 2799 789 2889 858; x_wconf 88' lang='lat' dir='ltr'><strong>pio</strong></span> <span class='ocrx_word' id='word_1_402' title='bbox 2912 790 3231 844; x_wconf 86' lang='lat' dir='ltr'><strong>observator</strong></span> <span class='ocrx_word' id='word_1_403' title='bbox 3265 790 3320 843; x_wconf 91' lang='lat' dir='ltr'><strong>in</strong></span> <span class='ocrx_word' id='word_1_404' title='bbox 3355 789 3628 845; x_wconf 84' lang='lat' dir='ltr'><strong>omnibus</strong></span> <span class='ocrx_word' id='word_1_405' title='bbox 3654 787 3868 841; x_wconf 69' lang='lat' dir='ltr'><strong>exstite-</strong></span> 
     </span>
    </p>
   </div>
   <div class='ocr_carea' id='block_1_64' title="bbox 2279 873 3871 951">
    <p class='ocr_par' dir='ltr' id='par_1_64' title="bbox 2279 873 3871 951">
     <span class='ocr_line' id='line_1_64' title="bbox 2279 873 3871 951; baseline -0.001 -23"><span class='ocrx_word' id='word_1_406' title='bbox 2279 873 2369 941; x_wconf 91' lang='lat' dir='ltr'><strong>rit,</strong></span> <span class='ocrx_word' id='word_1_407' title='bbox 2403 876 2761 932; x_wconf 82' lang='lat' dir='ltr'><strong>custodicndo</strong></span> <span class='ocrx_word' id='word_1_408' title='bbox 2799 878 2964 949; x_wconf 87' lang='lat' dir='ltr'><strong>hujus</strong></span> <span class='ocrx_word' id='word_1_409' title='bbox 3000 881 3173 935; x_wconf 88' lang='lat' dir='ltr'><strong>nostri</strong></span> <span class='ocrx_word' id='word_1_410' title='bbox 3211 880 3480 951; x_wconf 78' lang='lat' dir='ltr'><strong>privilegii</strong></span> <span class='ocrx_word' id='word_1_411' title='bbox 3521 879 3871 935; x_wconf 59' lang='lat' dir='ltr'><strong>constituas-</strong></span> 
     </span>
    </p>
   </div>
   <div class='ocr_carea' id='block_1_65' title="bbox 2280 969 3871 1043">
    <p class='ocr_par' dir='ltr' id='par_1_65' title="bbox 2280 969 3871 1043">
     <span class='ocr_line' id='line_1_65' title="bbox 2280 969 3871 1043; baseline -0.001 -21"><span class='ocrx_word' id='word_1_412' title='bbox 2280 983 2426 1035; x_wconf 88' lang='lat' dir='ltr'><strong>nem,</strong></span> <span class='ocrx_word' id='word_1_413' title='bbox 2482 969 2565 1025; x_wconf 87' lang='lat' dir='ltr'><strong>vel</strong></span> <span class='ocrx_word' id='word_1_414' title='bbox 2634 971 2841 1026; x_wconf 90' lang='lat' dir='ltr'><strong>cultum</strong></span> <span class='ocrx_word' id='word_1_415' title='bbox 2906 972 3000 1027; x_wconf 88' lang='lat' dir='ltr'><strong>Dei</strong></span> <span class='ocrx_word' id='word_1_416' title='bbox 3051 973 3414 1043; x_wconf 88' lang='lat' dir='ltr'><strong>respiciendo,</strong></span> <span class='ocrx_word' id='word_1_417' title='bbox 3464 970 3871 1026; x_wconf 55' lang='lat' dir='ltr'><strong>benedictionis</strong></span> 
     </span>
    </p>
   </div>
   <div class='ocr_carea' id='block_1_66' title="bbox 2278 1062 3871 1131">
    <p class='ocr_par' dir='ltr' id='par_1_66' title="bbox 2278 1062 3871 1131">
     <span class='ocr_line' id='line_1_66' title="bbox 2278 1062 3871 1131; baseline -0.001 -17"><span class='ocrx_word' id='word_1_418' title='bbox 2278 1062 2508 1131; x_wconf 88' lang='lat' dir='ltr'><strong>gratiam</strong></span> <span class='ocrx_word' id='word_1_419' title='bbox 2534 1079 2566 1118; x_wconf 89' lang='lat' dir='ltr'><strong>a</strong></span> <span class='ocrx_word' id='word_1_420' title='bbox 2588 1065 3106 1121; x_wconf 81' lang='lat' dir='ltr'><strong>misericordissima</strong></span> <span class='ocrx_word' id='word_1_421' title='bbox 3140 1065 3370 1121; x_wconf 87' lang='lat' dir='ltr'><strong>Domino</strong></span> <span class='ocrx_word' id='word_1_422' title='bbox 3415 1064 3530 1120; x_wconf 90' lang='lat' dir='ltr'><strong>Deo</strong></span> <span class='ocrx_word' id='word_1_423' title='bbox 3567 1063 3800 1124; x_wconf 83' lang='lat' dir='ltr'><strong>habeat,</strong></span> <span class='ocrx_word' id='word_1_424' title='bbox 3826 1073 3871 1114; x_wconf 74' lang='lat' dir='ltr'><strong>cl</strong></span> 
     </span>
    </p>
   </div>
   <div class='ocr_carea' id='block_1_67' title="bbox 2280 1153 3870 1228">
    <p class='ocr_par' dir='ltr' id='par_1_67' title="bbox 2280 1153 3870 1228">
     <span class='ocr_line' id='line_1_67' title="bbox 2280 1153 3870 1228; baseline -0.001 -19"><span class='ocrx_word' id='word_1_425' title='bbox 2280 1155 2403 1210; x_wconf 66' lang='lat' dir='ltr'><strong>vita:</strong></span> <span class='ocrx_word' id='word_1_426' title='bbox 2430 1164 2647 1212; x_wconf 77' lang='lat' dir='ltr'><strong>:ctcrnze</strong></span> <span class='ocrx_word' id='word_1_427' title='bbox 2673 1158 2947 1228; x_wconf 84' lang='lat' dir='ltr'><strong>particeps</strong></span> <span class='ocrx_word' id='word_1_428' title='bbox 2983 1158 3072 1226; x_wconf 91' lang='lat' dir='ltr'><strong>sit,</strong></span> <span class='ocrx_word' id='word_1_429' title='bbox 3103 1167 3159 1213; x_wconf 86' lang='lat' dir='ltr'><strong>ct</strong></span> <span class='ocrx_word' id='word_1_430' title='bbox 3203 1158 3536 1214; x_wconf 87' lang='lat' dir='ltr'><strong>misereatur</strong></span> <span class='ocrx_word' id='word_1_431' title='bbox 3577 1156 3638 1210; x_wconf 87' lang='lat' dir='ltr'><strong>in</strong></span> <span class='ocrx_word' id='word_1_432' title='bbox 3679 1153 3870 1209; x_wconf 59' lang='lat' dir='ltr'><strong>saecula</strong></span> 
     </span>
    </p>
   </div>
   <div class='ocr_carea' id='block_1_68' title="bbox 2278 1246 2624 1302">
    <p class='ocr_par' dir='ltr' id='par_1_68' title="bbox 2278 1246 2624 1302">
     <span class='ocr_line' id='line_1_68' title="bbox 2278 1246 2624 1302; baseline 0.003 -1"><span class='ocrx_word' id='word_1_433' title='bbox 2278 1246 2624 1302; x_wconf 66' lang='lat' dir='ltr'><strong>sreculorum.</strong></span> 
     </span>
    </p>
   </div>
   <div class='ocr_carea' id='block_1_69' title="bbox 2347 1337 3866 1408">
    <p class='ocr_par' dir='ltr' id='par_1_69' title="bbox 2347 1337 3866 1408">
     <span class='ocr_line' id='line_1_69' title="bbox 2347 1337 3866 1408; baseline 0 -16"><span class='ocrx_word' id='word_1_434' title='bbox 2347 1337 2543 1393; x_wconf 87' lang='lat' dir='ltr'><strong>Datum</strong></span> <span class='ocrx_word' id='word_1_435' title='bbox 2581 1338 2769 1395; x_wconf 64' lang='lat' dir='ltr'><strong>Romae</strong></span> <span class='ocrx_word' id='word_1_436' title='bbox 2801 1356 2855 1394; x_wconf 79' lang='lat' dir='ltr'><strong>vi</strong></span> <span class='ocrx_word' id='word_1_437' title='bbox 2885 1339 3024 1396; x_wconf 88' lang='lat' dir='ltr'><strong>Non.</strong></span> <span class='ocrx_word' id='word_1_438' title='bbox 3071 1340 3218 1408; x_wconf 84' lang='lat' dir='ltr'><strong>Maii,</strong></span> <span class='ocrx_word' id='word_1_439' title='bbox 3272 1356 3422 1396; x_wconf 89' lang='lat' dir='ltr'><strong>anno</strong></span> <span class='ocrx_word' id='word_1_440' title='bbox 3471 1338 3641 1395; x_wconf 89' lang='lat' dir='ltr'><strong>Dom.</strong></span> <span class='ocrx_word' id='word_1_441' title='bbox 3706 1340 3866 1393; x_wconf 82' lang='lat' dir='ltr'><strong>nostri</strong></span> 
     </span>
    </p>
   </div>
   <div class='ocr_carea' id='block_1_70' title="bbox 2274 1428 3870 1505">
    <p class='ocr_par' dir='ltr' id='par_1_70' title="bbox 2274 1428 3870 1505">
     <span class='ocr_line' id='line_1_70' title="bbox 2274 1428 3870 1505; baseline 0.001 -21"><span class='ocrx_word' id='word_1_442' title='bbox 2274 1428 2403 1485; x_wconf 82' lang='lat' dir='ltr'><strong>Jesu</strong></span> <span class='ocrx_word' id='word_1_443' title='bbox 2438 1430 2647 1486; x_wconf 87' lang='lat' dir='ltr'><strong>Christi</strong></span> <span class='ocrx_word' id='word_1_444' title='bbox 2695 1432 2855 1499; x_wconf 70' lang='lat'><strong>1059,</strong></span> <span class='ocrx_word' id='word_1_445' title='bbox 2904 1449 3002 1505; x_wconf 90' lang='lat' dir='ltr'><strong>per</strong></span> <span class='ocrx_word' id='word_1_446' title='bbox 3032 1450 3228 1488; x_wconf 89' lang='lat' dir='ltr'><strong>manus</strong></span> <span class='ocrx_word' id='word_1_447' title='bbox 3264 1433 3555 1487; x_wconf 81' lang='lat' dir='ltr'><strong>Humberti</strong></span> <span class='ocrx_word' id='word_1_448' title='bbox 3605 1432 3667 1486; x_wconf 87' lang='lat' dir='ltr'><strong>S.</strong></span> <span class='ocrx_word' id='word_1_449' title='bbox 3716 1433 3870 1487; x_wconf 75' lang='lat' dir='ltr'><strong>eccle-</strong></span> 
     </span>
    </p>
   </div>
   <div class='ocr_carea' id='block_1_71' title="bbox 2276 1523 3869 1597">
    <p class='ocr_par' dir='ltr' id='par_1_71' title="bbox 2276 1523 3869 1597">
     <span class='ocr_line' id='line_1_71' title="bbox 2276 1523 3869 1597; baseline -0.002 -18"><span class='ocrx_word' id='word_1_450' title='bbox 2276 1523 2371 1579; x_wconf 70' lang='lat' dir='ltr'><strong>sia:</strong></span> <span class='ocrx_word' id='word_1_451' title='bbox 2409 1523 2571 1580; x_wconf 70' lang='lat' dir='ltr'><strong>Silva:</strong></span> <span class='ocrx_word' id='word_1_452' title='bbox 2597 1525 2853 1583; x_wconf 72' lang='lat' dir='ltr'><strong>Candida:</strong></span> <span class='ocrx_word' id='word_1_453' title='bbox 2876 1527 3141 1597; x_wconf 86' lang='lat' dir='ltr'><strong>episcopi,</strong></span> <span class='ocrx_word' id='word_1_454' title='bbox 3177 1537 3231 1582; x_wconf 89' lang='lat' dir='ltr'><strong>et</strong></span> <span class='ocrx_word' id='word_1_455' title='bbox 3274 1526 3599 1596; x_wconf 67' lang='lat' dir='ltr'><strong>apostolica:</strong></span> <span class='ocrx_word' id='word_1_456' title='bbox 3621 1525 3777 1580; x_wconf 84' lang='lat' dir='ltr'><strong>sedis</strong></span> <span class='ocrx_word' id='word_1_457' title='bbox 3798 1524 3869 1577; x_wconf 71' lang='grc' dir='ltr'><strong>ιιξ-</strong></span> 
     </span>
    </p>
   </div>
   <div class='ocr_carea' id='block_1_72' title="bbox 2275 1616 3867 1692">
    <p class='ocr_par' dir='ltr' id='par_1_72' title="bbox 2275 1616 3867 1692">
     <span class='ocr_line' id='line_1_72' title="bbox 2275 1616 3867 1692; baseline 0.006 -18"><span class='ocrx_word' id='word_1_458' title='bbox 2275 1619 2642 1689; x_wconf 87' lang='lat' dir='ltr'><strong>bliothecarii,</strong></span> <span class='ocrx_word' id='word_1_459' title='bbox 2666 1636 2811 1675; x_wconf 90' lang='lat' dir='ltr'><strong>anno</strong></span> <span class='ocrx_word' id='word_1_460' title='bbox 2837 1638 2855 1677; x_wconf 81' lang='grc' dir='ltr'>ι</span> <span class='ocrx_word' id='word_1_461' title='bbox 2894 1621 3244 1691; x_wconf 71' lang='lat' dir='ltr'><strong>pontificatus</strong></span> <span class='ocrx_word' id='word_1_462' title='bbox 3277 1620 3340 1675; x_wconf 90' lang='lat' dir='ltr'><strong>D.</strong></span> <span class='ocrx_word' id='word_1_463' title='bbox 3366 1635 3526 1692; x_wconf 68' lang='lat' dir='ltr'><strong>papa:</strong></span> <span class='ocrx_word' id='word_1_464' title='bbox 3552 1618 3773 1675; x_wconf 74' lang='lat' dir='ltr'><strong>Nicalai</strong></span> <span class='ocrx_word' id='word_1_465' title='bbox 3798 1616 3867 1684; x_wconf 66' lang='grc' dir='ltr'><strong>Πι</strong></span> 
     </span>
    </p>
   </div>
   <div class='ocr_carea' id='block_1_73' title="bbox 2206 1683 2527 1769">
    <p class='ocr_par' dir='ltr' id='par_1_73' title="bbox 2206 1683 2527 1769">
     <span class='ocr_line' id='line_1_73' title="bbox 2206 1683 2527 1769; baseline 0.009 -4"><span class='ocrx_word' id='word_1_466' title='bbox 2206 1683 2249 1737; x_wconf 79' lang='grc' dir='ltr'><strong>Β</strong></span> <span class='ocrx_word' id='word_1_467' title='bbox 2278 1711 2390 1769; x_wconf 90' lang='lat' dir='ltr'><strong>ind.</strong></span> <span class='ocrx_word' id='word_1_468' title='bbox 2431 1729 2527 1768; x_wconf 83' lang='lat' dir='ltr'><strong>xu.</strong></span> 
     </span>
    </p>
   </div>
   <div class='ocr_carea' id='block_1_74' title="bbox 2942 1828 3119 1887">
    <p class='ocr_par' dir='ltr' id='par_1_74' title="bbox 2942 1828 3119 1887">
     <span class='ocr_line' id='line_1_74' title="bbox 2942 1828 3119 1887; baseline 0.023 -5"><span class='ocrx_word' id='word_1_469' title='bbox 2942 1874 2949 1882; x_wconf 88' lang='lat'><strong>.</strong></span> <span class='ocrx_word' id='word_1_470' title='bbox 3025 1828 3119 1887; x_wconf 79' lang='lat' dir='ltr'><strong>Vl.</strong></span> 
     </span>
    </p>
   </div>
   <div class='ocr_carea' id='block_1_75' title="bbox 2276 1917 3871 2005">
    <p class='ocr_par' dir='ltr' id='par_1_75' title="bbox 2276 1917 3871 2005">
     <span class='ocr_line' id='line_1_75' title="bbox 2276 1917 3871 2005; baseline 0 -31"><span class='ocrx_word' id='word_1_471' title='bbox 2276 1918 2537 1975; x_wconf 81' lang='lat' dir='ltr'><strong>Nicotaus</strong></span> <span class='ocrx_word' id='word_1_472' title='bbox 2567 1917 2634 1974; x_wconf 87' lang='grc'><strong><em>11</em></strong></span> <span class='ocrx_word' id='word_1_473' title='bbox 2667 1918 2945 2005; x_wconf 58' lang='grc' dir='ltr'><strong>βεείιεξὶω⁸</strong></span> <span class='ocrx_word' id='word_1_474' title='bbox 2970 1921 3206 2005; x_wconf 65' lang='grc' dir='ltr'><strong>Τεαςὶηιε</strong></span> <span class='ocrx_word' id='word_1_475' title='bbox 3226 1922 3593 2005; x_wconf 54' lang='grc' dir='ltr'><strong>ροωεεξίοηεξ</strong></span> <span class='ocrx_word' id='word_1_476' title='bbox 3619 1920 3871 1992; x_wconf 67' lang='lat' dir='ltr'><strong>ﬁnesque,</strong></span> 
     </span>
    </p>
   </div>
   <div class='ocr_carea' id='block_1_76' title="bbox 2526 1990 3637 2064">
    <p class='ocr_par' dir='ltr' id='par_1_76' title="bbox 2526 1990 3637 2064">
     <span class='ocr_line' id='line_1_76' title="bbox 2526 1990 3637 2064; baseline -0.004 -17"><span class='ocrx_word' id='word_1_477' title='bbox 2526 2000 2715 2063; x_wconf 84' lang='lat' dir='ltr'><strong>rogatu</strong></span> <span class='ocrx_word' id='word_1_478' title='bbox 2750 1990 2974 2047; x_wconf 73' lang='lat' dir='ltr'><strong>Actom’s</strong></span> <span class='ocrx_word' id='word_1_479' title='bbox 3005 1990 3270 2064; x_wconf 76' lang='lat' dir='ltr'><strong>episcopi,</strong></span> <span class='ocrx_word' id='word_1_480' title='bbox 3302 1993 3637 2063; x_wconf 67' lang='lat' dir='ltr'><strong>confirmat,</strong></span> 
     </span>
    </p>
   </div>
   <div class='ocr_carea' id='block_1_77' title="bbox 2866 2081 3277 2155">
    <p class='ocr_par' dir='ltr' id='par_1_77' title="bbox 2866 2081 3277 2155">
     <span class='ocr_line' id='line_1_77' title="bbox 2866 2081 3277 2155; baseline 0 -17"><span class='ocrx_word' id='word_1_481' title='bbox 2866 2083 3048 2155; x_wconf 83' lang='lat' dir='ltr'><strong>(Anno</strong></span> <span class='ocrx_word' id='word_1_482' title='bbox 3092 2081 3277 2155; x_wconf 78' lang='grc'><strong>1059.)</strong></span> 
     </span>
    </p>
   </div>
   <div class='ocr_carea' id='block_1_78' title="bbox 2544 2172 3585 2248">
    <p class='ocr_par' dir='ltr' id='par_1_78' title="bbox 2544 2172 3585 2248">
     <span class='ocr_line' id='line_1_78' title="bbox 2544 2172 3585 2248; baseline -0.003 -18"><span class='ocrx_word' id='word_1_483' title='bbox 2544 2173 2814 2248; x_wconf 75' lang='grc' dir='ltr'><strong>[Ηοηειιι</strong></span> <span class='ocrx_word' id='word_1_484' title='bbox 2835 2219 2850 2243; x_wconf 89' lang='grc'><em>,</em></span> <span class='ocrx_word' id='word_1_485' title='bbox 2876 2174 3051 2231; x_wconf 80' lang='lat' dir='ltr'><strong>Italia</strong></span> <span class='ocrx_word' id='word_1_486' title='bbox 3081 2193 3265 2243; x_wconf 81' lang='lat' dir='ltr'><strong>sacra,</strong></span> <span class='ocrx_word' id='word_1_487' title='bbox 3294 2174 3398 2241; x_wconf 72' lang='grc' dir='ltr'><strong>Ἦ,</strong></span> <span class='ocrx_word' id='word_1_488' title='bbox 3424 2172 3585 2246; x_wconf 86' lang='lat'><strong>676.]</strong></span> 
     </span>
    </p>
   </div>
   <div class='ocr_carea' id='block_1_79' title="bbox 2341 2257 3869 2332">
    <p class='ocr_par' dir='ltr' id='par_1_79' title="bbox 2341 2257 3869 2332">
     <span class='ocr_line' id='line_1_79' title="bbox 2341 2257 3869 2332; baseline -0.003 -19"><span class='ocrx_word' id='word_1_489' title='bbox 2341 2257 2613 2316; x_wconf 74' lang='lat' dir='ltr'><strong>NICOLAUS</strong></span> <span class='ocrx_word' id='word_1_490' title='bbox 2651 2262 2966 2332; x_wconf 88' lang='lat' dir='ltr'><strong>episcopus,</strong></span> <span class='ocrx_word' id='word_1_491' title='bbox 3009 2277 3201 2317; x_wconf 88' lang='lat' dir='ltr'><strong>servus</strong></span> <span class='ocrx_word' id='word_1_492' title='bbox 3250 2275 3542 2316; x_wconf 88' lang='lat' dir='ltr'><strong>servorum</strong></span> <span class='ocrx_word' id='word_1_493' title='bbox 3576 2257 3704 2323; x_wconf 87' lang='lat' dir='ltr'><strong>Dei,</strong></span> <span class='ocrx_word' id='word_1_494' title='bbox 3741 2257 3869 2311; x_wconf 53' lang='lat' dir='ltr'><strong>dite-</strong></span> 
     </span>
    </p>
   </div>
   <div class='ocr_carea' id='block_1_80' title="bbox 2270 2349 3877 2418">
    <p class='ocr_par' dir='ltr' id='par_1_80' title="bbox 2270 2349 3877 2418">
     <span class='ocr_line' id='line_1_80' title="bbox 2270 2349 3877 2418; baseline -0.004 -9"><span class='ocrx_word' id='word_1_495' title='bbox 2270 2361 2359 2409; x_wconf 90' lang='lat' dir='ltr'><strong>cto</strong></span> <span class='ocrx_word' id='word_1_496' title='bbox 2382 2354 2648 2410; x_wconf 83' lang='lat' dir='ltr'><strong>confratri</strong></span> <span class='ocrx_word' id='word_1_497' title='bbox 2673 2355 2882 2410; x_wconf 73' lang='lat' dir='ltr'><strong>Acrom</strong></span> <span class='ocrx_word' id='word_1_498' title='bbox 2907 2362 3112 2409; x_wconf 63' lang='lat' dir='ltr'><strong>sanctae</strong></span> <span class='ocrx_word' id='word_1_499' title='bbox 3137 2352 3426 2409; x_wconf 89' lang='lat' dir='ltr'><strong>Teatensis</strong></span> <span class='ocrx_word' id='word_1_500' title='bbox 3461 2350 3739 2405; x_wconf 66' lang='lat' dir='ltr'><strong>Ecclesia:</strong></span> <span class='ocrx_word' id='word_1_501' title='bbox 3758 2349 3877 2418; x_wconf 50' lang='lat' dir='ltr'><strong>epla</strong></span> 
     </span>
    </p>
   </div>
   <div class='ocr_carea' id='block_1_81' title="bbox 2269 2439 3875 2515">
    <p class='ocr_par' dir='ltr' id='par_1_81' title="bbox 2269 2439 3875 2515">
     <span class='ocr_line' id='line_1_81' title="bbox 2269 2439 3875 2515; baseline -0.002 -17"><span class='ocrx_word' id='word_1_502' title='bbox 2269 2458 2457 2514; x_wconf 88' lang='lat' dir='ltr'><strong>scopo,</strong></span> <span class='ocrx_word' id='word_1_503' title='bbox 2505 2442 2886 2515; x_wconf 88' lang='lat' dir='ltr'><strong>universisque</strong></span> <span class='ocrx_word' id='word_1_504' title='bbox 2922 2444 3336 2500; x_wconf 89' lang='lat' dir='ltr'><strong>successoribus</strong></span> <span class='ocrx_word' id='word_1_505' title='bbox 3367 2442 3481 2497; x_wconf 88' lang='lat' dir='ltr'><strong>tuis</strong></span> <span class='ocrx_word' id='word_1_506' title='bbox 3523 2442 3586 2496; x_wconf 87' lang='lat' dir='ltr'><strong>in</strong></span> <span class='ocrx_word' id='word_1_507' title='bbox 3625 2439 3875 2495; x_wconf 73' lang='lat' dir='ltr'><strong>Ecclesia</strong></span> 
     </span>
    </p>
   </div>
   <div class='ocr_carea' id='block_1_82' title="bbox 2267 2534 3636 2607">
    <p class='ocr_par' dir='ltr' id='par_1_82' title="bbox 2267 2534 3636 2607">
     <span class='ocr_line' id='line_1_82' title="bbox 2267 2534 3636 2607; baseline -0.003 -16"><span class='ocrx_word' id='word_1_508' title='bbox 2267 2534 2456 2591; x_wconf 90' lang='lat' dir='ltr'><strong>eadem</strong></span> <span class='ocrx_word' id='word_1_509' title='bbox 2480 2537 2744 2592; x_wconf 86' lang='lat' dir='ltr'><strong>canonice</strong></span> <span class='ocrx_word' id='word_1_510' title='bbox 2773 2536 3159 2607; x_wconf 87' lang='lat' dir='ltr'><strong>promovendis</strong></span> <span class='ocrx_word' id='word_1_511' title='bbox 3199 2534 3253 2589; x_wconf 91' lang='lat' dir='ltr'><strong>in</strong></span> <span class='ocrx_word' id='word_1_512' title='bbox 3281 2542 3636 2606; x_wconf 88' lang='lat' dir='ltr'><strong>perpetuum.</strong></span> 
     </span>
    </p>
   </div>
   <div class='ocr_carea' id='block_1_83' title="bbox 2338 2624 3871 2700">
    <p class='ocr_par' dir='ltr' id='par_1_83' title="bbox 2338 2624 3871 2700">
     <span class='ocr_line' id='line_1_83' title="bbox 2338 2624 3871 2700; baseline -0.003 -18"><span class='ocrx_word' id='word_1_513' title='bbox 2338 2628 2460 2685; x_wconf 87' lang='lat' dir='ltr'><strong>Etsi</strong></span> <span class='ocrx_word' id='word_1_514' title='bbox 2478 2630 2757 2700; x_wconf 84' lang='lat' dir='ltr'><strong>jubemur,</strong></span> <span class='ocrx_word' id='word_1_515' title='bbox 2782 2629 2914 2685; x_wconf 88' lang='lat' dir='ltr'><strong>dum</strong></span> <span class='ocrx_word' id='word_1_516' title='bbox 2939 2637 3155 2699; x_wconf 90' lang='lat' dir='ltr'><strong>tempus</strong></span> <span class='ocrx_word' id='word_1_517' title='bbox 3179 2628 3468 2694; x_wconf 89' lang='lat' dir='ltr'><strong>habemus,</strong></span> <span class='ocrx_word' id='word_1_518' title='bbox 3498 2625 3571 2680; x_wconf 89' lang='lat' dir='ltr'><strong>ad</strong></span> <span class='ocrx_word' id='word_1_519' title='bbox 3596 2639 3749 2696; x_wconf 88' lang='lat' dir='ltr'><strong>opus</strong></span> <span class='ocrx_word' id='word_1_520' title='bbox 3777 2624 3871 2677; x_wconf 83' lang='lat' dir='ltr'><strong>ho-</strong></span> 
     </span>
    </p>
   </div>
   <div class='ocr_carea' id='block_1_84' title="bbox 2266 2715 3866 2791">
    <p class='ocr_par' dir='ltr' id='par_1_84' title="bbox 2266 2715 3866 2791">
     <span class='ocr_line' id='line_1_84' title="bbox 2266 2715 3866 2791; baseline -0.004 -17"><span class='ocrx_word' id='word_1_521' title='bbox 2266 2734 2401 2774; x_wconf 92' lang='lat' dir='ltr'><strong>num</strong></span> <span class='ocrx_word' id='word_1_522' title='bbox 2436 2719 2682 2791; x_wconf 82' lang='lat' dir='ltr'><strong>Operari,</strong></span> <span class='ocrx_word' id='word_1_523' title='bbox 2708 2721 2945 2775; x_wconf 78' lang='lat' dir='ltr'><strong>maxime</strong></span> <span class='ocrx_word' id='word_1_524' title='bbox 2982 2728 3167 2776; x_wconf 90' lang='lat' dir='ltr'><strong>tamen</strong></span> <span class='ocrx_word' id='word_1_525' title='bbox 3202 2718 3270 2774; x_wconf 91' lang='lat' dir='ltr'><strong>ad</strong></span> <span class='ocrx_word' id='word_1_526' title='bbox 3310 2718 3657 2774; x_wconf 85' lang='lat' dir='ltr'><strong>domesticos</strong></span> <span class='ocrx_word' id='word_1_527' title='bbox 3706 2715 3866 2772; x_wconf 82' lang='lat' dir='ltr'><strong>ﬁdei:</strong></span> 
     </span>
    </p>
   </div>
   <div class='ocr_carea' id='block_1_85' title="bbox 2265 2809 3869 2883">
    <p class='ocr_par' dir='ltr' id='par_1_85' title="bbox 2265 2809 3869 2883">
     <span class='ocr_line' id='line_1_85' title="bbox 2265 2809 3869 2883; baseline -0.005 -13"><span class='ocrx_word' id='word_1_528' title='bbox 2265 2814 2411 2870; x_wconf 91' lang='lat' dir='ltr'><strong>unde</strong></span> <span class='ocrx_word' id='word_1_529' title='bbox 2440 2813 2699 2869; x_wconf 89' lang='lat' dir='ltr'><strong>omnibus</strong></span> <span class='ocrx_word' id='word_1_530' title='bbox 2734 2812 2996 2870; x_wconf 88' lang='lat' dir='ltr'><strong>Ecclesiis</strong></span> <span class='ocrx_word' id='word_1_531' title='bbox 3030 2812 3259 2879; x_wconf 89' lang='lat' dir='ltr'><strong>Christi,</strong></span> <span class='ocrx_word' id='word_1_532' title='bbox 3298 2826 3399 2883; x_wconf 87' lang='lat' dir='ltr'><strong>pro</strong></span> <span class='ocrx_word' id='word_1_533' title='bbox 3434 2826 3524 2880; x_wconf 89' lang='lat' dir='ltr'><strong>ea,</strong></span> <span class='ocrx_word' id='word_1_534' title='bbox 3552 2825 3685 2882; x_wconf 70' lang='lat' dir='ltr'><strong>qua:</strong></span> <span class='ocrx_word' id='word_1_535' title='bbox 3710 2809 3869 2863; x_wconf 82' lang='lat' dir='ltr'><strong>nobis</strong></span> 
     </span>
    </p>
   </div>
   <div class='ocr_carea' id='block_1_86' title="bbox 2264 2901 3865 2973">
    <p class='ocr_par' dir='ltr' id='par_1_86' title="bbox 2264 2901 3865 2973">
     <span class='ocr_line' id='line_1_86' title="bbox 2264 2901 3865 2973; baseline -0.004 -13"><span class='ocrx_word' id='word_1_536' title='bbox 2264 2903 2469 2960; x_wconf 89' lang='lat' dir='ltr'><strong>credita</strong></span> <span class='ocrx_word' id='word_1_537' title='bbox 2522 2912 2607 2959; x_wconf 93' lang='lat' dir='ltr'><strong>est</strong></span> <span class='ocrx_word' id='word_1_538' title='bbox 2648 2903 3077 2973; x_wconf 88' lang='lat' dir='ltr'><strong>dispensatione,</strong></span> <span class='ocrx_word' id='word_1_539' title='bbox 3134 2901 3562 2958; x_wconf 87' lang='lat' dir='ltr'><strong>sollicitudinem</strong></span> <span class='ocrx_word' id='word_1_540' title='bbox 3614 2908 3865 2955; x_wconf 84' lang='lat' dir='ltr'><strong>nostram</strong></span> 
     </span>
    </p>
   </div>
   <div class='ocr_carea' id='block_1_87' title="bbox 2188 2993 3866 3086">
    <p class='ocr_par' dir='ltr' id='par_1_87' title="bbox 2188 2993 3866 3086">
     <span class='ocr_line' id='line_1_87' title="bbox 2188 2993 3866 3086; baseline -0.003 -35"><span class='ocrx_word' id='word_1_541' title='bbox 2188 3029 2229 3086; x_wconf 63' lang='grc' dir='ltr'>ο</span> <span class='ocrx_word' id='word_1_542' title='bbox 2262 2995 2543 3064; x_wconf 90' lang='lat' dir='ltr'><strong>debentes,</strong></span> <span class='ocrx_word' id='word_1_543' title='bbox 2584 2997 2666 3052; x_wconf 91' lang='lat' dir='ltr'><strong>sic</strong></span> <span class='ocrx_word' id='word_1_544' title='bbox 2707 2995 2969 3051; x_wconf 90' lang='lat' dir='ltr'><strong>debemus</strong></span> <span class='ocrx_word' id='word_1_545' title='bbox 3011 2995 3295 3066; x_wconf 87' lang='lat' dir='ltr'><strong>invigilare</strong></span> <span class='ocrx_word' id='word_1_546' title='bbox 3331 2993 3789 3086; x_wconf 29' lang='lat' dir='ltr'><strong>longinquis,‘ne</strong></span> <span class='ocrx_word' id='word_1_547' title='bbox 3812 2994 3866 3046; x_wconf 90' lang='lat' dir='ltr'><strong>in</strong></span> 
     </span>
    </p>
   </div>
   <div class='ocr_carea' id='block_1_88' title="bbox 2267 3082 3865 3156">
    <p class='ocr_par' dir='ltr' id='par_1_88' title="bbox 2267 3082 3865 3156">
     <span class='ocr_line' id='line_1_88' title="bbox 2267 3082 3865 3156; baseline -0.001 -18"><span class='ocrx_word' id='word_1_548' title='bbox 2267 3083 2454 3155; x_wconf 89' lang='lat' dir='ltr'><strong>aliquo</strong></span> <span class='ocrx_word' id='word_1_549' title='bbox 2480 3084 2728 3139; x_wconf 90' lang='lat' dir='ltr'><strong>absimus</strong></span> <span class='ocrx_word' id='word_1_550' title='bbox 2763 3084 3103 3155; x_wconf 87' lang='lat' dir='ltr'><strong>propinquis.</strong></span> <span class='ocrx_word' id='word_1_551' title='bbox 3138 3083 3324 3155; x_wconf 87' lang='lat' dir='ltr'><strong>Itaque</strong></span> <span class='ocrx_word' id='word_1_552' title='bbox 3355 3083 3425 3137; x_wconf 87' lang='lat' dir='ltr'><strong>ad</strong></span> <span class='ocrx_word' id='word_1_553' title='bbox 3447 3082 3865 3156; x_wconf 81' lang='lat' dir='ltr'><strong>suggestionem</strong></span> 
     </span>
    </p>
   </div>
   <div class='ocr_carea' id='block_1_89' title="bbox 2264 3175 3867 3248">
    <p class='ocr_par' dir='ltr' id='par_1_89' title="bbox 2264 3175 3867 3248">
     <span class='ocr_line' id='line_1_89' title="bbox 2264 3175 3867 3248; baseline -0.001 -17"><span class='ocrx_word' id='word_1_554' title='bbox 2264 3184 2438 3244; x_wconf 87' lang='lat' dir='ltr'><strong>tuam,</strong></span> <span class='ocrx_word' id='word_1_555' title='bbox 2504 3176 2828 3231; x_wconf 88' lang='lat' dir='ltr'><strong>charissime</strong></span> <span class='ocrx_word' id='word_1_556' title='bbox 2895 3176 3173 3233; x_wconf 84' lang='lat' dir='ltr'><strong>confrater</strong></span> <span class='ocrx_word' id='word_1_557' title='bbox 3227 3185 3281 3231; x_wconf 91' lang='lat' dir='ltr'><strong>et</strong></span> <span class='ocrx_word' id='word_1_558' title='bbox 3327 3177 3661 3248; x_wconf 88' lang='lat' dir='ltr'><strong>coepiscope</strong></span> <span class='ocrx_word' id='word_1_559' title='bbox 3706 3175 3867 3241; x_wconf 78' lang='lat' dir='ltr'><strong>Acta,</strong></span> 
     </span>
    </p>
   </div>
   <div class='ocr_carea' id='block_1_90' title="bbox 2264 3267 3864 3340">
    <p class='ocr_par' dir='ltr' id='par_1_90' title="bbox 2264 3267 3864 3340">
     <span class='ocr_line' id='line_1_90' title="bbox 2264 3267 3864 3340; baseline 0.003 -20"><span class='ocrx_word' id='word_1_560' title='bbox 2264 3283 2427 3337; x_wconf 89' lang='lat' dir='ltr'><strong>quem</strong></span> <span class='ocrx_word' id='word_1_561' title='bbox 2470 3282 2499 3321; x_wconf 87' lang='lat' dir='ltr'><strong>a</strong></span> <span class='ocrx_word' id='word_1_562' title='bbox 2533 3283 2644 3322; x_wconf 88' lang='lat' dir='ltr'><strong>rev.</strong></span> <span class='ocrx_word' id='word_1_563' title='bbox 2687 3283 2850 3323; x_wconf 91' lang='lat' dir='ltr'><strong>mem.</strong></span> <span class='ocrx_word' id='word_1_564' title='bbox 2893 3268 3119 3324; x_wconf 87' lang='lat' dir='ltr'><strong>domino</strong></span> <span class='ocrx_word' id='word_1_565' title='bbox 3156 3278 3348 3324; x_wconf 87' lang='lat' dir='ltr'><strong>nostro</strong></span> <span class='ocrx_word' id='word_1_566' title='bbox 3377 3267 3605 3325; x_wconf 80' lang='lat' dir='ltr'><strong>Victore</strong></span> <span class='ocrx_word' id='word_1_567' title='bbox 3643 3284 3715 3325; x_wconf 78' lang='lat' dir='ltr'><strong>ex</strong></span> <span class='ocrx_word' id='word_1_568' title='bbox 3753 3271 3864 3340; x_wconf 75' lang='lat' dir='ltr'><strong>epi-</strong></span> 
     </span>
    </p>
   </div>
   <div class='ocr_carea' id='block_1_91' title="bbox 2265 3357 3863 3433">
    <p class='ocr_par' dir='ltr' id='par_1_91' title="bbox 2265 3357 3863 3433">
     <span class='ocr_line' id='line_1_91' title="bbox 2265 3357 3863 3433; baseline 0.002 -19"><span class='ocrx_word' id='word_1_569' title='bbox 2265 3368 2492 3430; x_wconf 86' lang='lat' dir='ltr'><strong>scopatu</strong></span> <span class='ocrx_word' id='word_1_570' title='bbox 2538 3357 2851 3415; x_wconf 89' lang='lat' dir='ltr'><strong>Marsicano</strong></span> <span class='ocrx_word' id='word_1_571' title='bbox 2885 3361 2955 3415; x_wconf 89' lang='lat' dir='ltr'><strong>ad</strong></span> <span class='ocrx_word' id='word_1_572' title='bbox 2989 3360 3309 3416; x_wconf 84' lang='lat' dir='ltr'><strong>Teatensem</strong></span> <span class='ocrx_word' id='word_1_573' title='bbox 3356 3370 3683 3432; x_wconf 88' lang='lat' dir='ltr'><strong>promotum</strong></span> <span class='ocrx_word' id='word_1_574' title='bbox 3732 3379 3863 3433; x_wconf 84' lang='lat' dir='ltr'><strong>gau-</strong></span> 
     </span>
    </p>
   </div>
   <div class='ocr_carea' id='block_1_92' title="bbox 2260 3452 3862 3527">
    <p class='ocr_par' dir='ltr' id='par_1_92' title="bbox 2260 3452 3862 3527">
     <span class='ocr_line' id='line_1_92' title="bbox 2260 3452 3862 3527; baseline 0.002 -20"><span class='ocrx_word' id='word_1_575' title='bbox 2260 3452 2475 3518; x_wconf 89' lang='lat' dir='ltr'><strong>demus,</strong></span> <span class='ocrx_word' id='word_1_576' title='bbox 2510 3460 2566 3507; x_wconf 90' lang='lat' dir='ltr'><strong>et</strong></span> <span class='ocrx_word' id='word_1_577' title='bbox 2596 3454 3053 3527; x_wconf 79' lang='lat' dir='ltr'><strong>antecessoribus</strong></span> <span class='ocrx_word' id='word_1_578' title='bbox 3074 3455 3279 3510; x_wconf 90' lang='lat' dir='ltr'><strong>nostris</strong></span> <span class='ocrx_word' id='word_1_579' title='bbox 3331 3464 3502 3525; x_wconf 85' lang='lat' dir='ltr'><strong>atque</strong></span> <span class='ocrx_word' id='word_1_580' title='bbox 3540 3455 3707 3510; x_wconf 88' lang='lat' dir='ltr'><strong>nobis</strong></span> <span class='ocrx_word' id='word_1_581' title='bbox 3732 3454 3862 3510; x_wconf 79' lang='lat' dir='ltr'><strong>ﬁde-</strong></span> 
     </span>
    </p>
   </div>
   <div class='ocr_carea' id='block_1_93' title="bbox 2262 3542 3863 3615">
    <p class='ocr_par' dir='ltr' id='par_1_93' title="bbox 2262 3542 3863 3615">
     <span class='ocr_line' id='line_1_93' title="bbox 2262 3542 3863 3615; baseline 0.004 -19"><span class='ocrx_word' id='word_1_582' title='bbox 2262 3542 2385 3598; x_wconf 88' lang='lat' dir='ltr'><strong>liter</strong></span> <span class='ocrx_word' id='word_1_583' title='bbox 2418 3551 2472 3599; x_wconf 93' lang='lat' dir='ltr'><strong>et</strong></span> <span class='ocrx_word' id='word_1_584' title='bbox 2502 3544 2709 3615; x_wconf 86' lang='lat' dir='ltr'><strong>jugiter</strong></span> <span class='ocrx_word' id='word_1_585' title='bbox 2751 3545 3028 3601; x_wconf 85' lang='lat' dir='ltr'><strong>deservire</strong></span> <span class='ocrx_word' id='word_1_586' title='bbox 3073 3546 3128 3600; x_wconf 89' lang='lat' dir='ltr'><strong>in</strong></span> <span class='ocrx_word' id='word_1_587' title='bbox 3178 3544 3236 3601; x_wconf 92' lang='lat' dir='ltr'><strong>S.</strong></span> <span class='ocrx_word' id='word_1_588' title='bbox 3286 3545 3556 3602; x_wconf 72' lang='lat' dir='ltr'><strong>Romana:</strong></span> <span class='ocrx_word' id='word_1_589' title='bbox 3602 3546 3863 3603; x_wconf 65' lang='lat' dir='ltr'><strong>Ecclesia</strong></span> 
     </span>
    </p>
   </div>
   <div class='ocr_carea' id='block_1_94' title="bbox 2260 3636 3858 3709">
    <p class='ocr_par' dir='ltr' id='par_1_94' title="bbox 2260 3636 3858 3709">
     <span class='ocr_line' id='line_1_94' title="bbox 2260 3636 3858 3709; baseline 0.001 -17"><span class='ocrx_word' id='word_1_590' title='bbox 2260 3652 2390 3692; x_wconf 90' lang='lat' dir='ltr'><strong>cura</strong></span> <span class='ocrx_word' id='word_1_591' title='bbox 2438 3637 2845 3709; x_wconf 80' lang='lat' dir='ltr'><strong>cognoscimus,</strong></span> <span class='ocrx_word' id='word_1_592' title='bbox 2901 3639 3274 3709; x_wconf 88' lang='lat' dir='ltr'><strong>episcopatum</strong></span> <span class='ocrx_word' id='word_1_593' title='bbox 3332 3636 3670 3694; x_wconf 89' lang='lat' dir='ltr'><strong>Teatensem</strong></span> <span class='ocrx_word' id='word_1_594' title='bbox 3731 3655 3858 3695; x_wconf 86' lang='lat' dir='ltr'><strong>cum</strong></span> 
     </span>
    </p>
   </div>
   <div class='ocr_carea' id='block_1_95' title="bbox 2258 3729 3858 3802">
    <p class='ocr_par' dir='ltr' id='par_1_95' title="bbox 2258 3729 3858 3802">
     <span class='ocr_line' id='line_1_95' title="bbox 2258 3729 3858 3802; baseline 0 -16"><span class='ocrx_word' id='word_1_595' title='bbox 2258 3729 2410 3786; x_wconf 90' lang='lat' dir='ltr'><strong>omni</strong></span> <span class='ocrx_word' id='word_1_596' title='bbox 2435 3745 2536 3786; x_wconf 89' lang='lat' dir='ltr'><strong>sua</strong></span> <span class='ocrx_word' id='word_1_597' title='bbox 2580 3729 2891 3801; x_wconf 85' lang='lat' dir='ltr'><strong>integritate</strong></span> <span class='ocrx_word' id='word_1_598' title='bbox 2924 3739 2979 3786; x_wconf 92' lang='lat' dir='ltr'><strong>et</strong></span> <span class='ocrx_word' id='word_1_599' title='bbox 3012 3731 3341 3801; x_wconf 87' lang='lat' dir='ltr'><strong>pertinentia</strong></span> <span class='ocrx_word' id='word_1_600' title='bbox 3363 3769 3379 3798; x_wconf 88' lang='lat'><strong>,</strong></span> <span class='ocrx_word' id='word_1_601' title='bbox 3426 3731 3580 3786; x_wconf 86' lang='lat' dir='ltr'><strong>sicut</strong></span> <span class='ocrx_word' id='word_1_602' title='bbox 3618 3732 3858 3802; x_wconf 76' lang='lat' dir='ltr'><strong>antiquis</strong></span> 
     </span>
    </p>
   </div>
   <div class='ocr_carea' id='block_1_96' title="bbox 2255 3820 3857 3891">
    <p class='ocr_par' dir='ltr' id='par_1_96' title="bbox 2255 3820 3857 3891">
     <span class='ocr_line' id='line_1_96' title="bbox 2255 3820 3857 3891; baseline -0.001 -15"><span class='ocrx_word' id='word_1_603' title='bbox 2255 3828 2311 3876; x_wconf 89' lang='lat' dir='ltr'><strong>et</strong></span> <span class='ocrx_word' id='word_1_604' title='bbox 2340 3820 2507 3891; x_wconf 89' lang='lat' dir='ltr'><strong>justis</strong></span> <span class='ocrx_word' id='word_1_605' title='bbox 2528 3820 2795 3877; x_wconf 87' lang='lat' dir='ltr'><strong>limitibus</strong></span> <span class='ocrx_word' id='word_1_606' title='bbox 2817 3820 3234 3888; x_wconf 87' lang='lat' dir='ltr'><strong>determinatur,</strong></span> <span class='ocrx_word' id='word_1_607' title='bbox 3271 3821 3679 3877; x_wconf 77' lang='lat' dir='ltr'><strong>confirmamus</strong></span> <span class='ocrx_word' id='word_1_608' title='bbox 3709 3840 3721 3875; x_wconf 94' lang='lat'><strong>:</strong></span> <span class='ocrx_word' id='word_1_609' title='bbox 3753 3820 3857 3875; x_wconf 89' lang='lat' dir='ltr'><strong>sci-</strong></span> 
     </span>
    </p>
   </div>
   <div class='ocr_carea' id='block_1_97' title="bbox 2255 3909 3854 3983">
    <p class='ocr_par' dir='ltr' id='par_1_97' title="bbox 2255 3909 3854 3983">
     <span class='ocr_line' id='line_1_97' title="bbox 2255 3909 3854 3983; baseline 0.001 -17"><span class='ocrx_word' id='word_1_610' title='bbox 2255 3910 2384 3966; x_wconf 88' lang='lat' dir='ltr'><strong>licet</strong></span> <span class='ocrx_word' id='word_1_611' title='bbox 2409 3927 2440 3966; x_wconf 87' lang='lat' dir='ltr'><strong>a</strong></span> <span class='ocrx_word' id='word_1_612' title='bbox 2471 3909 2677 3965; x_wconf 83' lang='lat' dir='ltr'><strong>Statlilo</strong></span> <span class='ocrx_word' id='word_1_613' title='bbox 2699 3912 2842 3966; x_wconf 90' lang='lat' dir='ltr'><strong>inter</strong></span> <span class='ocrx_word' id='word_1_614' title='bbox 2883 3920 3120 3977; x_wconf 87' lang='lat' dir='ltr'><strong>montes,</strong></span> <span class='ocrx_word' id='word_1_615' title='bbox 3147 3920 3201 3968; x_wconf 88' lang='lat' dir='ltr'><strong>et</strong></span> <span class='ocrx_word' id='word_1_616' title='bbox 3230 3913 3350 3983; x_wconf 89' lang='lat' dir='ltr'><strong>ipso</strong></span> <span class='ocrx_word' id='word_1_617' title='bbox 3379 3922 3577 3970; x_wconf 88' lang='lat' dir='ltr'><strong>monte</strong></span> <span class='ocrx_word' id='word_1_618' title='bbox 3601 3912 3669 3967; x_wconf 89' lang='lat' dir='ltr'><strong>de</strong></span> <span class='ocrx_word' id='word_1_619' title='bbox 3696 3910 3854 3977; x_wconf 79' lang='lat' dir='ltr'><strong>Ursa,</strong></span> 
     </span>
    </p>
   </div>
   <div class='ocr_carea' id='block_1_98' title="bbox 2254 4001 3852 4075">
    <p class='ocr_par' dir='ltr' id='par_1_98' title="bbox 2254 4001 3852 4075">
     <span class='ocr_line' id='line_1_98' title="bbox 2254 4001 3852 4075; baseline 0.001 -19"><span class='ocrx_word' id='word_1_620' title='bbox 2254 4008 2311 4056; x_wconf 92' lang='lat' dir='ltr'><strong>et</strong></span> <span class='ocrx_word' id='word_1_621' title='bbox 2337 4001 2614 4071; x_wconf 91' lang='lat' dir='ltr'><strong>quomodo</strong></span> <span class='ocrx_word' id='word_1_622' title='bbox 2659 4001 2835 4074; x_wconf 87' lang='lat' dir='ltr'><strong>pergit</strong></span> <span class='ocrx_word' id='word_1_623' title='bbox 2879 4002 2936 4056; x_wconf 91' lang='lat' dir='ltr'><strong>in</strong></span> <span class='ocrx_word' id='word_1_624' title='bbox 2980 4001 3150 4075; x_wconf 80' lang='lat' dir='ltr'><strong>Coya,</strong></span> <span class='ocrx_word' id='word_1_625' title='bbox 3178 4010 3233 4057; x_wconf 89' lang='lat' dir='ltr'><strong>et</strong></span> <span class='ocrx_word' id='word_1_626' title='bbox 3275 4003 3432 4073; x_wconf 87' lang='lat' dir='ltr'><strong>ponit</strong></span> <span class='ocrx_word' id='word_1_627' title='bbox 3467 4004 3773 4059; x_wconf 86' lang='lat' dir='ltr'><strong>terminum</strong></span> <span class='ocrx_word' id='word_1_628' title='bbox 3800 4005 3852 4058; x_wconf 90' lang='lat' dir='ltr'><strong>in</strong></span> 
     </span>
    </p>
   </div>
   <div class='ocr_carea' id='block_1_99' title="bbox 2254 4092 3854 4166">
    <p class='ocr_par' dir='ltr' id='par_1_99' title="bbox 2254 4092 3854 4166">
     <span class='ocr_line' id='line_1_99' title="bbox 2254 4092 3854 4166; baseline 0.004 -20"><span class='ocrx_word' id='word_1_629' title='bbox 2254 4107 2418 4163; x_wconf 89' lang='lat' dir='ltr'><strong>aqua,</strong></span> <span class='ocrx_word' id='word_1_630' title='bbox 2469 4092 2665 4149; x_wconf 88' lang='lat' dir='ltr'><strong>subtus</strong></span> <span class='ocrx_word' id='word_1_631' title='bbox 2692 4103 2839 4151; x_wconf 89' lang='lat' dir='ltr'><strong>terra</strong></span> <span class='ocrx_word' id='word_1_632' title='bbox 2883 4110 3060 4166; x_wconf 90' lang='lat' dir='ltr'><strong>usque</strong></span> <span class='ocrx_word' id='word_1_633' title='bbox 3109 4095 3178 4150; x_wconf 90' lang='lat' dir='ltr'><strong>ad</strong></span> <span class='ocrx_word' id='word_1_634' title='bbox 3230 4097 3756 4166; x_wconf 67' lang='lat' dir='ltr'><strong>aquam~sonulam,</strong></span> <span class='ocrx_word' id='word_1_635' title='bbox 3801 4106 3854 4152; x_wconf 84' lang='lat' dir='ltr'><strong>et</strong></span> 
     </span>
    </p>
   </div>
   <div class='ocr_carea' id='block_1_100' title="bbox 2253 4185 3855 4258">
    <p class='ocr_par' dir='ltr' id='par_1_100' title="bbox 2253 4185 3855 4258">
     <span class='ocr_line' id='line_1_100' title="bbox 2253 4185 3855 4258; baseline 0.002 -18"><span class='ocrx_word' id='word_1_636' title='bbox 2253 4185 2531 4255; x_wconf 88' lang='lat' dir='ltr'><strong>quomodo</strong></span> <span class='ocrx_word' id='word_1_637' title='bbox 2552 4188 2727 4258; x_wconf 86' lang='lat' dir='ltr'><strong>pergit</strong></span> <span class='ocrx_word' id='word_1_638' title='bbox 2748 4203 2925 4258; x_wconf 90' lang='lat' dir='ltr'><strong>usque</strong></span> <span class='ocrx_word' id='word_1_639' title='bbox 2954 4188 3008 4243; x_wconf 90' lang='lat' dir='ltr'><strong>in</strong></span> <span class='ocrx_word' id='word_1_640' title='bbox 3043 4197 3285 4243; x_wconf 91' lang='lat' dir='ltr'><strong>montem</strong></span> <span class='ocrx_word' id='word_1_641' title='bbox 3308 4189 3375 4243; x_wconf 91' lang='lat' dir='ltr'><strong>de</strong></span> <span class='ocrx_word' id='word_1_642' title='bbox 3407 4187 3598 4257; x_wconf 86' lang='lat' dir='ltr'><strong>Teste,</strong></span> <span class='ocrx_word' id='word_1_643' title='bbox 3630 4198 3687 4245; x_wconf 89' lang='lat' dir='ltr'><strong>et</strong></span> <span class='ocrx_word' id='word_1_644' title='bbox 3708 4188 3855 4244; x_wconf 81' lang='lat' dir='ltr'><strong>vadit</strong></span> 
     </span>
    </p>
   </div>
   <div class='ocr_carea' id='block_1_101' title="bbox 2251 4276 3853 4353">
    <p class='ocr_par' dir='ltr' id='par_1_101' title="bbox 2251 4276 3853 4353">
     <span class='ocr_line' id='line_1_101' title="bbox 2251 4276 3853 4353; baseline 0.003 -20"><span class='ocrx_word' id='word_1_645' title='bbox 2251 4293 2350 4348; x_wconf 88' lang='lat' dir='ltr'><strong>per</strong></span> <span class='ocrx_word' id='word_1_646' title='bbox 2376 4276 2530 4335; x_wconf 70' lang='lat' dir='ltr'><strong>Villae</strong></span> <span class='ocrx_word' id='word_1_647' title='bbox 2556 4287 2821 4349; x_wconf 90' lang='lat' dir='ltr'><strong>montem,</strong></span> <span class='ocrx_word' id='word_1_648' title='bbox 2860 4289 2917 4337; x_wconf 90' lang='lat' dir='ltr'><strong>et</strong></span> <span class='ocrx_word' id='word_1_649' title='bbox 2961 4281 3196 4353; x_wconf 90' lang='lat' dir='ltr'><strong>qualiter</strong></span> <span class='ocrx_word' id='word_1_650' title='bbox 3236 4279 3415 4351; x_wconf 86' lang='lat' dir='ltr'><strong>pergit</strong></span> <span class='ocrx_word' id='word_1_651' title='bbox 3460 4298 3649 4353; x_wconf 86' lang='lat' dir='ltr'><strong>usque</strong></span> <span class='ocrx_word' id='word_1_652' title='bbox 3696 4298 3853 4338; x_wconf 87' lang='lat' dir='ltr'><strong>mons</strong></span> 
     </span>
    </p>
   </div>
   <div class='ocr_carea' id='block_1_102' title="bbox 2249 4366 3854 4445">
    <p class='ocr_par' dir='ltr' id='par_1_102' title="bbox 2249 4366 3854 4445">
     <span class='ocr_line' id='line_1_102' title="bbox 2249 4366 3854 4445; baseline 0.004 -23"><span class='ocrx_word' id='word_1_653' title='bbox 2249 4366 2432 4438; x_wconf 83' lang='lat' dir='ltr'><strong>Clavi,</strong></span> <span class='ocrx_word' id='word_1_654' title='bbox 2488 4379 2543 4426; x_wconf 90' lang='lat' dir='ltr'><strong>et</strong></span> <span class='ocrx_word' id='word_1_655' title='bbox 2625 4373 2902 4442; x_wconf 90' lang='lat' dir='ltr'><strong>quomodo</strong></span> <span class='ocrx_word' id='word_1_656' title='bbox 2953 4373 3126 4445; x_wconf 88' lang='lat' dir='ltr'><strong>pergit</strong></span> <span class='ocrx_word' id='word_1_657' title='bbox 3159 4372 3280 4444; x_wconf 89' lang='lat' dir='ltr'><strong>ipso</strong></span> <span class='ocrx_word' id='word_1_658' title='bbox 3332 4372 3503 4427; x_wconf 80' lang='lat' dir='ltr'><strong>ﬂuvio</strong></span> <span class='ocrx_word' id='word_1_659' title='bbox 3547 4374 3619 4429; x_wconf 88' lang='lat' dir='ltr'><strong>de</strong></span> <span class='ocrx_word' id='word_1_660' title='bbox 3662 4373 3854 4429; x_wconf 87' lang='lat' dir='ltr'><strong>Trinio</strong></span> 
     </span>
    </p>
   </div>
   <div class='ocr_carea' id='block_1_103' title="bbox 2250 4463 3851 4537">
    <p class='ocr_par' dir='ltr' id='par_1_103' title="bbox 2250 4463 3851 4537">
     <span class='ocr_line' id='line_1_103' title="bbox 2250 4463 3851 4537; baseline 0.004 -22"><span class='ocrx_word' id='word_1_661' title='bbox 2250 4477 2425 4531; x_wconf 87' lang='lat' dir='ltr'><strong>usque</strong></span> <span class='ocrx_word' id='word_1_662' title='bbox 2461 4463 2515 4518; x_wconf 91' lang='lat' dir='ltr'><strong>in</strong></span> <span class='ocrx_word' id='word_1_663' title='bbox 2545 4464 2823 4521; x_wconf 85' lang='lat' dir='ltr'><strong>littoribus</strong></span> <span class='ocrx_word' id='word_1_664' title='bbox 2853 4465 3047 4531; x_wconf 87' lang='lat' dir='ltr'><strong>maris,</strong></span> <span class='ocrx_word' id='word_1_665' title='bbox 3078 4473 3131 4520; x_wconf 90' lang='lat' dir='ltr'><strong>et</strong></span> <span class='ocrx_word' id='word_1_666' title='bbox 3163 4465 3322 4536; x_wconf 72' lang='lat' dir='ltr'><strong>juxta</strong></span> <span class='ocrx_word' id='word_1_667' title='bbox 3371 4480 3530 4520; x_wconf 87' lang='lat' dir='ltr'><strong>mare</strong></span> <span class='ocrx_word' id='word_1_668' title='bbox 3576 4482 3761 4537; x_wconf 86' lang='lat' dir='ltr'><strong>usque</strong></span> <span class='ocrx_word' id='word_1_669' title='bbox 3797 4467 3851 4520; x_wconf 88' lang='lat' dir='ltr'><strong>in</strong></span> 
     </span>
    </p>
   </div>
   <div class='ocr_carea' id='block_1_104' title="bbox 2250 4549 3851 4627">
    <p class='ocr_par' dir='ltr' id='par_1_104' title="bbox 2250 4549 3851 4627">
     <span class='ocr_line' id='line_1_104' title="bbox 2250 4549 3851 4627; baseline 0.003 -22"><span class='ocrx_word' id='word_1_670' title='bbox 2250 4549 2574 4621; x_wconf 84' lang='lat' dir='ltr'><strong>Piscariam,</strong></span> <span class='ocrx_word' id='word_1_671' title='bbox 2601 4562 2655 4609; x_wconf 90' lang='lat' dir='ltr'><strong>et</strong></span> <span class='ocrx_word' id='word_1_672' title='bbox 2676 4554 2816 4609; x_wconf 87' lang='lat' dir='ltr'><strong>redit</strong></span> <span class='ocrx_word' id='word_1_673' title='bbox 2841 4554 2896 4609; x_wconf 91' lang='lat' dir='ltr'><strong>in</strong></span> <span class='ocrx_word' id='word_1_674' title='bbox 2933 4555 3168 4625; x_wconf 85' lang='lat' dir='ltr'><strong>priorem</strong></span> <span class='ocrx_word' id='word_1_675' title='bbox 3213 4552 3399 4621; x_wconf 83' lang='lat' dir='ltr'><strong>tinem,</strong></span> <span class='ocrx_word' id='word_1_676' title='bbox 3436 4554 3590 4625; x_wconf 83' lang='lat' dir='ltr'><strong>quod</strong></span> <span class='ocrx_word' id='word_1_677' title='bbox 3617 4564 3706 4611; x_wconf 87' lang='lat' dir='ltr'><strong>est</strong></span> <span class='ocrx_word' id='word_1_678' title='bbox 3736 4555 3851 4627; x_wconf 82' lang='lat' dir='ltr'><strong>ipso</strong></span> 
     </span>
    </p>
   </div>
   <div class='ocr_carea' id='block_1_105' title="bbox 2251 4641 3854 4718">
    <p class='ocr_par' dir='ltr' id='par_1_105' title="bbox 2251 4641 3854 4718">
     <span class='ocr_line' id='line_1_105' title="bbox 2251 4641 3854 4718; baseline 0.003 -20"><span class='ocrx_word' id='word_1_679' title='bbox 2251 4641 2475 4700; x_wconf 81' lang='lat' dir='ltr'><strong>Statlilo.</strong></span> <span class='ocrx_word' id='word_1_680' title='bbox 2500 4644 2669 4717; x_wconf 84' lang='lat' dir='ltr'><strong>igitur</strong></span> <span class='ocrx_word' id='word_1_681' title='bbox 2697 4655 2999 4703; x_wconf 89' lang='lat' dir='ltr'><strong>statuentes</strong></span> <span class='ocrx_word' id='word_1_682' title='bbox 3033 4646 3334 4718; x_wconf 88' lang='lat' dir='ltr'><strong>apostolica</strong></span> <span class='ocrx_word' id='word_1_683' title='bbox 3362 4647 3702 4703; x_wconf 86' lang='lat' dir='ltr'><strong>auctoritate</strong></span> <span class='ocrx_word' id='word_1_684' title='bbox 3729 4663 3854 4703; x_wconf 85' lang='lat' dir='ltr'><strong>con-</strong></span> 
     </span>
    </p>
   </div>
   <div class='ocr_carea' id='block_1_106' title="bbox 2246 4735 3851 4813">
    <p class='ocr_par' dir='ltr' id='par_1_106' title="bbox 2246 4735 3851 4813">
     <span class='ocr_line' id='line_1_106' title="bbox 2246 4735 3851 4813; baseline 0.006 -26"><span class='ocrx_word' id='word_1_685' title='bbox 2246 4735 2531 4792; x_wconf 72' lang='lat' dir='ltr'><strong>firmamus</strong></span> <span class='ocrx_word' id='word_1_686' title='bbox 2558 4738 2678 4805; x_wconf 88' lang='lat' dir='ltr'><strong>tibi,</strong></span> <span class='ocrx_word' id='word_1_687' title='bbox 2716 4740 3128 4795; x_wconf 88' lang='lat' dir='ltr'><strong>successoribus</strong></span> <span class='ocrx_word' id='word_1_688' title='bbox 3162 4739 3294 4807; x_wconf 87' lang='lat' dir='ltr'><strong>tuis,</strong></span> <span class='ocrx_word' id='word_1_689' title='bbox 3321 4754 3425 4795; x_wconf 89' lang='lat' dir='ltr'><strong>nec</strong></span> <span class='ocrx_word' id='word_1_690' title='bbox 3445 4755 3557 4813; x_wconf 89' lang='lat' dir='ltr'><strong>non</strong></span> <span class='ocrx_word' id='word_1_691' title='bbox 3586 4738 3851 4796; x_wconf 68' lang='lat' dir='ltr'><strong>Ecclesia:</strong></span> 
     </span>
    </p>
   </div>
   <div class='ocr_carea' id='block_1_107' title="bbox 2244 4822 3846 4899">
    <p class='ocr_par' dir='ltr' id='par_1_107' title="bbox 2244 4822 3846 4899">
     <span class='ocr_line' id='line_1_107' title="bbox 2244 4822 3846 4899; baseline 0.002 -19"><span class='ocrx_word' id='word_1_692' title='bbox 2244 4835 2352 4881; x_wconf 65' lang='lat' dir='ltr'><strong>tua:</strong></span> <span class='ocrx_word' id='word_1_693' title='bbox 2391 4828 2664 4882; x_wconf 86' lang='lat' dir='ltr'><strong>civitatem</strong></span> <span class='ocrx_word' id='word_1_694' title='bbox 2711 4830 3056 4899; x_wconf 74' lang='lat' dir='ltr'><strong>Teatensem,</strong></span> <span class='ocrx_word' id='word_1_695' title='bbox 3106 4839 3160 4886; x_wconf 93' lang='lat' dir='ltr'><strong>et</strong></span> <span class='ocrx_word' id='word_1_696' title='bbox 3200 4822 3488 4885; x_wconf 87' lang='lat' dir='ltr'><strong>castellum</strong></span> <span class='ocrx_word' id='word_1_697' title='bbox 3552 4829 3846 4885; x_wconf 67' lang='lat' dir='ltr'><strong>Triballis-</strong></span> 
     </span>
    </p>
   </div>
   <div class='ocr_carea' id='block_1_108' title="bbox 2246 4922 3847 4994">
    <p class='ocr_par' dir='ltr' id='par_1_108' title="bbox 2246 4922 3847 4994">
     <span class='ocr_line' id='line_1_108' title="bbox 2246 4922 3847 4994; baseline 0.002 -19"><span class='ocrx_word' id='word_1_698' title='bbox 2246 4937 2402 4987; x_wconf 88' lang='lat' dir='ltr'><strong>num,</strong></span> <span class='ocrx_word' id='word_1_699' title='bbox 2437 4930 2495 4977; x_wconf 88' lang='lat' dir='ltr'><strong>et</strong></span> <span class='ocrx_word' id='word_1_700' title='bbox 2539 4931 2751 4977; x_wconf 84' lang='lat' dir='ltr'><strong>cortem</strong></span> <span class='ocrx_word' id='word_1_701' title='bbox 2803 4924 3088 4992; x_wconf 78' lang='lat' dir='ltr'><strong>Cistcrnae,</strong></span> <span class='ocrx_word' id='word_1_702' title='bbox 3138 4935 3462 4994; x_wconf 76' lang='lat' dir='ltr'><strong>cui-temque</strong></span> <span class='ocrx_word' id='word_1_703' title='bbox 3493 4924 3564 4980; x_wconf 89' lang='lat' dir='ltr'><strong>de</strong></span> <span class='ocrx_word' id='word_1_704' title='bbox 3606 4922 3847 4980; x_wconf 79' lang='lat' dir='ltr'><strong>Patron-</strong></span> 
     </span>
    </p>
   </div>
   <div class='ocr_carea' id='block_1_109' title="bbox 2245 5013 3845 5087">
    <p class='ocr_par' dir='ltr' id='par_1_109' title="bbox 2245 5013 3845 5087">
     <span class='ocr_line' id='line_1_109' title="bbox 2245 5013 3845 5087; baseline 0.001 -18"><span class='ocrx_word' id='word_1_705' title='bbox 2245 5013 2403 5080; x_wconf 89' lang='lat' dir='ltr'><strong>cello,</strong></span> <span class='ocrx_word' id='word_1_706' title='bbox 2446 5030 2549 5069; x_wconf 89' lang='lat' dir='ltr'><strong>nec</strong></span> <span class='ocrx_word' id='word_1_707' title='bbox 2577 5030 2687 5069; x_wconf 92' lang='lat' dir='ltr'><strong>non</strong></span> <span class='ocrx_word' id='word_1_708' title='bbox 2718 5016 3005 5071; x_wconf 90' lang='lat' dir='ltr'><strong>castellum</strong></span> <span class='ocrx_word' id='word_1_709' title='bbox 3047 5017 3116 5071; x_wconf 89' lang='lat' dir='ltr'><strong>de</strong></span> <span class='ocrx_word' id='word_1_710' title='bbox 3163 5016 3481 5072; x_wconf 83' lang='lat' dir='ltr'><strong>Genestrale</strong></span> <span class='ocrx_word' id='word_1_711' title='bbox 3522 5032 3656 5072; x_wconf 89' lang='lat' dir='ltr'><strong>cum</strong></span> <span class='ocrx_word' id='word_1_712' title='bbox 3684 5016 3845 5087; x_wconf 66' lang='lat' dir='ltr'><strong>plebe</strong></span> 
     </span>
    </p>
   </div>
   <div class='ocr_carea' id='block_1_110' title="bbox 2246 5104 3840 5179">
    <p class='ocr_par' dir='ltr' id='par_1_110' title="bbox 2246 5104 3840 5179">
     <span class='ocr_line' id='line_1_110' title="bbox 2246 5104 3840 5179; baseline 0.001 -20"><span class='ocrx_word' id='word_1_713' title='bbox 2246 5104 2304 5160; x_wconf 88' lang='lat' dir='ltr'><strong>S.</strong></span> <span class='ocrx_word' id='word_1_714' title='bbox 2330 5104 2609 5162; x_wconf 87' lang='lat' dir='ltr'><strong>Michaelis</strong></span> <span class='ocrx_word' id='word_1_715' title='bbox 2651 5116 2892 5163; x_wconf 89' lang='lat' dir='ltr'><strong>montem</strong></span> <span class='ocrx_word' id='word_1_716' title='bbox 2940 5123 3160 5179; x_wconf 89' lang='lat' dir='ltr'><strong>quoque</strong></span> <span class='ocrx_word' id='word_1_717' title='bbox 3199 5106 3402 5163; x_wconf 88' lang='lat' dir='ltr'><strong>Filardi</strong></span> <span class='ocrx_word' id='word_1_718' title='bbox 3449 5124 3579 5163; x_wconf 91' lang='lat' dir='ltr'><strong>cum</strong></span> <span class='ocrx_word' id='word_1_719' title='bbox 3631 5109 3840 5179; x_wconf 83' lang='lat' dir='ltr'><strong>capella</strong></span> 
     </span>
    </p>
   </div>
   <div class='ocr_carea' id='block_1_111' title="bbox 2245 5195 3840 5277">
    <p class='ocr_par' dir='ltr' id='par_1_111' title="bbox 2245 5195 3840 5277">
     <span class='ocr_line' id='line_1_111' title="bbox 2245 5195 3840 5277; baseline 0.003 -27"><span class='ocrx_word' id='word_1_720' title='bbox 2245 5195 2460 5253; x_wconf 68' lang='lat' dir='ltr'><strong>Sancta:</strong></span> <span class='ocrx_word' id='word_1_721' title='bbox 2491 5197 2798 5268; x_wconf 86' lang='lat' dir='ltr'><strong>Trinitatis,</strong></span> <span class='ocrx_word' id='word_1_722' title='bbox 2821 5198 3031 5270; x_wconf 89' lang='lat' dir='ltr'><strong>plebem</strong></span> <span class='ocrx_word' id='word_1_723' title='bbox 3071 5198 3129 5255; x_wconf 91' lang='lat' dir='ltr'><strong>S.</strong></span> <span class='ocrx_word' id='word_1_724' title='bbox 3168 5198 3385 5254; x_wconf 81' lang='lat' dir='ltr'><strong>Martini</strong></span> <span class='ocrx_word' id='word_1_725' title='bbox 3427 5200 3509 5277; x_wconf 6' lang='lat' dir='ltr'><strong>de,</strong></span> <span class='ocrx_word' id='word_1_726' title='bbox 3539 5198 3735 5265; x_wconf 86' lang='lat' dir='ltr'><strong>Turri,</strong></span> <span class='ocrx_word' id='word_1_727' title='bbox 3789 5208 3840 5254; x_wconf 83' lang='lat' dir='ltr'><strong>et</strong></span> 
     </span>
    </p>
   </div>
   <div class='ocr_carea' id='block_1_112' title="bbox 2241 5290 3840 5364">
    <p class='ocr_par' dir='ltr' id='par_1_112' title="bbox 2241 5290 3840 5364">
     <span class='ocr_line' id='line_1_112' title="bbox 2241 5290 3840 5364; baseline 0.001 -20"><span class='ocrx_word' id='word_1_728' title='bbox 2241 5298 2451 5360; x_wconf 87' lang='lat' dir='ltr'><strong>partem</strong></span> <span class='ocrx_word' id='word_1_729' title='bbox 2503 5290 2571 5346; x_wconf 92' lang='lat' dir='ltr'><strong>de</strong></span> <span class='ocrx_word' id='word_1_730' title='bbox 2621 5292 2826 5347; x_wconf 83' lang='lat' dir='ltr'><strong>Aterno</strong></span> <span class='ocrx_word' id='word_1_731' title='bbox 2876 5308 3000 5348; x_wconf 90' lang='lat' dir='ltr'><strong>cum</strong></span> <span class='ocrx_word' id='word_1_732' title='bbox 3033 5292 3190 5364; x_wconf 90' lang='lat' dir='ltr'><strong>plebe</strong></span> <span class='ocrx_word' id='word_1_733' title='bbox 3241 5299 3562 5347; x_wconf 87' lang='lat' dir='ltr'><strong>sanctorum</strong></span> <span class='ocrx_word' id='word_1_734' title='bbox 3623 5290 3840 5364; x_wconf 80' lang='lat' dir='ltr'><strong>Langu-</strong></span> 
     </span>
    </p>
   </div>
  </div>
