4020 5364
87 312 267 371 1313

79 431 340 502 plebem
368 430 533 487 etiam
563 430 620 487 S.
647 426 831 487 Maria:
852 432 918 487 de
946 424 1415 517 Caramancio,.et
1442 437 1724 493 castellum

82 520 174 575 ﬂe
201 518 392 587 Luco,
438 522 729 577 castellum
779 526 1000 593 quoque
1057 522 1125 578 de
1164 523 1346 592 Petra,
1404 527 1726 597 plebemque

87 611 166 667 Β.
198 610 447 668 Joannis
486 614 553 668 de
577 613 857 683 Albatcco,
901 615 1185 671 castellum
1211 615 1424 673 Pulveri
1456 634 1582 673 cum
1626 634 1726 674 sua

91 703 358 775 capella,
401 702 616 773 plebem
654 705 819 760 etiam
867 704 924 761 S.
979 706 1241 778 Stephani
1278 709 1332 764 in
1380 709 1641 777 Baxamo,
1672 716 1727 765 et

90 792 341 863 plebem
370 793 436 847 de
462 793 761 850 Buvlanico
794 805 848 851 et
876 797 1088 867 plebem
1132 797 1189 853 S.
1228 798 1448 854 Martini
1486 801 1553 855 de
1581 809 1725 856 terra

94 883 264 939 Doni
298 884 557 955 Trcsidii,
581 895 638 942 et
654 899 897 943 montem
923 889 1091 962 Perge
1115 908 1241 946 cum
1269 892 1471 948 Sancto
1496 891 1723 965 Angela,

94 981 165 1029 et
217 976 453 1033 sedibus
500 977 965 1047 molendinorum,
1009 982 1331 1053 plebemque
1375 983 1442 1038 de
1486 982 1723 1052 Juliano,

99 1075 167 1122 et
200 1066 426 1139 plebem
460 1068 517 1124 S.
549 1069 803 1139 Caecilia,
842 1087 908 1127 ac
952 1073 1164 1144 plebem
1212 1075 1279 1130 de
1323 1074 1451 1131 Piro
1481 1075 1723 1145 Coartio,

99 1168 166 1213 et
196 1159 422 1229 plebem
453 1161 521 1215 de
550 1159 778 1229 Oucule,
811 1164 1025 1233 plebem
1072 1180 1294 1237 quoque
1336 1165 1393 1221 S.
1446 1167 1632 1223 Mariae
1670 1168 1726 1222 in

102 1249 274 1318 Bari,
323 1261 380 1308 et
427 1254 640 1324 plebem
692 1256 751 1310 ὃ.
779 1255 963 1312 Marize
1013 1258 1067 1312 in
1100 1258 1296 1327 Domo,
1329 1268 1385 1314 et
1420 1260 1633 1331 plebem
1660 1260 1728 1316 de

102 1340 357 1412 Attissa,
389 1354 444 1401 et
465 1349 865 1404 monasterium
902 1349 959 1405 S.
985 1349 1184 1419 Mauri,
1216 1360 1271 1407 et
1300 1352 1512 1424 plebem
1545 1350 1603 1407 S.
1633 1351 1729 1407 Ni-

108 1435 267 1493 eolai
319 1436 389 1493 de
424 1448 609 1494 monte
656 1438 914 1508 Oderisii,
941 1451 994 1497 et
1037 1451 1280 1499 montem
1316 1443 1514 1511 Aeuto,
1566 1451 1621 1499 et
1672 1445 1727 1498 in

110 1527 282 1584 furca
327 1536 383 1584 et
414 1529 556 1586 ultra
592 1528 895 1588 Piscariam
940 1542 1116 1591 terras
1157 1537 1334 1593 eidem
1388 1530 1729 1609 episcopatui

109 1622 484 1691 pertinentes.
513 1621 640 1679 Haec
666 1625 850 1679 omnia
867 1667 882 1694 ,
918 1636 973 1682 et
996 1628 1167 1683 multa
1193 1628 1300 1683 alia
1324 1629 1729 1700 prtcdicto'epi-

106 1714 377 1785 'Sc0patui
401 1717 749 1787 pertinentia,
766 1734 889 1789 quae
909 1719 999 1776 hic
1023 1736 1131 1776 non
1155 1729 1283 1776 sunt
1298 1721 1574 1793 descripta
1591 1738 1727 1776 con-

112 1809 436 1876 ﬁrmamus,
469 1810 656 1880 plebes
696 1811 925 1880 scilicet,
967 1821 1023 1868 et
1070 1815 1329 1885 capellas,
1382 1823 1436 1870 et
1477 1815 1721 1881 castella,

115 1909 315 1957 curtes
343 1917 470 1957 cum
495 1903 751 1959 omnibus
785 1904 902 1960 suis
936 1905 1281 1976 pertinentiis
1312 1916 1367 1963 ct
1401 1907 1723 1964 decimatio—

117 1994 312 2061 nibus,
350 2002 516 2066 atque
562 1995 937 2053 oblationibus
966 1997 1209 2054 ﬁdelium
1248 2008 1589 2056 mortuorum
1637 2010 1722 2056 at-

118 2100 238 2156 que
260 2085 535 2154 vivorum,
572 2102 673 2143 nec
704 2103 814 2153 non
838 2089 1119 2160 primitiis,
1151 2106 1216 2146 ac
1246 2092 1506 2149 omnibus
1542 2093 1725 2149 datio-

118 2176 292 2231 nibus
313 2179 649 2249 episcopatui
673 2180 936 2238 canonica
958 2185 1281 2240 auctoritate
1302 2186 1720 2256 pertinentibus.

124 2271 191 2327 Si
238 2273 366 2344 quis
403 2282 609 2342 autem,
640 2275 786 2347 quod
831 2277 1025 2346 absit,.
1052 2279 1120 2334 de
1164 2280 1252 2337 his
1299 2282 1559 2337 omnibus
1602 2298 1726 2354 quae

122 2364 509 2435 praediximus,
562 2366 859 2423 temerario
898 2383 1061 2436 ausu,
1114 2370 1230 2426 sive
1280 2371 1598 2442 imperator,
1640 2374 1723 2428 vel

123 2457 398 2524 marchio,
430 2466 526 2513 aut
555 2474 762 2526 eomes,
806 2468 902 2515 aut
929 2461 1114 2533 aliqua
1159 2479 1397 2534 persona
1441 2465 1599 2531 laica,
1630 2475 1727 2521 aut

127 2549 332 2621 aliquis
364 2549 675 2621 episcopus,
726 2551 841 2607 sive
874 2553 1065 2615 abbas.
1103 2555 1431 2622 monachus,
1476 2556 1562 2611 vel
1598 2573 1724 2627 pre-

128 2640 315 2713 sbyter
334 2639 651 2713 infringere,
687 2642 937 2698 minuere
971 2653 1067 2699 aut
1092 2645 1329 2700 retinere
1363 2663 1727 2717 prtesumpse—

127 2730 203 2785 rit
230 2739 422 2786 contra
451 2740 603 2787 tuam
642 2731 968 2800 Ecclesiam,
1005 2734 1091 2789 vel
1127 2744 1319 2791 contra
1348 2747 1500 2792 tuam
1533 2737 1727 2792 volun-

132 2828 322 2887 tatem,
352 2830 407 2876 et
439 2837 825 2878 sucwswrum
843 2831 1064 2881 tuorum
1099 2834 1404 2882 statuentes
1426 2828 1725 2898 apostolica

133 2910 481 2977 auctoritate,
537 2912 642 2966 sub
678 2913 851 2967 divini
901 2913 1097 2984 judicii
1156 2916 1621 2985 interminatione,
1665 2926 1729 2974 ut

135 3002 284 3058 nulla
304 3019 551 3075 unquam
582 3020 799 3075 magna,
821 3006 907 3062 vel
932 3022 1099 3078 parva
1140 3009 1519 3081 cujuscunque
1549 3011 1727 3084 digni:

137 3096 305 3164 tatis,
351 3103 449 3151 aut
502 3096 715 3152 ordinis
766 3113 1039 3168 persona,
1090 3100 1233 3157 sicut
1284 3118 1451 3173 supra
1513 3103 1726 3174 praefati

139 3203 182 3241 ε·
207 3201 352 3254 mus,
394 3195 469 3255 te,
508 3188 593 3243 vel
642 3181 994 3246 successores
1047 3199 1172 3248 tuos
1208 3193 1275 3249 de
1313 3186 1728 3264 praenOminatis

140 3280 297 3336 nonis
336 3281 586 3337 ecclesiae
613 3289 739 3348 tua},
776 3282 861 3338 vel
892 3283 961 3339 de
990 3285 1249 3341 omnibus
1296 3287 1365 3341 ad
1415 3302 1535 3343 eam
1578 3288 1727 3359 juste

131 3372 537 3444 pertinentibus
574 3373 881 3444 inquietare
915 3376 1001 3431 vel
1031 3378 1324 3434 molestare
1367 3381 1593 3448 audeat;
1626 3398 1727 3439 nec

136 3469 335 3540 aliquis
356 3470 826 3542 archiepiscopus,
840 3474 929 3542 vel
945 3474 1112 3545 episc.
1142 3475 1197 3530 in
1220 3483 1310 3531 tua
1332 3478 1554 3535 dioecesi
1569 3480 1728 3551 quid-

136 3577 304 3633 quam
361 3577 462 3633 pro
511 3564 907 3623 constitutione
959 3566 1215 3622 ordinare
1269 3570 1354 3623 vel
1399 3586 1561 3643 agere
1610 3573 1729 3629 sine

136 3666 233 3710 tua
263 3670 758 3728 sueccssorumque
791 3666 1011 3714 tuorum
1051 3660 1274 3716 licentia
1306 3662 1575 3732 audeant;
1606 3665 1723 3733 sed,

135 3747 523 3805 contrarietate
545 3759 754 3806 remota
776 3752 1174 3821 ecclesiastica,
1200 3771 1325 3811 eum
1363 3758 1479 3813 suis
1497 3758 1727 3829 justitiis

138 3844 525 3913 perpetualiter
563 3846 749 3916 quieta
780 3858 1081 3906 remaneat.
1132 3850 1238 3918 Qui
1263 3869 1393 3909 vero
1428 3855 1567 3921 hac,
1604 3872 1728 3927 quae

138 3951 172 3990 a
196 3936 350 3994 nobis
381 3938 473 4009 pio
507 3931 706 3994 intuitu
745 3943 1091 4016 promulgata
1133 3953 1281 4014 sunt,
1326 3945 1620 4019 infringere
1642 3950 1728 4004 vel

140 4034 197 4087 in
226 4032 408 4105 aliquo
446 4037 778 4109 transgredi,
813 4037 957 4094 sicut
996 4039 1258 4108 diximus,
1294 4044 1725 4115 praesumpserit,

140 4124 526 4194 omnipotentis
556 4125 656 4182 Dei
697 4127 837 4182 iram
883 4130 1151 4197 incurrat,
1195 4141 1251 4187 et
1278 4141 1471 4190 nostro
1496 4136 1728 4190 anathe-

142 4220 285 4268 mate
313 4212 605 4273 confossus
635 4228 843 4288 pereat,
876 4221 971 4275 sed
1005 4228 1062 4276 et
1094 4238 1221 4278 cum
1257 4224 1476 4281 diabolo
1506 4228 1732 4283 damna-

142 4313 233 4362 tus
251 4316 444 4378 gemat,
466 4317 521 4364 et
561 4310 787 4382 insuper
811 4313 958 4369 sciat
977 4329 1037 4370 se
1064 4313 1327 4375 daturum
1357 4328 1576 4376 centum
1603 4320 1745 4378 auri

141 4397 326 4466 libras,
362 4400 709 4457 medietatem
734 4420 894 4460 sacro
924 4416 1116 4475 nostro
1140 4410 1365 4481 palatio,
1399 4421 1456 4468 et
1473 4415 1730 4472 medieta'

1310 318 1669 379 EPISTOLE
1711 315 1795 377 ET
1836 317 2251 381 θιΡιοΜΑτΑ

3286 290 3420 371 is”

2558 428 2669 491 γη.
2718 416 2723 420 ’

2418 551 2600 619 (Anno
2642 545 2824 617 l059.)

2208 642 2422 715 [Msssn
2455 641 2661 697 Concil.
2702 638 2847 707 XIX,
2888 633 3038 709 875.]

1829 733 2047 806 Νἱςριαί
2070 732 2138 788 ll
2168 732 2414 806 Epistola
2438 732 2507 786 ad
2528 733 2797 806 episcopos
2841 723 3423 806 Gallianuzlquitaniw,

1910 798 2299 860 Vasconiwf—
2323 798 2911 870 Decreta'proniulgata
2960 801 3016 853 in
3047 798 3286 853 Rontana
3334 809 3428 869 ty-

1897 877 2036 930 nodo
2064 892 2188 929 ann.
2224 874 2365 929 1059
2388 872 2643 927 nonnulla
2671 872 2924 926 continet.

1756 439 1800 497 Α

1896 987 2168 1046 Νιεοιλιτδ
2194 988 2505 1060 episc0pus,
2553 1001 2746 1042 servus
2768 999 3051 1042 servorum
3092 981 3208 1049 Dei,
3245 978 3425 1037 omni-

1826 1084 1931 1140 bus
1970 1082 2421 1155 archiepiscopis,
2451 1079 2741 1152 episcopis,
2779 1077 3099 1141 abbatibus,
3138 1073 3350 1130 clericis
3371 1080 3427 1127 et

1827 1175 1985 1231 laicis
2037 1175 2317 1239 ﬁdelibus,
2372 1180 2482 1227 tam
2529 1170 2835 1241 majoribus
2887 1183 3053 1239 quam
3090 1164 3423 1230 minoribus,

1827 1285 1925 1340 per
1955 1285 2147 1323 omnes
2191 1267 2395 1323 Gallias
2441 1266 2497 1321 in
2527 1264 2749 1321 Christo
2771 1261 3262 1329 eommorantihus,
3314 1258 3427 1315 imo

1828 1362 2170 1433 Aquitanicis
2208 1370 2261 1416 et
2306 1360 2667 1427 V’asconibus,
2708 1358 2939 1414 salutem
2974 1364 3029 1412 et
3069 1354 3428 1426 apostolicam

1829 1456 2288 1512 benedictionem.

1900 1546 2060 1602 Anno
2090 1544 2388 1602 Dominicae
2412 1544 2814 1602 lncarnationis
2859 1543 3020 1611 l059,
3067 1557 3214 1597 anno
3241 1538 3428 1612 ponti-

1830 1637 2024 1693 ﬁcatus
2045 1638 2219 1693 nostri
2244 1639 2444 1709 primo,
2472 1638 2660 1693 indiet.
2694 1654 2791 1705 χιι,
2820 1635 3067 1690 Romana
3094 1634 3229 1689 urbe
3250 1632 3307 1687 in
3333 1632 3431 1687 ba-

1831 1727 1987 1783 silica
2033 1726 2218 1784 Sancti
2264 1727 2566 1783 Salvatoris
2624 1744 2747 1800 quat
2781 1726 3083 1799 appellatur
3109 1722 3430 1779 Constanti—

1757 1801 1800 1858 Β
1827 1820 2014 1885 niana,
2037 1820 2281 1877 sanctam
2314 1821 2653 1877 celebrantes
2680 1821 2973 1894 synodum,
3013 1835 3043 1874 a
3082 1816 3289 1875 sanctis
3324 1814 3431 1872 Pa-

1827 1908 2026 1979 tribus,
2079 1914 2330 1969 videlicet
2376 1914 2479 1969 H5
2513 1913 2806 1984 episcopis,
2846 1911 3087 1981 exceptis
3118 1907 3429 1975 abbatibus,

1824 2012 1880 2061 et
1900 2006 2114 2062 clericis
2136 2006 2408 2078 religiosis
2426 2020 2490 2062 ac
2505 2006 2661 2061 laicis
2684 2005 3037 2069 celebratam,
3063 2001 3130 2057 de
3158 2007 3304 2057 statu
3327 1997 3431 2055 Εσ-

1825 2097 2007 2153 etesiae
2028 2104 2232 2152 sanctae
2267 2097 2333 2151 ad
2369 2111 2717 2152 communem
2746 2095 3056 2160 utilitatem,
3093 2091 3203 2147 Deo
3238 2090 3430 2164 propi-

1827 2172 1924 2254 tio,
1950 2188 2215 2243 canonice
2238 2187 2635 2258 disposuimus.
2658 2185 2806 2241 Inter
2826 2193 3021 2240 ctetera
3046 2185 3112 2239 de
3135 2182 3431 2239 Nicolaita—

1825 2295 1950 2335 rum
1977 2281 2192 2348 haeresi,
2218 2280 2271 2335 id
2300 2289 2385 2336 est
2418 2280 2486 2335 de
2516 2279 2827 2351 conjugatis
2853 2279 3207 2350 presbyteris,
3245 2277 3432 2333 diaco«

1826 2373 1992 2429 nibus
2039 2380 2095 2427 et
2145 2370 2506 2427 omnibusin
2555 2372 2704 2427 clero
2753 2370 3103 2438 constitutis,
3160 2371 3229 2425 ab
3280 2368 3432 2425 omni

1826 2464 2061 2521 concilio
2077 2472 2342 2520 statutum
2359 2471 2443 2521 est
2456 2472 2511 2521 et
2525 2464 2940 2520 corroboratum
2955 2464 3029 2519 ita
3052 2482 3095 2518 τι
3107 2461 3432 2546 Quicunque

1826 2559 2196 2626 sacerdotum,
2244 2558 2605 2614 diaconorum
2660 2566 2715 2613 et
2750 2552 3213 2613 subdiannorum
3241 2598 3256 2624 ,
3306 2562 3433 2626 post

1825 2651 2183 2707 constitutum
2234 2651 2406 2707 beatae
2455 2650 2734 2706 memoriae
2779 2649 3197 2721 praedecessor-is
3254 2649 3431 2704 nostri

1826 2744 2163 2801 sanctissimi
2210 2744 2411 2800 Leonis
2450 2758 2604 2815 papae
2647 2744 2715 2800 de
2767 2742 3019 2799 castitate
3062 2742 3389 2798 clericorum
3414 2782 3429 2806 ,

1826 2837 2191 2893 concubinam
2226 2837 2407 2909 palam
2453 2836 2643 2903 duxit,
2680 2836 2765 2892 vel
2792 2836 3010 2891 ductam
3050 2850 3161 2890 non
3188 2834 3429 2907 reliquit,

1825 2944 1893 2984 ex
1931 2936 2085 3001 parte
2126 2928 2521 3000 omnipotentis
2577 2926 2710 2995 Dei,
2768 2927 3092 2983 auctoritate
3143 2928 3430 2983 beatorum

1827 3022 2205 3092 apostolorum
2237 3020 2383 3077 Petri
2419 3028 2475 3077 et
2514 3017 2690 3089 Pauli,
2734 3021 3084 3092 praecipimus
3114 3027 3169 3076 et
3203 3020 3431 3076 omnino

1827 3112 2259 3168 contradicimus
2290 3120 2352 3166 ut
2382 3111 2605 3168 missam
2629 3127 2739 3166 non
2763 3118 3004 3177 cantent,
3041 3126 3219 3182 neque
3244 3107 3430 3164 Evan-

1829 3205 2031 3276 gelium
2078 3204 2455 3275 pronuntient,
2507 3218 2685 3275 neque
2734 3201 3033 3274 Epistolam
3085 3203 3152 3257 ad
3202 3202 3427 3257 missam

1829 3299 2030 3369 legant,
2063 3313 2241 3367 neque
2282 3296 2338 3351 in
2380 3294 2721 3369 presbyterio
2756 3294 2825 3351 ad
2859 3294 3043 3350 divina
3091 3293 3266 3349 ollicia
3304 3308 3429 3352 cum

1827 3390 1915 3447 bis
1939 3389 2033 3461 qui
2069 3387 2310 3461 prmiata:
2348 3388 2680 3445 institutioni
2715 3387 3029 3443 obedientes
3068 3386 3289 3441 fuerunt
3312 3400 3431 3447 ma-

1827 3490 2014 3546 neant,
2052 3496 2229 3551 neque
2254 3488 2463 3551 partem
2491 3478 2560 3535 ab
2582 3478 2827 3535 Ecclesia
2850 3476 3116 3548 recipiant
3139 3491 3432 3548 quousque

1827 3589 1859 3629 a
1888 3573 2051 3629 nobis
2081 3572 2351 3628 sententia
2378 3587 2543 3644 super
2566 3570 2904 3642 hujusmodi,
2935 3568 3046 3624 Deo
3072 3570 3428 3637 concedente,

1826 3666 2102 3737 procedat.
2136 3664 2203 3720 Et
2222 3664 2601 3736 prtecipientes
2636 3663 2930 3718 statuimus
2967 3671 3028 3716 ut
3061 3661 3118 3716 hi
3144 3662 3431 3732 praedicto-

1827 3774 1951 3813 rum
1999 3758 2293 3822 ordinum,
2347 3757 2441 3828 qui
2488 3757 2734 3827 ejusdem
2790 3754 3205 3825 prmdeeessoris
3254 3751 3432 3809 nostri

1826 3849 2045 3905 decreto
2084 3850 2399 3905 obedientes
2424 3850 2541 3903 hzec
2577 3846 2938 3912 servaverint,
2959 3845 3118 3916 juxta
3155 3844 3431 3902 Ecclesiae

1826 3944 2029 4013 quibus
2059 3942 2295 3998 ordinati
2327 3950 2475 4007 sunt,
2513 3940 2657 3997 sicut
2685 3949 2900 4011 oportet
2943 3938 3235 4008 religiosos
3267 3938 3430 3995 cleri-

1828 4051 1944 4102 cos,
1979 4036 2143 4091 simul
2168 4035 2501 4089 manducent
2525 4042 2579 4088 ct
2614 4032 2913 4087 dormiant.
2945 4031 3009 4086 Et
3036 4040 3290 4103 rogantes
3311 4047 3433 4087 mo-

1828 4138 2026 4186 nemus
2048 4139 2107 4184 ut
2138 4129 2203 4185 ad
2230 4127 2611 4199 apostolicam,
2635 4142 2985 4182 communem
3009 4125 3236 4193 scilicet,
3259 4124 3432 4180 vitam

1829 4238 2181 4293 summopere
2199 4221 2485 4293 pervenire
2512 4219 2798 4287 studeant;
2826 4227 3121 4289 quatenus,
3136 4216 3432 4298 perfectio-

1828 4332 1955 4371 nem
1987 4314 2291 4379 consecuti,
2317 4329 2443 4368 cum
2479 4311 2688 4391 bisqui
2712 4311 3014 4366 centesimo
3044 4309 3226 4391 fructu
3251 4310 3434 4365 ditan-

1828 4416 1919 4464 tur
1953 4408 2008 4463 in
2044 4406 2253 4463 coalesti
2280 4405 2458 4477 patria
2488 4386 2803 4459 mercantur
2832 4400 3054 4460 ascribi.
3102 4421 3120 4455 ι

140 4499 251 4545 tem
272 4491 370 4561 ipsi
391 4493 652 4562 praedicto
673 4497 951 4568 episeopo.
978 4498 1084 4567 Qui
1106 4517 1239 4558 vero
1269 4505 1363 4574 pio
1400 4506 1602 4564 intuitu
1627 4511 1726 4566 ob-
1758 4536 1804 4591 D
1902 4501 1978 4557 De
2014 4502 2100 4558 his
2121 4509 2304 4556 autem
2342 4498 2559 4554 clericis
2593 4497 2688 4569 qui
2719 4506 3005 4591 tonsuram
3035 4494 3352 4591 projiciunt,
3378 4502 3435 4551 et

141 4590 380 4639 servator
427 4585 486 4640 in
541 4588 800 4644 omnibus
844 4592 1135 4661 exstiterit,
1179 4598 1498 4656 custodiens
1532 4602 1731 4673 hujus-
1758 4585 1795 4591 -
1833 4611 1867 4651 ³
1901 4595 2161 4652 ειθνίοθῑα
2183 4592 2465 4659 recedunt.
2491 4608 2634 4663 quos
2662 4599 2944 4661 δροειδῑθε
2968 4587 3433 4669 ῘυῘῙίδηίδιλεάυτθ

143 4674 285 4730 modi
307 4677 480 4733 nostri
506 4679 781 4753 privilegii
806 4685 1107 4742 constituta
1156 4689 1226 4744 ad
1251 4691 1460 4747 cultum
1503 4693 1599 4750 Dei
1643 4715 1733 4755 re-

144 4764 463 4835 spicientis,’
489 4769 891 4830 benedictionis
952 4777 1184 4847 gratiam
1235 4796 1265 4835 a
1328 4781 1731 4846 misericordis-

143 4856 277 4912 aimo
310 4857 545 4915 Domino
568 4860 681 4917 Deo
703 4864 920 4933 habeat,
958 4875 1014 4922 et
1038 4868 1160 4924 vita:
1200 4880 1417 4927 aeterna:
1444 4878 1726 4951 particeps

145 4963 260 5006 esse
292 4962 569 5008 mereatur
591 4954 647 5009 in
680 4958 882 5014 saecula
917 4961 1268 5017 saeculorum.
1307 4965 1504 5022 Amen.

216 5042 481 5115 Scriptum
502 5060 603 5116 per
632 5062 830 5105 manus
862 5050 1163 5107 Crescentii
1194 5054 1394 5109 notarii
1420 5065 1473 5111 et
1497 5060 1724 5120 scrinia-

145 5135 210 5190 rii
249 5146 444 5194 sanctae
495 5137 760 5196 Romana:
809 5140 1067 5198 Ecclesia:
1104 5161 1292 5201 mense
1330 5146 1477 5202 Maio
1504 5150 1591 5207 die
1626 5172 1719 5214 se-

1832 4688 2160 4753 vocitamus,
2188 4686 2484 4758 statuimus
2518 4691 2601 4750 ut,
2631 4681 2741 4737 nisi
2772 4682 2842 4736 ad
2876 4679 3276 4752 professionem
3323 4678 3433 4734 cle-

1832 4778 2040 4835 ricatus
2068 4778 2350 4844 redierint,
2381 4776 2532 4831 omni
2570 4773 2875 4831 christiana
2909 4771 3296 4826 communione
3320 4770 3433 4840 pri—

1830 4879 2045 4926 ventur.

1905 4960 1979 5018 De
2026 4959 2315 5017 monachis
2361 4974 2494 5014 vero
2539 4957 2886 5031 propositum
2922 4970 3034 5010 non
3087 4954 3439 5012 servantibus

1830 5054 2176 5111 decrevimus
2222 5060 2304 5120 ut,
2345 5068 2637 5125 quousque
2677 5049 2747 5104 ad
2793 5049 3141 5122 propositum
3187 5048 3449 5127 redeant,

1828 5155 1883 5202 et
1901 5148 1959 5203 in
1994 5145 2331 5204 monasterio
2348 5146 2676 5217 regulariter
2695 5143 3030 5208 consistant,
3054 5139 3453 5198 communione
