4020 5364
562 261 701 325 1518

1904 259 2186 328 ΝιοοιιΑι
2222 271 2267 327 11
2303 273 2507 333 ΡΑΡΑΞ

3708 278 3845 329 1516

560 381 768 439 sanctis
812 375 1067 439 Patribus
1117 390 1380 441 statutum
1432 388 1538 451 est,
1560 380 1855 439 statuimus
1902 382 1975 441 ita
2018 402 2031 438 :
2079 379 2150 438 Ut
2178 386 2225 442 Α
2252 389 2576 445 auctoritate
2609 387 2893 444 beatorum
2946 387 3318 460 apostolorum
3365 380 3512 442 Petri
3561 394 3619 442 et
3666 380 3844 451 Pauli,

562 474 741 544 major
780 475 1011 530 ecclesia
1045 491 1144 547 per
1174 475 1467 531 circuitum
1505 476 1787 548 sexaginta
1818 492 2016 547 passus
2049 476 2152 532 ha-

561 567 707 636 beat,
735 567 958 638 capella
993 583 1145 634 vero,
1178 567 1292 624 si've
1330 570 1574 625 minores
1609 570 1874 637 ecclesia,
1906 568 2161 639 triginta.

561 658 666 726 Qui
709 669 892 716 autem
937 660 1244 717 conﬁnium.
1276 672 1468 716 eorum
1508 660 1805 733 infringere
1845 661 2152 728 tentaverit,

560 750 647 807 vel
682 768 975 823 personam
1004 754 1247 811 hominis
1281 764 1377 810 aut
1398 755 1543 810 bona
1564 755 1685 825 ejus
1718 755 1844 811 inde
1872 755 2156 810 abstraxe-

561 844 652 911 rit,
676 844 785 900 nisi
814 846 1068 916 publicus
1093 846 1236 902 latro
1261 846 1448 915 fuerit,
1491 862 1782 919 quousque
1805 847 2076 915 emendet,
2100 854 2157 902 et

557 935 710 1005 quod
736 936 983 1007 rapuerit
1008 938 1220 1006 reddat,
1246 938 1775 994 excommunicetur.
1818 957 1836 990 ι

633 1026 761 1084 Hac
788 1027 956 1101 igitur
970 1037 1025 1084 et
1044 1038 1239 1085 eatera
1262 1030 1598 1102 hujusmodi,
1625 1040 1966 1102 quacunque
1988 1028 2041 1084 in
2066 1046 2156 1085 sa-

561 1119 675 1174 cris
695 1120 1001 1177 canonibus
1027 1122 1317 1188 habentur,
1357 1123 1733 1177 authentieum
1770 1130 1960 1178 saneta
1985 1129 2153 1194 syno-

562 1210 667 1267 dus
686 1211 912 1282 praefata
940 1211 1056 1270 fore
1084 1204 1299 1270 censuit
1325 1206 1749 1271 observandum.

1291 1314 1428 1379 Vlll.

569 1410 832 1491 Nicotaus
881 1413 948 1491 I_l
1002 1390 1244 1471 omnibus
1281 1418 1540 1491 episwpis
1581 1428 1869 1491 cunctaque
1914 1412 2054 1491 clero
2103 1425 2155 1474 et

669 1486 863 1556 popqu
893 1487 1102 1542 decreta
1134 1489 1324 1557 synodi
1351 1486 1607 1545 Romam:
1630 1491 1706 1561 (l)
1745 1486 2023 1561 perscribit

1167 1580 1349 1652 (Anno
1378 1580 1561 1653 1059.)

957 1667 1173 1741 [Mum
1201 1669 1404 1724 Concil.
1428 1669 1570 1737 XIX,
1611 1664 1764 1744 897.]

2257 479 2624 550 pracipimus,
2669 488 2724 535 et
2759 470 2985 536 omnino
3024 478 3468 547 contradieimus,
3506 486 3571 533 ut
3614 479 3849 535 missam

2256 583 2365 624 non
2400 578 2617 637 cantet,
2658 586 2835 641 neque
2882 568 3233 642 Evangelium
3285 570 3370 624 vel
3423 568 3735 639 Epistotam
3777 564 3848 622 ad

2256 647 2481 715 missam
2515 654 2678 732 legat,
2708 676 2886 732 neque
2930 661 2986 716 in
3034 660 3371 733 presbyterio
3401 661 3469 716 ad
3505 660 3700 716 divina
3728 660 3845 716 olli-

2257 752 2341 806 cia
2387 769 2513 808 cum
2558 748 2627 809 iis
2660 751 2755 826 qui
2813 754 3049 825 pral‘ata
3097 736 3475 809 constitutioni
3523 753 3850 808 obedientes

2255 843 2458 901 fuerint
2485 854 2720 912 maneat,
2751 852 2927 917 neque
2953 854 3160 917 partem
3183 847 3253 900 ab
3276 843 3526 900 Ecclesia
3551 844 3847 915 suscipiat,

2255 936 2546 1008 quousque
2571 954 2602 993 a
2631 935 2791 994 nobis
2836 937 3105 993 sententia
3155 947 3319 1007 super
3352 934 3707 1006 huiusmodi,
3737 932 3851 988 Dex)

2254 1029 2602 1096 concedente,
2639 1030 2916 1100 procedat.

2327 1116 2416 1175 IV.
2454 1113 2519 1175 Et
2546 1114 2921 1192 praecipientes
2954 1120 3246 1177 statuimus
3273 1120 3333 1174 ut
3379 1118 3417 1173 ii
3453 1116 3851 1189 praedictorum

2254 1209 2531 1279 ordinum,
2556 1210 2671 1283 qui,
2689 1213 2863 1267 eidem
2881 1212 3262 1284 praedecessori
3288 1221 3480 1267 nostro
3503 1202 3851 1274 obedientes,

2253 1304 2557 1360 castitatem
2589 1312 2961 1370 servaverunt,
2987 1304 3145 1374 juxta
3173 1303 3433 1359 ecclesias
3459 1301 3674 1372 quibus
3703 1300 3855 1356 ordi-

2254 1394 2366 1448 nati
2402 1402 2551 1460 sunt,
2586 1394 2727 1450 sicut
2757 1403 2971 1465 oportet
3017 1384 3303 1467 religiosos
3353 1393 3592 1449 clericos
3618 1432 3637 1460 ,
3685 1390 3853 1447 simul

2253 1487 2585 1543 manducent
2611 1488 2666 1542 et
2689 1488 2964 1543 dormiant
2992 1505 3006 1541 :
3031 1494 3083 1543 et
3112 1486 3375 1558 quidquid
3399 1486 3482 1541 eis
3508 1485 3583 1540 ab
3602 1483 3855 1539 ecclesiis

2251 1571 2814 1663 venit,.communiter
2844 1579 3099 1635 habeant.
3152 1569 3221 1633 Et
3266 1587 3527 1649 rogantes
3554 1590 3854 1636 monemus

2255 1681 2317 1727 ut
2343 1673 2411 1728 ad
2442 1673 2819 1743 apostolicam,
2851 1686 3200 1728 communem
3226 1664 3455 1737 scilicet,
3487 1669 3669 1724 vitam
3695 1683 3853 1724 sum-

632 1750 905 1817 Ntcouus
937 1762 1247 1832 episcopus,
1279 1776 1473 1818 servus
1506 1778 1791 1819 servorum
1820 1760 1939 1830 Dei,
1968 1763 2118 1819 omni
2137 1793 2151 1804 -
2180 1741 2225 1802 Β
2254 1779 2474 1834 mopere
2510 1765 2794 1834 pervenire
2818 1762 3090 1819 studeant.

561 1850 668 1907 bus
693 1852 966 1924 episcopis
994 1854 1301 1921 catholicis,
1328 1863 1635 1925 cunctoque
1677 1855 1822 1910 clero
1848 1864 1902 1912 et
1930 1853 2151 1926 populo,

563 1941 798 2002 salutem
847 1946 1233 2003 charissimam
1290 1956 1345 2003 et
1405 1946 1764 2019 apostolicam
1811 1947 2193 2033 benediCtio-y

562 2052 711 2093 nem.

639 2125 930 2202 Vigilantia
959 2126 1289 2189 universalis
1318 2128 1603 2203 regiminis
1635 2126 1917 2188 assiduam
1947 2127 2153 2187 sollici-

561 2220 808 2301 tudinem
845 2220 1104 2278 omnibus
1151 2223 1451 2290 debentes,
1504 2224 1667 2279 saluti
1713 2240 1931 2294 quoque
1958 2232 2155 2279 vestra

564 2311 933 2381 providentes,
967 2330 1089 2384 qua
1140 2314 1194 2367 in
1244 2308 1493 2369 Romana
1541 2312 1751 2386 Synodo
1802 2331 1975 2385 nuper
2009 2315 2154 2371 cele-

565 2402 741 2470 brata,
768 2419 953 2460 coram
983 2414 1200 2461 centum
1230 2403 1489 2462 tredecim
1517 2407 1813 2477 episcopis,
1842 2407 2003 2462 nobis
2032 2402 2157 2463 licet

564 2494 854 2551 immeritis
882 2492 1319 2567 prasidentibus,
1371 2507 1500 2554 sunt
1543 2499 1806 2553 canonice
1836 2499 2152 2568 constituta,

562 2584 720 2643 vobis
748 2588 1031 2644 notiﬁcare
1058 2606 1336 2656 curamus,
1368 2590 1497 2660 quia
1546 2589 1615 2644 ad
1647 2589 1876 2645 salutem
1916 2603 2155 2646 vestram

564 2688 917 2735 exsecutores
942 2694 1132 2735 eorum
1160 2692 1260 2735 vos
1286 2694 1410 2737 esse
1440 2684 1694 2752 optamus
1717 2722 1732 2750 ,
1761 2690 1816 2737 et
1854 2682 2154 2753 apostolica

564 2769 894 2826 auctoritate
919 2768 1164 2841 jubendo
1195 2772 1543 2828 mandamus.
1796 2785 1800 2789 '

636 2858 679 2918 l.
713 2857 902 2918 Primo
932 2878 1191 2935 namque,
1234 2864 1544 2934 inspectore
1574 2863 1684 2918 Deo
1709 2906 1724 2930 ,
1759 2870 1844 2920 est
1888 2870 2152 2920 statutum

566 2963 627 3011 ut
652 2956 847 3012 electio
876 2955 1111 3011 Romani
1160 2956 1431 3026 pontiﬁcis
1481 2955 1536 3010 in
1589 2963 1853 3026 potestate
1900 2951 2153 3012 cardina-

564 3043 702 3102 lium
731 3048 1109 3119 episcoporum
1141 3049 1238 3115 sit;
1272 3048 1347 3103 ita
1376 3057 1437 3103 ut
1466 3049 1513 3104 si
1543 3049 1667 3118 quis
1701 3049 2016 3119 apostolica
2041 3050 2153 3105 sedi

2324 1853 2389 1910 γ.
2432 1853 2656 1924 Deinde,
2684 1861 2743 1911 ut
2766 1854 2989 1912 decima
3016 1864 3070 1910 et
3095 1854 3369 1925 primitia,
3400 1869 3497 1909 seu
3536 1851 3855 1907 oblationes

2250 1948 2501 2003 vivorum
2531 1955 2586 2003 et
2609 1954 2949 2002 mortuorum
2976 1988 2991 2014 ,
3039 1945 3286 2001 ecclesiis
3334 1944 3430 2000 Dei
3461 1944 3703 1999 ﬁdeliter
3731 1944 3853 1996 red-

2252 2040 2453 2095 dantur
2479 2056 2509 2094 a
2534 2037 2689 2096 laicis
2713 2082 2728 2107 ,
2774 2044 2829 2094 et
2876 2042 2937 2094 ut
2978 2039 3033 2092 in
3063 2034 3426 2109 dispositione
3454 2036 3853 2106 episcoporum

2252 2133 2382 2188 sint.
2420 2131 2566 2199 Quas
2593 2132 2685 2204 qui
2715 2132 3058 2199 retin'uerint,
3100 2147 3132 2186 a
3161 2134 3365 2187 sancta
3395 2129 3670 2185 Ecclesia
3698 2144 3853 2185 com—

2253 2222 2515 2277 munione
2544 2227 2882 2292 separentur.

2325 2312 2414 2367 Vl.
2454 2304 2525 2369 Ut
2572 2328 2668 2383 per
2712 2308 2882 2367 laicos
2932 2313 3083 2367 nullo
3134 2311 3297 2367 modo
3330 2304 3564 2382 quilibet
3617 2307 3855 2366 clericus

2253 2420 2347 2467 aut
2379 2410 2661 2482 presbyter
2707 2409 2949 2464 obtineat
2976 2407 3260 2464 ecclesiam
3287 2448 3302 2474 ,
3352 2421 3456 2461 nec
3512 2403 3725 2476 gratis,
3759 2415 3858 2457 nec

2254 2502 2447 2574 pretio.

2327 2612 2437 2669 Vll.
2479 2610 2549 2670 Ut
2577 2615 2759 2669 nullus
2809 2613 3055 2669 habitum
3087 2610 3339 2667 monachi
3367 2609 3668 2681 suscipiat,
3700 2620 3853 2679 spem

2256 2715 2349 2762 aut
2374 2706 2795 2786 promissionem
2830 2706 3039 2761 habens
3070 2715 3130 2759 ut
3154 2704 3322 2759 abbas
3349 2702 3463 2757 ﬁat.

2330 2821 2463 2876 Vlll.
2504 2820 2615 2877 Nec
2660 2821 2859 2892 aliquis
2906 2820 3189 2892 presbyter
3218 2819 3354 2875 duas
3382 2816 3659 2874 ecclesias
3690 2815 3856 2873 simul

2258 2916 2517 2971 obtineat.

2329 3028 2419 3083 IX.
2460 3027 2533 3084 Ut
2579 3045 2676 3100 per
2707 3027 3075 3084 Simoniacam
3121 3025 3375 3083 haresim
3424 3039 3597 3079 nemo
3628 3024 3856 3079 ordine-

568 3134 687 3194 sine
706 3141 990 3211 pramissa
1014 3141 1273 3196 concordi
1294 3149 1349 3196 et
1369 3141 1631 3196 canonica
1653 3138 1917 3197 electione
1941 3156 2155 3209 eorum,

2275 3134 2348 3176 ,ur
2389 3122 2473 3176 vel
2521 3129 2905 3193 promoveatur
2958 3120 3028 3176 ad
3076 3118 3354 3191 quodlibet
3402 3116 3852 3173 ecclesiasticum

567 3246 634 3285 ac
661 3230 859 3287 deinde
903 3233 1250 3305 sequentium
1300 3232 1556 3288 ordinum
1608 3233 2010 3303 religiosorum,
2049 3234 2157 3290 cle-

567 3319 809 3377 ricorum
879 3330 935 3379 et
1003 3324 1271 3380 laicorum
1338 3340 1612 3381 consensu
1643 3367 1657 3392 ,
1708 3321 2153 3392 inthronizatur,

571 3412 619 3468 is
670 3428 781 3469 non
830 3428 972 3486 papa
1030 3415 1114 3472 vel
1162 3417 1516 3487 apostolicus,
1559 3417 1653 3473 sed
1691 3418 2026 3488 apostaticus
2053 3418 2156 3473 ha-

573 3500 789 3557 beatur.
2004 3524 2008 3528 “

642 3591 708 3648 11.
745 3591 818 3649 Ut
845 3594 1112 3652 moriente
1155 3596 1405 3654 Romano
1433 3598 1710 3670 pontiﬁce,
1746 3600 1833 3656 vel
1862 3601 2158 3673 cujuscun-

570 3701 680 3758 que
727 3687 1008 3755 civitatis,
1061 3688 1244 3744 nullus
1286 3699 1582 3762 prasumat
1627 3690 1913 3758 facultates
1963 3707 2154 3748 eorum

552 3778 849 3851 invadere,
881 3781 975 3838 sed
1006 3779 1419 3840 successoribus
1460 3797 1653 3840 eorum
1682 3792 2030 3840 reserventur
2066 3783 2154 3841 in-

637 3962 724 4021 lll.
781 3963 854 4022 Ut
900 3965 1085 4025 nullus
1131 3969 1359 4026 missam
1402 3967 1592 4024 audiat
1637 3967 1939 4041 presbyteri
1990 3985 2154 4041 quem

569 4056 674 4113 scit
702 4059 1062 4116 concubinam
1092 4060 1464 4116 indubitanter
1501 4061 1723 4128 habere,
1755 4069 1850 4117 aut
1877 4062 2157 4117 subintro-

570 4150 791 4208 ductam
818 4155 1125 4210 mulierem.
1161 4153 1318 4211 Unde
1346 4156 1513 4211 etiam
1545 4154 1662 4226 ipsa
1698 4166 1886 4212 sancta
1913 4155 2156 4227 synodus

571 4241 678 4297 hoc
705 4244 1001 4314 capitulum
1038 4246 1141 4300 sub
1169 4247 1734 4302 excommunicatione
1785 4245 2015 4313 statuit,
2067 4244 2153 4300 di-

570 4328 702 4385 eens
732 4347 747 4385 :
785 4350 806 4382 ‹
838 4330 1162 4403 Quicunque
1192 4333 1536 4390 sacerdotum
1561 4377 1576 4402 ,
1605 4336 1985 4402 diaconorum,
2020 4336 2153 4391 sub-

2258 3213 2514 3269 ofﬁcium.

2327 3323 2395 3381 X.
2436 3325 2506 3381 Ut
2551 3325 2841 3396 cujuslibet
2889 3320 3098 3380 ordinis
3146 3318 3377 3380 clericos
3420 3321 3553 3377 laici
3599 3336 3716 3376 non
3761 3318 3853 3391 juo

2257 3414 2457 3474 dicent.

2326 3526 2418 3583 XI.
2457 3526 2529 3584 Ut
2557 3529 2623 3585 de
2648 3528 3124 3600 consanguinitate
3149 3543 3246 3583 sua
3275 3526 3461 3582 nullus
3490 3541 3731 3581 uxorem
3754 3540 3853 3580 uu-

2257 3631 2346 3679 cat
2372 3637 2547 3692 usque
2569 3622 2637 3677 ad
2667 3621 3073 3693 generationem
3115 3620 3425 3691 septimam,
3448 3618 3537 3673 vel
3559 3630 3852 3689 quousque

2256 3715 2532 3786 parentela
2557 3712 2814 3782 cognosci
2842 3708 3059 3783 poterit.

2326 3828 2442 3885 ΧΠ.
2482 3828 2554 3886 Ut
2579 3829 2753 3885 laicus
2776 3844 3003 3884 uxorem
3034 3826 3198 3884 simul
3242 3834 3295 3881 et
3338 3821 3721 3881 concubinam
3753 3825 3848 3878 ba-

2164 3905 2174 3912 .
2256 3924 2393 3980 bens
2418 3939 2529 3979 non
2556 3922 2922 3979 communicet
2943 3920 3217 3977 Ecclesia.

2290 4088 2295 4095 .
2328 4035 2465 4091 Xlll.
2503 4033 2575 4091 Ut
2603 4035 2786 4090 nullus
2811 4034 2986 4090 laicus
3011 4033 3079 4089 ad
3099 4031 3399 4103 quemlibet
3418 4027 3660 4101 gradum
3681 4026 3851 4082 eccle-

2258 4130 2540 4186 siasticum
2572 4136 2793 4198 repente
2822 4134 3226 4199 promoventur,
3260 4125 3387 4189 nisi,
3416 4132 3546 4194 post
3574 4130 3847 4178 mutatum

2257 4222 2503 4278 habitum
2547 4220 2883 4287 sacularem,
2929 4219 3188 4274 diuturna
3232 4215 3664 4274 conversatione
3714 4214 3850 4269 inter

2257 4312 2486 4368 clericos
2518 4309 2681 4366 fuerit
2721 4309 3128 4380 comprobatus.

570 4419 948 4501 diaconorum,
976 4431 1101 4492 post
1120 4424 1476 4479 constitutum
1507 4425 1679 4481 beatae
1707 4427 1984 4481 memoria
2013 4442 2153 4497 pra-
2187 4454 2232 4508 D
2335 4425 2439 4481 Vos
2484 4440 2615 4497 ergo
2663 4426 2778 4480 hac
2801 4431 2856 4478 et
2900 4423 3006 4478 alia
3036 4431 3353 4480 sanctorum
3386 4420 3621 4476 Patrum
3649 4429 3848 4477 statuta

568 4509 876 4568 decessoris
904 4513 1082 4569 nostri
1109 4514 1442 4569 sanctissimi
1471 4530 1624 4586 papa
1672 4516 1872 4573 Leonis
1896 4517 1963 4573 de
1991 4517 2157 4572 casti-
2259 4518 2488 4574 ﬁdeliter
2511 4526 2565 4573 et
2591 4515 2904 4573 Christiana
2931 4515 3232 4571 reverentia
3267 4514 3580 4579 observate,
3609 4514 3658 4569 si
3688 4513 3851 4569 vultis

567 4608 679 4659 tate
705 4603 1050 4674 clericorum,
1081 4605 1440 4662 concubinam
1469 4607 1647 4677 palam
1675 4608 1911 4675 duxerit,
1939 4609 2025 4663 vel
2050 4608 2156 4663 du-
2257 4611 2326 4667 de
2372 4618 2576 4666 sancta
2631 4608 2894 4664 Romana
2940 4606 3198 4663 Ecclesia
3251 4616 3306 4662 et
3351 4606 3672 4677 apostoliae
3710 4605 3850 4661 sedis

566 4690 873 4755 etam'non
920 4699 1237 4771 reliquerit,
1281 4692 1552 4772 exparte
1599 4702 1988 4773 omnipotentis
2036 4700 2153 4771 Dei,

638 4857 719 4929 (2)
754 4855 1059 4931 Concilium
1085 4858 1194 4915 hoc
1223 4875 1411 4915 mense
1434 4859 1607 4931 Aprili
1632 4868 1687 4915 et
1716 4860 1948 4931 initertia
1982 4860 2150 4931 septi-

564 4942 731 5014 mana
754 4938 881 5014 post
907 4929 1118 5014 Pascha
1149 4931 1423 5014 habitum“
1438 4929 1505 4987 ei
1534 4929 1741 4989 Nicolai
1768 4930 1838 5014 ll__
1848 4947 2004 5014 papa
2030 4929 2148 5001 epi-

565 4999 705 5080 stola
742 4998 828 5080 ad.
866 5001 1337 5080 sscbiepisepput:
1374 4998 1709 5080 glzziensern
1738 4998 2151 5080 gelligitursex

2263 4719 2396 4774 pace
2420 4712 2476 4758 et
2503 4701 2889 4758 communione
2914 4698 3487 4771 atque'benedictioue
3513 4692 3777 4780 gaudere.

2256 4857 2316 4913 In
2348 4859 2449 4914 hoc
2474 4857 2708 4913 concilio
2751 4855 3040 4911 Widonem
3088 4854 3331 4924 archiep.
3382 4852 3849 4924 Mediolanensem

2261 4925 2331 4984 ab
2360 4929 2584 4985 Arialdo
2610 4938 2663 4982 et
2693 4925 3015 4985 Landulnho
3045 4924 3203 4981 Cotta
3235 4922 3568 4981 Simoniaca
3596 4923 3745 4980 labis
3768 4922 3849 4977 in-

2259 5000 2597 5080 simulatum,
2594 4993 2769 5080 9ddo
2788 4997 2870 5052 vel
2891 4992 3017 5076 ᾼιιο
3035 4992 3388 5080 lio\'arien_si§
3407 4994 3708 5080 episcopus
3726 5009 3847 5080 eum
