4020 5364
241 122 368 180 15ιῖ

980 216 1073 289 ix.

246 348 497 404 Nicotaus
519 344 585 402 11
607 347 846 400 omnibus
874 346 1130 416 episcopis
1152 341 1545 416 Ama‘fphitana!
1568 343 1820 399 Ecclesia!

307 419 656 489 suﬁ'raganeis
681 427 969 487 cunctaque
998 417 1136 470 clero
1169 426 1218 470 et
1253 415 1445 487 populo
1485 416 1696 470 decreta
1725 433 1816 486 sy;

309 491 431 544 nodi
469 489 758 560 signiﬁcat.

834 579 1013 651 (Anno
1042 578 1222 648 1059.)

639 671 833 746 [MANSI
861 671 1064 728 Concil.
1095 670 1236 737 XIX,
1266 669 1418 744 907.]

307 786 576 844 Nicouus
594 787 905 858 episcopus,
938 801 1129 841 servus
1157 800 1441 842 servorum
1481 783 1597 851 Dei,
1638 785 1819 839 omni-

239 897 342 936 nus
375 881 646 952 episcopis
691 879 1088 949 Amalphitanze
1140 878 1396 933 Ecclesia:
1442 877 1817 948 suﬂ‘raganeis,

242 984 547 1044 zunctoque
582 974 727 1029 clero
753 981 806 1028 et
844 972 1046 1042 papulo
1081 972 1310 1026 salutem
1337 969 1741 1035 charissimam,
1768 978 1822 1024 et

238 1066 672 1122 benedictionem
702 1063 1077 1132 apostolicam.

310 1157 598 1228 Vigilantia
629 1156 954 1211 universalis
993 1153 1276 1225 regiminis
1307 1153 1584 1208 assiduam
1613 1152 1819 1208 sollici-

237 1248 480 1303 tudinem
513 1246 767 1302 omnibus
805 1247 1082 1312 debentes,
1131 1245 1323 1300 salutis
1352 1260 1570 1315 quoque
1603 1254 1817 1312 vestras,

235 1358 401 1398 causa
432 1341 801 1413 praerogativa:
825 1341 1130 1396 dilectionis
1173 1341 1481 1396 charissimi
1529 1341 1820 1398 confratris

236 1434 412 1490 nostri
447 1434 844 1504 archiepisc0pi
872 1433 1062 1500 vestri,
1107 1434 1414 1504 specialiter
1452 1436 1815 1504 providentes,

236 1543 360 1598 quae
386 1527 442 1580 in
473 1525 720 1580 Romana
745 1526 954 1598 synodo
988 1541 1161 1595 nuper
1190 1525 1462 1581 celet-rata
1501 1542 1686 1582 coram
1716 1522 1818 1582 115

236 1619 528 1689 episcopis,
546 1618 724 1683 nobis,
752 1617 876 1672 licet
899 1617 1205 1684 immeritis,
1226 1618 1664 1688 praesidentibus,
1692 1629 1821 1674 sunt

237 1707 499 1762 canonice
524 1706 793 1771 instituta,
817 1707 973 1761 vobis
998 1707 1279 1762 notiticare
1302 1723 1580 1776 curamus,
1605 1710 1731 1780 quia
1755 1711 1822 1765 ad

237 1799 473 1853 salutem
538 1807 778 1852 vestram
850 1807 1202 1854 exsecutores
1274 1814 1465 1854 eorum
1535 1816 1633 1856 vos
1698 1816 1822 1857 esse

237 1900 510 1961 Optamus,
558 1899 612 1946 et
667 1891 967 1960 apostolica
1013 1892 1334 1961 auctoritate
1371 1893 1615 1964 jubendo
1661 1911 1821 1950 mane

238 1985 452 2040 damus.

306 2075 494 2132 Primo
525 2094 760 2148 namque
789 2079 1093 2150 inspectore
1121 2079 1232 2135 Deo
1255 2090 1338 2137 est
1372 2091 1634 2137 statutum
1665 2092 1744 2151 ut,
1774 2083 1822 2138 si

238 2169 360 2240 quis
402 2172 714 2240 apostolica!
739 2173 853 2227 sedi
899 2173 1017 2228 sine
1042 2174 1298 2228 concordi
1342 2183 1396 2230 et
1423 2175 1687 2230 canonica
1714 2176 1824 2230 cle-

237 2262 419 2317 ctione
465 2277 532 2319 ac
581 2264 956 2321 benedictione
1005 2265 1364 2321 cardinalium
1418 2267 1819 2338 episcoporum,

237 2369 303 2409 ac
332 2353 528 2409 deinde
559 2358 901 2426 sequentium
945 2359 1199 2413 ordinum
1243 2360 1621 2431 religiosorum
1658 2361 1820 2416 cleri-

236 2459 430 2500 corum
459 2447 878 2516 inthronizatur,
913 2466 1020 2504 non
1052 2465 1190 2526 papa
1218 2451 1302 2505 vel
1342 2453 1678 2523 apostolicus
1719 2454 1822 2508 ha-

236 2537 452 2594 beatur.
1502 2564 1505 2566 ·

310 2629 378 2684 Ει
411 2639 470 2684 ιιι
501 2633 766 2688 moriente
819 2633 1065 2689 Romano
1099 2636 1372 2705 pontiﬁce,
1411 2638 1497 2691 vel
1527 2637 1825 2707 cujuscun-

234 2739 344 2794 quc
367 2723 623 2790 civitatis,
654 2725 838 2780 nullus
863 2735 1159 2796 praesumat
1203 2727 1486 2783 facultates
1511 2745 1700 2784 eorum
1740 2730 1825 2784 in-

235 2815 477 2883 vadere,
530 2815 626 2871 sed
675 2819 1092 2874 successoribus
1145 2835 1334 2875 eorum
1391 2829 1676 2876 serventur
1732 2821 1821 2875 in-

235 2914 421 2976 tegrzc.

315 2996 383 3053 Ut
427 2999 610 3055 nullus
662 3000 888 3056 missam
931 3002 1116 3058 audiat
1149 3003 1450 3075 presbyteri
1500 3020 1663 3075 quem
1711 3005 1815 3061 scit

234 3090 601 3160 concubinam
649 3091 1018 3148 indubitanter
1050 3094 1248 3149 habere
1275 3136 1289 3161 ,
1331 3104 1424 3150 aut
1468 3096 1820 3152 subintrodu-

234 3192 381 3236 ctam
421 3181 723 3237 mulierem.
754 3181 908 3238 Unde
940 3184 1054 3255 ipsa
1097 3185 1272 3256 prima
1305 3187 1545 3257 synodus
1591 3187 1697 3241 hoc
1724 3203 1819 3243 ca-

235 3272 474 3341 pitulum
523 3273 627 3327 sub
674 3274 1241 3330 excommunicatione
1295 3276 1523 3342 statuit,
1573 3276 1760 3331 dicens
1804 3296 1818 3333 :

241 3382 262 3414 ί
299 3362 622 3434 Quicunque
645 3365 1011 3432 sacerdotum,
1057 3365 1320 3421 diaconus
1347 3367 1431 3420 vel
1457 3367 1824 3423 subdiaconus

234 3465 366 3526 post
386 3456 742 3510 constitutum
774 3455 832 3510 Β.
859 3473 1022 3511 mem.
1049 3457 1463 3526 przedecessoris
1488 3458 1661 3513 nostri
1683 3457 1824 3514 Leo-

236 3546 332 3603 nis
354 3561 526 3617 papae,
550 3548 616 3602 de
633 3549 883 3603 castitate
902 3548 1246 3614 clericorum,
1272 3549 1629 3604 concubinam
1656 3549 1826 3603 duxe-

239 3638 338 3704 rit,
363 3638 447 3694 vel
468 3638 686 3693 ductam
711 3653 816 3691 non
847 3638 1147 3708 reliquerit,
1173 3654 1236 3693 ex
1261 3647 1412 3708 parte
1436 3640 1824 3708 omnipotentis

239 3731 363 3797 Dei,
414 3732 737 3786 auctoritate
777 3732 1064 3785 beatorum
1106 3733 1476 3801 apostolorum
1519 3732 1821 3802 principum

238 3825 389 3881 Petri
423 3835 477 3881 et
514 3825 667 3881 Pauli
696 3827 1040 3897 przecipimus
1073 3837 1126 3882 et
1145 3827 1370 3882 omnino
1399 3829 1826 3882 contradicimus

241 3927 306 3973 ut
344 3919 568 3972 missam
614 3935 719 3974 non
763 3927 965 3986 cantet,
996 3935 1097 3974 nec
1134 3919 1429 3990 Epistolam
1461 3936 1560 3974 nec
1589 3919 1832 3990 Evange-

239 4007 379 4060 lium
404 4008 470 4060 ad
493 4009 718 4063 missam
741 4010 901 4080 legat,
926 4025 1102 4079 neque
1126 4009 1178 4062 in
1202 4009 1536 4079 presbyterio
1561 4009 1627 4063 ad
1649 4009 1828 4064 divina

239 4098 418 4152 ofﬁcia
444 4116 568 4153 cum
595 4100 681 4155 his
709 4101 803 4170 qui
839 4100 1076 4170 praefata:
1110 4101 1482 4155 constitutioni
1513 4101 1826 4156 obedientes

242 4190 446 4246 fuerint
475 4200 714 4261 maneat,
747 4208 921 4263 neque
941 4201 1150 4263 partem
1175 4193 1243 4248 ab
1275 4191 1518 4249 Ecclesia
1545 4193 1823 4262 suscipiat,

1399 117 1758 175 EPISTULA:
1804 117 1893 173 ET
1940 117 2358 174 DIPLOMATA.

1847 237 1893 299 Α
1919 247 2208 302 quousque
2247 247 2278 287 a
2309 230 2468 287 nobis
2508 227 2778 288 sententia
2819 215 2986 305 super
3018 223 3355 304 hujusmodi,
3395 231 3510 287 Do-

3371 119 3508 174 i3i8

1924 324 2075 378 mino
2099 323 2450 390 concedente,
2483 323 2758 394 procedat.
2798 342 2819 378 ι

1996 414 2059 470 Et
2114 416 2493 487 praecipientes
2556 418 2848 473 statuimus
2895 426 2958 473 ut
3010 417 3066 473 hi
3119 417 3506 489 praedictorum

1921 507 2198 574 ordinum,
2221 507 2337 578 qui,
2359 508 2534 562 eidem
2558 509 2944 578 praedecessori
2967 519 3158 564 nostro
3176 509 3509 578 obedientes,

1922 599 2228 653 castitatem
2256 609 2629 667 servaverunt,
2657 601 2813 672 juxta
2849 602 3110 657 ecclesias
3138 602 3339 672 quibus
3361 604 3513 660 ordi-

1921 692 2036 746 nati
2086 701 2233 758 sunt,
2279 691 2421 746 sicut
2467 701 2682 761 oportet
2729 693 3016 762 religiosos
3059 694 3311 764 clericos,
3347 695 3512 752 simul

1922 784 2254 840 manducent
2285 794 2338 838 et
2361 783 2659 851 dormiant,
2697 793 2752 839 et
2781 785 3044 854 quidquid
3070 786 3150 840 eis
3171 787 3240 841 ab
3264 787 3512 846 ecclesiis

1921 878 2182 947 competit
2212 877 2579 933 communiter
2614 877 2870 931 habeant.

1993 967 2062 1023 Et
2105 977 2356 1040 rogantes
2402 984 2691 1025 mouemus
2714 979 2773 1025 ut
2796 971 2864 1024 ad
2898 971 3277 1039 apostolicam,
3305 972 3515 1030 scilicet

1923 1076 2290 1128 communem,
2318 1062 2487 1116 vitam
2519 1078 2866 1133 summepere
2906 1064 3190 1133 pervenire
3222 1067 3506 1136 studeant;

1921 1162 2213 1224 quatenus,
2260 1153 2648 1224 perfectionem
2707 1154 3030 1219 consecuti,
3092 1169 3218 1208 cum
3279 1154 3367 1213 his
3416 1157 3512 1230 qui

1920 1246 2222 1300 centesimo
2262 1245 2548 1313 ditantur,
2595 1245 2651 1300 in
2700 1245 2906 1300 caelesti
2971 1246 3146 1316 patria
3199 1256 3517 1306 mereantur

1920 1338 2144 1394 ascribi.

1991 1429 2235 1502 Denique
2279 1439 2339 1485 ut
2377 1430 2605 1486 decimas
2641 1437 2696 1484 et
2725 1429 2997 1500 primitiae,
3033 1444 3129 1484 seu
3170 1445 3512 1502 quacunque

1904 1522 2228 1579 oblationes
2260 1524 2508 1578 vivorum
2541 1533 2594 1578 et
2625 1531 2964 1577 mortuorum
2987 1523 3235 1578 ccclesiis
3258 1522 3355 1580 Dei
3381 1523 3514 1578 ﬁde-

1853 1597 1895 1656 Β
1926 1616 2048 1671 liter
2069 1616 2366 1670 reddantur
2394 1631 2425 1670 a
2460 1615 2636 1681 laicis,
2663 1623 2717 1669 et
2742 1624 2801 1669 ut
2829 1615 2882 1667 in
2915 1615 3274 1685 dispositione
3298 1616 3515 1688 episco-

1923 1724 2118 1778 porum
2149 1709 2276 1776 sint,
2309 1710 2612 1765 secundum
2655 1724 2895 1764 canones
2919 1710 3340 1778 distribuendae;
3372 1726 3513 1784 quas

1923 1802 2018 1872 qui
2061 1801 2383 1857 retinuerint
2406 1843 2421 1871 ,
2474 1818 2505 1856 a
2552 1810 2754 1857 sanctae
2797 1799 3054 1858 Ecclesia:
3101 1802 3308 1874 gremio
3355 1818 3515 1876 sepa-

1923 1901 2134 1950 rentur.

1996 1985 2067 2041 Ut
2105 2002 2201 2058 per
2243 1987 2412 2044 laicos
2458 1988 2608 2042 nullo
2654 1987 2818 2043 modo
2861 1986 3088 2059 quilibet
3139 1989 3373 2044 clericus
3419 1998 3515 2045 aut

1923 2077 2204 2148 presbyter
2266 2078 2508 2133 obtineat
2567 2079 2857 2134 ecclesiam
2887 2120 2902 2147 ,
2965 2095 3068 2136 nec
3136 2081 3305 2152 gratis
3337 2121 3353 2147 ,
3415 2095 3518 2136 nec

1923 2168 2118 2239 pretio.

1995 2258 2065 2315 Ut
2100 2261 2282 2316 nullus
2316 2261 2565 2317 habitum
2605 2262 2862 2318 monachi
2893 2262 3176 2333 suscipiat,
3221 2279 3374 2333 spem
3421 2271 3517 2318 aut

1921 2355 2344 2426 promissionem
2371 2356 2581 2411 habens
2618 2357 2766 2426 quod
2798 2357 2966 2412 abbas
3008 2357 3121 2412 fiat.

1995 2445 2060 2500 Et
2102 2455 2163 2500 ut
2201 2461 2297 2516 per
2328 2447 2699 2502 Simoniacam
2741 2447 2992 2501 haeresim
3021 2460 3184 2502 nemo
3210 2447 3516 2515 ordinetur,

1922 2541 2004 2594 vel
2033 2547 2421 2609 promoveatur
2457 2538 2526 2594 ad
2566 2539 2846 2611 quodlibet
2890 2539 3131 2596 cilicium
3177 2540 3516 2596 ecclesiasti-

1924 2648 2071 2688 cum.

1995 2724 2064 2781 Ut
2092 2726 2384 2796 cujuslibet
2427 2727 2638 2782 ordinis
2672 2727 2903 2784 clericos
2945 2727 3072 2784 laici
3105 2742 3216 2782 non
3240 2726 3509 2798 judicent,

1923 2832 2025 2872 nec
2053 2818 2120 2872 de
2151 2818 2396 2874 ecclesiis
2423 2819 2665 2889 ejiciant.

1847 2943 1892 3005 c
1994 2908 2066 2964 Ut
2103 2910 2170 2965 de
2210 2911 2685 2982 consanguinitate
2724 2926 2824 2967 sua
2863 2910 3049 2966 nullus
3083 2925 3312 2966 uxorem
3351 2910 3520 2966 ducat

1927 3017 2101 3072 usque
2129 3009 2254 3072 post
2281 3003 2687 3072 generationem
2712 3003 3023 3075 septimam,
3048 3002 3133 3059 vel
3146 3017 3392 3074 eousque
3416 3017 3514 3075 pa-

1926 3095 2130 3150 rentela
2157 3096 2414 3165 cognosci
2441 3096 2659 3165 poterit.

1998 3183 2069 3239 Ut
2104 3185 2277 3241 laicus
2318 3201 2544 3241 uxorem
2600 3186 2766 3242 simul
2808 3195 2861 3242 et
2902 3186 3264 3242 concubinam
3303 3187 3518 3244 habens

1929 3291 2037 3332 non
2067 3279 2434 3333 communicet
2463 3278 2728 3334 ecclesiae.

2002 3367 2074 3424 Ut
2109 3369 2293 3425 nullus
2320 3370 2492 3426 laicus
2517 3371 2585 3425 ad
2609 3369 2907 3440 quemlibet
2935 3367 3164 3440 gradum
3187 3368 3520 3425 ecclesiastio

1930 3478 2054 3517 tum
2090 3471 2312 3532 repente
2349 3472 2754 3533 promoventur,
2789 3462 2895 3516 nisi
2927 3462 3082 3532 prius
3116 3471 3387 3516 mutatum
3419 3462 3519 3516 ha-

1931 3556 2106 3609 bitum
2136 3555 2451 3609 saecularem
2481 3555 2689 3608 diutina
2723 3554 3141 3609 conversatione
3184 3554 3326 3608 inter
3359 3552 3492 3608 clcri

1931 3662 2026 3702 cos
2073 3646 2240 3700 fuerit
2311 3647 2718 3716 comprobatus.
2781 3643 2890 3699 Vos
2945 3661 3077 3715 ergo
3126 3646 3242 3700 haac
3296 3652 3352 3700 et
3413 3645 3518 3700 alia

1891 3746 1902 3751 ‘
1932 3736 2031 3792 SS.
2056 3736 2278 3791 Patrum
2310 3745 2509 3791 statuta
2549 3735 2777 3790 tidcliter
2803 3743 2857 3789 et
2881 3729 3192 3788 Christiana
3215 3734 3518 3809 reverentia

1930 3828 2236 3893 observate,
2269 3837 2321 3880 et
2346 3826 2669 3880 nominatim
2697 3825 2787 3879 illa
2815 3839 2937 3895 quae
2962 3811 3121 3879 vobis
3147 3825 3520 3894 archiepisco-

1929 3935 2032 3989 pus
2062 3928 2240 3974 vester
2268 3918 2520 3988 prtecepit
2556 3919 2609 3971 in
2659 3919 2867 3989 synodo
2896 3932 3061 3987 quam
3101 3918 3247 3987 apud
3275 3933 3376 3972 vos
3418 3916 3520 3972 ha-

1931 4010 2048 4064 buit
2077 4010 2254 4079 primo
2278 4023 2424 4063 anno
2452 4008 2814 4063 ordinationis
2843 4024 2978 4074 suae,
3007 4009 3054 4063 si
3081 4008 3246 4064 vultis
3281 4009 3348 4064 de
3384 4024 3520 4062 san-

1931 4110 2031 4157 ctae
2073 4100 2333 4156 Romanae
2365 4101 2641 4168 Ecclesiae,
2673 4108 2727 4154 et
2764 4100 3078 4171 apostolicae
3119 4101 3264 4156 sedis
3302 4116 3435 4172 pace
3468 4109 3520 4154 et

1935 4195 2322 4250 communione
2356 4203 2518 4266 atque
2555 4192 2936 4250 benedictione
2961 4192 3219 4265 gaudere.

1607 4371 1675 4415 SU
1686 4370 1834 4412 BSCR
1846 4367 2160 4412 ιιιτιοΝιεε.

2176 4489 2262 4545 Ea:
2289 4492 2467 4546 codice
2499 4491 2815 4562 Florcﬁensi
2845 4491 2988 4560 apud
3024 4490 3282 4545 Martene.

1967 4583 1992 4635 l
2033 4581 2146 4653 Ego
2195 4581 2492 4649 Nicolaus,
2545 4583 2836 4652 episcopus
2879 4590 3084 4636 sancta:
3144 4580 3427 4636 catholica:
3470 4597 3528 4642 et

2110 4675 2423 4746 apostolica:
2450 4676 2710 4730 Romana:
2745 4673 3030 4738 Ecclesiae,
3081 4674 3210 4728 huic
3243 4673 3465 4729 decreto
3498 4694 3536 4738 ει

2112 4767 2292 4834 nobis,
2317 4768 2461 4825 sicut
2482 4769 2740 4837 superius
2759 4767 2975 4838 legitur,
2999 4765 3368 4834 promulgato,
3392 4767 3551 4822 sub-

2114 4861 2239 4930 seri;
2261 4859 2327 4914 si.

1969 4951 2005 5006 2
2041 4951 2356 5006 Bonifacius
2382 4997 2399 5023 ,
2451 4950 2550 5009 Dei
2615 4951 2790 5026 gratia
2838 4949 3170 5006 Albanensis
3224 4942 3620 5043 episcopus.

2113 5043 2439 5114 subscripsi.

1970 5135 2006 5190 3
2038 5133 2332 5202 Hubertus,
2365 5138 2532 5196 Silvae
2557 5135 2816 5194 Candida:
2861 5128 3182 5203 episcopus,
3225 5125 3604 5220 subscripsi
3629 5205 3654 5220 ,

1979 5229 2014 5283 4
2050 5227 2263 5294 Petrus,
2293 5226 2605 5290 Hostiensis
2633 5230 2945 5303 episcopus,
2979 5218 3320 5294 subscripsi.

495 4495 583 4549 Ea:
611 4495 789 4548 codice
827 4494 1083 4548 Vaticano
1115 4495 1255 4564 apud
1288 4493 1553 4548 Labbeum
1858 4505 1902 4558 1)

277 4587 304 4645 1
343 4584 624 4652 Nicolaus,
653 4586 941 4656 episcopus
981 4594 1184 4640 sancta:
1216 4585 1497 4639 catholica:
1523 4593 1576 4639 et
1604 4591 1836 4655 apostoe’

416 4675 538 4740 lica:
583 4674 842 4730 Romana:
887 4672 1163 4737 Ecclesiae,
1202 4672 1329 4725 huic
1361 4671 1578 4724 decreto
1608 4685 1639 4723 a
1668 4669 1824 4724 nobis

419 4768 503 4824 sic
523 4767 776 4838 superius
801 4765 1042 4837 legitime
1065 4763 1408 4834 promulgata
1433 4761 1750 4830 subscripsi.

280 4947 316 5002 2
350 4945 667 5002 Bonifacius
697 4943 790 5000 Dei
818 4943 992 5016 gratia
1021 4939 1346 4997 Albanensis
1375 4938 1686 5009 episcopus.

280 5130 313 5181 5
349 5126 609 5190 Ubertus,
640 5124 927 5194 episcopus
956 5122 1116 5178 Silva:
1140 5121 1398 5178 Candida:
1421 5117 1696 5180 Ecclesiae.

279 5221 312 5273 4
343 5219 560 5286 Petrus,
591 5215 860 5272 Ostiensis
886 5215 1176 5287 episcopus

275 5314 311 5364 5
343 5314 558 5364 Petrus.
593 5312 892 5364 Laricauus
921 5312 990 5364 ff.
1018 5310 1346 5364 Lavicanusl
1374 5310 1682 5364 eniseonus-
