4020 5364
165 246 315 303 i525

1339 240 1702 297 EPISTOLIE
1741 237 1830 293 ET
1871 235 2281 292 DIPLOMATA.

3304 235 3442 322 isse

166 360 477 415 interventu
510 357 751 413 tidelium
779 365 1111 423 nostrorum,
1146 357 1399 413 coenobio
1424 369 1520 413 tuo
1554 356 1758 428 aliquid
1788 362 1834 419 Α
1866 360 1973 407 tate
1995 350 2329 423 perfruatur,
2371 351 2790 407 sollicitudinem
2828 351 3139 423 impendere
3160 369 3440 414 curamus.

164 454 464 524 aijungere
484 466 597 523 quo
614 451 794 505 valeas
818 450 973 505 nobis
1007 448 1319 520 nostrisque
1352 450 1762 507 successoribus

168 544 376 616 largius
409 552 464 599 et
505 545 732 601 liberius
769 544 1047 601 inservire.
1090 543 1277 617 Itaque
1320 546 1447 617 quia
1486 554 1762 601 monaste-

164 635 315 688 rium
346 645 500 689 tuum
532 636 839 705 specialiter
867 635 1008 705 juris
1038 633 1224 691 Sancti
1260 635 1406 691 Petri
1452 644 1557 702 est,
1603 637 1762 706 cujus

162 726 337 780 etiam
380 725 651 781 vocabulo
693 727 1006 798 insignitur,
1056 728 1205 798 quod
1250 728 1304 783 in
1348 729 1760 800 praesentiarum

161 832 465 887 possumus
487 827 763 889 gratanter
785 820 836 874 ei
864 820 1236 886 concedimus,
1259 828 1314 875 et
1337 821 1485 875 velut
1508 821 1575 875 de
1595 837 1762 875 manu

161 917 355 963 nostra
382 908 436 962 in
460 924 684 962 manum
710 917 954 965 nostram
979 909 1336 966 nihilominus
1356 910 1759 979 transierimus,

159 1002 303 1057 dum
337 1003 543 1073 aliquid
574 1004 985 1073 possessionum
1024 1004 1337 1074 apostolicae
1378 1006 1523 1061 sedis
1562 1014 1763 1061 nostrae
1792 1038 1797 1045 -

160 1092 460 1163 adjicimus
495 1093 601 1163 ipsi
642 1101 736 1148 tuo
768 1094 1127 1159 monasterio,
1162 1094 1310 1163 quod
1348 1094 1453 1164 ipsi
1490 1096 1603 1150 sedi
1629 1111 1763 1166 apo-

162 1184 376 1238 stolicae
401 1183 646 1239 noscitur
675 1184 967 1254 pertinere,
1004 1184 1214 1239 scilicet
1233 1199 1298 1238 ex
1322 1185 1498 1240 tribus
1524 1186 1760 1240 castellis

158 1283 219 1328 et
241 1272 384 1329 villis
405 1290 617 1341 eorum,
642 1283 697 1329 et
720 1275 1064 1345 pertinentiis
1100 1276 1153 1330 in
1190 1292 1372 1331 massa
1408 1276 1592 1332 Sancti
1617 1277 1761 1332 Petri

160 1365 505 1431 constitutis,
550 1365 604 1420 id
644 1373 748 1432 est,
783 1365 937 1431 Arni,
968 1364 1236 1433 Civitella,
1266 1365 1509 1422 Pilonico
1541 1383 1760 1422 omnem

157 1456 587 1511 decimationem
609 1472 677 1511 ex
698 1458 865 1527 agris,
891 1457 1084 1523 vineis,
1110 1457 1281 1523 silvis,
1310 1458 1568 1525 oleribus,
1597 1475 1762 1528 peco-

158 1552 355 1618 ribus,
404 1552 490 1607 vel
540 1552 870 1607 animalibus
927 1553 1219 1619 omnibus,
1274 1568 1397 1622 quae
1443 1554 1547 1608 sub
1610 1554 1759 1625 virga

158 1644 404 1713 pastoris
447 1653 754 1710 transeunt,
788 1645 925 1711 sive,
958 1654 1018 1699 ut
1043 1644 1236 1699 beatus
1268 1643 1607 1715 Augustinus
1636 1662 1759 1702 mo-

157 1745 281 1803 net,
322 1736 392 1791 de
434 1737 648 1803 militia,
694 1738 762 1792 de
792 1737 1030 1808 negotio,
1061 1737 1128 1792 de
1156 1736 1388 1792 artiﬁcio
1416 1737 1677 1805 decimas,
1708 1748 1763 1794 et

156 1829 416 1883 omnium
452 1827 671 1900 frugum
710 1829 1002 1899 primitias.
1050 1826 1176 1883 Haec
1220 1827 1424 1899 pariter
1452 1837 1507 1882 et
1536 1829 1590 1883 in
1623 1829 1763 1885 inte-

157 1937 323 1990 grum
368 1921 701 1977 monasterio
748 1920 846 1975 tibi
887 1920 1204 1986 commisso,
1247 1929 1302 1975 ct
1330 1935 1427 1991 per
1466 1922 1596 1977 illud
1643 1922 1758 1989 tibi,

157 2013 491 2068 charissime
518 2013 591 2068 illi
616 2012 841 2079 Bontzo,
871 2013 1089 2084 tuisque
1117 2013 1534 2069 successoribus
1561 2013 1760 2068 ibidem

158 2105 488 2175 regulariter
520 2105 907 2174 promovendis
941 2105 995 2158 in
1032 2112 1352 2175 perpetuum
1381 2105 1756 2172 concedimus,

157 2207 216 2251 et
260 2197 365 2251 hac
399 2205 601 2253 nostrae
636 2196 951 2266 apostolicae
983 2194 1326 2250 auctoritatis
1369 2194 1761 2251 confirmamus

159 2289 360 2359 pagina
412 2289 481 2344 ad
527 2289 791 2344 honorem
833 2288 950 2353 Dei,
991 2297 1046 2343 et
1072 2289 1214 2343 beati
1244 2287 1389 2343 Petri
1420 2290 1674 2359 apostoli,
1705 2298 1762 2345 et

157 2383 230 2434 ad
259 2380 564 2451 profectum
588 2380 798 2436 ordinis
832 2380 1146 2448 monastici,
1175 2381 1259 2436 vel
1298 2381 1366 2436 ad
1413 2382 1757 2437 devotionem

156 2484 219 2528 et
246 2476 649 2545 susceptionem
695 2474 934 2530 ﬁdelium
982 2472 1193 2543 praefati
1237 2474 1491 2543 apostoli,
1530 2482 1759 2529 caetero-

160 2582 400 2636 rumque
431 2581 729 2637 pauperum
753 2565 976 2621 Christi.
1016 2563 1074 2620 Si
1101 2565 1225 2636 quis
1245 2574 1452 2633 autem,
1473 2566 1617 2635 quod
1650 2581 1757 2621 non

159 2668 443 2729 optamus,
472 2659 763 2714 temerario
791 2674 929 2713 ausu
958 2658 1099 2713 hanc
1116 2666 1317 2713 nostrae
1340 2659 1761 2727 apostolicaaau-

161 2751 438 2807 (inritatis
481 2750 891 2806 concessionem
940 2749 996 2804 in
1040 2749 1227 2819 aliquo
1266 2749 1473 2804 violare
1502 2765 1762 2820 przesum-

162 2845 359 2912 pserit,
388 2842 649 2897 districta:
669 2842 1251 2898 excommunicationis
1282 2851 1491 2898 reatum
1529 2858 1628 2913 pro
1658 2858 1760 2898 suo

158 2934 457 3005 sacrilegio
485 2950 544 2991 se
570 2935 924 2989 incursurum
956 2949 1082 2989 cum
1113 2935 1324 3004 perdito
1357 2934 1495 2991 Juda
1527 2936 1757 3004 noverit,

163 3026 394 3096 insuper
416 3027 672 3082 humanis
710 3028 920 3098 legibus
951 3043 1098 3096 reus,
1126 3027 1311 3082 decem
1340 3027 1604 3083 librarum
1636 3029 1754 3082 auri
1785 3045 1827 3101 (ι

160 3119 354 3174 multa:
382 3119 605 3175 nomine
631 3127 944 3190 componat,
971 3119 1315 3174 medietatem
1357 3135 1518 3176 sacro
1569 3129 1760 3175 nostro

161 3211 527 3266 Lateranensi
575 3212 809 3282 palatio,
853 3221 907 3266 et
952 3212 1294 3266 medietatem
1342 3211 1569 3282 praelato
1619 3211 1763 3266 beati

159 3304 315 3359 Petri
364 3305 719 3361 monasterio.
762 3303 866 3371 Qui
909 3320 1041 3361 vero
1077 3304 1272 3358 devote
1311 3304 1636 3367 observarit,
1675 3320 1763 3359 re—

162 3397 487 3451 missionem
526 3406 870 3466 pcecatorum
900 3411 1149 3461 suorum,
1183 3408 1235 3450 et
1268 3396 1699 3450 benedictionem
1730 3413 1761 3450 a

162 3488 427 3555 Domino,
460 3491 765 3543 interventu
805 3496 1122 3545 sanctorum
1165 3488 1534 3559 apostolorum
1570 3503 1762 3542 conse-

160 3586 393 3647 quatur.
433 3577 628 3641 Amen.

243 3660 358 3732 Ego
385 3660 663 3731 Nicolaus,
700 3661 794 3717 Dei
824 3661 997 3733 gratia
1028 3670 1231 3717 sanctae
1275 3661 1535 3719 Romanae
1558 3673 1612 3720 et
1631 3679 1761 3736 apo-
1792 3716 1796 3721 λ

160 3753 382 3809 stolica:
403 3753 878 3823 sedisepiscopus,
903 3754 1171 3819 concessi,
1199 3762 1254 3809 et
1276 3755 1595 3825 subscripsi.

242 3844 359 3915 Ego
390 3843 604 3911 Petrus,
634 3846 924 3916 episcopus
953 3843 1245 3913 Ostiensis,
1287 3845 1385 3901 SS.

240 3934 359 4005 Ego
404 3934 766 4002 Humbertus,
824 3937 1005 3994 dictus
1046 3947 1251 3994 sanctae
1296 3938 1554 3995 Ecclesiae
1604 3939 1765 3997 Silvae

158 4026 433 4083 Candidas
463 4029 773 4099 episcopus,
810 4030 1086 4097 consensi,
1123 4039 1179 4086 et
1213 4029 1312 4086 SS.

242 4118 362 4191 Ego
421 4117 820 4177 Heldibrandus
884 4121 1281 4192 qualiscunque
1344 4122 1765 4180 archidiaconus

164 4218 381 4266 sanctae
419 4208 680 4277 Romanis
717 4210 994 4279 Ecclesia},
1034 4212 1313 4279 consensi,
1353 4221 1408 4267 et
1448 4212 1548 4268 SS.

246 4300 365 4372 Ego
398 4300 581 4379 Aimo,
616 4301 781 4372 hujus
818 4302 1191 4358 concessionis
1223 4304 1493 4372 notarius,
1534 4304 1763 4377 cognovi

164 4400 228 4447 et
264 4389 366 4445 SS.

246 4484 409 4538 Anno
435 4482 671 4555 Domini.
687 4483 847 4553 1059,
872 4501 911 4541 ιι
938 4484 1064 4543 ldus
1094 4483 1365 4544 Octobris.

924 4576 1038 4632 ΧΠ.

169 4665 345 4723 Bulla
374 4665 592 4723 Νίσοιαὶ
609 4666 675 4722 ΙΙ
693 4684 790 4738 pro
812 4668 1033 4723 ecclesia
1060 4667 1119 4725 S.
1141 4669 1369 4725 Andrei:
1402 4668 1759 4737 Empulensts.

773 4759 955 4831 (Anno
982 4760 1167 4830 1059.)

306 4849 493 4925 μω,
519 4850 757 4906 Monum.
800 4851 1003 4908 Eccles.
1034 4850 1275 4907 Floreat.
1300 4849 1392 4918 1V,
1417 4866 1471 4922 p.
1502 4849 1650 4924 {04.}

246 4940 519 4999 NICOLAUS
553 4942 862 5013 episcopus,
900 4959 1092 5000 servus
1125 4958 1409 5001 servorum
1458 4942 1574 5009 Dei,
1616 4940 1768 4997 ΜΑιι-

177 5049 307 5091 τικο
332 5033 507 5105 plebis
528 5032 714 5089 Sancti
728 5033 956 5089 Andreae
982 5033 1099 5087 sitae
1118 5031 1366 5110 Empulte
1384 5032 1606 5098 rectori,
1620 5032 1767 5089 suis-

175 5141 284 5164 nna
299 5123 715 5164 umnaccnrihnc
727 5124 1086 5164 nnmmnnitpr
1102 5125 1330 5164 vim..ch
1351 5124 1404 5164 in
1425 5132 1743 5164 nar-mtuum

1863 442 2124 511 Quamvis
2156 445 2503 515 perplurima)
2550 446 2754 515 plebes,
2794 444 3016 503 Christo
3058 458 3443 520 prosequente.

1863 535 1931 589 ad
1951 536 2055 591 hoc
2081 543 2209 590 sunt
2235 545 2426 591 nostro
2472 537 2674 604 studio,
2731 547 3027 609 nostraque
3054 555 3215 610 opere
3243 555 3444 610 prove-

1862 610 1983 695 ctae,
2016 636 2305 698 quatenus,
2337 628 2483 682 circa
2513 629 2730 683 easdem
2760 616 3084 685 clericorum
3136 632 3446 687 communis

1862 728 2151 789 aggregata
2198 720 2432 775 societas
2464 720 2790 789 sempiterna
2820 725 3221 792 perseverantia
3276 726 3448 780 socia-

1862 810 1986 865 liter
2020 810 2075 865 in
2131 820 2322 867 sancto
2368 813 2651 882 proposito
2697 812 2859 866 vivat.
2910 814 3253 885 Quapmpter
3296 833 3448 872 com-

1862 904 2016 959 muni
2039 914 2165 959 voto
2190 904 2479 959 unanimes
2509 913 2751 959 nostram
2796 908 3211 975 postulaveru:.t
3237 910 3447 964 miscri-

1863 997 2128 1063 cordiam,
2160 1013 2283 1068 qua:
2332 997 2456 1064 sibi,
2488 995 2572 1051 vel
2605 1012 2705 1052 nos
2740 996 2846 1067 ipsi
2873 1012 2939 1051 ex
2986 1000 3191 1053 nostris
3222 1016 3447 1057 conces-

1864 1088 2082 1156 simus;
2122 1090 2206 1145 vel
2250 1106 2372 1159 qute
2404 1089 2590 1146 ﬁdeles
2619 1090 2834 1144 sincera
2876 1089 3163 1145 devotione
3200 1102 3450 1161 peccato-

1864 1196 1985 1234 rum
2010 1182 2182 1251 pretia
2214 1182 2584 1247 contulerunt,
2619 1191 2805 1236 nostra
2852 1182 3058 1237 ﬁrmari
3101 1185 3446 1240 auctoritate.

1862 1269 1974 1327 Nos
2001 1281 2183 1328 autem
2211 1274 2711 1329 condcscendentcs
2759 1290 2949 1329 eorum
2994 1277 3306 1330 necessitati
3349 1292 3468 1337 an-,

1862 1364 2086 1420 nuimus
2107 1366 2375 1436 religiosis
2402 1366 2777 1436 petitionibus.
2805 1366 3076 1423 Nimirum
3099 1379 3448 1443 quantqma-

1863 1451 2114 1509 nifestins
2164 1456 2419 1511 novimus
2466 1472 2663 1525 pravos
2707 1457 3075 1513 indesinenter
3117 1460 3345 1518 insidias
3393 1463 3449 1518 in

1862 1543 2037 1599 bonos
2071 1546 2402 1616 excogitare,
2435 1555 2585 1601 tanto
2606 1547 2799 1618 magis,
2828 1549 2929 1603 etsi
2962 1550 3121 1606 nobis
3144 1551 3451 1608 viventibus

1863 1650 1971 1689 non
1996 1645 2078 1690 est
2107 1639 2430 1706 verendum,
2462 1637 2797 1695 defensionis
2842 1641 3061 1712 clypeos
3105 1644 3355 1715 undique,
3380 1661 3451 1701 ne

1864 1729 2193 1796 praevaleant
2226 1746 2503 1801 opponere
2559 1732 2840 1799 debemus,
2891 1743 2951 1788 ut
2989 1735 3093 1805 ipsi
3132 1736 3450 1807 religiosum

1862 1820 2115 1876 videlicet
2164 1824 2437 1878 tramitem
2480 1833 2753 1879 sectantes
2801 1826 2999 1881 collato
3047 1843 3273 1884 munere
3316 1845 3452 1900 gau-

1861 1909 2045 1978 deant,
2086 1921 2140 1966 et
2162 1913 2463 1968 secundum
2488 1912 2793 1970 Psalmistae
2816 1912 3132 1972 vaticinium
3165 1919 3230 1974 de
3250 1919 3453 1981 virtute

1862 2004 1920 2060 in
1960 2007 2218 2085 virtutem
2279 2009 2878 2081 ambulandosemper
2941 2012 3230 2069 inmelius
3281 2015 3451 2085 proli—

1861 2098 2030 2166 ciant,
2063 2109 2118 2156 et
2148 2101 2205 2155 hi
2231 2102 2437 2157 scilicet
2465 2104 2754 2160 contraria:
2815 2114 2998 2175 partes
3045 2106 3306 2163 inferiora
3352 2124 3471 2179 per

1860 2197 2058 2258 tentes,
2092 2194 2436 2263 superiorum
2465 2195 2585 2251 viso
2618 2207 2901 2266 provectu,
2930 2198 3186 2255 deﬁciant
3213 2217 3313 2256 sua
3351 2203 3462 2257 ob—.

1860 2282 2156 2339 stinatione
2202 2300 2267 2340 ac
2326 2286 2677 2344 vehementer
2741 2290 3044 2347 tabescant.
3103 2292 3473 2353 Canonicam.

1859 2386 1990 2443 ergo
2010 2384 2302 2444 sequentes
2327 2380 2729 2446 auctoritatem,
2762 2383 2909 2451 quod
2939 2384 3091 2450 olim,
3143 2385 3274 2440 dum
3313 2388 3450 2444 sim-

1859 2461 2054 2530 plicem
2087 2464 2441 2536 episcopatus
2469 2470 2843 2538 praelationem
2876 2487 3277 2543 exerceremus,
3306 2492 3448 2546 prae-

1859 2549 1989 2610 fatis
2011 2558 2388 2635 concessimus
2430 2560 2701 2630 plebibus,
2737 2578 2885 2619 nunc
2914 2563 3142 2619 ﬁrmiori
3178 2575 3232 2622 et
3263 2570 3451 2624 valen-

1858 2645 1986 2699 tiori
2006 2647 2289 2720 privilegio
2313 2650 2500 2722 utique
2532 2653 2833 2722 apostolico
2859 2658 3230 2725 concedimus,
3263 2661 3479 2717 ﬁrmam

1860 2753 2006 2805 mus,
2042 2742 2371 2811 stabilimus,
2397 2753 2451 2799 et
2477 2745 2806 2802 inconcusso
2825 2746 3179 2805 fundamento
3203 2756 3451 2822 perenni-

1860 2839 1943 2886 ter
1962 2833 2118 2889 vobis
2145 2836 2445 2904 sancimus,
2468 2848 2523 2893 et
2551 2847 2747 2894 vestra:
2776 2841 2917 2910 plebi
2940 2843 3211 2912 primitias
3239 2865 3252 2913 ;
3283 2863 3450 2917 quar-

1861 2932 1973 2983 tam
2003 2942 2131 2980 vcro
2159 2928 2496 2985 decimarum
2524 2940 2733 3000 partem
2756 2940 2866 2988 tam
2900 2936 3057 2991 vobis
3080 2953 3245 3008 quam
3281 2941 3448 2996 etiam
3475 2968 3480 2977 ρ

1860 3019 2071 3074 caeteris
2101 3020 2317 3076 clericis
2335 3023 2623 3079 vobiscum
2649 3028 2913 3083 canonice
2947 3029 3276 3101 viventibus,
3301 3049 3451 3088 mor-

1863 3120 2083 3167 tuorum
2142 3122 2323 3170 autem
2381 3125 2832 3176 testamentorum
2897 3123 3178 3179 dimidiam
3210 3168 3226 3193 ,
3283 3128 3423 3182 vesti

1863 3213 2045 3260 menta
2071 3207 2290 3276 quidem
2314 3217 2448 3276 tota,
2473 3210 2780 3280 sepulturas
2801 3228 3011 3282 omnes,
3035 3216 3335 3274 oblationes
3355 3220 3451 3274 de-

1864 3297 2031 3368 nique
2062 3298 2303 3370 integras
2328 3316 2558 3370 prorsus
2584 3321 2596 3357 :
2629 3305 2831 3373 prmdia
2857 3308 3042 3362 omnia
3071 3309 3187 3364 sive
3212 3326 3242 3363 a
3288 3312 3451 3367 nobis

1863 3391 2086 3459 donata,
2113 3406 2207 3447 seu
2231 3393 2502 3450 a-nostris
2521 3396 3016 3465 praedecessoribus
3046 3416 3329 3469 concessa,
3368 3405 3452 3459 vel

1864 3496 1895 3535 a
1922 3484 2137 3539 cunctis
2166 3484 2414 3541 ﬁdelibus
2442 3503 2771 3559 quocunque
2800 3490 2965 3550 modo
2993 3485 3141 3562 juste
3183 3495 3451 3566 acquisita

1861 3575 1949 3629 vel
1979 3578 2330 3646 acquirenda.
2353 3578 2644 3635 Absolutos
2669 3597 2888 3652 quoque
2921 3598 3017 3654 per
3067 3589 3239 3640 nostri
3282 3588 3452 3657 privi—
3480 3590 3483 3593 ’

1863 3667 1992 3737 legii
2024 3668 2366 3724 sanctionem
2394 3686 2492 3726 vos
2516 3673 2795 3729 reddimus
2824 3676 2894 3730 ab
2924 3668 3077 3730 omni
3103 3680 3353 3733 saeculari
3398 3690 3455 3735 et

1866 3759 2143 3815 mundana
2190 3762 2506 3817 conditione
2549 3766 2731 3834 quoad
2782 3767 2980 3822 durare
3032 3770 3353 3827 studueritis
3394 3772 3449 3825 in

1866 3860 2054 3906 sancta
2121 3855 2536 3910 conversatione
2569 3897 2583 3919 ,
2640 3857 2716 3911 ita
2773 3866 2835 3911 ut
2896 3859 3044 3913 nulla
3110 3867 3442 3920 sacramenti

1865 3952 2131 4013 potestate
2188 3945 2254 3998 ad
2281 3946 2495 4014 publica
2524 3947 2726 4016 placita
2789 3949 2987 4021 subjici
3024 3954 3453 4023 compellamini,

1865 4042 2060 4103 praeter
2084 4051 2180 4105 per
2210 4036 2392 4106 ipsum
2425 4037 2803 4094 Florentinum
2850 4041 3191 4113 episcopum.
3227 4045 3345 4116 ipse
3365 4058 3451 4103 ta-

1866 4141 1991 4179 men
2018 4141 2321 4197 congruum
2345 4130 2503 4186 vobis
2531 4132 2834 4201 secundum
2877 4135 3022 4191 vires
3050 4151 3332 4207 opponens
3366 4147 3456 4195 tu-

1869 4226 2051 4272 tamen
2078 4262 2093 4278 .
2136 4219 2414 4289 superﬂua
2470 4224 2777 4294 postposita
2820 4227 3139 4295 exactione,
3184 4246 3292 4285 non
3330 4232 3456 4302 plus

1866 4316 2026 4380 cogat
2045 4310 2148 4365 sibi
2178 4326 2243 4366 ex
2268 4311 2449 4368 debito
2480 4314 2690 4371 solvere
2719 4333 2883 4387 quam
2908 4320 3053 4390 quod
3081 4330 3271 4378 nostro
3297 4325 3456 4379 nobis

1868 4404 2078 4460 solvitis
2117 4412 2377 4475 tempore.
2436 4406 2761 4480 Quicunque
2793 4411 2976 4483 itaque
3037 4414 3201 4485 hujus
3253 4424 3457 4471 nostrre
3495 4455 3499 4459 ν

1866 4496 2134 4566 jussionis
2157 4505 2322 4567 atque
2343 4500 2797 4571 promulgationis
2830 4504 2954 4572 pius
3010 4516 3367 4561 conservator
3401 4514 3459 4562 et

1870 4586 2080 4658 integer
2125 4586 2382 4644 defensor
2415 4591 2705 4659 exstiterit,
2764 4595 3155 4663 omnipotentis
3185 4597 3280 4652 Dei
3327 4613 3457 4671 gra-

1868 4675 2025 4742 tiam,
2076 4677 2932 4749 principumqueapostolorum
2988 4682 3136 4739 Petri
3174 4694 3229 4741 et
3273 4685 3455 4756 Pauli,
3496 4705 3500 4713 ν

1871 4774 2227 4836 nostramque
2267 4767 2728 4835 benedictionem,
2786 4771 3044 4840 habebit;
3081 4776 3176 4846 qui
3222 4788 3458 4836 verote-

1870 4856 2107 4910 mei-ario
2126 4870 2263 4911 ausu
2288 4854 2586 4928 infringere
2610 4857 2716 4915 fuit
2738 4870 2991 4928 conatus,
3023 4865 3139 4921 sive
3169 4867 3462 4938 episcopus

1872 4958 1970 4998 seu
2004 4945 2259 5016 quaelibet
2288 4961 2487 5017 magna
2529 4963 2807 5020 parvaque
2854 4967 3110 5026 persona,
3164 4958 3274 5015 nisi
3297 4958 3463 5031 digna

1872 5036 2253 5092 emendatione
2297 5036 2448 5106 quod
2471 5036 2763 5110 deliquerit
2788 5051 3100 5103 correctum
3152 5046 3336 5115 fuerit,
3366 5064 3471 5107 au-

1876 5127 2121 5164 l‘InI-iloin
2146 5126 2324 5164 Dan-3c
2385 5138 2437 5164 ΔΙ
2464 5126 2583 5164 Vili:
2640 5140 2691 5164 ne
2726 5129 2960 5164 Qui-dono
3011 5141 3189 5164 ..-ηε-εξ

3248 5154 3434 5164 Αααμ..-
