4020 5364
613 363 726 422 ³527

1897 349 2170 407 meum
2207 349 2252 403 ιι
2285 329 2521 402 rare'

3732 339 3866 393 53-38

586 477 727 534 inerti
757 486 960 534 sancta:
1002 445 1257 529 Ecclesia:
1309 469 1469 526 Silva:
1513 468 1771 525 Candida:
1815 467 2074 539 episcopi,
2119 474 2174 521 et
2201 485 2248 540 Α
2278 481 2402 521 mus
2429 473 2486 518 ut
2521 464 2698 519 locum
2729 462 2972 518 avaritia:
3014 459 3360 516 secludamus
3391 459 3610 513 nullum
3636 459 3706 512 de
3729 459 3864 530 regi-

587 570 905 641 apostolicre
952 568 1098 623 sedis
1152 564 1576 628 bibliothecarii,
1627 578 1772 617 anno
1822 559 2174 631 pontificatus

547 663 766 736 -primo
786 661 994 716 domini
1021 658 1124 714 PP.
1146 656 1355 715 Nicolai
1381 654 1627 721 secundi,
1655 653 1949 709 indictione
1971 668 2089 706 xui.

1313 767 1452 823 XIII.

568 867 803 922 »Nicolai
824 863 885 918 11
901 863 1240 935 privilegium
1266 876 1360 935 pro
1383 856 1704 935 titanastcrio
1729 854 1787 910 S.
1817 853 2040 913 Martini
2061 853 2174 906 Au—

1171 927 1595 1002 gnstoduuciwis.

549 1083 558 1096 ,
1191 1024 1371 1092 (Anno
1407 1019 1589 1090 1059.)

571 1120 870 1192 .jBULLtor,
896 1115 1054 1170 Essai
1077 1116 1367 1192 histor-ique
1391 1128 1483 1166 sur
1490 1109 1893 1192 ἓᾳῇιι-Μαηὶη
1915 1107 2169 1172 d’Aufnu,

609 1219 614 1222 -
857 1180 866 1184 ’
1173 1180 1291 1240 ιοιιι
1310 1183 1372 1251 ll,
1405 1198 1460 1254 p.
1489 1180 1609 1253 50.]

659 1296 933 1354 Nicouus
959 1297 1271 1366 cpiscopus,
1325 1307 1516 1348 servus
1559 1304 1842 1346 servorum
1889 1287 2009 1353 Dei,
2037 1287 2172 1341 dile-

583 1390 693 1444 ctis
719 1387 846 1442 filiis
863 1387 918 1441 in
953 1385 1196 1448 Christo,
1225 1381 1504 1437 GMZGORIO
1523 1379 1824 1435 venerabili
1857 1377 2036 1433 abbati
2060 1393 2172 1432 cm-

589 1475 738 1530 nobii
791 1474 848 1530 S.
906 1473 1125 1528 Martini
1183 1472 1472 1537 Educnsis,
1527 1470 1787 1540 omnique
1836 1467 2173 1523 monasterio

585 1569 830 1638 ejusdem
851 1564 1291 1637 congregationis
1321 1563 1374 1616 in
1413 1570 1753 1632 perpetuum.

654 1658 882 1726 Quoties
925 1674 954 1711 a
993 1656 1151 1712 nobis
1182 1655 1273 1709 illa
1311 1654 1474 1708 tribui
1499 1661 1757 1723 optantur
1784 1667 1908 1722 qua:
1961 1649 2174 1706 datieni

585 1753 966 1806 incunctanter
1001 1747 1333 1803 conveniunt
1369 1745 1586 1809 animae,
1623 1759 1725 1797 nos
1754 1742 1904 1796 decet
1940 1740 2171 1795 libenter

2275 557 2403 622 bus,
2421 556 2488 610 de
2521 555 2812 626 episcopis,
2849 554 2916 609 de
2949 551 3326 608 sacerdotibus
3352 551 3494 606 velle
3522 551 3596 606 de
3635 549 3861 620 quitas-

2274 663 2491 718 cunque
2526 647 2776 702 fidelibus
2797 662 2895 718 per
2939 661 2999 700 se
3026 645 3437 715 suppositamve
3477 658 3780 713 personam
3803 643 3865 697 de

2275 739 2618 794 ordinatione
2640 738 2885 810 ejusdem
2909 735 3122 792 abbatis
3141 737 3226 790 vel
3257 735 3590 790 clericorum
3631 742 3732 788 aut
3755 749 3868 804 pre-

2275 826 2641 902 sbyterorum,
2674 829 2760 885 vel
2785 829 2851 884 de
2887 828 3172 900 largitione
3199 827 3516 884 chrismatis
3563 835 3666 880 aut
3686 840 3870 880 conse-

2280 920 2526 976 cratione
2577 921 2836 986 basilicae,
2867 921 2951 974 vel
2997 920 3064 975 de
3123 919 3548 989 quibuscunque
3581 917 3774 973 causis
3804 917 3865 972 ad

2274 1013 2416 1068 idem
2447 1012 2842 1067 monasterium
2864 1009 3280 1083 pertinentibus,
3305 1009 3507 1064 audere
3538 1008 3600 1062 in
3625 1008 3870 1079 qualibet

2279 1104 2692 1176 specie,praemii
2717 1105 2857 1169 loco,
2876 1101 3171 1173 quidquam
3195 1102 3464 1171 accipere,
3483 1115 3674 1171 neque
3697 1100 3868 1155 eidem

2273 1198 2455 1253 abbati
2491 1213 2590 1268 pro
2617 1197 2964 1251 ordinatione
2993 1211 3094 1250 sua
3118 1194 3322 1265 aliquid
3349 1194 3502 1250 dare.
3527 1191 3734 1264 Neque
3752 1195 3866 1263 epi-

2273 1304 2474 1358 scopus
2501 1287 2737 1343 civitatis
2760 1287 2936 1357 ipsius
2982 1286 3086 1341 nisi
3131 1286 3198 1340 ab
3240 1285 3436 1340 abbate
3469 1284 3655 1355 ipsius
3680 1300 3872 1338 mona-

2273 1381 2423 1437 sterii
2459 1381 2741 1445 invitatus,
2773 1379 2971 1433 ibidem
3001 1378 3199 1432 missas
3231 1387 3354 1448 agat
3382 1375 3662 1446 publicas,
3695 1393 3870 1446 neque

2275 1473 2546 1535 stationes
2569 1471 2652 1526 vel
2676 1471 3015 1526 visitationcs
3054 1469 3106 1523 in
3151 1467 3341 1522 eodem
3380 1468 3645 1523 εωποέιὶο
3671 1468 3868 1522 indicet

2271 1565 2356 1618 vel
2385 1564 2568 1630 faciat,
2601 1579 2669 1618 ne
2698 1577 2979 1618 servorum
3017 1559 3111 1614 Dei
3139 1560 3296 1630 quies
3325 1575 3670 1630 quocunque
3709 1561 3868 1614 modo

2269 1655 2519 1727 populari
2557 1666 2828 1710 conventu
2880 1653 3055 1708 valeat
3097 1651 3452 1722 perturbari;
3488 1667 3676 1722 neque
3707 1670 3866 1722 para-

2273 1757 2354 1801 tas
2377 1755 2472 1802 aut
2513 1747 2946 1814 mansiouaticos,
2996 1745 3081 1799 vel
3123 1744 3520 1813 procurationes
3571 1753 3868 1813 praesumat

586 1840 906 1906 concedere,
961 1847 1016 1893 et
1061 1836 1364 1908 petentium
1413 1833 1701 1890 desideriis
1733 1847 2041 1904 congruens
2063 1831 2166 1885 im-
2200 1817 2240 1876 Β
2267 1839 2502 1910 exigere,
2532 1837 2945 1908 susceptionem
2977 1846 3156 1891 autem
3197 1835 3440 1890 ﬁdelium
3483 1845 3541 1890 ei
3571 1836 3864 1906 religioso.

583 1931 784 2002 pertire
815 1929 1156 2000 sutlragium,
1171 1935 1335 1998 atque
1353 1927 1476 1982 ideo
1493 1925 1588 1996 qui
1611 1924 1932 1996 postulastis
1954 1939 1984 1978 a
2011 1922 2170 1977 nobis

581 2023 928 2096 privilegium
963 2021 1110 2076 sedis
1137 2019 1452 2091 apostolica:
1498 2017 1834 2072 monasterio
1861 2015 1919 2070 S.
1952 2013 2171 2068 Martini

564 2116 644 2170 .iu
680 2115 944 2172 suburbio
972 2112 1143 2168 Eduae
1175 2111 1412 2167 civitatis
1443 2110 1570 2177 sito,
1595 2108 1683 2163 cui
1710 2123 1945 2178 praeesse
1978 2106 2172 2176 digno-

563 2208 780 2274 'sceris,
813 2206 962 2276 quod
1007 2213 1221 2260 constat
1256 2219 1291 2258 a
1319 2203 1568 2273 piissimo
1611 2200 1938 2270 imperatore
1973 2197 2170 2253 Carolo

595 2299 850 2371 Augusto
877 2296 948 2350 ob
979 2309 1221 2350 amorem
1257 2291 1695 2362 Cunctipotentis
1726 2299 1778 2344 ct
1808 2287 2169 2343 reverentiam

573 2389 758 2461 ipsius
777 2386 1110 2444 confessoris
1133 2383 1434 2439 beatissimi
1462 2381 1678 2435 Martini
1707 2387 1924 2450 propter
1945 2391 2168 2435 suorum

583 2477 978 2551 indulgentiam
1011 2476 1391 2548 peccaminum
1449 2474 1683 2543 vitaeque
1727 2479 1942 2526 aeterna:
1981 2486 2168 2525 remu-

540 2595 552 2608 -
577 2572 926 2628 perationem
958 2569 1314 2625 reformatum
1354 2576 1517 2638 atque
1555 2563 1963 2631 reiedilicatum,
1991 2562 2170 2618 facere

583 2662 908 2718 deberemus
937 2681 951 2716 :
988 2660 1235 2716 inclinati
1261 2659 1424 2730 igitur
1463 2658 1660 2714 vestris
1691 2655 2166 2728 postulationibus,

583 2755 878 2810 clementer
916 2753 1212 2808 annuimus
1259 2761 1314 2806 et
1354 2750 1638 2822 praefatum
1692 2744 2084 2804 monasterium
2112 2749 2167 2802 in

576 2861 696 2918 quo
718 2844 905 2899 divino
950 2843 1246 2913 nuneupati
1284 2842 1418 2896 estis
1437 2840 1703 2912 obsequio
1742 2839 2054 2910 apostolicae
2079 2852 2169 2894 se-

559 2939 670 2994 -dis
696 2935 1002 3008 patrocinio
1027 2944 1082 2990 et
1108 2933 1391 3006 privilegio
1424 2925 1847 2988 communimus'.
1879 2929 2166 2996 Volumus,

558 3028 972 3094 --concedimus,
1020 3025 1336 3090 statuimus,
1384 3032 1446 3078 ut
1493 3024 1632 3078 idem
1679 3021 2073 3078 monasterium
2109 3020 2166 3075 in

573 3121 734 3176 nullo
768 3118 932 3174 alicui
961 3117 1070 3173 nisi
1089 3125 1303 3172 tantum
1326 3115 1642 3186 apostolicae
1659 3112 1915 3168 Ecclesia:
1938 3128 2167 3182 respon-

582 3213 710 3268 dere
742 3219 1013 3276 teneatur,
1036 3217 1091 3265 et
1121 3209 1190 3264 ab
1222 3207 1375 3264 omni
1403 3206 1512 3262 alia
1535 3203 1917 3277 jurisdictione
1940 3214 1995 3258 et
2028 3203 2163 3259 sub-

581 3302 820 3372 jectione
842 3301 1074 3356 liberum
1101 3299 1173 3357 sit
1196 3309 1250 3354 et
1270 3306 1607 3369 exemptum,
1637 3307 1692 3352 et
1714 3297 1863 3368 quod
1895 3287 2033 3351 nulli
2061 3296 2170 3350 im-

584 3391 841 3460 peratori,
855 3391 1207 3462 nulliregum,
1220 3390 1354 3446 nulli
1365 3389 1832 3458 antistitum,nulli
1842 3404 2170 3460 quacunque

578 3483 810 3552 μωιῆἰιο
823 3481 1102 3554 dignitate,
1115 3483 1245 3537 nulli
1264 3498 1504 3552 unquam
1519 3483 1681 3538 liccat
1698 3482 1765 3536 de
1781 3482 1945 3536 rebus
1953 3479 2170 3534 mobili-

581 3573 1160 3631 busvelimmobilibus
1171 3590 1292 3645 qua:
1307 3574 1481 3629 eidem
1503 3573 1838 3629 monasterio
1857 3588 1952 3642 per
1961 3587 2166 3642 praece-

580 3675 672 3736 pta
698 3681 729 3720 a
759 3666 875 3736 jam
903 3665 1050 3722 dicto
1074 3665 1326 3736 piissimo
1354 3665 1686 3736 imperatore
1714 3665 1918 3719 Carolo
1951 3665 2066 3718 sive
2095 3663 2166 3718 ab

577 3755 703 3812 aliis
744 3757 1166 3828 imperatoribus
1207 3772 1305 3813 seu
1336 3757 1577 3828 regibus,
1606 3756 1688 3810 vel
1713 3755 1784 3810 ab
1823 3755 1948 3810 aliis
1982 3755 2164 3826 quali-

575 3854 902 3924 buscunque
937 3853 1189 3926 personis
1217 3854 1482 3909 hactenus
1509 3868 1767 3908 concessa
1807 3860 1954 3918 sunt,
1996 3850 2078 3905 vel
2109 3852 2164 3905 in

577 3943 824 4002 futurum
873 3963 906 4003 a
959 3945 1377 4017 quibuscunque
1405 3945 1474 4001 de
1529 3943 1766 4015 propriis
1795 3942 2000 3998 fuerint
2040 3943 2164 4012 jure

577 4039 918 4105 condonatze,
942 4039 1046 4095 sub
1077 4037 1370 4108 cujuslibet
1391 4051 1558 4092 causa
1591 4028 1898 4092 occasionis
1929 4035 2012 4090 vel
2035 4050 2161 4104 spe—

579 4130 664 4184 cie
699 4145 928 4185 munere
975 4130 1294 4200 (minuere),
1329 4128 1566 4195 auferre,
1610 4143 1786 4198 neque
1826 4126 1944 4182 suis
1969 4127 2162 4182 usibus

575 4220 872 4290 applicare,
903 4229 957 4274 et
985 4230 1183 4276 cuncta
1221 4237 1344 4292 qua:
1379 4221 1451 4276 ibi
1505 4228 1634 4275 sunt
1657 4221 1837 4274 oblata
1867 4220 1952 4274 vel
1977 4218 2161 4273 offerri

575 4310 866 4380 contigerit
889 4325 922 4364 a
947 4312 1198 4380 praesenti
1223 4313 1381 4366 tertia
1427 4312 1637 4366 decima
1676 4310 1992 4365 indictionis
2027 4318 2162 4364 tem-

575 4415 730 4469 pore.
749 4439 762 4453 .
783 4439 796 4453 .
818 4440 832 4454 .
855 4441 870 4454 .
886 4440 903 4455 .
920 4441 934 4455 .
950 4439 999 4456 ..
1021 4411 1076 4454 et
1102 4402 1220 4455 sine
1243 4401 1616 4472 inquietudine
1642 4401 1696 4455 in
1726 4401 2162 4457 substentatione

2271 1947 2393 1987 rum
2417 1939 2580 2001 atque
2605 1927 3018 1985 beneficentiam
3044 1943 3209 1999 quam
3233 1927 3388 1998 jubet
3406 1926 3722 1998 Apostolus
3747 1943 3869 1982 cun—

2268 2023 2374 2082 ctis
2397 2023 2760 2078 exhibendam
2799 2038 2898 2092 pro
2919 2018 3278 2091 possibilitate
3309 2019 3418 2073 loci
3440 2031 3498 2074 et
3529 2018 3862 2074 facultatum

2270 2127 2379 2168 non
2405 2112 2568 2167 modo
2591 2111 2708 2167 fieri
2734 2111 2934 2166 ibidem
2961 2125 3068 2164 non
3099 2109 3454 2179 denegamus,
3477 2124 3682 2164 verum
3705 2109 3868 2162 etiam

2271 2203 2586 2259 suademus.
2617 2201 2678 2258 Si
2705 2203 2830 2273 quis
2866 2217 2994 2257 vero
3030 2201 3436 2271 episcoporum,
3490 2201 3866 2266 sacerdotum,

2268 2293 2548 2359 abbatum,
2573 2293 2842 2363 iudicum,
2867 2292 3126 2346 comitum
3170 2299 3262 2346 aut
3289 2291 3650 2346 saecularium
3679 2279 3872 2362 perso¥

2269 2401 2464 2440 narum
2493 2393 2684 2440 contra
2710 2385 2851 2440 hanc
2880 2395 3082 2438 nostrae
3105 2383 3464 2438 institutionis
3486 2385 3758 2456 paginam
3787 2401 3868 2437 ve-

2269 2476 2386 2530 nire
2428 2475 2734 2540 tentaverit,
2787 2490 3083 2546 percussus
3133 2475 3440 2544 apostolico
3493 2477 3867 2542 anathemate,

2268 2567 2552 2636 potestatis
2581 2567 2873 2622 honorisve
2913 2567 2998 2620 sui
3036 2566 3296 2637 dignitate
3343 2567 3568 2633 careat,‘
3604 2583 3869 2638 namque

2269 2671 2330 2711 se
2347 2670 2532 2712 coram
2553 2656 2740 2711 divino
2774 2656 2982 2727 judicio
3017 2663 3331 2726 cognoscat.
3381 2654 3450 2711 Et
3491 2657 3603 2712 nisi
3641 2673 3710 2712 ia
3753 2675 3872 2728 qua

2243 2749 2410 2808 .male
2457 2757 2588 2805 sunt
2627 2757 2746 2804 acta
2798 2749 3092 2813 defleverit,
3131 2763 3160 2802 a
3205 2749 3594 2804 sacratissimo
3643 2767 3764 2821 cu]
3782 2767 3870 2804 ore

2267 2839 2364 2896 Dei
2393 2851 2447 2897 et
2487 2841 2704 2896 Domini
2731 2841 2908 2896 nostri
2938 2837 3069 2895 Jesu
3089 2839 3294 2895 Christi
3319 2840 3540 2895 alienus
3563 2841 3684 2906 ﬁat,
3713 2853 3871 2912 atque

2265 2940 2472 2987 aeterno
2504 2933 2745 2989 examini
2769 2933 3031 2988 district-1c
3051 2932 3274 2986 ultimis
3303 2934 3614 3003 suhjaceat.
3646 2933 3870 3006 Cunctis

2247 3025 2516 3080 autemei
2540 3027 2640 3080 'em
2681 3027 2802 3080 loco
2826 3026 2950 3096 jura
2978 3025 3342 3092 servantibus,
3385 3027 3462 3080 sit
3506 3041 3620 3096 pax
3658 3027 3870 3082 Domini

2267 3131 2319 3168 ιι·
2342 3116 2441 3170 stri
2458 3115 2510 3170 J.
2525 3115 2616 3184 C.,
2631 3125 2870 3186 quantus
2889 3125 2945 3170 et
2963 3117 3053 3172 hic
3074 3115 3311 3172 fructum
3335 3117 3496 3172 bona:
3517 3126 3610 3173 act
3633 3121 3762 3172 onis
3785 3136 3874 3174 ac-

2270 3207 2492 3278 cipiant,
2519 3218 2572 3264 et
2593 3209 2735 3278 apud
2762 3209 3071 3264 districtum
3103 3209 3340 3279 judiccm
3384 3211 3619 3280 praemia
3654 3222 3870 3264 atterat

2269 3301 2423 3370 pacis
2453 3301 2753 3356 inveniant.
2791 3303 2990 3356 Amen.

2337 3392 2533 3448 Datum
2587 3393 2874 3449 Florentia:
2918 3401 3116 3464 quarto
3171 3393 3543 3448 Kalendarum
3589 3394 3862 3462 Januarii,

2267 3499 2413 3539 anno
2455 3487 2523 3539 ab
2573 3484 2956 3541 Incarnatione
3009 3485 3224 3541 Domini
3277 3484 3437 3552 I059,
3475 3501 3578 3556 per
3635 3504 3863 3542 manum

2267 3571 2596 3639 llumberti‘,
2681 3584 2884 3630 sanctae
2923 3573 3180 3630 Ecclesiae
3231 3573 3391 3629 Silvae
3438 3574 3708 3631 Candida
3753 3579 3854 3646 (pi-

2265 3666 2416 3736 scopi
2437 3676 2491 3720 et
2519 3668 2830 3736 apostolicae
2868 3667 3016 3722 sedis
3037 3666 3458 3733 bibliothecarii,
3485 3683 3638 3722 anno
3669 3686 3688 3723 ι
3723 3685 3860 3739 pon-

2266 3755 2504 3810 tificatus
2528 3755 2737 3810 domini
2757 3772 2910 3826 papae
2935 3755 3145 3812 Nicolai
3170 3756 3235 3824 Il,
3261 3757 3564 3813 indictione
3594 3775 3718 3812 vni.

2979 3868 3119 3926 XIV.
3147 3869 3160 3880 ⁴

2265 3956 2608 4032 Pririlegium
2635 3962 2956 4032 monasterio
2983 3959 3195 4016 Sanctia
3219 3959 3528 4032 Felicitatis
3552 3981 3860 4018 concessum

2828 4049 2862 4085 α
2904 4031 3136 4086 Nicotao
3185 4031 3277 4086 II.

2845 4123 3026 4195 (Anno
3064 4122 3249 4194 1060.)

2634 4213 2860 4286 [Maxsu
2891 4215 3098 4270 Concil.
3129 4214 3248 4268 XIX
3272 4257 3287 4282 ,
3318 4215 3480 4289 870.]

2333 4302 2601 4360 NICOLAUS
2625 4306 2936 4376 cpiscopus,
2971 4308 3162 4362 servus
3211 4322 3506 4362 servorum
3564 4309 3697 4376 Dei,
3727 4309 3856 4365 τει-

2263 4411 2447 4452 ιιειιωε
2469 4397 2759 4453 abbatissa:
2783 4399 3106 4455 monasterii
3121 4401 3336 4455 Sancta:
3354 4399 3688 4462 Felicitatis.
3704 4405 3853 4472 juxta

567 4487 688 4560 jam
717 4489 849 4546 dicti
887 4492 1204 4546 monasterii
1230 4501 1285 4546 et
1331 4493 1524 4547 usibus
1559 4493 1837 4558 abbatum,
1887 4501 1942 4548 et
1971 4508 2162 4548 mona-
2193 4517 2238 4572 ι)
2263 4486 2592 4543 Florentium
2628 4488 2740 4554 siti,
2791 4489 3005 4560 sibique
3046 4492 3423 4554 successuris.
3465 4503 3521 4546 et
3553 4493 3611 4546 in
3665 4504 3858 4548 sancto

573 4581 808 4638 chorum
830 4582 934 4639 sub
961 4583 1146 4654 regula
1171 4581 1350 4638 Patris
1378 4582 1656 4639 Benedicti
1686 4584 1762 4639 ibi
1787 4583 1900 4640 Deo
1921 4585 2162 4639 militan-

576 4674 734 4738 tium,
759 4674 1012 4730 volumus
1039 4683 1095 4730 et
1115 4674 1462 4745 praicipimns
1486 4676 1753 4746 possideri
1777 4695 1794 4742 ;
1817 4691 1883 4731 ea
1910 4677 2162 4732 videlicet

573 4765 884 4822 conditione
918 4766 1065 4836 quod
1120 4767 1302 4821 nullus
1348 4766 1640 4838 cpisc0pus
1687 4768 1848 4823 dicta:
1898 4769 2155 4836 civitatis,

573 4871 750 4926 neque
776 4873 982 4924 comes,
1010 4858 1063 4911 in
1110 4857 1334 4928 pmfato
1379 4859 1713 4915 monasterio
1744 4875 1870 4917 cum
1900 4861 2156 4920 omnibus

572 4947 640 5002 ad
664 4964 723 5003 se
756 4949 1152 5018 pertinentibus
1183 4966 1300 5005 suis
1355 4951 1519 5006 rebus
1545 4953 1746 5007 audeat
1773 4953 2046 5022 applicare
2071 4962 2155 5008 at-

571 5054 676 5080 ntln
703 5039 963 5080 In‘nIinnn
990 5041 1312 5080 luctu-nuntia
1347 5041 1640 5080 quiin-annm:
1699 5042 1802 5080 Qad
1835 5044 1993 5080 "non!
2037 5060 2155 5082 car-

2260 4580 2540 4650 proposito
2562 4581 2958 4650 permansuris,
2984 4582 3039 4635 in
3066 4591 3411 4658 perpetuum.

2329 4668 2598 4736 Quoniam
2619 4667 3022 4739 Omnipoten-tis
3053 4671 3297 4742 dignatio
3333 4687 3436 4727 suo
3457 4673 3713 4742 gratuito
3733 4690 3854 4727 me-

2257 4778 2410 4830 nere,
2437 4764 2590 4818 nullo
2614 4763 2782 4835 digno
2810 4766 3148 4836 praecedente
3176 4767 3444 4836 operc,ad
3467 4769 3578 4822 hoc
3606 4777 3852 4823 nostram

2256 4853 2621 4909 humilitatem
2653 4856 2875 4926 dignata
2925 4865 3008 4912 cst
3053 4858 3384 4928 provehere,
3430 4868 3716 4928 quatenus
3757 4875 3852 4929 per

2257 4961 2359 5002 nos
2401 4946 2605 5016 ubique
2644 4957 2914 5002 terrarum
2965 4949 3187 5018 proprio
3231 4950 3501 5020 sanguine
3551 4951 3852 5020 rede

2257 5036 2516 5082 Ερριρςίφ
2537 5038 2720 5082 Imm-2!
2763 5039 3174 5082 administrarat
3225 5040 3575 5082 indpﬁrinne-
3603 5041 3847 5082 nmfartn
