4020 5364
184 364 326 417 1529

1352 346 1711 404 El’lSTOLJE
1751 344 1835 398 ET
1881 343 2292 397 illi’l.0.\l.—\T.\.

3328 327 3427 382 153

183 474 538 546 suppeditare
577 485 853 525 curamus.
879 465 973 520 Sic.
1003 465 1170 545 enim,
1203 465 1281 517 sic
1312 462 1552 532 profecto
1579 477 1772 537 spper-
1805 464 1849 519 Α
1949 458 2064 528 Ego
2135 456 2450 511 Bonifacius
2474 496 2486 517 ,
2552 448 2879 506 Albanensis
2950 447 3272 516 cpiScopus,
3331 445 3468 498 sub-

184 585 322 623 num
378 577 580 621 nostra:
627 560 904 632 fragilitati
966 558 1328 613 coliciliamus
1383 555 1684 618 auxilium,
1730 560 1782 604 et

185 676 329 732 pura
383 660 525 712 intra
586 655 766 709 cordis
819 653 1118 722 hospitium
1155 659 1406 704 manente
1460 646 1779 709 intentione,

186 753 480 808 hominum
543 746 933 816 consequiu'tur
977 744 1217 796 favorem
1275 742 1602 794 honestum:
1658 753 1781 790 cum

191 847 326 901 licet
363 842 635 898 universis
671 839 944 893 debitores
982 836 1156 889 simus
1191 834 1474 904 gentibus,
1535 831 1657 886 lidei
1695 830 1783 882 lu-

190 939 344 992 mine
367 932 734 995 clarentibus;
766 928 1084 983 domesticis
1120 941 1339 996 quoque
1373 923 1577 977 nostris
1617 921 1784 975 bene-

189 1028 446 1084 volentia:
499 1024 682 1080 studio
753 1023 1085 1092 singularem
1145 1034 1334 1072 cuiam
1396 1015 1783 1086 impendimus,

190 1124 518 1194 magistrum
575 1117 817 1189 gentium
867 1123 1192 1183 sequentes,
1257 1109 1348 1179 qui
1398 1109 1601 1162 bonum
1650 1121 1788 1174 opus

192 1214 481 1284 alimpleri
534 1209 777 1282 praecipit
811 1208 864 1262 in
922 1223 1149 1269 omnes,
1200 1203 1265 1258 :ul
1298 1199 1626 1256 domesticos
1666 1197 1786 1250 lidci

195 1311 455 1362 maxime.
528 1302 918 1357 .‘ilonastcrium
976 1300 1157 1367 itaque
1216 1294 1432 1348 Sanctie
1492 1289 1788 1344 Felicitatis

191 1417 322 1456 cum
354 1397 611 1454 omnibus
636 1395 739 1448 sibi
775 1391 1172 1462 pertinentibus
1203 1389 1388 1451 rebus,
1417 1384 1561 1454 quod
1603 1391 1792 1435 nostra

196 1489 525 1560 egiscopal-Zs
556 1485 784 1554 simplex
837 1483 1015 1536 adhuc
1045 1479 1380 1549 dispensatio
1425 1476 1786 1548 quorumdam

201 1583 665 1654 prtem-cesserunt
706 1585 1020 1630 nostrorum
1065 1572 1392 1642 negligentia
1426 1570 1786 1635 destructum,

194 1683 452 1744 coaptato
472 1670 734 1724 nobilium
762 1663 1261 1720 sanctimonialiutn
1290 1662 1647 1732 plurimarum
1680 1661 1788 1712 col-

199 1762 720 1836 l:-gio,re:ediﬁcare
752 1758 960 1812 curavit
1007 1773 1068 1808 ex
1119 1756 1374 1823 integro:
1432 1769 1576 1806 nunc
1623 1752 1786 1804 etiam

202 1857 505 1914 secundum
540 1852 853 1924 apostolica:
898 1850 1073 1912 sedis,
1102 1848 1190 1902 cui
1219 1845 1578 1911 deservimus,
1607 1845 1790 1899 valen-
1823 1831 1866 1890 Β

201 1953 356 2014 tiam,
382 1965 480 2018 per
507 1955 724 2002 nostras
755 1961 952 1998 manus
983 1942 1314 2005 dedicatam,
1341 1939 1634 1993 stabilitate
1665 1953 1789 2006 per-

199 2039 476 2098 severanti
523 2040 886 2102 robor-anius,
941 2049 988 2087 et
1051 2036 1472 2095 conﬁrmamus,
1525 2038 1688 2099 atque
1735 2035 1794 2082 ut

201 2144 463 2206 perpetua
491 2133 670 2204 vigeat
695 2131 974 2201 religione,
1004 2133 1346 2196 sequestrata
1383 2137 1678 2193 pravorum
1705 2121 1792 2173 in-

202 2228 512 2291 festatione,
565 2221 954 2292 omnipotentis
1010 2219 1105 2272 Dei
1147 2216 1540 2272 committimus
1591 2213 1788 2267 tutelte.

202 2320 308 2373 (lui
337 2319 525 2383 etiam,
558 2317 701 2371 sicut
730 2315 952 2382 dignum
979 2311 1134 2366 nobis
1158 2310 1392 2374 videtur,
1423 2308 1553 2377 quia
1582 2305 1794 2360 incuria

211 2411 656 2464 Florentinorum
710 2407 1089 2475 episcm'im-mn
1146 2420 1243 2456 sua
1293 2400 1496 2472 praedia
1546 2398 1795 2468 nequiter

212 2513 343 2558 sunt
373 2503 656 2564 distracta,
690 2509 743 2552 et
769 2499 1157 2565 sacrilegorum
1185 2494 1546 2563 qum-nimiam
1571 2490 1793 2546 temeri-

206 2604 318 2648 tate
360 2593 572 2657 lnvasa,
607 2589 980 2646 concedimus,
1027 2594 1078 2637 et
1129 2583 1424 2652 apostolica
1475 2581 1796 2634 auctoritate

206 2686 521 2742 stabiiiinns
571 2697 793 2736 mansos
839 2679 891 2733 ei
965 2677 1162 2731 fundos
1199 2674 1491 2729 Venerabili
1541 2675 1656 2725 loco
1709 2672 1796 2740 pia

207 2777 498 2831 devotione
541 2775 780 2835 oblatos,
819 2780 871 2823 et
908 2768 1212 2822 util-rendus
1233 2808 1245 2830 ,
1277 2765 1587 2833 ubicunque
1614 2763 1796 2816 veraci

211 2869 483 2923 Ielatione
531 2865 652 2935 ejus
689 2862 896 2916 nomini
930 2859 1132 2914 fuerint
1176 2856 1398 2920 titnlati,
1437 2869 1646 2923 suoque
1687 2852 1797 2922 juri

209 2961 465 3028 relligiosa
499 2955 863 3012 sollicitudine
899 2952 1136 3006 investili
1181 2960 1344 3018 atque
1380 2945 1724 3002 investiendi.

287 3047 542 3107 Liberum
570 3058 831 3120 praeterea
863 3046 1006 3099 idem
1057 3044 1333 3096 reddimus
1376 3038 1797 3100 monasterium,

210 3159 377 3217 atque
425 3145 738 3200 absolutum
789 3142 858 3194 ab
907 3137 1055 3193 omni
1107 3135 1355 3190 szeculari
1409 3143 1462 3187 et
1519 3131 1794 3186 mundana

213 3239 552 3304 conditione,
584 3237 698 3290 sive.
719 3231 1084 3294 districtione,
1115 3246 1182 3282 ne
1214 3228 1373 3281 liceat
1400 3225 1563 3279 alicui
1594 3239 1802 3290 magnae

213 3346 507 3402 parvaeque
544 3342 823 3397 personat,
850 3341 878 3378 a
905 3322 1062 3376 nobis
1086 3321 1336 3374 restituta
1383 3316 1605 3388 praedia,
1633 3315 1802 3368 (irini-

215 3436 408 3493 terque
444 3420 706 3485 stabilita,
737 3417 1029 3473 dceimales
1053 3415 1374 3484 (proventus
1395 3409 1620 3472 scilicet)
1665 3421 1802 3476 quo-

212 3529 323 3583 que
375 3511 643 3581 quoslam
697 3525 726 3562 a
781 3508 939 3561 nobis
999 3519 1296 3560 concessos
1349 3502 1532 3570 aliquo
1588 3499 1804 3569 ingenio

213 3605 468 3667 evadere,
519 3609 612 3654 aut
665 3601 846 3669 aliqua
899 3598 1089 3651 fraude
1139 3594 1450 3662 subripere,
1491 3591 1604 3646 sive
1637 3591 1802 3644 dimi-

217 3713 421 3762 nuere,
455 3697 644 3750 iiscum
687 3692 923 3761 denique
969 3705 1066 3745 seu
1115 3686 1353 3740 debitam
1410 3682 1803 3752 subjectlonem

218 3791 466 3861 exigere;
501 3788 594 3843 sed
619 3793 838 3840 maneat
869 3781 1197 3836 venerabilis
1225 3780 1378 3833 locus
1413 3785 1603 3830 nostra
1639 3773 1806 3829 tutela

221 3885 474 3936 ﬁrmatus
502 3881 556 3933 in
601 3887 791 3932 sancto
817 3874 1128 3946 proposita;
1159 3871 1402 3938 nullique
1451 3868 1541 3922 alii
1588 3867 1658 3921 sit
1711 3866 1810 3921 ob-

225 3978 450 4043 noxius,
477 3974 582 4028 nisi
615 3972 932 4026 Florentino
952 3968 1230 4037 episcopo,
1255 3964 1347 4033 qui
1375 3977 1581 4015 tnemor
1612 3969 1811 4015 nostrae

223 4067 536 4124 devotionis
569 4080 794 4134 sumque
831 4058 1164 4132 fragilitatis,
1199 4055 1424 4126 iustitia:
1467 4068 1656 4106 norma
1697 4066 1814 4106 ser-

226 4172 348 4216 vata
378 4204 392 4227 ,
455 4158 756 4214 secundum
825 4152 1076 4207 Doctoris
1133 4148 1375 4219 gentium
1443 4151 1811 4215 pra-ceptum,

225 4253 433 4307 eisdem
469 4245 982 4305 sanctimonialilms
1012 4243 1280 4296 honorem
1321 4251 1623 4306 congruum
1661 4231 1814 4286 exhi-

156 4363 158 4365 ’
229 4345 431 4408 bendo,
486 4343 560 4396 nil
598 4350 792 4412 praeter
823 4335 1084 4392 blandum
1136 4331 1439 4387 dominium
1478 4326 1720 4395 requirat
1748 4338 1813 4377 ex

230 4438 433 4492 debito.
465 4434 524 4489 Si
546 4442 750 4498 autem,
778 4429 925 4500 quod
952 4443 1056 4480 non
1097 4422 1396 4485 credimus,
1419 4417 1618 4488 aliquis
1650 4427 1816 4470 teme—

232 4547 307 4583 rat
327 4529 413 4583 ius
461 4529 604 4581 hanc
634 4523 990 4593 apostolicam
1017 4517 1358 4572 sanctionem
1387 4510 1592 4566 crudeli
1635 4518 1816 4563 mente
1848 4525 1892 4580 υ

235 4621 527 4678 tentaverit
564 4617 880 4686 refringere,
915 4619 1269 4676 nostramque
1296 4603 1692 4659 institutionem
1733 4617 1818 4654 se—

235 4715 474 4771 cundum
525 4713 702 4766 locum
754 4704 998 4761 laedendo
1048 4715 1307 4762 cessare,
1354 4695 1460 4748 nisi
1507 4691 1819 4747 admonitus

235 4803 549 4876 resipuerit.
567 4817 628 4854 ac
653 4800 813 4868 digne
836 4790 1228 4851 cmemlaverit,
1254 4784 1619 4840 anathematis
1641 4780 1819 4851 gladio

238 4897 576 4968 percutiatur
609 4893 675 4945 ab
712 4882 1069 4955 omnipotenti
1116 4877 1422 4936 divinitate,
1445 4875 1688 4945 jaeulata
1715 4869 1818 4926 sibi

236 4993 303 5045 de
332 4990 472 5043 cuzlo
499 4986 703 5040 ultione
733 4983 783 5034 in
809 4982 909 5034 hac
932 4975 1183 5045 priesenti
1213 4983 1402 5031 carne,
1428 4966 1823 5034 interticiatque

237 5101 360 5138 eam
413 5082 558 5134 Deus
597 5077 785 5146 spiritu
829 5071 941 5125 oris
999 5066 1113 5133 sui,
1143 5071 1278 5127 dum
1328 5059 1537 5113 venerit
1578 5057 1826 5126 judicare

241 5174 525 5230 sateulum.
573 5168 674 5233 Qui
707 5183 832 5222 vero
863 5168 1060 5217 nostra}
1106 5149 1489 5222 ratioratiouis
1525 5149 1646 5218 pius
1693 5162 1826 5201 con-

1887 571 2104 622 scrtpsr.

1957 643 2072 713 Ego
2107 641 2378 701 Joannes,
2418 635 2736 690 POI'tltetlsiS
2775 632 3096 703 cpiscopus,
3144 626 3464 696 subscripsi.

1962 735 2070 803 ligo
2099 733 2321 794 Petrus,
2355 727 2742 783 Lavicanensis
2791 726 3111 794 episcopus,
3145 719 3466 787 subscripsi.

1959 827 2070 897 Ego
2100 825 2339 888 Bruuus,
2367 819 2740 875 Praenestinus
2773 817 3084 886 episcopus,
3113 811 3433 881 subscripsi.

1959 920 2072 990 Ego
2097 917 2314 981 Petrus,
2350 921 2606 985 peccator
2639 909 2966 970 monachus,
2995 903 3318 973 subscripsi.

1959 989 2156 1063 Datum
2209 1002 2500 1058 Florentiae
2556 1006 2710 1055 sexto
2756 995 2880 1051 ldus
2905 993 3179 1058 Januarii,
3211 1006 3356 1046 anno
3407 989 3476 1043 ab

1888 1097 2270 1153 lnearnatione
2304 1092 2523 1147 Domini
2567 1089 2744 1145 nostri
2788 1087 2916 1143 Jesu
2959 1085 3164 1140 Clu-isti
3191 1084 3351 1147 {059,
3381 1098 3478 1152 per

1889 1208 2087 1247 manus
2144 1187 2426 1242 llumberti
2474 1192 2675 1239 sancta:
2727 1179 2983 1235 Ecclesia:
3035 1171 3482 1230 Silvae-Candida:

1889 1281 2129 1355 episcopi
2154 1324 2168 1346 ,
2200 1289 2254 1334 et
2304 1276 2621 1349 apostolicae
2669 1272 2818 1327 sedis
2863 1265 3284 1332 bibliothecarii,
3336 1279 3482 1319 anno

1890 1353 2070 1447 primo
2128 1371 2477 1443 pontiﬁcatus
2516 1365 2725 1422 domini
2762 1378 2914 1434 papa:
2969 1359 3178 1416 Nicolai
3220 1357 3285 1424 ll,
3336 1353 3480 1410 indi-

1889 1471 2072 1526 ctione
2099 1467 2311 1522 decima
2341 1462 2526 1518 tertia.

2621 1570 2738 1626 XV.

1859 1651 1862 1654 ν
1897 1673 2242 1744 Pririlegium
2272 1659 3128 1744 Nicator"ILpaptep-rooecriesia
3153 1655 3212 1713 S.
3246 1652 3486 1710 Michae-

2293 1740 2359 1793 lis
2387 1749 2435 1792 et
2469 1737 2525 1791 S.
2556 1731 3061 1789 Ense'biiPoieust's.

2493 1828 2674 1896 (Anno
2710 1824 2890 1892 1050.)

2056 1927 2262 1998 [i.A.\ll.,
2295 1922 2498 1977 Ercles.
2537 1918 2777 1973 Florent.
2807 1915 3040 1968 Monum.
3074 1911 3139 1976 ll,
3171 1907 3322 1978 9413.}

1967 2019 2234 2073 NlCOl..\US
2287 2016 2596 2084 episeopus,
2626 2025 2818 2065 servus
2841 2021 3123 2064 servormn
3148 2002 3266 2067 Dei,
3290 2000 3487 2054 dilecto

1895 2114 1952 2166 in
1987 2109 2216 2164 Domino
2241 2107 2352 2161 tilio
2373 2105 2580 2171 Pc'rno,
2611 2101 2868 2156 Ecclesia:
2896 2097 3080 2153 Sancti
3118 2091 3395 2147 Michaelis
3434 2097 3490 2142 et

1897 2202 2085 2258 Sancti
2125 2199 2366 2264 Eusebii,
2403 2197 2521 2253 sita:
2575 2195 2628 2250 in
2687 2193 2807 2247 loco
2842 2190 2934 2259 qui
2968 2187 3282 2243 nominatur
3334 2180 3506 2245 Poio,’

1897 2293 2140 2358 rectori,
2205 2291 2428 2358 suisque
2484 2283 2898 2342 successio-ibus
2965 2277 3225 2331 canonice
3291 2271 3490 2325 ibidem

1897 2380 2518 2448 ordinandis..0muibus
2543 2376 2961 2446 quibuscumpie
2987 2366 3351 2424 communiter
3374 2361 3458 2414 vic
3475 2391 3491 2400 -

1897 2480 2040 2535 turis
2071 2480 2123 2532 in
2155 2482 2496 2546 perpetuum.

1969 2568 2236 2636 Quoniam
2303 2559 2703 2631 (hunipotentis
2781 2554 3023 2624 d'gnatio
3088 2566 3188 2604 suo
3259 2545 3497 2616 gratuito

1904 2677 2126 2715 munere
2181 2657 2246 2709 ad
2303 2657 2414 2707 hoc
2459 2659 2700 2704 nostram
2749 2643 3110 2699 humilitatem
3147 2639 3367 2707 dignata
3411 2641 3496 2687 est

1909 2751 2226 2822 provehere,
2274 2755 2545 2814 quatenus
2575 2755 2671 2809 per
2707 2752 2808 2790 nos
2844 2732 3043 2800 ubique
3084 2738 3355 2783 terrarum
3392 2720 3497 2777 dil-

1902 2844 2037 2898 fusa:
2066 2838 2317 2895 Ecclesim
2355 2837 2534 2889 lumen
2568 2829 2909 2884 administrct
2947 2821 3286 2886 indelicicns,
3331 2816 3498 2870 ratio-

1905 2936 2082 2989 nabile
2135 2931 2359 2985 iuniiiuo
2401 2926 2654 2980 ducimus
2715 2919 2947 2990 speciale
2999 2913 3236 2985 regimen
3298 2916 3499 2962 nostrae

1904 3042 2047 3081 cura!
2100 3022 2409 3076 conunissm
2466 3014 2789 3069 Hui-entiam
2845 3007 3109 3064 Ecclesia:
3167 3010 3506 3072 congruente

1907 3114 2220 3186 provisione
2271 3107 2581 3178 impendere
2609 3103 2830 3173 jugiter,
2877 3099 2955 3152 sic
2981 3110 3218 3164 namque
3245 3089 3491 3144 Doctoris

1829 3185 1870 3239 (ἶ
1905 3185 2146 3276 gentium
2216 3197 2415 3253 imitari
2474 3193 2774 3248 valebimus
2832 3188 3049 3242 salubre
3113 3185 3500 3238 documentum

1905 3312 2005 3366 pro
2055 3293 2262 3347 virilius
2311 3287 2536 3350 nostris,
2587 3282 2680 3352 qui
2714 3282 2914 3335 bonum
2960 3274 3223 3344 impertiri
3250 3271 3504 3325 omnibus

1903 3391 2054 3462 jubet
2087 3402 2225 3456 opus
2254 3383 2318 3438 ad
2353 3378 2686 3436 domesticos
2735 3373 2879 3435 lidei,
2937 3368 3173 3424 maxime
3237 3379 3359 3419 cum
3405 3375 3502 3431 pro

1909 3481 2114 3536 nostris
2162 3476 2369 3530 viribus
2439 3471 2625 3526 divino
2695 3467 2845 3520 cultu
2895 3463 3031 3518 locis
3085 3459 3279 3514 dicatis
3341 3457 3504 3525 digna

1909 3571 2306 3644 providet-inuis
2339 3563 2622 3633 obsequia,
2662 3570 2724 3615 ut
2755 3558 3022 3612 indefessa
3053 3552 3291 3608 laudatio
3336 3551 3392 3602 in
3426 3550 3506 3604 cis

1908 3666 2210 3720 celebretur
2270 3677 2366 3730 per
2430 3655 2613 3711 omnia
2677 3652 2895 3708 saeeuia.
2963 3647 3067 3700 Sed
3121 3643 3248 3713 quia
3309 3640 3504 3710 lapidci

1911 3757 2144 3828 parietes
2191 3770 2298 3807 non
2334 3751 2401 3806 ad
2438 3751 2542 3804 hoc
2587 3754 2714 3804 sunt
2741 3739 3034 3798 constructi
3062 3746 3121 3791 ut
3145 3736 3254 3789 Deo
3297 3730 3510 3800 possint

1910 3850 2102 3920 dignas
2137 3860 2384 3916 promere
2411 3841 2617 3905 laudes,
2661 3848 2960 3905 congruum
3014 3825 3255 3898 profecto
3298 3822 3508 3876 videtur

1912 3942 1980 3994 ad
2006 3936 2174 3993 divisi
2213 3933 2392 4003 operis
2415 3928 2802 4000 perfectionem
2826 3921 3148 3976 clericorum
3177 3914 3324 3970 circa
3347 3928 3507 3966 γεηρ-

1916 4035 2105 4090 rabilia
2166 4033 2287 4086 loca
2337 4027 2590 4082 ordinare
2655 4019 2902 4077 sedulam
2966 4009 3498 4082 frequentationcm:

1914 4127 2008 4197 qui
2036 4125 2254 4195 quidem
2305 4117 2410 4173 nisi
2457 4113 2686 4171 terrenis
2731 4105 3086 4179 corporaliter
3137 4107 3520 4156 sustententur.

1916 4217 2199 4289 stipendiis
2238 4256 2251 4279 ,
2321 4208 2500 4265 idonei
2554 4207 2640 4260 vix
2699 4210 2930 4276 possunt
2983 4197 3218 4253 existere
3275 4192 3510 4247 cultibus

1917 4311 2164 4375 divinis;
2211 4323 2333 4361 eum
2383 4304 2498 4372 ipse
2530 4297 2718 4353 mundi
2771 4293 3035 4349 Conditor
3077 4285 3378 4343 secundum
3412 4283 3510 4336 Illi-

1920 4419 2136 4459 inanam
2178 4399 2384 4455 unitam
2428 4393 2534 4449 sibi
2584 4389 2867 4444 materiam
2895 4385 3151 4455 dignatus
3177 4379 3248 4434 sit
3277 4375 3513 4447 [crferre

1920 4497 2064 4555 sitim
2096 4503 2149 4548 et
2175 4490 2430 4547 esuriem.
2457 4484 2538 4539 Ad
2566 4480 2795 4555 gloriam
2822 4478 3002 4546 itaque
3033 4473 3198 4537 illius,
3232 4485 3326 4538 per
3350 4481 3512 4534 quem

1923 4589 2159 4642 vivimus
2198 4591 2252 4636 et
2282 4592 2496 4640 sumus,
2539 4568 2922 4644 pretiosissimi
2962 4562 3239 4634 Michaelis
3279 4557 3480 4610 archau

1930 4682 2035 4753 geli
2081 4688 2247 4746 atque
2277 4668 2498 4724 Eusebii
2523 4664 2808 4719 basilicam
2865 4664 3053 4712 nostro
3080 4653 3298 4723 quidem
3327 4649 3536 4703 hortas.

1929 4774 2112 4835 mine,
2183 4761 2623 4819 Florentinorum
2695 4769 2826 4808 vero
2893 4748 3094 4802 civium
3166 4739 3475 4808 sumptibus
3510 4781 3534 4804 ,.

1926 4862 2157 4936 pulchra
2183 4855 2364 4925 specie
2390 4850 2777 4907 instauratam,
2811 4840 3194 4911 episcoporum
3231 4838 3533 4899 :tggt'egalo

1931 4919 2098 5018 iaetu,
2150 4945 2385 5020 propriis
2439 4939 2698 4995 manibus
2746 4934 3130 5004 episcoporum
3177 4919 3434 4978 Perusini
3494 4933 3556 4982 (ει

1930 5041 2203 5103 Rusellani
2234 5032 2574 5094 reddidimus
2605 5026 2929 5085 dedicatam.
2973 5020 3152 5088 Quam
3182 5012 3384 5071 nudam
3423 5014 3574 5075 sine

1931 5143 2055 5198 dote
2084 5132 2358 5190 dimittere
2402 5122 2690 5192 indignum
2729 5120 2883 5174 valde
2911 5114 3286 5182 indicavimus
3323 5116 3597 5170 ap05\o—

1935 5235 1989 5256 I3.
2012 5251 2030 5256 γ.
2097 5223 2385 5256 οηιΙιιιῖΙηΙο

2477 5217 2566 5256 ριιί
2617 5212 2890 5256 nrmeimte
2944 5205 3210 5256 Ct'nmielil
3271 5198 3636 5256 honestati.
