4020 5364
564 356 699 414 4331

1911 354 1956 410 Ν
1962 353 2186 412 ICOLAI
2222 352 2265 408 ll
2304 351 2506 407 ΡΑΡΕ

3718 346 3851 406 1332

564 468 897 547 praediorum
939 481 995 529 et
1029 474 1274 529 omnium
1308 487 1535 529 suarum
1560 488 1769 539 rerum,
1804 487 1943 544 quas
1971 472 2163 528 saltem
2183 473 2238 529 Α
2264 467 2519 547 Ecclesia:
2544 466 2705 524 Silvae
2728 465 2988 523 Candida:
3011 466 3272 539 episcopi,
3295 476 3349 523 et
3370 465 3696 538 apostolica:
3716 469 3851 524 sedis

565 567 634 622 ad
670 581 912 636 praesens
935 566 1234 637 potuimus,
1259 565 1611 622 investituras
1640 566 1971 638 apostolicae
1996 565 2155 620 obtu—

509 681 517 689 ·
565 652 749 713 limus.
807 653 1036 728 Suscipe
1084 658 1267 729 igitur,
1318 658 1668 714 sanctissime
1712 657 1943 712 Michael
1993 666 2156 727 atque

550 747 789 817 Eusebi,
838 750 938 805 tibi
973 750 1315 821 jamdudum
1349 751 1690 807 devotissimi
1745 766 1899 822 papae
1947 750 2155 806 Nicolai

563 841 935 898 voluntarium
992 858 1230 908 munus.
1294 850 1624 914 tuarumque
1678 860 1860 900 rerum
1915 860 2013 915 per
2069 857 2157 898 me

564 933 764 988 amodo
804 942 859 989 et
891 950 1064 1005 usque
1105 934 1162 989 in
1209 935 1600 1005 sempiternum
1646 936 1919 1007 singulare
1941 944 1996 991 et
2020 936 2158 992 inle-

540 1041 725 1095 grum
752 1020 873 1082 sine
903 1020 1095 1097 aliqua
1112 1029 1482 1085 controversia
1506 1031 1797 1102 aggredere
1829 1030 2155 1096 dominium,

536 1125 541 1131 ‘
566 1124 839 1186 quatenus
863 1112 957 1174 tuo
976 1121 1182 1175 nomini
1200 1120 1254 1175 in
1273 1122 1397 1176 aula
1411 1123 1657 1178 dedicata
1675 1123 1963 1196 religiosus
1980 1125 2160 1179 clerus

562 1207 677 1264 Deo
699 1211 1060 1282 omnipotenti
1084 1212 1305 1268 laudum
1333 1215 1519 1271 reboet
1539 1216 1772 1271 cantica.
1798 1215 2162 1287 Designentur

535 1309 748 1357 ‘autem
804 1312 896 1358 tua
945 1305 1148 1375 praedia
1189 1321 1285 1375 per
1314 1306 1560 1377 Subjec'ta
1612 1309 1876 1364 vocabula
1932 1309 2158 1375 scilicet,

537 1398 717 1449 “totus
765 1395 1031 1452 circuitus
1094 1395 1395 1467 adjaceiitis
1448 1398 1707 1456 Ecclesia:
1755 1401 1811 1455 in
1865 1401 2159 1473 integrum,

560 1501 667 1542 nec
700 1505 809 1544 non
862 1500 1053 1560 portus
1082 1500 1137 1546 et
1168 1492 1510 1560 vitrecetum,
1566 1510 1667 1550 nec
1709 1510 1817 1549 non
1847 1503 1901 1549 et
1922 1495 2162 1550 domini-

562 1587 686 1634 cata
708 1589 762 1635 et
782 1581 961 1649 vinea,
995 1599 1119 1654 quae
1141 1583 1385 1641 detinent
1411 1586 1504 1640 ﬁlii
1527 1585 1756 1642 Joannis
1788 1587 1881 1642 ﬁlii
1912 1587 2112 1644 Bonize
2145 1606 2160 1656 ;

528 1679 616 1726 »ει
638 1672 805 1730 ‘vinea
830 1688 997 1745 quam
1032 1676 1236 1732 detinet
1276 1676 1423 1733 Aezo
1475 1679 1779 1751 presbyteri
1826 1679 2008 1736 Cresci
2038 1698 2161 1738 cum

558 1764 768 1821 'salecto
820 1767 969 1837 quod
1002 1760 1269 1824 detinent
1317 1768 1416 1825 ﬁlii
1470 1770 1740 1837 Morandi,
1802 1772 1917 1828 lizec
1979 1775 2162 1829 omnia

561 1854 728 1925 hujus
758 1855 1015 1914 Ecclesize
1051 1859 1586 1933 habentur‘propria,
1633 1872 1687 1919 et
1731 1864 1873 1934 petia
1905 1866 1971 1921 de
2018 1875 2160 1923 terra

559 1948 734 2016 posita
762 1948 815 2003 in
848 1951 1025 2021 capite
1050 1954 1230 2022 pontis
1260 1953 1361 2010 rivi
1391 1955 1567 2011 sancti
1607 1955 1860 2026 Andreae,
1903 1966 1958 2013 et
2005 1975 2161 2015 man—

559 2045 678 2093 tum
712 2040 764 2094 in
795 2041 1092 2099 linsciano.

632 2130 762 2188 Ilaec
809 2151 939 2191 vero
987 2140 1173 2193 omnia
1201 2152 1580 2200 summotenus
1613 2147 2059 2213 memoravimus,
2089 2163 2158 2203 ne

559 2226 687 2295 quis
711 2228 921 2284 dubitet
953 2233 1126 2289 multo
1173 2236 1437 2305 ampliora
1462 2240 1662 2307 prredia
1692 2240 1835 2296 hanc
1870 2242 2155 2296 ecclesiam

558 2332 672 2371 non
744 2320 1005 2377 detinere.
1066 2325 1418 2384 Absolvimus
1480 2338 1743 2399 praeterea
1816 2333 2158 2403 liberumque

560 2419 812 2474 eumdem
864 2424 1230 2481 venerabilem
1287 2428 1471 2484 locum
1524 2431 1821 2500 apostolica
1874 2433 2157 2488 sanctione

516 2511 854 2599 ‘persistere
875 2513 1153 2583 jubemus,
1187 2534 1288 2575 nec
1321 2520 1481 2577 liceat
1509 2522 1672 2578 alicui
1696 2539 1876 2594 parva:
1915 2536 2153 2596 magnae-

558 2614 666 2669 que
713 2616 962 2670 personaa
998 2606 1198 2664 ibidem
1248 2613 1511 2668 canonice
1554 2624 1877 2685 aggregatos
1926 2618 2156 2673 clericos

555 2689 936 2764 dehonestare,
988 2706 1043 2754 et
1087 2700 1436 2769 plancitando
1480 2704 1741 2762 infestare
1787 2708 1871 2761 vel
1910 2708 2153 2763 debitum

552 2783 823 2841 tributum
869 2788 937 2844 ab
958 2789 1039 2845 eis
1066 2792 1304 2864 exigere,
1344 2810 1443 2851 seu
1487 2797 1672 2869 aliqua
1719 2799 2009 2855 occasione
2047 2798 2152 2855 sibi

553 2892 586 2931 a
618 2878 775 2934 nobis
815 2889 908 2936 alit
958 2882 1028 2939 ab
1078 2885 1353 2956 aliquibus
1397 2889 1648 2947 ﬁdelibus
1695 2907 1785 2947 res
1834 2908 2149 2960 concessas,

554 2966 670 3023 sive
707 2971 1106 3039 conecdcndas,
1134 2976 1409 3045 invadere,
1441 2980 1783 3048 subtrahere,
1808 2982 2148 3051 diminuere;

555 3057 738 3129 sitque
779 3061 1039 3120 immunis
1076 3066 1366 3136 prmdietus
1399 3069 1555 3125 locus
1582 3071 1651 3126 ab
1684 3073 1834 3127 omni
1864 3073 2148 3144 pensione,

2256 540 2674 623 bibliothecarii,
2712 572 2858 613 anno
2881 556 3061 627 primo
3081 558 3431 626 pontiﬁcatus
3461 557 3676 612 domini
3711 572 3854 628 papa

2254 646 2465 703 Nicolai
2487 647 2732 715 secundi,
2757 647 3052 703 indictione
3080 663 3200 703 xm.

2296 810 2301 815 .
2972 759 3112 815 XVI.

2262 856 2523 911 Nicotaus
2562 855 2627 909 11
2660 855 2897 910 ecclesiae
2930 854 2989 910 S.
3040 854 3266 911 Andrei:
3296 854 3704 911 Mussianenu’s
3732 855 3857 908 tunc

2697 943 2760 980 ac
2786 926 3065 998 privilegia
3095 928 3399 997 conﬁrmat.

2853 1005 3035 1090 (Anno
3063 1019 3246 1089 i060.)

2570 1112 2858 1186 [UGEELLI,
2897 1111 3068 1168 Italia
3095 1132 3271 1181 sacra,
3303 1113 3395 1180 IIl,
3428 1113 3555 1186 65.]

2329 1203 2600 1261 NICOLAUS
2632 1205 2945 1275 episcopus,
2977 1218 3169 1261 servus
3201 1219 3490 1261 servorum
3516 1204 3640 1268 Dei,
3666 1203 3859 1259 dilecto

2262 1296 2319 1351 in
2368 1295 2597 1354 Domino
2628 1297 2739 1354 ﬁlio
2779 1296 2969 1354 JOANNI
3014 1299 3184 1370 priori
3229 1298 3494 1354 Ecclesiae
3545 1297 3606 1352 S.
3636 1296 3859 1352 Audi-'2

2262 1384 2531 1443 Mnsciani
2563 1388 2681 1444 sitae
2704 1389 2870 1461 digno
2902 1391 3212 1460 praeposito,
3228 1392 3459 1461 suisque
3484 1382 3857 1446 confratribns

2263 1478 2525 1533 canonice
2546 1468 2873 1546 viventibus,
2895 1496 3194 1552 eorumque
3213 1482 3644 1537 successoribus
3668 1481 3858 1535 ibidem

2264 1570 2529 1626 canonice
2564 1572 2914 1628 manentibus
2955 1572 3009 1626 in
3047 1582 3389 1644 perpetuum.

2335 1668 2607 1736 Quoniam
2637 1667 3037 1742 Omnipotentis
3071 1672 3311 1743 dignatio
3337 1689 3441 1728 suo
3472 1673 3725 1743 gratuito
3750 1688 3861 1724 mu-

2265 1779 2397 1820 nere
2421 1764 2490 1819 ad
2522 1765 2667 1820 hanc
2697 1774 2940 1821 nostram
2976 1766 3340 1821 humilitatem
3364 1767 3595 1847 dignata
3630 1773 3717 1819 est
3739 1779 3860 1833 pro—

2267 1859 2482 1926 vehere,
2527 1868 2799 1930 quatenus
2833 1876 2930 1930 per
2964 1877 3066 1917 nos
3100 1862 3304 1932 ubique
3338 1871 3623 1916 terrarum
3655 1859 3862 1914 diﬂusa

2262 1950 2518 2007 Ecclesia:
2563 1952 2745 2007 lumen
2787 1953 3131 2010 administret
3159 1954 3503 2019 indeﬁciens,
3532 1952 3861 2009 rationalile

2261 2044 2489 2099 omnino
2540 2044 2797 2115 ducimus
2848 2045 3073 2115 speciali
3123 2046 3391 2117 regimine
3450 2056 3667 2102 nostra:
3724 2062 3863 2099 cura:

2260 2135 2572 2191 commissa:
2599 2134 2923 2208 Florentium
2952 2133 3211 2191 Ecclesiae
3240 2118 3648 2207 congruentem
3684 2135 3862 2205 prori-

2260 2224 2472 2281 sionem
2521 2226 2832 2295 impendere
2882 2226 3084 2296 jugiter
3115 2247 3127 2281 :
3159 2228 3240 2282 sic
3283 2210 3528 2297 namque
3565 2226 3859 2280 Ductorem

2259 2319 2502 2389 gentium
2526 2318 2830 2372 valebimus
2852 2318 3071 2375 salubre
3091 2318 3488 2375 documentum
3521 2334 3632 2388 pro
3654 2318 3860 2372 viribus

2258 2413 2482 2477 nostris,
2502 2412 2596 2481 qui
2624 2412 2831 2466 bonum
2854 2412 3121 2483 impertiri
3144 2413 3401 2467 omnibus
3421 2412 3589 2482 jubet
3609 2420 3863 2481 aperuere

2257 2504 2325 2560 ad
2351 2503 2685 2560 domesticos
2721 2502 2845 2559 ﬁdei
2887 2504 3145 2569 maxime,
3180 2519 3302 2557 eum
3340 2519 3441 2574 pro
3477 2503 3702 2557 nostris
3735 2502 3858 2555 viri-

2255 2596 2359 2651 bus
2394 2596 2578 2651 divino
2622 2596 2793 2651 cultui
2846 2596 2982 2650 locis
3009 2596 3205 2651 dicatis
3247 2596 3409 2667 digna
3438 2595 3859 2664 providercmus

2255 2686 2542 2756 obsequia,
2568 2696 2628 2742 ut
2651 2684 2923 2741 indefessa
2960 2686 3201 2741 laudatio
3228 2686 3282 2740 in
3307 2686 3389 2740 eis
3419 2686 3743 2740 celebretur
3770 2700 3858 2754 per

2255 2783 2440 2836 omnia
2471 2782 2689 2838 saecula.
2745 2782 2965 2837 Scilicet
2994 2782 3122 2853 quia
3155 2781 3354 2851 lapidci
3386 2781 3636 2851 parietes
3662 2796 3772 2833 non
3796 2780 3856 2833 ad

2254 2872 2360 2927 hoc
2408 2881 2536 2929 sunt
2594 2873 2919 2940 constructi,
2970 2881 3032 2927 ut
3078 2872 3309 2927 Domino
3341 2872 3565 2941 possint
3610 2886 3857 2941 promere.

2253 2964 2444 3022 laudes
2470 3009 2483 3021 .
2506 2967 2787 3038 egregium
2829 2965 3074 3037 profecto
3100 2967 3315 3021 videtur
3342 2965 3411 3020 ad
3458 2965 3644 3020 divini
3682 2965 3857 3034 Operis

2252 3060 2637 3133 perfectionem
2671 3062 2993 3118 clericorum
3031 3064 3179 3118 circa
3216 3063 3556 3118 venerabilia
3593 3063 3721 3118 loca
3763 3076 3853 3115 oro

553 3150 657 3206 sub
711 3153 885 3209 sancti
938 3153 1216 3213 Michaelis
1295 3169 1350 3215 et
1391 3161 1567 3217 sancti
1620 3161 1842 3219 Eusebii
1899 3166 2150 3236 luitione,
2182 3176 2226 3235 ρ
2256 3152 2449 3209 dinam
2490 3153 2735 3208 sedulam
2776 3153 3288 3224 frequentationem-
3327 3152 3434 3219 Qui
3483 3153 3723 3223 quidem
3758 3153 3856 3207 nisi

557 3244 874 3318 nulliusqne
933 3250 1258 3319 subjiciatur
1314 3254 1600 3323 dominio,
1670 3258 1777 3314 nisi
1841 3259 2162 3320 Florentino

558 3335 835 3409 episcopo.
884 3338 942 3393 Si
984 3342 1109 3411 quis
1157 3359 1307 3416 ergo,
1337 3347 1482 3416 quod
1518 3363 1628 3402 non
1661 3351 1959 3419 credimus,
1985 3354 2159 3409 sacri-

554 3423 675 3495 lega
704 3439 906 3493 mente,
936 3433 1081 3501 quod
1113 3434 1167 3487 in
1193 3446 1488 3506 conspectu
1549 3438 1834 3497 ilumherti
1864 3443 2160 3501 cardinalis

560 3513 722 3573 Silvae
746 3519 1027 3591 Candidas,
1072 3533 1234 3596 atque
1277 3525 1628 3585 Hildebrandi
1663 3543 1864 3589 sanctae
1899 3534 2160 3592 Romana:

556 3606 816 3665 Ecclesia:
846 3614 1239 3683 archidiaconi,
1277 3634 1377 3674 nec
1401 3636 1511 3675 non
1548 3622 1930 3693 episcoporum
1987 3625 2159 3681 Peru-

559 3700 667 3766 sini
691 3710 745 3756 et
776 3702 1072 3772 Rusellani,
1104 3715 1158 3765 et
1187 3707 1577 3778 Furcunensis,
1600 3714 1746 3783 juste
1769 3716 2154 3786 stabilivimus,

553 3788 795 3867 conatus
812 3794 977 3853 fuerit
1000 3798 1312 3870 infringere,
1338 3814 1555 3859 centum
1580 3808 1698 3861 auri
1730 3808 1898 3864 libras
1921 3810 2158 3879 prtefaue

550 3883 792 3943 basilicae
840 3900 1069 3962 cogatur
1114 3894 1443 3964 persolvere,
1496 3899 1841 3956 medietatem
1898 3902 2156 3973 episcopo

550 3975 891 4049 Florentino,
935 3993 989 4044 et
1018 3986 1360 4045 medietatem
1394 3989 1610 4045 clericis
1631 3991 1876 4061 ejusdem
1900 3993 2156 4052 Ecclesia:

553 4073 1017 4143 consistentibus,
1068 4078 1515 4152 descendantqne
1570 4099 1736 4154 super
1785 4101 1909 4140 eum
1962 4102 2154 4144 omnes

551 4163 661 4218 illa:
693 4167 1124 4237 maledictiones,
1154 4172 1262 4226 nisi
1293 4173 1609 4231 admonitus
1640 4176 1987 4247 satisfecerit,
2013 4195 2154 4250 quas

555 4252 614 4306 in
650 4253 1078 4314 Deuteronomio
1114 4271 1338 4319 sanctus
1386 4266 1643 4335 ascripsit
1676 4266 1929 4339 Moyses;
1978 4280 2152 4340 utque

553 4341 847 4400 interﬁciat
876 4362 1002 4402 eum
1044 4349 1188 4407 Dens
1221 4354 1411 4422 spiritu
1449 4356 1563 4411 oris
1602 4358 1709 4423 sui,
1750 4359 1893 4413 sicut
1936 4359 2147 4417 Datban

553 4446 609 4492 et
647 4434 875 4504 Abiron,
923 4456 1062 4510 quos
1092 4442 1243 4497 vivos
1268 4452 1411 4499 terra
1442 4446 1743 4517 deglutivit.
1777 4449 2047 4508 Pz-reterea
2089 4461 2151 4509 ut

2262 3249 2497 3305 terrenis
2537 3249 2907 3319 temporaliter
2945 3250 3356 3304 substententur
3403 3248 3708 3318 stipendiis
3744 3247 3853 3300 ido-

2261 3344 2402 3410 neis,
2425 3344 2514 3399 vix
2539 3353 2772 3415 possunt
2799 3345 3060 3400 assistere
3081 3344 3322 3400 cultibus
3341 3343 3573 3408 divinis,
3589 3358 3725 3398 cuni
3748 3343 3856 3412 ipse

2259 3438 2523 3496 Conditor
2564 3439 2753 3495 mundi
2807 3438 3111 3495 secundum
3152 3438 3450 3492 humanam
3492 3437 3719 3491 unitum
3758 3434 3851 3490 sibi

2260 3534 2541 3589 materiem
2584 3533 2840 3604 dignatus
2879 3534 2950 3588 sit
2978 3531 3220 3604 perferre
3243 3531 3391 3585 sitim
3424 3539 3481 3585 et
3510 3531 3763 3585 esuriem
3788 3529 3850 3584 ad

2259 3629 2487 3700 gloria’m
2512 3628 2678 3695 illius,
2704 3643 2803 3698 per
2830 3643 2992 3698 quem
3017 3642 3231 3691 sumus,
3255 3634 3311 3680 et
3329 3625 3674 3688 vivimus,et
3698 3624 3853 3693 cujus

2257 3716 2631 3777 misericOrdia
2701 3720 3108 3791 gnbernamur,
3177 3714 3562 3785 assistentium
3618 3714 3849 3768 fratrum

2240 3812 2456 3885 magno
2477 3829 2697 3885 quoque
2727 3814 2968 3878 hortatu,
2994 3827 3095 3867 nec
3127 3827 3237 3866 non
3266 3818 3322 3866 et
3351 3809 3667 3881 presbyteri
3688 3808 3851 3864 Joan-

2255 3904 2341 3961 nis
2361 3906 2606 3961 ecclesize
2620 3903 2676 3959 S.
2709 3905 2940 3959 Andreae
2951 3902 3220 3959 Musciani
3238 3903 3360 3957 sita:
3386 3901 3695 3956 venerandi
3716 3916 3849 3971 prie-

2254 3996 2421 4067 positi
2469 3996 2793 4067 dignissimo
2830 4002 3046 4066 rogatu,
3080 3992 3303 4064 proprio
3346 4006 3575 4061 quoque
3618 3990 3850 4047 consilio

2253 4089 2497 4144 roborati
2529 4088 2892 4159 praesentibus
2923 4086 3130 4143 scilicet
3151 4092 3354 4140 nostrae
3374 4085 3547 4139 curiae
3572 4084 3846 4147 ﬁdelibus,

2251 4181 2608 4251 ejusdemque
2640 4178 2885 4234 ecclesiae
2911 4177 3177 4246 patronis,
3205 4174 3420 4229 Joanne
3447 4174 3731 4239 videlicet,
3754 4176 3845 4244 qui

2251 4273 2454 4328 dicitur
2491 4271 2921 4336 Corbacchione,
2966 4270 3078 4325 ﬁlio
3115 4267 3349 4334 Rustici,
3399 4275 3456 4322 et
3500 4265 3701 4339 Egone
3738 4268 3848 4325 lilio

2251 4363 2462 4430 Uberti,
2484 4374 2538 4419 et
2560 4362 2962 4432 Sichelmo,qui
2990 4361 3189 4416 dicitur
3212 4358 3496 4424 Morellus,
3515 4360 3634 4414 filio
3652 4361 3844 4416 Ausci-

2256 4457 2424 4523 mi,et
2435 4456 2764 4522 Rolandino,
2786 4463 2841 4509 et
2853 4454 3112 4509 Anselmo
3135 4452 3371 4524 egregiis
3389 4452 3518 4507 ﬁliis
3534 4450 3844 4519 ildehrandi

553 4526 672 4583 haec
719 4531 914 4601 pagina
968 4533 1182 4602 plenam
1235 4534 1392 4589 ﬁdem
1444 4540 1803 4607 priesentibus
1842 4558 1938 4597 seu
1979 4544 2144 4599 etiam
2178 4527 2222 4586 ί)
2250 4549 2345 4604 ﬁlii
2382 4548 2602 4613 Leonis,
2626 4556 2681 4601 et
2712 4545 3048 4617 Segnorello,
3073 4552 3129 4599 et
3164 4542 3411 4598 Bononia
3450 4543 3695 4614 egregiis
3722 4544 3847 4598 (iiiis

551 4622 787 4690 posteris
815 4631 1045 4690 astruat,
1082 4627 1389 4697 etproprire
1437 4645 1633 4686 manus
1678 4634 2059 4705 suscriptione,
2092 4645 2147 4692 et

550 4713 837 4783 apostolici
865 4717 1035 4786 sigelli
1066 4719 1401 4776 munivimus
1431 4721 1807 4792 impressione.

620 4801 734 4875 Ego
759 4804 1094 4877 Bonifacius,
1122 4806 1447 4869 Albanensis
1478 4815 1790 4887 episcopus,
1820 4817 1919 4874 SS.

619 4893 733 4967 Ego
766 4895 981 4967 Petrus,
1019 4911 1221 4958 sanctae
1259 4901 1586 4963 Gabinensis
1638 4907 1894 4966 Ecclesiae
1932 4910 2142 4981 episco-

549 5003 681 5058 pus,
715 4988 816 5044 SS.

622 5078 735 5152 Ego
759 5081 962 5153 Bruno,
986 5084 1356 5145 Prienestinus
1377 5091 1686 5162 episcopus,
1725 5091 1824 5149 SS.

617 5168 732 5239 Ego
778 5172 1105 5245 Stephanus,
1130 5171 1443 5250 apostolicae
1464 5183 1609 5240 sedis
1633 5182 1846 5252 servus,
1888 5184 1956 5240 de
1982 5186 2139 5241 titulo

551 5258 587 5282 ο
639 5258 781 5282 ﬁl..."

2252 4640 2465 4696 Rodulﬁ
2496 4639 2592 4693 ﬁlii
2611 4639 2855 4708 ejusdem
2894 4634 3197 4692 lldelirandi
3227 4634 3429 4690 obnixe
3463 4644 3718 4690 nostram
3748 4635 3844 4690 de-

2248 4731 2522 4786 votionem
2567 4744 2668 4800 pro
2709 4727 2950 4798 peccatis
2998 4727 3113 4782 suis
3160 4726 3548 4791 exorantibus;
3606 4726 3847 4797 denique

2246 4839 2346 4894 pro
2368 4822 2612 4892 ejusdem
2655 4820 2898 4875 ecclesia:
2944 4818 3181 4872 maxime
3221 4817 3277 4871 in
3322 4815 3513 4872 futuro
3550 4817 3843 4887 regimine,

2243 4924 2301 4971 et
2327 4914 2493 4969 etiam
2527 4913 2696 4969 totius
2722 4910 2908 4983 populi
2954 4909 3151 4975 salute,
3183 4918 3459 4979 quatenus
3503 4909 3839 4979 prtediorum

2247 5022 2494 5072 suorum,
2525 5014 2580 5060 et
2615 5006 2865 5060 omnium
2894 5021 3118 5061 suarum
3161 5005 3562 5076 proprietatum
3594 5006 3841 5060 decima-

2243 5099 2391 5154 tione
2434 5097 2535 5168 ipsi
2576 5097 2822 5152 ecclesiae
2850 5097 3150 5169 privilegiis
3185 5096 3613 5167 praeceptionem
3642 5114 3839 5154 conce-

2243 5189 2521 5253 deremus,
2549 5187 2698 5257 quod
2737 5187 2925 5242 saltem
2959 5187 3026 5242 ad
3068 5203 3310 5257 praesens
3337 5188 3646 5257 potuimus,
3697 5200 3760 5245 et
3784 5192 3835 5244 in
