4020 5364
222 261 383 324 I353

1390 266 1750 327 EPISTULA:
1790 270 1876 327 ΕΤ
1917 269 2331 339 ωριοωτλ.

3372 267 3506 325 1554

200 394 298 443 -ct
317 393 585 458 integrum
622 383 739 440 sine
774 380 955 455 aliqua
993 386 1366 442 controversia
1403 386 1692 459 aggredere
1724 387 1825 443 do-
1850 391 1896 451 Α
1926 403 2114 451 nuere.
2142 386 2334 458 Sitque
2356 385 2652 459 pnedictus
2673 386 2997 444 venerabilis
3028 387 3181 442 locus
3205 383 3307 441 sub
3329 384 3515 459 omni-ﬁ

220 478 492 544 minium,
522 486 792 548 quatenus
832 477 885 532 in
916 478 1040 532 aula
1076 485 1170 533 tuo
1194 479 1402 534 nomini
1430 479 1675 536 dedicata
1696 480 1822 535 relic

214 570 429 639 giosus
453 570 633 625 clerus
670 570 769 625 tibi
794 569 1027 625 Domino
1047 572 1405 644 omnipotenti
1439 573 1662 628 laudum
1704 574 1822 629 reda

208 661 331 717 dat
359 662 590 719 cantica.
1810 706 1815 717 .

309 751 467 808 Nunc
488 754 671 825 itaque
696 754 996 825 apostolico
1014 754 1297 828 privilegio
1329 757 1701 824 concedimus,
1727 757 1820 813 ﬁr-

215 858 477 912 mamus,
507 848 836 913 stabilimus,
877 856 931 902 et
972 846 1304 904 inconcusso
1344 848 1819 922 fundamentope-

218 936 481 991 renniter
505 937 785 992 sancimus
813 937 866 990 in
886 937 999 1006 jam
1022 938 1167 992 dicta
1188 940 1440 1007 ecclesia,
1478 949 1533 995 et
1552 941 1818 996 canonica

218 1024 538 1081 beatissimi
581 1026 812 1082 Andreae.
854 1027 1084 1097 apostoli
1114 1027 1321 1101 integre
1343 1044 1538 1086 omnes
1578 1031 1820 1087 decima—

217 1118 414 1172 tiones
433 1119 825 1189 proprietatum
851 1121 1292 1189 supradictorum
1317 1122 1625 1189 hominum,
1653 1122 1819 1179 Joan-

211 1211 326 1267 nis
353 1211 621 1277 videlicet,
655 1213 750 1282 qui
795 1211 997 1269 dicitur
1029 1213 1462 1281 Corbacchione,
1490 1212 1700 1286 Ugonis
1720 1215 1818 1271 ﬁlii

213 1301 446 1371 ‘Uberti,
470 1314 524 1360 et
550 1304 755 1360 Morelli
784 1305 878 1361 lilii
904 1305 1168 1373 Anselmi,
1196 1314 1252 1362 et
1284 1306 1591 1374 Rolandini,
1617 1316 1674 1363 et
1704 1309 1819 1363 An-

214 1397 392 1453 sclmi
416 1398 759 1468 egregiorum
786 1396 1022 1453 ﬁliorum
1054 1398 1357 1454 lldebrandi
1387 1399 1484 1453 ﬁlii
1518 1398 1739 1467 Leonis,
1763 1408 1820 1455 et

218 1488 545 1561 Signorelli,
590 1498 646 1544 et
696 1488 924 1545 Bonomi
952 1492 1295 1562 egregiorum
1330 1492 1568 1547 ﬁliorum
1601 1492 1816 1549 Rodulﬁ

218 1580 331 1635 ﬁlii
398 1589 505 1636 tem
542 1580 869 1648 Ildebrandi,
913 1583 1120 1638 scilicet
1149 1584 1396 1639 omnium
1439 1585 1657 1640 illarum
1691 1601 1819 1656 pro-

216 1674 547 1743 prietatum,
572 1689 711 1744 quas
740 1674 983 1745 prmdieti
1014 1674 1265 1730 homines
1286 1676 1589 1745 possident,
1615 1676 1699 1731 vel
1723 1676 1817 1732 alii

218 1781 330 1835 per
350 1783 467 1832 eos,
497 1768 583 1821 vel
612 1768 666 1821 in
692 1774 851 1821 antea
893 1767 1249 1836 acquisierint
1277 1766 1622 1822 infra‘totum
1654 1767 1817 1823 terri-

219 1858 435 1913 torium
460 1860 632 1929 plebis
653 1857 712 1914 S.
728 1858 929 1914 Juliani
956 1860 1073 1915 sita:
1085 1860 1336 1929 Septimi,
1361 1868 1417 1916 et
1435 1861 1610 1930 plebis
1630 1859 1817 1918 Sancti

218 1948 450 2003 Martini
477 1949 595 2004 sita:
623 1948 834 2014 Brozzi,
860 1959 914 2003 et
936 1951 1105 2019 plebis
1134 1950 1190 2005 S.
1222 1949 1488 2006 Vincentii
1507 1953 1627 2008 sitae
1643 1952 1815 2022 Pesae,

214 2052 283 2096 et
317 2043 370 2096 in
407 2050 520 2097 tota
548 2042 686 2095 valle
708 2042 773 2095 de
797 2040 990 2107 Greve,
1015 2052 1069 2097 et
1092 2043 1145 2097 in
1174 2043 1309 2098 Villa
1338 2042 1514 2112 Nova,
1540 2055 1595 2101 et
1616 2047 1672 2101 in
1702 2054 1817 2119 tota

215 2135 436 2203 capella
461 2132 519 2188 S.
547 2133 723 2201 Pauli,
746 2143 799 2189 et
830 2135 883 2188 in
914 2133 1226 2207 Casignano
1260 2138 1501 2207 exceptis
1530 2139 1724 2194 masiis
1748 2139 1818 2194 de

214 2225 517 2293 Cuilatico,
561 2243 798 2297 quorum
836 2228 1080 2284 decimas
1114 2230 1171 2283 in
1194 2229 1509 2286 Florentina
1548 2232 1815 2286 canonica

216 2320 539 2388 persolvere
578 2320 793 2376 debent.
843 2320 1112 2376 Praeterea
1158 2322 1263 2379 hac
1311 2324 1500 2380 eadem
1550 2327 1816 2397 privilegii

216 2413 591 2481 prmceptione
624 2427 815 2468 omnes
848 2414 1092 2469 decimas
1140 2415 1356 2470 illarum
1399 2419 1812 2486 proprietatum,

214 2519 353 2574 quae
380 2504 508 2559 olim
535 2503 757 2559 fuerunt
781 2504 945 2560 Benzi
968 2506 1063 2560 ﬁlii
1085 2505 1338 2563 Petronis
1358 2508 1425 2562 de
1455 2507 1661 2577 Radda,
1692 2527 1816 2581 quae

216 2606 359 2651 sunt
386 2597 578 2666 positae
623 2597 680 2651 in
720 2598 842 2653 loco
867 2598 1053 2654 Godos
1076 2598 1175 2665 tiae,
1212 2607 1266 2653 et
1294 2600 1349 2654 in
1381 2600 1519 2655 Villa
1549 2600 1721 2669 Nova,
1761 2611 1816 2659 et

184 2689 284 2743 'in
317 2688 376 2744 S.
419 2688 611 2757 Paulo,
645 2698 700 2744 et
750 2690 802 2744 in
832 2689 1165 2762 Carignano,
1215 2699 1270 2746 et
1314 2708 1408 2762 per
1453 2694 1558 2748 alia
1592 2696 1733 2761 loca,
1762 2704 1839 2751 et.

217 2782 493 2837 vocabula
524 2783 579 2837 in
613 2790 724 2838 tota
743 2783 855 2854 jam
879 2784 1035 2839 dictae
1060 2785 1303 2840 ecclesia:
1325 2788 1604 2855 parochia,
1637 2788 1813 2844 cidem

220 2874 475 2930 ecclesiae
529 2876 759 2930 ﬁrmiter
803 2879 1187 2947 concedimus;
1242 2888 1298 2934 et
1352 2879 1576 2950 insuper
1621 2897 1815 2937 omnes

218 2966 475 3023 decimas
499 2969 775 3024 novalium
796 2969 864 3025 de
885 2970 1037 3025 silvis
1056 2973 1499 3042 supradiciorum
1529 2974 1812 3029 hominum

1922 480 2157 550 potentis
2184 478 2301 545 Dei,
2338 487 2636 552 nostraque
2682 488 2737 537 et
2775 489 3090 537 nostrorum
3122 492 3509 551 successorum

1921 572 2171 637 tuitione,
2211 572 2527 644 nulliusque
2562 572 2888 644 subjiciatur
2928 571 3195 639 dominio,
3225 571 3329 649 nisi
3378 569 3505 625 Flo-

1921 662 2138 717 rentiuo
2161 662 2437 733 episcopo.
2463 661 2692 734 ipseque
2724 663 3012 735 episcopus
3050 662 3286 735 benigne
3311 670 3367 718 et
3400 663 3506 717 ho-

1920 764 2076 809 neste
2109 755 2413 821 tractando,
2447 754 2598 811 omni
2639 754 2914 825 superﬂua
2934 744 2941 749 ’
2963 754 3249 810 exactione
3278 763 3506 827 postpo-

1920 845 2047 911 sita,
2077 861 2174 902 eos
2203 862 2418 917 semper
2462 846 2729 901 hortetur.
2761 844 2819 900 Si
2864 846 2989 916 quis
3036 863 3185 917 ergo,
3220 846 3367 918 quod
3394 861 3505 899 non

1920 937 2216 1005 credimus,
2230 939 2490 1010 sacrilega
2506 947 2706 1005 mente,
2720 938 2866 1010 quod
2884 938 2939 993 in
2954 948 3247 1009 conspectu
3264 938 3506 1009 episcopi

1921 1028 2168 1086 Umberti
2195 1031 2492 1087 cardinalis
2521 1029 2682 1097 Silva:
2702 1030 2980 1097 Candidas,
3005 1041 3168 1101 atque
3195 1029 3503 1087 lldebrandi

1920 1121 1983 1177 8.
2006 1121 2073 1177 Β.
2098 1122 2161 1177 Ε.
2191 1122 2587 1189 archidiaconi,
2616 1138 2717 1179 nec
2759 1140 2869 1178 non
2916 1123 3302 1195 episcoporum
3334 1121 3507 1178 Peru-

1920 1213 2028 1268 sini
2060 1222 2114 1269 et
2160 1212 2456 1282 Roscllani,
2506 1214 2747 1271 Rozonis
2795 1231 3016 1287 quoque
3070 1214 3127 1270 S.
3177 1214 3506 1272 Florentium

1919 1305 2176 1363 Ecclesiae
2199 1307 2655 1380 archipresbyteri
2676 1308 2824 1378 juste
2860 1309 3247 1376 stabilivimus,
3274 1298 3505 1365 conatus

1919 1399 2085 1457 fuerit
2115 1400 2432 1474 infringere,
2464 1402 2653 1457 decem
2686 1403 2807 1457 auri
2854 1403 3022 1459 libras
3064 1401 3306 1474 przel‘ata:
3353 1384 3504 1458 basi;

1918 1491 2039 1548 lica:
2083 1501 2312 1562 cogatur
2373 1492 2713 1563 persolvere,
2776 1494 3120 1549 medietatem
3190 1493 3505 1549 Florentino

1919 1583 2194 1654 episcopo,
2231 1592 2285 1638 et
2326 1583 2673 1638 medietatem
2711 1584 2923 1642 clericis
2961 1585 3017 1639 in
3046 1585 3237 1641 eadem
3272 1586 3501 1641 ecclesia

1921 1673 2371 1741 consistentibus,
2409 1673 2744 1729 descendant
2786 1672 2951 1746 super
2988 1692 3114 1730 eum
3166 1692 3358 1733 omnes
3401 1677 3506 1733 illae

1919 1764 2351 1832 maledictiones,
2396 1764 2501 1821 nisi
2544 1766 2858 1822 admonitus
2894 1765 3242 1834 satisfecerit,
3281 1784 3421 1838 quas
3450 1760 3503 1822 in

1920 1855 2344 1913 Deuteronomio
2372 1856 2661 1928 descripsit
2697 1865 2919 1911 sanctus
2949 1855 3183 1929 Moyses,
3218 1866 3383 1929 alque
3418 1858 3504 1913 in~

1919 1950 2149 2004 terticiat
2172 1964 2299 2004 eum
2326 1948 2470 2004 Deus
2494 1948 2687 2019 spiritu
2729 1949 2842 2004 oris
2887 1949 2994 2015 sui,
3041 1949 3184 2003 sicut
3214 1947 3424 2005 Dathan
3454 1961 3509 2005 et

1917 2041 2148 2108 Abiron,
2190 2057 2331 2112 quos
2368 2042 2522 2097 vivos
2569 2041 2855 2113 deglutivit
2902 2051 3066 2107 terra,
3113 2050 3167 2098 et
3205 2042 3430 2113 insuper
3460 2045 3507 2099 si

1906 2133 2154 2205 .clericus
2189 2132 2371 2201 fuerit,
2401 2135 2487 2189 sui
2524 2134 2736 2190 ordinis
2767 2133 2944 2189 oﬁieio
2976 2135 3237 2205 privetur.
3274 2133 3508 2191 Praeter-

1917 2240 2011 2291 ea,
2068 2232 2129 2280 ut
2173 2225 2290 2281 haec
2333 2226 2529 2297 pagina
2564 2227 2779 2297 plenam
2831 2226 2988 2281 [idem
3020 2226 3382 2296 przesentibus
3411 2244 3508 2285 seu

1916 2318 2082 2373 etiam
2129 2318 2366 2389 posteris
2408 2326 2640 2384 astruat,
2672 2318 2908 2389 propriae
2950 2317 3267 2388 apostolica:
3313 2334 3510 2376 manus

1900 2411 2322 2480 subscriptione
2353 2411 2709 2466 munivimus.

1990 2502 2103 2573 Ego
2126 2501 2407 2570 Nicolaus,
2451 2518 2643 2557 servus
2677 2518 2962 2557 servorum
3004 2501 3122 2570 Dei,
3166 2503 3299 2561 huic
3337 2497 3511 2576 privi—

1918 2594 2042 2666 legii
2069 2595 2281 2666 paginze
2310 2594 2630 2664 subscripsi.
3482 2602 3485 2611 ‘

1989 2687 2103 2758 Ego
2130 2686 2503 2753 lldebrandus,
2531 2685 2588 2740 S.
2621 2684 2685 2740 R.
2718 2684 3250 2753 Efarcbidiaconus,
3286 2687 3501 2743 subscr.

1988 2779 2103 2852 Ego
2128 2779 2423 2846 Gerardus,
2448 2787 2652 2833 sanctze
2676 2777 2981 2833 Rosellanze
3008 2775 3269 2833 Ecclesiae
3289 2779 3506 2848 episco—

1917 2889 2042 2943 pus,
2075 2871 2295 2927 interfui
2322 2880 2377 2926 et
2398 2870 2720 2940 subscripsi.
3198 2884 3201 2887 ·

1987 2964 2102 3036 Ego
2127 2963 2299 3032 Rozo,
2322 2971 2524 3020 sanctae
2553 2961 2881 3018 Florentinte
2900 2961 3161 3018 Ecclesiae.
3188 2961 3471 3035 archipres
3492 2993 3505 3003 -

222 3058 545 3129 ubicunque
574 3061 915 3128 laborantur,
942 3064 1026 3118 vel
1048 3064 1465 3132 laborabuntur,
1486 3075 1542 3121 et
1565 3066 1812 3121 omnium
1843 3085 1883 3141 ο
1918 3057 2091 3129 biter-

220 3150 464 3204 aliarum
512 3151 775 3209 silvarum
807 3171 1149 3226 quaecunque
1182 3156 1519 3225 laborantur,
1543 3160 1628 3214 vel
1661 3159 1813 3215 labo-

222 3242 499 3297 rabuntur
544 3243 686 3300 infra
729 3255 900 3301 totum
953 3248 1124 3317 ipsius
1164 3249 1409 3306 ecclesiae
1453 3252 1810 3320 territorium,

221 3334 485 3391 similiter
538 3336 595 3392 in
647 3339 835 3394 eadem
892 3341 1158 3396 canonica
1206 3343 1579 3400 concedimus.
1636 3344 1812 3400 Simili

224 3428 396 3484 modo
418 3443 612 3495 omnes
637 3430 908 3500 primitias
944 3433 1131 3501 populi
1166 3434 1435 3503 praedictae
1462 3437 1725 3505 ecclesiae,
1757 3447 1812 3493 et

224 3518 472 3590 integras
509 3530 840 3591 spontancas
876 3524 1182 3580 oblationes
1223 3526 1491 3595 vivorum,
1520 3537 1575 3583 et
1617 3528 1811 3584 defun-

222 3620 466 3680 ctorum,
481 3623 536 3669 et
558 3614 766 3685 integra
788 3623 1131 3683 testamenta,
1154 3624 1208 3671 et
1229 3617 1453 3673 liberam
1475 3620 1811 3690 sepulturam

224 3704 401 3761 totius
420 3706 507 3760 sui
531 3707 736 3776 populi,
750 3714 805 3762 et
830 3707 1069 3762 maxime
1086 3717 1463 3778 patronorum,
1491 3719 1546 3765 et
1564 3712 1811 3767 omnium

223 3797 326 3867 qui
356 3798 498 3853 infra
523 3799 803 3855 dioecesim
827 3800 943 3869 jam
965 3800 1126 3855 dicta:
1150 3801 1395 3856 ecclesiae
1433 3802 1700 3871 habitant,
1725 3806 1812 3860 vel

224 3888 572 3957 habitabunt,
622 3891 796 3945 eidem
838 3892 1084 3947 ecclesiae
1140 3893 1541 3962 perpetualiter,
1580 3904 1635 3949 et
1693 3898 1812 3953 sine

224 3983 335 4037 ﬁne
358 3983 643 4054 largimur.
659 3982 892 4039 Prorsus
913 3984 1115 4053 praedia
1142 3985 1328 4039 omnia
1345 4001 1375 4039 a
1393 3985 1812 4059 quibuscunque

224 4075 477 4133 ﬁddibus
499 4091 827 4146 quocunque
849 4076 1011 4132 modo
1027 4076 1176 4149 juste
1197 4078 1486 4149 acquisita,
1511 4080 1596 4135 vel
1618 4081 1810 4152 acqui-

226 4169 414 4223 renda.
445 4166 777 4223 Electionem
802 4184 1023 4240 quoque
1045 4171 1253 4241 proprii
1272 4172 1531 4241 pastoris,
1561 4180 1616 4229 et
1639 4182 1810 4230 totam

222 4259 630 4316 ordinationem
671 4260 847 4330 ipsius
886 4260 1107 4329 domus,
1151 4272 1204 4318 et
1259 4263 1583 4321 clericorum
1611 4280 1811 4335 reprae-

224 4352 590 4408 sentationem
631 4361 758 4408 ante
781 4353 1063 4424 proprium
1089 4355 1407 4426 episcopum
1438 4357 1506 4412 ad
1549 4358 1811 4414 ordinan-

223 4445 354 4501 dum
404 4445 690 4501 canonicis
743 4446 992 4516 ejusdem
1039 4448 1282 4504 ecclesiae
1336 4450 1507 4506 libera
1556 4448 1813 4522 facidtate

225 4538 614 4608 perpetualiter
644 4539 1001 4595 concedimus
1025 4550 1081 4594 et
1116 4541 1447 4598 stabilimus.
1479 4541 1607 4598 Haec
1627 4545 1813 4600 omnia

226 4630 581 4686 concedimus
606 4630 820 4685 clericis
848 4630 903 4684 in
933 4631 1054 4700 ipsa
1085 4633 1209 4686 aula
1240 4634 1503 4688 canonice
1532 4635 1810 4689 manenti-

226 4723 346 4783 bus.
366 4724 497 4794 quia
520 4722 652 4777 olim
676 4723 806 4777 dum
832 4722 1136 4791 simplicem
1159 4724 1509 4792 episcopatus
1536 4725 1811 4793 prmlatio-

228 4832 345 4872 nem
370 4831 755 4873 exerceremus
790 4815 1064 4871 sacerdoti
1103 4813 1303 4870 Joanni
1336 4814 1451 4883 jam
1485 4817 1632 4872 dicto
1666 4833 1808 4888 prae-

225 4908 422 4975 posito,
445 4916 501 4962 et
525 4906 642 4961 suis
661 4905 1053 4971 confratribus,
1069 4919 1372 4974 eorumque
1395 4910 1810 4965 successoribus

226 4990 614 5062 stabilivimus,
642 5005 695 5051 ct
727 4997 1122 5054 concessimus.
1147 4996 1501 5054 Absolvimus
1525 5010 1808 5070 praeterea,

226 5088 568 5160 liberumque
594 5090 843 5145 eumdem
872 5090 1235 5147 venerabilem
1277 5089 1458 5143 locum
1509 5095 1811 5164 apostolica

227 5181 508 5236 sanctione
530 5180 820 5248 persistere
834 5181 1197 5253 jubemus,ne
1226 5183 1390 5237 liceat
1413 5180 1578 5244 alicui
1605 5202 1810 5260 parvae,

226 5287 544 5346 magnaeque
569 5287 832 5342 personae,
874 5272 1072 5329 clerico
1103 5279 1185 5333 vel
1222 5274 1368 5330 laico
1390 5273 1613 5346 ibidem,
1640 5294 1815 5337 cano-

1841 4426 1888 4485 D

1987 3147 2122 3204 Data
2157 3148 2355 3204 ibidem
2387 3164 2451 3203 xv
2481 3145 2599 3202 Kal.
2628 3146 2912 3202 Februarii
2956 3162 3053 3217 per
3100 3161 3298 3210 manus
3328 3143 3497 3200 Hum-

1916 3241 2053 3296 bcrti
2084 3240 2325 3312 episcopi
2356 3250 2559 3296 sanctae
2591 3238 2849 3295 Ecclesiae
2892 3237 3054 3293 Silvm
3088 3235 3345 3293 Candida:
3372 3253 3498 3293 car-

1914 3333 2134 3399 dinalis,
2173 3334 2480 3403 apostolicae
2515 3333 2661 3389 sedis
2704 3330 3121 3397 bibliothecarii,
3146 3344 3291 3384 anno
3340 3329 3496 3383 Dom.

1918 3420 2079 3489 1059,
2109 3421 2458 3492 pontiﬁcatus
2496 3430 2680 3476 autem
2710 3418 2771 3475 D.
2807 3436 2960 3491 papa:
3003 3418 3211 3474 Nicolai
3281 3419 3508 3474 secundi

1914 3511 2115 3582 primo,
2152 3512 2338 3568 indici.
2371 3504 2475 3579 xu,
2500 3528 2612 3583 quo
2653 3510 2903 3566 videlicet
2950 3510 3037 3565 die
3070 3510 3124 3564 in
3152 3508 3380 3580 praefata
3421 3524 3507 3563 ec-

1913 3604 2080 3660 clesia
2124 3604 2194 3659 ab
2216 3605 2407 3660 eodem
2437 3605 2695 3675 episcopo
2739 3600 3039 3678 Humberto
3076 3602 3234 3672 jussu
3259 3601 3502 3671 ejusdem

1915 3695 1979 3751 D.
2007 3712 2160 3768 papa:
2188 3698 2299 3753 duo
2339 3696 2552 3762 altaria,
2604 3711 2774 3751 unum
2819 3694 2873 3747 in
2922 3693 3189 3748 honorem
3223 3690 3283 3745 Β.
3315 3689 3502 3746 Maria:

1914 3805 2131 3859 semper
2157 3788 2418 3860 Virginis,
2461 3796 2515 3842 et
2554 3794 2872 3842 sanctarum
2913 3786 3185 3856 virginum
3216 3783 3418 3839 Priscae
3447 3791 3505 3837 et

1915 3880 2239 3952 Margaritaa,
2261 3889 2316 3934 et
2342 3880 2572 3933 alterum
2600 3878 2657 3931 in
2688 3878 2951 3933 honorem
2979 3874 3037 3931 S.
3072 3874 3259 3942 Blasii,
3284 3883 3340 3930 et
3369 3890 3501 3931 san-

1914 3980 2129 4027 ctorum
2156 3968 2380 4025 Fabiani
2425 3976 2481 4023 et
2508 3967 2819 4023 Sebastiani
2853 3975 2984 4022 sunt
3010 3973 3353 4062 consecrata.
3456 3980 3459 3987 ί

2618 4081 2783 4137 XVII.

1912 4175 2077 4231 Bulla
2126 4172 2342 4230 Νῖσοιαί
2405 4173 2471 4228 II
2492 4190 2680 4245 irpapa:
2714 4174 2778 4228 de
2820 4173 3212 4245 consecratione
3244 4171 3504 4245 _ba_sijic;r

1984 4245 2046 4371 ᾖ.
2079 4245 2358 4330 Laurentii
2386 4246 2451 4300 de
2481 4239 2781 4314 Florentia,
2800 4246 2885 4299 cui
2902 4243 3212 4313 subscripsit
3236 4239 3293 4298 S.
3309 4240 3504 4307 Petrus

2037 4334 2301 4371 annanus.
3073 4346 3077 4350 ι
3450 4348 3457 4355 -

2478 4410 2659 4482 (Anno
2687 4408 2867 4480 l060.)

1915 4522 2308 4597 [MITTABELLI,
2353 4522 2554 4577 Annal.
2586 4520 2893 4579 Camaldul.
2931 4518 3007 4586 Il,
3054 4519 3298 4589 Append.
3350 4518 3503 4592 104.]

1980 4636 2251 4691 Nicetius
2268 4635 2583 4705 episcopus,
2614 4647 2807 4689 servus
2836 4644 3121 4693 servorum
3157 4626 3273 4691 Dei,
3306 4626 3506 4685 dilecto

1909 4724 2024 4779 ﬁlio
2046 4724 2251 4789 Gisom,
2283 4724 2530 4778 ecclesiae
2567 4721 2742 4780 sancti
2772 4719 3054 4781 Laurentii
3074 4719 3231 4789 juxta
3274 4717 3507 4776 Floren-

1908 4817 2036 4872 tina:
2069 4815 2308 4871 civitatis
2351 4829 2542 4873 muros
2594 4813 2737 4879 sitae,
2762 4811 2993 4876 rectori,
3033 4811 3249 4879 tuisque
3287 4822 3514 4872 succes-

1913 4910 2133 4966 soribus
2160 4907 2424 4965 canonice
2459 4908 2665 4973 ibidem
2699 4904 3040 4973 ordinandis,
3071 4902 3330 4960 omnibus
3371 4900 3547 4977 quos

1914 5017 2022 5074 quc
2050 5000 2417 5061 communiter
2446 4999 2676 5056 victuris
2698 4998 2753 5053 in
2786 5004 3133 5071 perpetuum.
3460 5010 3463 5015 ·

1988 5092 2259 5164 Quoniam
2287 5089 2697 5161 Otnnipotentis
2718 5089 2963 5165 dignatio
2988 5104 3091 5145 suo
3118 5086 3366 5158 gratuito
3399 5108 3552 5163 tu“-

1915 5201 2045 5244 nere
2068 5186 2137 5241 ad
2168 5184 2271 5239 hoc
2299 5188 2556 5240 nostram
2589 5184 2955 5240 humilitatem
2992 5183 3220 5254 dignata
3260 5192 3353 5239 est
3404 5204 3566 5263 pro,

1914 5281 2132 5345 vehere,
2172 5283 2450 5347 quatenus
2479 5292 2579 5346 per
2609 5290 2710 5330 nos
2739 5276 2946 5347 ubique
2983 5281 3258 5329 terrarum
3315 5274 3571 5359 (nausa.
