4020 5364
602 316 746 382 i555

1932 337 2210 399 NICOLAI
2239 341 2284 397 II
2322 342 2525 400 ΡΑΡᾹΞ

3752 366 3876 423 1555

599 445 809 500 viz-dm;
838 446 1061 511 nostris,
1086 445 1180 517 qui
1209 447 1414 503 bonum
1442 449 1705 521 impertiri
1744 453 2001 511 omnibus
2042 457 2198 527 jubet
2226 462 2273 519 Α
2297 458 2414 513 sive
2437 461 2818 520 concedendas
2839 464 3118 534 invadere,
3164 469 3517 543 subtrahere,
3571 477 3875 549 (liminum,

599 553 737 607 opus
760 539 827 592 a.l
853 538 1184 594 domesticos
1221 541 1341 595 tidei
1379 544 1636 610 maxime,
1672 560 1795 600 cum
1838 562 1939 617 pro
1986 549 2192 605 nostris

597 631 806 685 viribus
831 629 1016 685 divino
1039 634 1209 687 cultui
1240 633 1376 689 locis
1410 635 1606 691 dicatis
1643 637 1805 707 digna
1842 640 2190 708 providemus

594 723 880 793 obsequia,
926 734 987 778 ut
1032 725 1304 781 indefessa
1354 727 1593 785 laudatio
1647 730 1702 784 in
1759 730 1840 785 eis
1887 732 2190 787 celebretur

594 832 689 885 per
716 817 899 872 (nonin
925 819 1143 874 srecula.
1179 818 1282 874 Sed
1312 822 1438 891 quia
1489 822 1681 892 lapidei
1721 823 1957 892 parietes
1981 839 2090 879 non
2117 826 2188 881 ob

593 908 697 962 hoc
719 918 848 964 sunt
881 909 1185 975 constituti,
1228 920 1284 965 ut
1309 911 1423 965 Deo
1444 914 1651 982 possint
1695 914 1888 986 dignas
1936 931 2186 985 promere

593 1001 801 1068 laudes,
824 1020 1130 1075 congruum
1163 1003 1409 1074 profecto
1443 1007 1658 1063 videtur
1691 1009 1757 1064 ad
1790 1009 1959 1064 divini
2002 1011 2186 1081 operis

590 1095 1003 1164 perfectionem,
1024 1098 1348 1153 clericorum
1381 1100 1527 1154 circa
1556 1101 1892 1156 venerabilia
1933 1102 2051 1157 loca
2093 1117 2184 1157 or-

590 1189 781 1243 dinare
807 1190 1051 1245 sedulam
1087 1189 1601 1260 frequentationem.
1640 1191 1743 1259 Qui
1782 1193 2026 1263 quidem,
2073 1194 2182 1250 nisi

588 1280 822 1335 terrenis
848 1282 1215 1352 temporaliter
1240 1290 1615 1339 sustentcntur
1657 1285 1965 1355 stipendiis,
2000 1285 2179 1341 idonei

586 1373 678 1427 vix
699 1375 1174 1444 possuntexistere
1196 1377 1435 1431 cultibus
1457 1378 1679 1445 divinis,
1697 1395 1821 1434 cum
1846 1380 1961 1450 ipse
1987 1381 2177 1437 mundi

586 1464 853 1520 Conditor
902 1468 1204 1522 secundum
1250 1468 1547 1523 humanam
1586 1470 1795 1524 unitum
1848 1471 1951 1525 sibi
2006 1480 2178 1526 mate-

582 1560 723 1614 riam
751 1560 1006 1631 dignatus
1039 1563 1108 1617 sit
1139 1563 1378 1633 perferre
1402 1564 1549 1618 sitim
1574 1574 1627 1618 et
1652 1564 1912 1619 esuriem.
1948 1563 2028 1620 Ad
2055 1565 2173 1635 glo-

508 1697 512 1700 .
585 1652 720 1707 riam
769 1654 952 1725 itaque
1004 1654 1189 1721 illius,
1234 1672 1327 1724 per
1348 1673 1511 1726 quem
1568 1656 1803 1711 vivimus
1849 1665 1904 1711 ct
1955 1672 2169 1724 sumus,

576 1743 961 1812 pretiosissimi
1014 1747 1272 1817 martyris
1317 1746 1520 1801 Christi
1560 1745 1836 1802 Laurentii
1863 1748 2169 1814 basilicam,

2296 552 2477 622 sitque
2506 553 2769 612 immunis
2794 559 3089 627 praedictus
3121 561 3275 618 locus
3309 566 3378 619 ab
3406 569 3564 622 omni
3613 576 3873 643 pensione,

2293 644 2397 698 sub
2452 643 2512 700 S.
2558 645 2841 704 Laurentii
2884 652 3140 719 tuitione,
3193 657 3513 729 nulliusquc
3572 664 3875 734 subjiciatur

2290 735 2557 805 dominio,
2580 740 2684 793 nisi
2710 739 3026 797 Florentino
3049 746 3326 818 episcopo.
3350 749 3409 804 Si
3428 755 3559 821 quis
3580 762 3871 829 ergo,quo.l

2289 843 2397 881 non
2441 830 2742 898 credimus,
2789 836 3052 906 sacrilega
3082 851 3281 905 mente,
3311 846 3460 912 quod
3493 848 3549 901 in
3593 864 3871 921 conspersa

2287 920 2529 990 episcopi
2576 922 2861 980 llumberti
2886 930 3180 987 cardinalis
3218 934 3377 989 Silva:
3398 937 3692 1006 Candida,
3728 920 3871 1014 atque

2285 1008 2639 1069 Hildebrandi
2675 1015 2889 1074 Sanctae
2916 1019 3176 1102 Rpmaua:
3198 1023 3455 1084 Ecclesiae
3484 1008 3869 1105 archidiaconi,

2284 1117 2386 1157 nec
2414 1120 2523 1159 non
2556 1106 2937 1178 episcoporum
2965 1112 3238 1183 Perusini,
3270 1117 3581 1188 Rusellani,
3602 1136 3658 1179 et
3685 1125 3871 1183 Furca-

2280 1195 2492 1261 uensis,
2518 1198 2667 1266 juste
2710 1202 3037 1273 stabilitum,
3086 1218 3320 1265 conatus
3366 1211 3536 1268 fuerit
3564 1216 3867 1291 infringere,

2280 1295 2500 1342 centum
2532 1291 2654 1345 auri
2683 1293 2850 1350 libras
2875 1298 3113 1366 praefata:
3139 1301 3379 1359 basilica:
3406 1319 3650 1378 cogatur
3679 1316 3870 1381 persal-

2278 1391 2427 1444 vere,
2459 1382 2805 1439 medietatem
2841 1386 3159 1446 Florentino
3180 1396 3472 1468 episcopo,
3526 1411 3588 1456 et
3616 1405 3867 1460 medieta-

2277 1476 2385 1523 tem
2433 1472 2649 1529 clericis
2689 1477 2935 1545 cjusdcm
2979 1481 3237 1541 Ecclesia:
3281 1491 3760 1561 consistentibus,
3793 1499 3869 1553 de-

2272 1564 2644 1635 scendantque
2673 1585 2838 1639 super
2865 1587 2990 1628 eum
3013 1573 3412 1648 Omnipoteutis
3434 1586 3866 1657 maledictioues,

2270 1655 2380 1710 nisi
2411 1659 2726 1716 admonitus
2777 1664 3131 1735 satisfecerit,
3179 1688 3318 1742 quas
3352 1676 3406 1730 in
3440 1655 3868 1738 Deuteronomio

2271 1759 2496 1804 sanctus
2534 1752 2824 1824 descripsit
2878 1758 3124 1831 Moyses,
3185 1775 3348 1835 atque
3393 1769 3703 1828 interﬁciat
3755 1792 3865 1830 eum

578 1846 771 1891 nostro
799 1839 1019 1909 quidem
1057 1840 1396 1905 hortamine,
1440 1839 1882 1896 Florentium-um
1921 1856 2050 1896 vero
2093 1842 2172 1896 ei-
2204 1834 2247 1893 Β
2275 1838 2420 1896 Deus
2449 1844 2645 1913 spiritu
2688 1849 2804 1903 oris
2848 1852 2956 1918 sui,
2985 1852 3127 1910 sicut
3150 1856 3359 1915 Datban
3382 1870 3437 1916 et
3467 1864 3711 1930 Abiron,
3742 1884 3868 1937 quos

576 1931 727 1984 vium
764 1933 1076 2002 suntptibus
1102 1935 1333 2005 pulchra
1375 1935 1556 2004 specie
1610 1935 1999 1999 instauratum,
2050 1935 2171 2005 epi-

575 2040 871 2094 s'oporlun
897 2036 1191 2098 aggregato
1219 2037 1362 2083 υωιιι
1410 2029 1645 2098 propriis
1690 2028 1945 2084 manibus
1990 2028 2171 2083 reddi-

573 2119 757 2173 dimus
786 2119 1088 2174 dedicatam
1123 2138 1287 2191 qttam
1334 2123 1534 2177 nudam
1577 2122 1694 2176 sine
1737 2123 1863 2176 dote
1892 2121 2168 2176 dimittere

572 2211 1034 2282 indiguumvaldc
1069 2214 1467 2281 julicavinms,
1514 2215 1814 2284 apostolica
1867 2215 2161 2279 soliditate,

572 2306 657 2356 uti
690 2305 958 2373 ptrt‘t’ipttc
994 2307 1253 2374 contpctit
1299 2307 1566 2361 honestati
1609 2307 1877 2361 studrnalo
1902 2306 2161 2361 omnibus

557 2396 779 2450 nedum
807 2398 1061 2468 injuriam
1100 2400 1431 2467 patientibus
1482 2398 1571 2469 pia
1622 2400 1987 2453 sollicitudine
2028 2399 2160 2453 sub-

563 2490 773 2543 venire.
810 2490 1196 2545 Assistcutiam
1234 2509 1366 2562 ergo
1395 2491 1626 2545 fratrum
1654 2495 1742 2547 ho.
1760 2502 1894 2559 tatu,
1937 2493 2158 2562 proprio

561 2583 1023 2652 qaoancmisilio
1047 2587 1303 2649 roburati,
1322 2597 1582 2654 pra-sume
1608 2583 2153 2656 popquFlorentino,

559 2691 660 2743 pro
683 2675 922 2744 peccatis
943 2676 1189 2744 ejusdem
1213 2676 1448 2735 civitatis
1478 2679 1793 2746 pmsuinm,
1824 2676 1893 2729 ob
1920 2684 2153 2729 vestram

558 2782 777 2838 quoque
809 2769 1174 2834 devotionem,
1216 2769 1451 2839 denique
1491 2779 1713 2840 propter
1747 2769 1917 2823 totius
1966 2767 2150 2837 populi

559 2860 787 2911 salutem
815 2874 849 2912 τι
880 2859 1037 2913 nobis
1061 2868 1383 2913 cmusecrato
1405 2860 1561 2912 altari
1589 2859 1915 2930 praediorum
1944 2867 1999 2912 ct
2037 2874 2153 2912 ont-

556 2948 709 3002 nlum
739 2965 965 3003 suarum
993 2965 1198 3011 rerum,
1232 2950 1377 3019 quod
1432 2949 1622 3003 saltem
1668 2949 1733 3002 ad
1784 2963 2024 3017 pttcscns
2050 2962 2148 3017 po—

554 3044 780 3107 tuimus,
808 3044 1186 3099 invcstituram
1208 3044 1562 3113 apostolicam
1577 3043 1898 3097 obtulimus.
1917 3040 2146 3110 Suscipe

550 3136 738 3207 igitur,
763 3138 1110 3193 sanctissime
1152 3137 1436 3203 Laurenti,
1479 3137 1574 3193 tibi
1612 3135 1947 3206 jamdudum
1979 3136 2144 3188 devo-

549 3227 749 3283 tissimi
774 3244 928 3299 papa:
972 3227 1179 3284 Nicolai
1228 3230 1599 3285 voluntarium
1641 3243 1865 3295 munus,
1893 3236 2142 3281 tuarum-

553 3333 661 3388 que
727 3334 911 3373 rerum
947 3334 1043 3388 per
1068 3336 1155 3374 me
1203 3320 1401 3374 amodo
1444 3322 1499 3375 et
1536 3335 1712 3390 usque
1753 3320 1807 3374 iu
1855 3318 2142 3387 sempiter-

548 3425 681 3464 num
706 3410 985 3480 singulare
1008 3420 1062 3465 ct
1086 3412 1354 3481 integrant
1372 3454 1386 3479 ,
1419 3413 1536 3467 sine
1558 3412 1742 3482 aliqua
1765 3410 2138 3466 controversia

515 3499 841 3571 aggredere
863 3499 1185 3567 dominium,
1227 3512 1496 3571 quatenus
1537 3502 1591 3556 in
1636 3503 1759 3556 aula
1793 3510 1889 3556 tuo
1914 3500 2138 3571 Inomini

546 3593 797 3648 dedicata
823 3594 1114 3665 religiosus
1145 3596 1327 3650 clerus
1364 3596 1473 3650 Deo
1521 3595 1881 3665 omnipotenti
1914 3593 2136 3649 laudum

541 3686 731 3741 reboct
781 3687 1019 3743 cantica.
1050 3687 1413 3759 Designcntur
1447 3697 1629 3743 autem
1676 3694 1765 3742 tua
1802 3688 2003 3757 praedia
2042 3700 2139 3756 per

542 3777 793 3845 subjecta
813 3779 1099 3846 vocabula,
1126 3780 1351 3847 scilicet,
1371 3788 1519 3835 totus
1546 3779 1808 3835 circuitus
1837 3778 2139 3847 adjacentis

509 3864 786 3928 .ccclcsizc
820 3865 874 3918 in
900 3864 1192 3936 integrum,
1225 3882 1325 3921 nec
1362 3882 1470 3921 non
1508 3865 1901 3921 dominicatum
1926 3906 1941 3931 ,
1988 3864 2135 3935 quod

541 3956 781 4013 adhaeret
809 3959 960 4030 regio
987 3975 1182 4030 campo
1218 3961 1286 4014 ab
1316 3960 1619 4026 occidente,
1658 3960 1726 4015 ad
1764 3960 2071 4025 meridiem,
2102 3974 2133 4013 a

538 4050 910 4117 septentrione
963 4061 1018 4106 et
1068 4043 1277 4108 oriente
1343 4052 1717 4108 circumdatur
1759 4053 1846 4108 via
1893 4053 2129 4123 publica.

500 4138 984 4212 _Pr:ctcrcajuxta
1024 4144 1245 4200 ﬂuvium
1299 4145 1596 4213 Munionis,
1651 4136 2132 4217 fundus'magnus

537 4233 770 4288 habetur
831 4236 996 4306 hujus
1061 4240 1306 4296 ecclesia:
1359 4241 1635 4310 proprius.
1694 4241 1844 4297 Alios
1897 4241 2132 4311 denique

537 4325 680 4381 duos
728 4325 927 4383 fundos
981 4345 1215 4400 quorum
1269 4349 1411 4388 unus
1462 4335 1673 4403 positus
1704 4345 1787 4389 est
1825 4333 2127 4403 Carditulo,

548 4418 687 4473 alter
716 4417 978 4489 Junkero,
1011 4423 1106 4492 qui
1152 4425 1454 4480 retinentur
1504 4428 1795 4497 nepotibus
1850 4428 2127 4485 Tcuzonis

2258 1934 2428 1991 .vivos
2450 1946 2593 1991 terra
2624 1940 2926 2021 deglutivit.
2970 1944 3237 2004 Practer-ra
3270 1962 3328 2006 ut
3355 1953 3473 2010 haec
3513 1958 3725 2027 pagina
3758 1934 3865 2029 ple-

2272 2040 2398 2082 nam
2426 2029 2586 2085 tidem
2629 2036 2993 2101 praesentibus
3022 2056 3116 2094 sea
3156 2044 3319 2098 etiam
3351 2049 3594 2113 posteris
3637 2061 3863 2115 astruat,

2268 2126 2324 2173 ct
2351 2122 2587 2190 propria:
2622 2141 2819 2181 manus
2842 2130 3263 2202 subscriptione,
3293 2145 3347 2191 et
3369 2141 3664 2208 apostolici
3712 2143 3865 2216 sigilli

2266 2214 2606 2272 munivimus
2638 2219 3021 2290 impressione.

2337 2321 2599 2363 CONFIRIIA
2628 2327 2750 2379 HOC,
2791 2330 2945 2373 unus.
2975 2333 3112 2378 ριτθι)
3143 2334 3419 2377 OPL'R‘A'II‘S
3446 2342 3510 2379 ES
3538 2343 3593 2380 l.‘
3622 2344 3803 2386 50535.

2265 2398 2378 2469 Ego
2400 2401 2636 2471 llrttnus,
2668 2407 3040 2467 Praenestinus
3069 2414 3378 2485 episcopus,
3412 2420 3512 2475 ες,

2265 2490 2376 2560 ligo
2409 2491 2624 2563 Petrus,
2659 2497 2922 2554 Peccator
2948 2505 3275 2572 monachus,
3311 2508 3414 2563 SS.

2259 2581 2374 2653 Ego
2395 2584 2611 2655 Petrus,
2640 2590 3030 2650 Lavicaneusis
3060 2598 3376 2669 episcopus,
3402 2604 3504 2658 SS.

2257 2674 2371 2745 Εξῑι)
2405 2677 2740 2748 Bonifacius,
2771 2685 3098 2743 Albanensis
3118 2692 3430 2762 episcopus,
3470 2698 3576 2751 SS.

2257 2766 2368 2838 E30
2394 2769 2733 2842 Desiderins,
2757 2779 3038 2850 presbyter
3051 2784 3346 2841 cardinalis
3379 2787 3647 2844 Romana-
3674 2793 3858 2850 Eccle-

2252 2861 2368 2927 siae,
2404 2863 2503 2918 SS.

2326 2953 2523 3011 Datum
2555 2957 2847 3016 Florentizu
2899 2980 2997 3019 xm
3047 2965 3165 3020 Kal.
3227 2968 3536 3035 Februarii,
3596 2991 3751 3031 anno
3793 2981 3858 3033 ait

2249 3044 2632 3104 lucarrtatione
2689 3051 2905 3108 Domini
2970 3056 3127 3120 1060,
3167 3076 3261 3128 per
3310 3079 3512 3120 ntanus
3562 3066 3855 3125 (lumbarti

2252 3137 2467 3195 Sanctae
2489 3140 2748 3198 Ecclesia:
2779 3144 2941 3201 Silva:
2963 3148 3220 3207 Candida:
3247 3155 3491 3227 episcopi
3535 3168 3594 3213 et
3630 3174 3854 3231 aposto-

2246 3231 2363 3286 licm
2402 3234 2548 3289 sedis
2594 3236 3016 3306 bibliothecarii,
3062 3259 3208 3300 armo
3254 3247 3435 3315 primo
3471 3252 3671 3308 domui
3707 3272 3857 3327 μεμε

2242 3323 2451 3381 Nicolai
2481 3326 2544 3392 ll,
2581 3329 2876 3388 indictione
2901 3350 3020 3390 xm.

2940 3448 3127 3506 XVIII.

2241 3532 2403 3588 Bulla
2443 3535 2657 3591 .‘t'icolni
2690 3536 2752 3590 II
2778 3556 2929 3609 pupa:
2967 3559 3063 3611 pro
3109 3549 3376 3603 canonicis
3404 3549 3849 3615 Pimnrcnsihv.

2832 3633 3013 3699 (Anno
3050 3635 3232 3708 1060.)

2240 3716 2530 3788 [Ouvmnn
2562 3720 2813 3793 Memoria
2843 3742 2934 3790 per
2962 3725 3016 3778 la
3046 3730 3213 3782 amrin
3250 3731 3396 3785 delia
3434 3732 3637 3790 Chius
3678 3740 3845 3793 Ραα.

2474 3806 2583 3843 rese
2609 3792 2693 3845 uel
2714 3794 2885 3848 εει-οιο
2921 3813 3040 3850 xm.
3064 3798 3289 3867 Pesaro,
3322 3803 3487 3871 1779,
3515 3807 3629 3880 4%]

2309 3877 2580 3935 Nicouns
2607 3883 2899 3954 episcopus
2924 3928 2939 3952 ,
2980 3903 3172 3945 servus
3216 3906 3509 3950 servorum
3558 3877 3679 3967 θέε,
3709 3901 3845 3956 dile-

2235 3970 2340 4025 ctis
2388 3972 2441 4026 in
2489 3973 2712 4030 Christo
2756 3976 2884 4032 tiliis
2938 3977 3136 4035 Unsoai
3174 3985 3473 4040 venerabili
3520 3994 3841 4061 pmposito,

2234 4067 2557 4138 cretei-isque
2591 4070 2875 4127 canunicis
2907 4082 3115 4129 sancta:
3155 4073 3533 4136 Pisauriensis
3567 4086 3837 4151 ecclesiae,

2234 4172 2540 4231 eorumque
2597 4165 3014 4222 successoribus
3074 4166 3276 4225 ibidem
3327 4172 3566 4232 victuris
3601 4177 3665 4232 in
3710 4195 3836 4250 per-

2233 4261 2478 4321 petuum.

2303 4344 2556 4401 Debitum
2599 4350 2914 4407 commissa:
2954 4353 3113 4409 nobis
3159 4357 3560 4425 speculationis
3580 4364 3833 4433 exsequi-

2230 4451 2357 4489 mur
2380 4437 2426 4492 si
2462 4439 2568 4508 piis
2590 4448 2648 4495 et
2675 4444 3081 4500 venerabilibus
3125 4446 3261 4502 locis
3295 4460 3617 4519 opportuna
3646 4456 3829 4511 muni-

534 4512 761 4579 clerici,
811 4522 1187 4572 monstramus
1235 4519 1455 4588 proprie
1500 4520 1568 4575 ad
1614 4520 1854 4591 regimen
1887 4521 2125 4592 praefata:
2157 4541 2202 4600 ι)
2231 4530 2377 4586 mina
2416 4542 2607 4588 contra
2651 4537 2999 4593 saecularium
3026 4540 3264 4610 impetus
3286 4546 3828 4618 providemus.Qua-

531 4605 791 4663 Ecclesim
829 4608 1081 4676 retineri;
1136 4626 1296 4666 mons
1351 4613 1524 4667 sancti
1584 4612 1862 4670 Laurentii
1906 4616 1998 4686 qui
2056 4632 2120 4671 ex

484 4764 487 4767 _
530 4716 643 4755 uno
667 4701 833 4757 latere
869 4703 1210 4772 proximatur
1237 4715 1396 4760 tcrrze
1421 4705 1605 4762 Sancti
1632 4707 1881 4774 Joannis,
1907 4726 1972 4765 ex
2015 4712 2123 4767 alio

531 4792 718 4850 Sancti
754 4795 990 4861 Romuli,
1059 4799 1225 4853 tertio
1269 4799 1484 4856 Sanctae
1539 4801 1723 4858 Maria:
1765 4804 1877 4875 juri
1928 4815 2125 4859 vestrm

526 4885 786 4943 Ecclesia:
833 4890 1169 4945 conceditur.
1228 4892 1453 4950 Fuudus
1509 4896 1778 4965 siquidem
1834 4897 1887 4951 iu
1936 4908 2124 4952 monte

527 4975 755 5048 Ugonis,
783 4982 995 5049 positus
1015 4984 1266 5039 similiter
1291 4987 1483 5041 ditioni
1530 4999 1844 5045 memorata:
1882 4990 2126 5047 ecclesia:

476 5132 481 5137 ,
529 5070 917 5141 consignatur,
949 5074 1064 5130 lucc
1095 5093 1226 5131 vero
1249 5067 1445 5135 omnia
1487 5092 1866 5138 summotenus
1907 5099 2120 5138 memo-

2225 4632 2448 4694 propter
2472 4625 2528 4680 in
2554 4629 2836 4686 canonica:
2863 4633 3302 4691 conversationis
3329 4642 3622 4709 proposito
3664 4645 3824 4713 proﬁ-

2223 4730 2346 4770 cere
2375 4726 2429 4771 et
2451 4733 2804 4788 perseverare
2831 4738 2932 4778 vos
2954 4725 3305 4794 cupientes...
3324 4731 3616 4799 petitionis
3631 4746 3825 4791 vestra:

2222 4820 2468 4865 tenorem
2521 4811 2803 4881 praefatam
2872 4817 3197 4873 canonicam
3260 4829 3315 4875 ct
3374 4838 3479 4879 vos
3530 4835 3820 4897 vestraque

2222 4903 2407 4956 onmia
2453 4905 2558 4958 sub
2598 4914 2804 4961 nostra:
2842 4907 3182 4966 defensionis
3237 4914 3407 4969 tutela
3459 4918 3815 4987 suscipimts,

2222 5006 2276 5049 et
2299 4997 2566 5068 quidquid
2607 5000 2676 5054 ad
2714 5016 2955 5070 prmsens
2984 5003 3037 5056 in
3072 5004 3293 5073 scriptis
3320 5007 3407 5061 vel
3432 5008 3557 5063 sine
3596 5012 3813 5081 scriptis

2217 5089 2366 5159 juste
2413 5100 2467 5146 et
2518 5090 2765 5162 legaliter
2827 5094 3042 5150 videtur
3106 5096 3347 5163 habere,
3400 5109 3501 5153 aut
3535 5101 3595 5155 iu
3636 5100 3813 5158 futuro
