4020 5364
241 285 378 345 1357

1366 238 1724 342 unusunus
1763 283 1852 340 nr
1892 283 2307 340 amona“.

3372 271 3512 326 1Σῦξί

244 417 366 473 quae
398 401 514 472 iatn
555 399 697 456 dicta
727 398 994 454 canonica
1023 399 1268 460 noscitur
1295 399 1515 464 habere,
1545 407 1643 454 aut
1662 397 1815 454 dein-
1841 411 1890 470 Α
1919 399 2104 454 turnus
2129 397 2454 453 auctoritate
2507 398 2828 468 apostolica,
2880 399 3210 454 contulimus
3261 409 3314 452 ct
3363 403 3503 468 pra:-

245 510 372 564 ceps
398 493 820 564 quibuscunque
851 491 1030 546 modis
1061 491 1212 560 justo
1254 501 1308 545 et
1355 491 1601 561 legaliter
1627 488 1820 560 acqui-

247 597 330 642 ret
353 598 464 642 tam
494 583 550 639 in
587 584 858 650 ecclesiis,
901 583 1080 649 casis,
1125 583 1306 649 terris,
1330 582 1524 649 vincis,
1567 598 1736 653 quam
1767 581 1824 636 in

248 680 495 746 decimis,
519 677 794 750 primitiis,
826 675 1192 732 oblationibus
1225 677 1474 732 vivorum
1505 684 1560 730 et
1581 683 1825 730 mortuo-

251 787 394 838 rum,
441 784 584 840 quas
621 769 690 824 ab
741 769 858 838 ipsa
901 766 1129 822 matrice
1176 777 1356 822 vestra
1405 765 1646 821 Ecclesia
1677 806 1692 830 ,
1732 771 1828 818 aut

249 861 613 929 undecunque
649 858 850 912 habere
893 856 1102 910 debetis
1123 897 1137 920 ,
1170 855 1324 909 vobis
1349 855 1653 924 vestrisque
1702 867 1827 908 suc-

251 950 565 1005 cessaribcs
604 947 798 1003 deinde
818 987 833 1012 ,
870 947 935 1000 "ut
979 962 1140 1014 supra
1166 943 1378 1013 dictum
1403 953 1506 1008 est,
1539 957 1828 997 conversa-

256 1049 332 1094 tu:
348 1040 414 1106 is,
455 1040 506 1094 in
535 1047 854 1110 perpetuum
887 1037 1300 1100 conﬁrmamus,
1325 1043 1378 1089 et
1405 1050 1501 1104 per
1529 1033 1696 1102 bujus
1729 1048 1830 1087 uo-

257 1139 385 1185 strae
399 1127 807 1186 constitutionis
829 1110 1082 1198 paginam
1105 1126 1544 1180 corroboramus.
1561 1123 1828 1190 Quocirca

255 1220 555 1292 apostolica
585 1219 908 1274 auctoritate
939 1219 1230 1273 statuimus
1266 1227 1326 1272 ut
1357 1218 1507 1271 nullo
1545 1217 1835 1287 cujuscun-

250 1329 359 1386 que
389 1311 595 1367 ordinis
623 1319 719 1365 aut
739 1310 1020 1382 dignitatis
1051 1308 1425 1364 ecclesiastica
1449 1307 1718 1372 videlicet,
1747 1307 1832 1361 vel

253 1403 536 1460 smcularis
591 1417 788 1474 magna
845 1415 1120 1472 parvaque
1174 1415 1405 1470 persona
1435 1443 1452 1466 ,
1515 1401 1831 1471 praedictam

252 1496 617 1562 canonicam,
659 1510 759 1550 seu
796 1509 893 1549 vos
927 1503 1246 1563 vestrosque
1286 1508 1828 1563 successoresque...

253 1585 449 1640 audeat
487 1583 774 1639 disvestire
803 1583 870 1638 de
915 1583 1075 1637 bonis
1125 1583 1242 1638 suis
1289 1583 1373 1636 vcl
1413 1582 1680 1652 spoliare,
1715 1581 1835 1636 sine

1923 490 2158 561 cipimus
2180 499 2242 545 ut
2275 490 2574 545 inviolabili
2601 491 2786 562 vigore
2815 489 3012 546 habeat
3039 490 3302 560 quidquid
3331 507 3490 546 cauo-

1925 583 2046 640 nice
2074 592 2128 639 et
2170 583 2318 653 iuste
2362 583 2461 637 tibi
2501 583 2632 638 dare
2664 597 2960 653 possumus
3022 583 3075 637 in
3119 583 3505 638 ecclesiasticis

1925 685 1980 730 ct
1999 673 2294 730 mundanis
2320 675 2519 740 rebus;
2558 674 2632 730 ita
2656 684 2717 728 ut
2745 676 2929 730 nullus
2955 675 3248 745 episcopus
3290 675 3376 728 vel
3401 675 3503 728 ali-

1926 767 2053 837 quis
2078 783 2214 822 suus
2246 765 2470 821 nuntius
2496 775 2592 820 aut
2611 765 2868 835 quaelibet
2890 766 2994 820 alia
3023 780 3254 836 persona
3283 782 3313 820 a
3340 765 3507 822 cleri—

1928 859 2010 913 cis
2065 857 2263 912 ibidem
2309 855 2742 912 descrvientibus
2775 856 2997 925 aliquod
3043 857 3367 924 servitium,
3411 865 3510 911 aut

1929 947 2198 1004 redditum
2239 946 2440 1018 exigat,
2471 946 2557 1002 vel
2598 945 2993 1016 subiectionem
3024 947 3266 1016 aliquam
3291 948 3358 1002 de
3381 962 3506 1000 om-

1931 1041 2115 1107 nibus,
2151 1055 2274 1110 quae
2295 1054 2442 1095 nunc
2473 1039 2656 1105 habet,
2699 1039 2784 1094 vel
2823 1039 3078 1094 habitura
3125 1049 3230 1104 est,
3279 1047 3340 1094 ut
3373 1037 3509 1094 nulli

1930 1136 2190 1205 episeopo
2221 1135 2383 1190 liceat
2413 1131 2649 1204 przefata!
2694 1133 2944 1188 ecclesirc
2986 1133 3230 1187 divinum
3275 1132 3511 1186 otiicium

1933 1228 2244 1298 prohibere,
2292 1235 2389 1281 aut
2423 1227 2493 1281 de
2533 1226 2746 1282 clericis
2792 1225 2990 1280 ibidem
3041 1225 3514 1280 connnorantibus

1932 1331 2264 1388 queinquam
2290 1316 2790 1379 excommunicare,
2821 1324 2916 1369 aut
2938 1314 3023 1370 sui
3055 1314 3216 1370 oﬂicii
3263 1313 3513 1384 persolu—

1935 1413 2137 1465 tionem
2175 1405 2534 1480 perturbare,
2591 1415 2687 1462 aut
2734 1408 2950 1477 aliquos
2997 1421 3161 1461 causa
3193 1405 3515 1461 conversio-

1934 1501 2022 1554 nis
2051 1499 2384 1570 poniitentizc
2419 1498 2488 1552 ad
2533 1511 2656 1552 eum
2690 1497 2966 1552 venientes
2992 1496 3076 1550 vel
3111 1495 3356 1550 divinum
3401 1495 3518 1548 olli-

1936 1594 2081 1648 (ium
2109 1593 2394 1647 audituros
2417 1591 2502 1644 vel
2541 1590 2739 1645 ibidem
2770 1604 3144 1652 remansuros,
3171 1589 3240 1642 ab
3267 1603 3331 1642 ea
3355 1602 3518 1656 sepa-

249 1677 597 1732 canonicalis
643 1684 738 1730 aut
769 1675 958 1730 localis
990 1675 1213 1746 judiciis
1265 1675 1571 1730 sanctione.
1613 1675 1670 1728 Si
1711 1675 1835 1744 quis
1910 1701 2099 1757 orare,
2159 1693 2254 1738 aut,
2301 1680 2668 1745 interdicere,
2719 1680 2802 1734 vel
2853 1679 3242 1749 quoquomodo
3296 1677 3516 1743 ﬁndere.

213 1835 218 1839 ι
255 1771 420 1843 igitur
445 1770 618 1824 nostri
640 1769 805 1838 hujus
831 1769 1018 1824 statuti
1043 1766 1672 1822 edictum....temerario
1697 1783 1834 1822 ausu
1869 1761 1911 1816 Β
1940 1785 2210 1846 quatenus
2251 1771 2660 1844 pel-turbatione
2702 1769 2851 1824 omni
2884 1779 3093 1825 ιυριῃοω
3135 1771 3191 1823 in
3221 1769 3372 1823 ηιιιιο
3409 1768 3518 1822 im-

253 1862 551 1933 infringere
574 1861 1002 1932 praesumpserit,
1031 1868 1084 1913 ct
1113 1857 1500 1914 ecclesiasticae
1532 1858 1836 1913 institutio-

256 1954 345 2009 nis
367 1968 517 2007 more
548 1951 916 2005 corumonitus
945 1952 1232 2005 eun'ndare
1267 1939 1670 2019 contempserit,
1702 1949 1840 2004 sciat

254 2061 315 2099 se
369 2041 734 2097 anatbcrnatis
775 2042 994 2096 vinculo
1023 2041 1395 2096 innodandum
1423 2051 1477 2095 et
1503 2042 1687 2095 decem
1716 2040 1838 2096 auri

255 2139 494 2192 libras...
526 2134 978 2204 compositurum,
1015 2134 1358 2189 medietatem
1394 2132 1631 2204 praefata
1671 2148 1840 2187 cano-

256 2230 416 2294 nicm,
445 2235 498 2282 et
525 2226 864 2281 medietatem
900 2241 1059 2282 sacro
1090 2234 1276 2279 nostro
1314 2223 1668 2279 Lateranensi
1693 2224 1840 2292 pala-

257 2319 356 2375 tio.
403 2319 504 2386 Qui
531 2335 660 2372 vero
694 2321 808 2372 lucc
855 2327 1072 2387 propter
1123 2316 1478 2370 reverentiam
1533 2316 1841 2385 apostolica:

256 2411 405 2465 sedis
429 2410 654 2463 ﬁdeliter
677 2407 1072 2473 observaverit,
1097 2416 1410 2461 sanctorum
1437 2405 1689 2474 precibus
1717 2419 1841 2472 pos-

258 2515 445 2555 sessor
470 2499 540 2553 sit
563 2499 713 2568 regni
739 2498 998 2552 caelestis.

334 2592 479 2646 liene
511 2591 703 2646 valete.

295 2703 557 2742 εοκῖιιιδιλ
598 2703 719 2754 HOC,
758 2701 918 2750 DEUS,
956 2701 1097 2747 QUOD
1137 2698 1412 2738 οιιειιλτῑε
1449 2696 1511 2735 ES
1547 2696 1595 2734 lN
1627 2694 1798 2732 NOBIS.

335 2779 530 2834 Datum
562 2777 696 2832 Fani
719 2793 774 2831 χι
806 2775 922 2831 Kal.
954 2774 1080 2830 Maii
1109 2789 1254 2828 anno
1282 2773 1464 2828 ab.....
1493 2770 1654 2826 Verbi
1688 2767 1840 2834 1060,

259 2885 360 2943 per
382 2887 578 2926 manus
599 2870 878 2925 Humberti
903 2878 1106 2926 sanetae
1131 2867 1386 2922 Ecclesia:
1410 2864 1571 2922 Silvae
1591 2863 1846 2918 Candida:

259 2963 503 3033 episcopi
529 2973 582 3017 et
612 2962 926 3032 apostolicae
953 2961 1100 3015 sedis
1127 2957 1550 3022 bibliothecarii,
1583 2971 1729 3011 antro
1760 2970 1843 3010 se-

256 3058 444 3113 cundo
471 3056 819 3126 pontiﬁcatus
852 3054 1037 3110 domui
1063 3069 1215 3124 papae
1244 3050 1452 3106 Nicolai
1481 3049 1728 3114 secundi,
1757 3047 1844 3108 in-

259 3149 506 3206 dictione
531 3165 648 3204 xm.

979 3215 1123 3270 XIX.

267 3319 529 3373 Nicotaus
569 3315 634 3369 II
669 3316 948 3385 conﬁrmat
986 3313 1354 3385 fundationcrn
1386 3309 1617 3385 abbatiw
1736 3306 1842 3385 Pe-l

335 3389 413 3456 tri
463 3389 517 3440 in
569 3387 694 3440 urbe
739 3377 1008 3456 A'geremi,
1062 3382 1437 3456 etprivilegia
1487 3377 1741 3434 nonnulla
1776 3377 1846 3430 ad

336 3458 570 3528 ejusdem
600 3455 902 3510 libertatem
929 3455 1184 3508 concedit.

859 3547 1040 3614 (Anno
1068 3544 1251 3608 l060.)

729 3612 1138 3690 [COCQUEL1NES,
1162 3614 1204 3681 Ι,
1233 3612 1384 3685 404.]

342 3711 610 3768 ΝιεοιΑυδ
651 3709 964 3778 episcopus,
995 3724 1187 3763 servus
1213 3721 1495 3761 servorum
1531 3702 1648 3770 Dei,
1673 3701 1853 3757 enini-

267 3807 375 3862 bus
396 3804 610 3860 clericis
643 3803 905 3858 canonice
929 3801 1236 3857 viventibus
1259 3809 1313 3856 et
1335 3799 1566 3855 victuris
1589 3798 1645 3853 in
1672 3797 1850 3853 eccle-

267 3897 374 3961 sia,
404 3911 526 3967 quae
565 3905 650 3952 est
689 3902 1005 3949 constructa
1043 3893 1110 3948 ad
1153 3892 1416 3947 honorem
1461 3889 1634 3945 sancti
1683 3888 1848 3954 Petri,

270 3988 644 4060 apostolorum
673 3985 937 4057 principis
964 3985 1020 4040 in
1075 3983 1336 4055 Agerensi
1369 3991 1571 4048 castro,
1619 3980 1849 4036 salutem

268 4090 326 4136 et
352 4079 783 4137 benedictionem
817 4078 871 4132 in
897 4085 1241 4147 perpetuum.

347 4171 488 4239 Quia
519 4172 576 4226 in
608 4171 900 4226 commissa
940 4169 1098 4224 nobis
1145 4167 1517 4222 Ecelesiarum
1578 4163 1674 4217 Dei
1720 4177 1852 4217 cura

271 4267 506 4323 sollicite
553 4265 714 4320 nobis
754 4272 840 4319 est
906 4261 1274 4332 vigilandum,
1311 4260 1534 4331 dignum
1584 4266 1638 4312 et
1685 4256 1852 4310 Itone-

273 4359 584 4416 st'ssimum
615 4357 773 4414 nobis
801 4356 1015 4412 videtur
1053 4364 1113 4410 ut
1169 4351 1424 4408 omnibus
1474 4349 1571 4404 Dei
1593 4345 1852 4403 Ecclesiis

1873 3114 1915 3171 C

1938 1865 2226 1933 pediantur
2287 1863 2550 1918 canonice
2610 1861 2896 1926 viventes,
2949 1861 3058 1916 nisi
3125 1859 3266 1914 forte
3294 1901 3308 1926 ,
3365 1859 3515 1930 quod

1938 1957 2121 2010 absit!
2173 1962 2365 2010 contra
2395 1953 2663 2008 canonica
2701 1952 2951 2008 instituta
2988 1952 3045 2006 in
3099 1967 3262 2006 suum
3306 1951 3523 2022 cpisco-

1938 2065 2066 2118 pum
2095 2047 2298 2118 aliquid
2327 2045 2564 2110 faciant,
2610 2044 2755 2099 unde
2783 2044 2887 2098 hoc
2920 2043 3123 2113 perpeti
3174 2043 3427 2098 debeant.
3460 2039 3527 2096 Et

1938 2143 2190 2195 voiumus
2239 2155 2378 2203 nos,
2425 2147 2481 2192 et
2526 2137 2853 2192 auctoritate
2898 2135 3271 2205 apostolorum
3315 2134 3524 2204 princi-

1937 2249 2066 2303 pum
2101 2231 2246 2286 Pctri
2273 2231 2428 2284 Pauli
2457 2239 2513 2284 et
2551 2229 2784 2284 ﬁrmiter
2808 2227 3070 2298 jubemns
3115 2237 3174 2280 ut
3211 2242 3403 2281 omnes
3429 2241 3524 2280 ec-

1939 2325 2156 2388 clesias,
2185 2323 2371 2388 cellas,
2404 2331 2458 2376 et
2481 2319 2682 2391 priedia
2709 2320 2948 2390 prmfatae
2973 2321 3218 2376 ecclosiae
3251 2319 3521 2386 omnium,

1941 2431 2060 2484 qua‘
2081 2413 2242 2468 modo
2270 2411 2452 2477 habet,
2468 2419 2520 2466 et
2542 2410 2793 2469 habitura
2817 2423 2902 2464 est
2925 2413 2978 2464 in
3003 2420 3320 2481 pet-patuum
3344 2409 3527 2484 quiete

1941 2507 2136 2559 habent
2191 2512 2243 2558 et
2289 2504 2600 2572 possideat,
2667 2511 2722 2556 ct
2751 2502 2887 2558 nulli
2951 2501 3197 2556 ecclesiae
3259 2517 3370 2554 suae
3410 2501 3528 2554 sine

1943 2597 2100 2665 Culpa
2163 2595 2487 2649 ciericotuzn
2548 2601 2742 2647 eorum
2817 2592 2973 2664 jussa
3041 2606 3320 2645 rationqu
3385 2591 3527 2644 divi-

1946 2706 2076 2744 num
2129 2687 2362 2742 oilicium
2420 2685 2806 2756 prohibeatur,
2861 2694 2955 2739 aut
2999 2684 3524 2742 cxcommunicetur.

2018 2781 2330 2837 Statucntes
2351 2779 2646 2849 apostolica
2678 2793 2907 2833 censura
2923 2775 3269 2832 decernimus
3291 2786 3348 2830 ut
3381 2775 3528 2830 nulla

1946 2890 2178 2944 persona
2209 2889 2373 2944 parva
2399 2871 2482 2925 vel
2513 2886 2708 2941 magna
2742 2869 2950 2924 nullum
2985 2883 3210 2922 censum
3238 2867 3306 2922 ab
3335 2867 3525 2921 eadem

1948 2965 2179 3020 ecclesia
2226 2979 2352 3018 cum
2401 2960 2660 3017 omnibus
2715 2959 2819 3016 sibi
2874 2959 3270 3029 pertinentibus
3315 2958 3530 3025 exigere

1948 3062 2263 3127 prazsumat,
2285 3053 2368 3107 vel
2414 3052 2632 3118 habeat,
2677 3050 2785 3105 nisi
2829 3047 3076 3103 Romana
3118 3046 3380 3112 Ecclesia,
3411 3063 3534 3114 qua:

1948 3147 2147 3200 habeat
2186 3161 2282 3215 per
2329 3142 2769 3214 quinquennium
2811 3155 3036 3196 erasum
3089 3139 3277 3194 decem
3331 3139 3534 3193 solidos

1949 3252 2164 3294 aereos.
2197 3235 2302 3290 Iste
2337 3245 2392 3290 et
2429 3235 2721 3301 Arnaldus,
2764 3233 2848 3288 vir
2878 3232 3365 3303 prudentissimus,
3407 3247 3532 3286 cum

1949 3345 2049 3386 sua
2074 3344 2242 3384 uxore
2265 3337 2318 3383 et
2363 3327 2498 3392 ﬁlio,
2539 3334 2593 3381 et
2616 3325 2854 3396 posteris
2897 3325 2964 3380 de
3003 3341 3102 3380 sua
3146 3325 3402 3394 progenie
3437 3324 3536 3379 ba-

1947 3424 2072 3479 beat
2123 3421 2344 3490 dignam
2392 3419 2784 3489 subjectionem
2834 3427 2888 3472 et
2937 3417 3227 3483 honorem,
3269 3431 3336 3470 eo
3385 3415 3533 3484 quod

1950 3513 2046 3570 Dei
2069 3513 2273 3569 auxilio
2299 3511 2608 3567 liberaverit
2649 3519 2851 3565 terram
2889 3510 3040 3564 illam
3073 3509 3140 3562 de
3172 3517 3440 3578 potesrate
3483 3515 3537 3561 et

1951 3623 2138 3662 errore
2164 3606 2562 3676 Agarenorum,
2595 3612 2650 3658 et
2685 3603 2845 3657 liceat
2884 3601 2966 3656 eis
2995 3599 3250 3654 ordinare
3283 3599 3534 3652 abbatem

1949 3700 2006 3754 in
2031 3713 2193 3768 supra
2225 3696 2366 3752 dicta
2391 3694 2625 3751 ecclesia
2659 3693 2959 3749 secundum
2991 3706 3148 3746 suam
3177 3690 3531 3752 voluntatem,

1950 3805 2111 3860 quem
2145 3803 2449 3859 congruum
2478 3794 2534 3842 et
2562 3785 2820 3840 idoneum
2855 3791 2909 3838 et
2937 3777 3160 3837 servitio
3205 3779 3296 3834 Dei
3345 3788 3530 3848 aptum

1951 3881 2067 3952 ipse
2094 3895 2220 3936 cum
2243 3877 2458 3934 clericis
2478 3875 2723 3932 ecclesia:
2749 3873 2936 3928 Sancti
2955 3871 3101 3928 Petri
3131 3870 3396 3926 canonice
3423 3869 3538 3924 cie-

1953 3973 2153 4044 gerint.
2190 3971 2258 4024 Et
2287 3969 2471 4024 abbati
2507 3967 2784 4035 praedictae
2819 3963 3060 4021 ecclesia:
3091 3962 3241 4017 nullo
3277 3962 3441 4017 modo
3469 3961 3536 4014 li-

1954 4075 2076 4123 ceat
2097 4065 2164 4120 de
2183 4063 2402 4136 praediis
2427 4069 2483 4118 et
2512 4062 2580 4116 de
2601 4059 2840 4116 castellis
2866 4058 3101 4114 vendere
3121 4065 3540 4127 quoquomouo,

1952 4167 2048 4213 aut
2069 4157 2306 4212 alincare
2333 4155 2400 4210 ad
2419 4155 2679 4211 damnum
2710 4151 2971 4208 ccclesire.
2997 4148 3056 4205 Si
3079 4149 3204 4220 quis
3226 4147 3394 4219 igitur
3423 4146 3530 4200 hu-

1949 4250 2042 4320 jus
2084 4249 2257 4306 nostri
2309 4229 2578 4320 privilegii
2627 4253 2828 4302 temere
2879 4243 3113 4298 violator
3163 4239 3434 4295 exstiterit
3481 4247 3546 4293 et

1954 4345 2198 4400 monitus
2222 4343 2484 4400 canonice
2525 4339 2815 4394 emendare
2856 4333 3268 4406 contempserit,
3306 4331 3444 4386 sciat
3477 4345 3542 4384 se

274 4450 586 4515 subvenire,
619 4447 936 4512 defendere,
969 4445 1220 4501 auxiliari
1242 4451 1296 4499 et
1320 4458 1518 4514 augere
1540 4458 1650 4496 non
1675 4437 1852 4494 desis—
1884 4452 1927 4509 ι)
1955 4439 2230 4508 perpetuis
2245 4432 2608 4490 anathematis
2629 4430 2863 4484 vinculis
2885 4427 3293 4488 iunodatum,et
3314 4423 3539 4490 insuper

273 4549 480 4598 tamus.
511 4539 854 4610 Quapropter
879 4539 1162 4592 ecclesiam
1187 4535 1374 4589 Sancti
1410 4533 1557 4589 Petri
1591 4547 1714 4602 quae
1747 4529 1850 4585 sita

273 4643 360 4690 est
389 4635 444 4690 in
470 4631 867 4704 praeuominato
895 4637 1096 4693 castro,
1129 4627 1185 4680 in
1218 4626 1443 4680 tutelam
1481 4623 1656 4680 sancti
1703 4621 1850 4675 Petri

275 4733 330 4778 et
361 4724 747 4794 proprietatz'uu
789 4719 1167 4788 suscipientes,
1210 4715 1464 4770 omnibus
1515 4713 1693 4767 modis
1737 4721 1854 4767 stu-

277 4815 405 4870 dere
432 4816 710 4881 volumus,
762 4812 934 4867 nostri
969 4809 1288 4864 muniminis
1323 4805 1576 4876 prmsidio
1629 4794 1852 4866 fultam,

279 4915 707 4976 nostrorumque
735 4917 1113 4961 δυεεθεεοτυιῐι
1133 4942 1147 4967 ,
1171 4914 1386 4970 semper
1416 4911 1658 4961 manere,
1688 4909 1852 4966 quam

279 5013 348 5054 eo
371 4999 515 5070 quod
543 4997 856 5066 nuperrime
883 4997 948 5052 de
972 5001 1241 5064 potestate
1270 5004 1608 5065 paganorum
1641 4997 1695 5045 ct
1723 5002 1858 5061 gen-

281 5091 490 5148 tilitatis
514 5104 706 5146 errore
744 5087 1000 5144 divinitus
1031 5084 1319 5147 liberatam
1342 5097 1438 5154 per
1469 5081 1856 5138 cbarissimum

280 5193 527 5240 nostrum
555 5178 849 5234 Arualdum
871 5175 1270 5240 nobilissimum
1301 5181 1357 5230 et
1382 5172 1856 5243 religiosissimum

1953 4539 2170 4583 centum
2202 4529 2462 4582 librarum
2497 4523 2618 4578 auri
2653 4536 2811 4592 poena
2859 4517 3223 4580 multandum,
3273 4511 3538 4566 medieta-

1953 4627 2065 4676 tem
2111 4634 2270 4674 saero
2309 4625 2499 4670 nostro
2540 4612 2760 4683 palatio,
2806 4619 2861 4664 et
2907 4608 3254 4663 medietatem
3303 4599 3553 4672 praefata-

1955 4708 2217 4764 ccclesim.
2267 4705 2372 4771 Qui
2414 4717 2546 4757 vero
2576 4702 2665 4772 pia
2701 4697 2987 4754 devotione
3019 4699 3374 4752 conservator
3421 4705 3550 4745 esse

1961 4799 2251 4861 studuerit,
2275 4805 2328 4850 et
2355 4795 2422 4849 de
2453 4809 2556 4847 suo
2593 4791 2798 4862 aliquid
2835 4787 3076 4860 praefata:
3110 4781 3358 4844 ecclesiae
3385 4780 3552 4836 dede-

1961 4891 2053 4955 rit,
2084 4890 2170 4942 vel
2196 4886 2460 4942 auxilium
2484 4882 2696 4948 fecerit,
2717 4881 2972 4951 precibus
2997 4875 3379 4951 apostolorum
3404 4867 3569 4937 prin“

1964 4983 2146 5052 cipum
2189 4977 2336 5032 Petri
2377 4984 2431 5030 et
2449 4973 2612 5033 Pauli
2647 4984 2997 5046 peccatorum
3058 4975 3292 5032 suorum
3321 4959 3584 5015 omnium.

1968 5048 2036 5133 ab
2081 5048 2442 5140 Omnipotenti
2477 5063 2600 5126 Deo
2643 5065 2884 5131 veniam,
2915 5069 2969 5116 ct
2999 5071 3242 5125 aeterna:
3273 5048 3600 5108 “(midinis

1973 5168 2338 5235 consequatur
2377 5157 2638 5230 gloriam.

2049 5257 2319 5282 Ωη-ζηο-ιννι
2353 5263 2453 5282 non
2477 5263 2684 5282 Μαι-,ηερ
2713 5239 2994 5282 ηηιηιιῖῆηὶ

3107 5223 3376 5282 ιρι-ἶηίθῗὶί
3412 5233 3468 5278 et
3494 5243 3600 5282 BO-
