4020 5364
512 245 663 306 1339

593 362 711 435 Ego
738 361 1032 433 Arnobius,
1060 364 1318 422 Aretinus
1345 365 1657 438 episcopus.

590 454 708 528 Ego
730 455 1082 523 Cumbertus.
1115 457 1540 515 Taurinensium
1575 463 1795 530 msul.

1836 249 2112 310 NICOLAI
2151 252 2195 310 ll
2232 251 2436 312 PAPE

2135 377 2181 433 Α
2211 371 2297 424 vel
2322 371 2425 424 alia
2455 370 2637 441 aliqua
2663 385 2893 441 persona
2926 385 3120 443 magna
3152 371 3234 427 vel
3263 385 3429 441 parva
3466 371 3688 442 aliquod
3715 373 3799 425 in—

3662 255 3794 310 i310

2211 458 2355 516 ferre
2378 470 2673 531 praesumat
2702 461 3087 517 detrimentum
3122 463 3204 518 vel
3238 472 3633 519 nocumentum
3660 477 3800 533 prae—

592 546 708 621 Ego
732 548 1048 619 Anselmus,
1072 551 1169 609 Dei
1193 552 1566 609 misericordia
1599 552 1865 610 Lucensis
1896 556 2110 625 episco—
2208 556 2358 611 dicto
2409 557 2745 611 monasterio
2777 554 2962 612 Sancti
3006 556 3230 613 Thema:
3265 557 3499 628 ejusque
3548 557 3802 612 omnibus

520 655 647 710 pus,
675 643 923 713 cognovi.

514 778 523 783 -
594 732 709 805 Ego
730 734 902 801 Dodo,
919 735 1012 792 Dei
1028 747 1166 792 nutu
1182 737 1510 795 Rosellanus
1530 740 1840 810 episcopus,
1854 740 2109 812 cognovi.

518 852 521 859 ε
590 823 706 898 Ego
727 825 1039 895 Anselmus,
1069 828 1163 884 Dei
1193 831 1365 900 gratia
1395 829 1708 886 Castrensis
1729 832 2039 902 episcopus.

594 916 710 990 Ego
729 918 1056 977 Godct'ridus
1080 964 1095 987 ,
1131 920 1432 979 Perusinus
1451 923 1760 994 episcopus.

593 1008 710 1083 Ego
728 1010 969 1069 Joannes
998 1015 1435 1086 archipresbyter
1464 1016 1786 1086 subscripsi.
1816 1015 2114 1071 Lucenica-

523 1117 630 1158 nus
650 1105 1093 1179 arcthresbyter
1141 1106 1198 1162 S.
1246 1106 1414 1173 Petri,
1436 1107 1678 1165 Joannes
1719 1107 1775 1163 S.
1810 1108 1977 1164 Petri.
2015 1109 2112 1163 Al-

523 1196 714 1254 bertus
740 1199 1177 1271 archipresbyter
1205 1200 1529 1270 subscripsi.

597 1284 794 1343 Datum
838 1288 1026 1345 Romae
1057 1307 1169 1346 xvn
1218 1290 1336 1347 Kal.
1381 1290 1506 1346 Maii
1549 1307 1696 1347 anno
1736 1291 1806 1346 ab
1850 1290 2111 1346 lncarna-

523 1381 675 1437 tione
706 1380 833 1438 Jesu
870 1382 1074 1440 Christi
1117 1385 1273 1451 1060,
1329 1402 1425 1456 per
1451 1401 1648 1440 mamts
1678 1384 1959 1439 Humbcrti
1985 1401 2115 1440 san-

522 1480 623 1528 ctae
668 1473 925 1530 Romamn
952 1476 1206 1533 Ecclesiae
1243 1487 1300 1533 et
1320 1478 1632 1548 apostolica:
1655 1477 1800 1533 sedis
1824 1477 2113 1531 bibliothe-

520 1565 679 1632 carii,
726 1576 783 1622 et
810 1572 1026 1623 Sanctae
1064 1568 1322 1624 Ecclesia:
1368 1569 1528 1624 Silva:
1562 1567 1821 1624 Candidas
1850 1568 2112 1638 episc0pi,

521 1674 671 1715 anno
705 1661 947 1716 secundo
978 1663 1328 1732 pontiﬁcatus
1356 1662 1545 1718 domni
1582 1678 1734 1733 papa:
1768 1660 1976 1717 Nicolai
2024 1677 2116 1723 se:

522 1751 710 1833 eundi,
745 1751 1045 1808 indictione
1067 1768 1187 1808 xm.
1986 1766 1991 1771 '

1259 1868 1379 1924 XX.

522 1979 686 2035 Bulla
722 1980 937 2037 Νίσοιαὶ
966 1981 1031 2036 II
1062 2000 1155 2051 pro
1184 1984 1587 2050 conﬁrmatione
1625 1983 1836 2053 jurium
1872 1992 1923 2037 et
1962 1982 2118 2036 bono-

597 2069 713 2125 rum
739 2055 1045 2125 monasterii
1074 2053 1131 2109 S.
1167 2054 1379 2109 Tltomte
1402 2056 1465 2109 de
1492 2054 1760 2125 Aposclla,
1785 2056 1840 2107 in
1861 2070 1963 2125 quo
1985 2054 2114 2107 obiit

597 2122 835 2178 Clemens
870 2124 931 2177 II
959 2141 1119 2195 papa.

1124 2217 1307 2283 (Anno
1338 2218 1520 2288 meo.)

600 2305 992 2379 [ΜιττΑιιιειιι,
1019 2307 1215 2362 Annal.
1243 2306 1489 2363 Camuld.
1518 2308 1583 2375 ll,
1609 2308 1878 2378 Append.,
1898 2308 2021 2375 {73,
2050 2323 2118 2362 ex

527 2399 867 2469 autograpbo
900 2400 1107 2455 archivi
1141 2400 1197 2455 S.
1233 2399 1417 2457 Mariae
1438 2401 1638 2463 Portus
1672 2400 1993 2473 Ravennzc.]

596 2489 865 2548 Nicouuts
898 2494 1207 2565 episcopus,
1255 2511 1447 2550 servus
1473 2511 1759 2550 servorum
1792 2495 1905 2561 Dei,
1935 2495 2120 2551 Pereo

525 2584 823 2638 venerabili
864 2585 1049 2640 abbati
1094 2587 1413 2641 monasterii
1468 2585 1656 2642 Sancti
1714 2587 1941 2643 Thema:
1983 2603 2118 2657 apo-

529 2672 675 2738 stoli,
720 2674 883 2744 positi
931 2676 985 2729 in
1010 2677 1271 2731 comitatu
1304 2676 1666 2734 Pensaurensi
1700 2678 1853 2748 juxta
1896 2679 2120 2733 tluvium

529 2764 808 2834 Apusella,
843 2766 1069 2838 suisque
1104 2769 1523 2825 successoribus
1562 2770 1762 2825 ibidem
1799 2771 2123 2841 regulariter

532 2860 923 2931 promovendis
953 2861 1006 2914 in
1029 2870 1374 2931 perpetuum.

608 2949 782 3006 Tanta
822 2960 905 3007 est
947 2952 1093 3008 sedis
1129 2954 1445 3023 apostolica:
1488 2956 1810 3020 auctoritas,
1854 2962 1913 3009 ut
1941 2954 2122 3009 omnis

2213 648 2390 714 bonis,
2433 649 2634 718 quibus
2675 664 2820 703 nunc
2854 649 3035 716 habet,
3080 650 3164 704 vel
3199 649 3250 703 in
3287 658 3615 719 perpetuum
3646 647 3803 706 habi-

2212 746 2372 793 turus
2398 746 2503 793 est.
2538 737 2766 808 insuper
2790 740 3141 793 concedimus
3164 747 3216 793 ct
3242 741 3645 794 conﬁrmamus
3670 752 3809 807 pm-

2213 831 2359 886 dicto
2390 830 2724 884 monasterio
2752 834 2969 884 onmem
2996 830 3167 901 ipsam
3198 840 3398 886 terram
3424 845 3554 884 cum
3588 829 3808 898 capellis

2213 929 2269 977 et
2311 921 2429 977 suis
2471 921 2851 993 pertinentiis,
2897 937 3061 992 quam
3109 923 3344 976 domnus
3379 936 3519 991 papa
3555 920 3808 974 Clemens

2214 1016 2308 1087 qui
2341 1016 2410 1071 ibi
2442 1016 2596 1081 obiit,
2626 1015 2823 1071 obtulit
2851 1015 3110 1085 praedicto
3142 1014 3478 1069 monasterio
3519 1014 3577 1066 in
3612 1024 3810 1082 perpe-

2215 1116 2369 1162 tuum
2402 1124 2501 1179 pro
2535 1109 2777 1163 remedio
2811 1109 3009 1162 anima:
3036 1123 3151 1163 sure
3176 1116 3231 1162 et
3264 1106 3678 1162 restauratione
3709 1103 3811 1159 Be-

2215 1200 2432 1266 clesire,
2479 1203 2713 1271 positam
2761 1202 3021 1257 comitatu
3065 1201 3427 1257 Pensaurensi
3455 1245 3472 1269 ,
3518 1201 3668 1254 inter
3716 1198 3814 1253 hos

2216 1292 2373 1357 ﬁnes,
2404 1308 2434 1347 a
2467 1295 2644 1363 primo
2675 1295 2842 1349 latere
2872 1295 3048 1348 rivum
3082 1293 3347 1359 Reanum,
3385 1309 3418 1347 a
3448 1293 3703 1347 secundo
3736 1292 3814 1345 la-

2217 1393 2330 1439 tere
2375 1385 2549 1455 ripam
2594 1387 2661 1441 de
2709 1385 2924 1453 Pizelc,
2979 1386 3122 1441 sicut
3178 1385 3325 1440 vadit
3373 1385 3428 1439 in
3479 1394 3696 1454 petram
3755 1383 3817 1437 de

2217 1478 2409 1541 Aeero,
2455 1479 2689 1532 etvenit
2726 1479 2792 1533 ad
2838 1480 2984 1532 viam
3034 1478 3306 1548 publicam
3333 1519 3346 1540 ,
3390 1493 3517 1547 quae
3564 1475 3723 1530 ducit
3767 1474 3820 1528 in

2219 1568 2509 1635 Lavarelli;
2564 1586 2594 1625 a
2637 1570 2797 1625 tertio
2844 1570 3012 1625 latere
3058 1570 3259 1635 rivum,
3307 1569 3400 1639 qui
3443 1568 3824 1638 [corporaliter

2173 1728 2187 1749 ἱ
2218 1663 2391 1716 currit
2437 1678 2602 1732 super
2652 1673 2897 1717 castrum
2953 1662 3177 1728 Liciole;
3227 1672 3282 1717 et
3329 1677 3360 1716 a
3406 1670 3612 1731 quarto
3654 1660 3825 1713 latere

2218 1752 2525 1823 Aposellam
2564 1754 2809 1819 ﬂuvium,
2850 1754 2945 1825 qui
2976 1754 3148 1808 currit
3182 1767 3357 1824 usque
3400 1752 3455 1806 in
3509 1752 3699 1822 ipsum
3736 1766 3828 1805 ve-

2217 1856 2392 1901 strum
2437 1847 2856 1912 monasterium,
2901 1862 3026 1901 cum
3075 1854 3262 1900 monte
3302 1843 3545 1899 Calvello
3589 1853 3647 1899 ct
3691 1843 3831 1898 valle

2217 1936 2427 2004 Celata,
2459 1944 2515 1991 et
2541 1944 2782 1991 castrum
2819 1934 3023 1991 Liciole
3047 1951 3173 1991 cum
3228 1936 3488 1990 munibus
3519 1951 3647 2005 qam
3688 1934 3829 1987 intra

2218 2027 2322 2083 hos
2353 2028 2758 2083 concluduntur
2788 2027 2943 2094 ﬁnes,
2987 2042 3112 2082 cum
3151 2027 3330 2090 terris,
3380 2026 3617 2094 eampis,
3659 2024 3833 2089 casis,

2219 2121 2412 2187 vineis,
2450 2121 2759 2185 arboribus,
2803 2117 3085 2190 pomiferis
3115 2129 3167 2174 et
3198 2117 3584 2182 infructit‘eris,
3621 2126 3677 2170 et
3704 2132 3830 2170 cum

2218 2212 2475 2267 omnibus
2521 2211 2587 2265 ad
2625 2210 2938 2281 prtedictam
2982 2220 3182 2266 terram
3229 2210 3558 2280 generaliter
3600 2218 3657 2263 ct
3709 2208 3837 2261 uni-

2220 2302 2505 2356 vcrsaliter
2560 2301 2981 2371 pertinentibus.
3037 2300 3102 2356 Et
3153 2301 3376 2371 insuper
3427 2298 3834 2355 conﬁrmamus

2219 2394 2393 2448 eidem
2438 2396 2770 2463 monasterio
2811 2394 2958 2448 illam
2994 2394 3189 2448 tttrritn
3237 2391 3375 2447 infra
3416 2391 3597 2461 ipsam
3639 2390 3837 2443 civita-

2223 2498 2328 2542 tem
2360 2486 2814 2553 Pensaurensem,
2844 2501 2968 2557 quae
2998 2485 3312 2540 nominatur
3335 2483 3678 2538 Castellioue
3706 2496 3834 2537 cum

2224 2579 2341 2633 suis
2371 2578 2713 2648 pet'tiueutiis
2737 2578 2885 2633 intus
2912 2587 2965 2632 ct
2996 2577 3131 2631 foris
3159 2592 3332 2646 usque
3357 2575 3425 2630 ad
3455 2584 3678 2645 portam
3715 2590 3836 2644 qute

2225 2672 2541 2726 nominatur
2567 2670 2825 2725 Fanestra
2852 2670 2905 2724 in
2934 2680 3275 2741 perpetuum.
3306 2665 3459 2723 Unde
3488 2681 3835 2721 evacuanuts

2223 2773 2277 2818 et
2305 2774 2630 2818 evacuatunt
2668 2780 2885 2833 semper
2924 2778 3046 2817 esse
3079 2763 3333 2817 volumus
3362 2770 3415 2814 et
3444 2759 3719 2829 jubetnus
3750 2760 3837 2812 itla

2227 2867 2513 2927 prarcepla,
2554 2874 2676 2927 qua:
2708 2856 2775 2911 de
2812 2857 2899 2911 illa
2931 2868 3073 2911 terra
3114 2856 3417 2909 habuerunt
3452 2854 3557 2922 ipSl
3590 2853 3687 2907 tibi
3726 2851 3839 2906 Un-

2227 2950 2361 3020 ga-ri,
2392 2961 2450 3005 ttt
2481 2950 2689 3004 nullum
2734 2950 2973 3003 valerem
3014 2948 3327 3017 nullamque
3370 2947 3608 3000 habeant
3659 2946 3836 2998 ﬁrmi-

531 3044 846 3114 requiratur
866 3045 937 3100 ab
966 3061 1029 3100 ea
1067 3045 1319 3114 ﬁrmitas,
1360 3063 1461 3102 nec
1487 3054 1709 3117 putetur
1735 3064 1854 3103 esse
1900 3047 2114 3116 stabile,
2147 3070 2191 3128 ε
2227 3051 2425 3105 latent,
2476 3056 2569 3111 per
2611 3040 2716 3095 hoc
2764 3051 3010 3094 nostrum
3061 3048 3417 3109 ιιιιιτυιονιιιιιι,
3469 3037 3568 3091 tibi
3618 3037 3839 3106 tuisque

532 3133 638 3189 nisi
674 3136 821 3205 quod
852 3135 971 3206 ejus
1002 3133 1168 3191 fuerit
1211 3136 1597 3192 conﬁrmatum
1640 3140 1856 3194 robore.
1888 3138 1954 3193 Et
1991 3140 2120 3209 quia

535 3241 637 3281 nos
657 3227 706 3282 ei
731 3228 1109 3299 prmsidemus,
1133 3239 1187 3285 et
1219 3229 1367 3285 vices
1396 3230 1540 3285 beati
1562 3230 1709 3285 Petri
1743 3230 2022 3303 fungimur
2056 3231 2123 3284 Ii-

540 3329 627 3375 cet
667 3320 895 3391 indigni,
946 3323 1098 3376 omni
1149 3324 1331 3379 studio
1374 3324 1638 3379 debemus
1674 3325 1973 3379 servientes
2011 3323 2124 3378 Deo

537 3411 835 3482 divinoque
858 3412 1053 3469 timore
1080 3414 1319 3484 repletos
1342 3416 1577 3487 dirigere
1607 3424 1659 3471 et
1681 3417 1962 3485 adjuvare,
1996 3433 2127 3487 qua-

540 3512 701 3559 tenus
743 3514 934 3561 nostro
968 3505 1271 3562 munimine
1302 3506 1422 3563 lulti
1465 3508 1673 3578 absque
1713 3509 1865 3563 omni
1897 3508 2128 3579 impedi-

542 3607 729 3654 mento
759 3597 868 3654 Deo
896 3599 1119 3666 servire,
1143 3609 1197 3675 et
1218 3600 1272 3656 in
1300 3617 1403 3657 suo
1423 3602 1649 3658 servitio
1671 3603 1895 3658 liberius
1915 3617 2131 3673 perma-

542 3705 675 3745 nere
698 3689 930 3760 possint.
963 3688 1307 3763 Quapmpter
1335 3708 1433 3764 per
1457 3692 1908 3750 intercessionem
1943 3693 2130 3749 domni

543 3779 691 3836 Petri
725 3781 973 3838 Damiani
1003 3781 1309 3841 ilostieusis
1344 3785 1586 3856 episcopi
1609 3784 1902 3841 confratris
1936 3784 2129 3847 nostri.

546 3883 602 3929 et
630 3872 776 3930 Petri
812 3874 1025 3930 abbatis
1058 3874 1303 3945 ejusdem
1329 3876 1651 3931 monasterii
1685 3884 1741 3931 et
1766 3876 2132 3947 spiritualium

548 3965 945 4022 monachorum
986 3966 1107 4036 ejus
1153 3967 1474 4039 regulariter
1513 3968 1836 4034 viventium,
1887 3966 2132 4023 decrevi-

538 4073 677 4113 ‘mus
700 4058 944 4113 ecclesia:
970 4055 1157 4113 Sancti
1192 4057 1418 4114 Thema:
1454 4060 1688 4129 apostoli
1725 4067 1777 4114 et
1811 4059 1932 4130 ejus
1961 4066 2139 4113 recto-

552 4149 708 4204 ribus
740 4149 1103 4218 praesentibus
1128 4158 1182 4205 et
1226 4149 1425 4207 futuris
1454 4160 1566 4206 tam
1610 4152 1754 4207 bona
1801 4151 2135 4218 ammobilia,

554 4257 720 4311 quam
763 4242 1062 4297 immobilia
1102 4258 1226 4312 quae
1266 4260 1415 4299 nunc
1465 4245 1647 4311 habet,
1702 4245 1786 4299 vel
1848 4245 1904 4299 in
1943 4261 2138 4316 perpe-

557 4341 711 4389 tuum
744 4331 997 4389 habitura
1037 4343 1142 4399 est,
1166 4335 1489 4391 conﬁrmare
1526 4346 1580 4391 ct
1606 4337 1979 4403 corroborare,
2007 4354 2144 4407 qua-

2224 3131 2642 3186 sucressoribus
2665 3147 2695 3185 a
2721 3132 2878 3186 nobis
2901 3146 2999 3200 pro
3027 3129 3264 3184 remedio
3286 3130 3486 3183 animae
3509 3128 3663 3182 illius
3688 3144 3840 3198 papa

2223 3223 2519 3278 Clementis
2548 3233 2855 3293 nostraeque
2887 3221 2940 3276 in
2989 3232 3327 3292 perpetuum.
3369 3219 3599 3275 Factum
3642 3236 3709 3275 ea
3760 3230 3836 3275 ta-

2232 3330 2354 3371 men
2382 3316 2594 3370 ratione
2643 3325 2701 3370 ut
2745 3314 3056 3370 annualiter
3100 3313 3424 3384 persolvatis
3460 3313 3666 3367 exinde
3712 3330 3842 3382 pen-

2228 3408 2439 3463 sionem
2472 3406 2591 3461 auri
2636 3407 2894 3461 bisantini
2946 3422 3111 3461 unam
3165 3404 3487 3460 actionariis
3517 3404 3692 3459 certis
3717 3420 3843 3458 san-

2229 3509 2331 3557 ctae
2360 3499 2618 3556 Romana:
2655 3499 2912 3558 Ecclesia:
2945 3509 3073 3569 apto
3113 3508 3374 3568 tempore.
3407 3496 3467 3552 Si
3505 3498 3639 3568 quis
3680 3497 3841 3567 igitur

2234 3595 2397 3665 hujus
2437 3594 2609 3650 nostri
2651 3592 2915 3664 privilegii
2958 3592 3190 3645 violator
3225 3600 3428 3645 temere
3467 3589 3771 3657 exstiterit,
3794 3596 3845 3643 ct

2234 3689 2477 3746 monitus
2512 3686 2774 3743 canonice
2804 3684 3096 3740 emendare
3129 3681 3543 3751 contempserit,
3592 3678 3841 3751 perpetui

2235 3779 2602 3838 anathematis
2626 3776 2860 3832 vinculis
2890 3790 2950 3831 se
2981 3774 3299 3829 innodatum
3334 3772 3573 3837 noverit,
3604 3781 3663 3826 et
3692 3772 3845 3826 insu-

2238 3890 2331 3945 per
2360 3870 2759 3943 quinquaginta
2804 3869 3068 3923 librarum
3100 3866 3219 3921 auri
3256 3880 3418 3936 pmna
3467 3864 3841 3928 multandum,

2238 3964 2582 4020 medietatem
2636 3976 2795 4016 sacro
2850 3968 3039 4014 nostro
3092 3955 3448 4011 Lateraneusi
3503 3955 3748 4025 palatio,
3794 3964 3846 4008 et

2241 4057 2585 4112 medietatem
2611 4052 2839 4124 praelato
2898 4049 3255 4104 monasterio.
3298 4045 3403 4114 Qui
3446 4061 3585 4100 vero
3624 4046 3717 4115 pia
3748 4044 3843 4099 de-

2239 4151 2457 4205 votione
2484 4153 2838 4203 conservator
2866 4157 2988 4199 esse
3010 4140 3297 4207 studuerit,
3326 4138 3585 4209 precibus
3621 4145 3842 4207 aposto-

2242 4241 2422 4295 lorum
2449 4237 2759 4309 principum
2788 4233 2933 4288 Petri
2964 4242 3020 4287 et
3044 4231 3199 4286 Pauli
3228 4236 3583 4300 peccatorum
3617 4240 3842 4281 suorum

2244 4332 2487 4388 omnium
2536 4330 2605 4385 ab
2654 4326 3018 4396 omnipotenti
3072 4323 3185 4378 Deo
3239 4320 3460 4377 veniam
3515 4328 3573 4374 et
3629 4329 3845 4373 atem:

555 4432 719 4481 tenus
750 4440 876 4481 cum
911 4426 1061 4480 omni
1104 4427 1398 4482 securitate
1433 4436 1488 4482 et
1518 4429 1834 4497 quietudine
1862 4437 2142 4483 monaste-
2177 4420 2220 4478 i)
2249 4421 2600 4480 beatitudinis
2628 4426 3000 4488 consequatur
3030 4414 3280 4486 gloriam.

555 4517 701 4573 rium
742 4517 1015 4588 praedictae
1061 4518 1317 4574 Ecclesiae
1345 4528 1565 4575 maneat
1587 4529 1641 4575 et
1672 4520 1870 4574 ibidem
1896 4520 2008 4575 Deo
2044 4521 2142 4575 de-

556 4608 846 4664 serviatur.
873 4607 1019 4663 Flexi
1038 4609 1204 4681 igitur
1228 4609 1504 4680 precibus,
1523 4620 1584 4665 ut
1598 4610 1856 4677 diximus,
1870 4610 2149 4682 religioso-

554 4715 678 4755 rum
696 4699 1091 4755 monachorum
1116 4701 1544 4757 corroboramus
1568 4711 1732 4772 atque
1753 4701 2147 4756 conﬁrmamus

519 4801 527 4806 '
556 4810 660 4849 nec
681 4809 790 4849 non
824 4794 1133 4850 stabilimus
1156 4794 1253 4849 tibi
1280 4794 1496 4866 tuisque
1527 4794 1941 4850 successoribus
1967 4794 2145 4849 eidem

558 4886 914 4951 monasterio,
941 4885 1027 4940 cui
1067 4902 1215 4942 nunc
1254 4886 1516 4957 praesides
1542 4897 1595 4942 et
1624 4887 1917 4959 prrcsidcre
1948 4887 2149 4941 debent

558 4977 616 5030 in
652 4988 992 5047 perpetuum.
1024 4978 1167 5045 Quin
1197 4980 1422 5050 insuper
1442 4980 1686 5050 quietum
1712 4979 1946 5034 facimus
1978 4987 2032 5032 et
2065 4994 2146 5033 se-

526 5082 529 5087 ·
560 5081 755 5121 eurum
786 5071 855 5123 ab
877 5071 1026 5124 omni
1070 5072 1479 5142 impugnatione
1506 5078 1560 5125 et
1584 5071 1807 5126 laesione
1838 5069 2144 5133 hominum,

560 5164 624 5211 ut
678 5173 839 5212 nemo
883 5160 983 5225 sit,
1044 5161 1139 5232 qui
1177 5163 1375 5217 audeat
1411 5162 1689 5232 quidpiam
1750 5160 2150 5215 molestationis

538 5252 632 5305 ac
671 5249 913 5305 lmsiouis
983 5254 1157 5307 eidem
1219 5254 1554 5310 monasterio
1612 5252 1846 5319 inferre,
1899 5259 2148 5307 statuen-

692 5340 984 5364 ΑσιηιιοιιὶξΑ..

2311 4516 2586 4586 Scriptum
2632 4528 2730 4583 per
2777 4524 2976 4565 manus
3016 4506 3244 4562 Joannis
3292 4501 3582 4558 Scriniarii
3644 4508 3843 4556 sancta

2244 4612 2505 4667 Romana:
2545 4605 2832 4673 Ecclesia,
2877 4604 2935 4658 in
2975 4615 3165 4656 mense
3204 4596 3409 4669 Aprilis
3446 4604 3505 4651 et
3546 4593 3845 4650 indictione

2225 4704 2403 4775 .tcrtia
2429 4700 2662 4756 decima.

2314 4798 2426 4868 Ego
2452 4796 2647 4851 Petrus
2664 4835 2678 4860 ,
2708 4789 3035 4848 Gabinensis
3062 4787 3378 4858 episcopus,
3409 4782 3514 4838 SS.

2312 4890 2428 4961 Ego
2464 4887 2667 4952 Bruno,
2696 4882 3068 4939 Praenestinus
3102 4879 3413 4950 episcopus,
3453 4873 3554 4931 SS.

2317 4980 2431 5051 Ego
2461 4978 2720 5041 Joannes,
2753 4972 3073 5029 Portuensis
3102 4970 3414 5040 cpiscopus,
3446 4964 3738 5035 suscripsi.

2318 5073 2433 5145 Ego
2460 5070 2673 5135 Petrus,
2705 5068 2964 5123 Peccator
2997 5062 3302 5119 monachus
3330 5068 3385 5114 et
3402 5058 3721 5129 episcopus,
3744 5052 3837 5115 SS.

2320 5165 2433 5235 Ego
2472 5161 2806 5231 Stephanus,
2850 5165 3079 5213 vocatus
3120 5152 3426 5209 monachus
3467 5158 3524 5203 et
3566 5147 3842 5218 presbyter

2249 5256 2393 5313 tituli
2439 5253 2497 5309 S.
2539 5251 2781 5317 Grisoni,
2809 5249 2910 5304 SS.

2839 5358 2898 5364 ---
2942 5338 3038 5364 [2‘]

3104 5336 3228 5364 u..::
3294 5349 3439 5364 “mn
3481 5332 3553 5364 δικ
3593 5329 3843 5364 πηοεν-ιι.
