4020 5364
250 293 381 353 1341

966 402 1105 459 XXI.

256 518 473 589 Nicolqi
496 535 647 603 papa:
676 516 1101 603 Illpririleginm
1138 533 1232 603 pr:
1265 516 1581 598 incitasterio
1630 516 1830 569 monia-

569 584 700 644 Iium
745 584 1146 642 Sanctw'Juliaé
1184 584 1502 640 Brixicnsis.

837 676 1016 745 (Anno
1053 672 1234 744 1060.)

255 768 605 845 [Μλιιολιιικῃ
643 767 865 845 Δξ’ἒηιιιζίιι·ξ
910 766 1093 845 Casia.
1132 764 1200 845 ll,
1244 764 1660 845 95,5x'archi‘v.
1712 778 1831 819 mo-

469 850 611 896 nast.
640 839 739 893 SS.
772 837 1071 892 Salvatoris
1093 845 1147 890 et
1175 835 1333 891 Julia:
1355 834 1620 906 Brix.en.]

324 939 592 1008 Νιεοωὺε
621 952 927 1020 episcopus,
957 964 1146 1004 servus
1169 963 1449 1003 servorum
1478 946 1597 1013 Dei,
1623 945 1834 1001 charis-

255 1046 410 1100 simze
436 1044 488 1097 in
526 1043 754 1097 Domino
801 1042 926 1096 tiliae
966 1040 1136 1095 Orra:
1184 1041 1474 1095 abbatissae
1518 1037 1834 1093 monasterii

256 1135 470 1191 Domini
495 1133 815 1200 Salvatoris,
840 1142 894 1187 et
918 1143 1120 1187 sancta:
1147 1131 1303 1187 Julia:
1328 1131 1561 1201 virginis
1588 1138 1643 1184 et
1688 1145 1835 1185 mar-

257 1227 412 1298 tyris,
428 1226 572 1297 quod
588 1240 787 1280 novum
812 1224 1030 1289 dicitur,
1050 1232 1104 1277 et
1135 1223 1189 1277 in
1219 1223 1438 1278 civitate
1467 1220 1647 1275 Brixia
1670 1221 1834 1276 situm

255 1325 360 1376 est.
387 1316 604 1387 tuisque
632 1315 1040 1371 successoribus
1078 1322 1190 1367 tam
1246 1312 1603 1383 praesentibus
1669 1326 1835 1381 quam

257 1407 478 1463 futuris.
1518 1448 1521 1451 ,

326 1499 599 1566 Quoniam
629 1511 843 1567 semper
876 1506 1003 1554 sunt
1039 1495 1383 1553 concedenda
1435 1509 1560 1565 qua:
1606 1495 1842 1550 rationa-

258 1590 439 1646 biliter
464 1600 627 1661 atque
658 1606 895 1661 congrue
927 1605 957 1644 a
989 1589 1240 1644 ﬁdelibus
1262 1597 1549 1659 petuntur,
1579 1590 1650 1643 ob
1675 1589 1840 1643 devo-

1368 295 1727 353 EPlSTOLAS
1767 294 1855 351 ET
1895 282 2309 350 οιΡιΟΜᾹΤΑ.

1850 414 1897 472 Α
1925 405 2181 461 omnibus
2209 418 2398 459 carum
2431 401 2807 473 pertinentiis,
2846 414 2941 456 seu
2963 400 3126 454 etiam
3146 413 3338 454 omnes
3367 396 3505 452 alias

3362 285 3501 340 ωε

1928 507 2128 564 cortes,
2156 498 2335 564 villas,
2358 495 2603 561 castella,
2635 494 2821 560 cellas,
2859 508 2956 548 seu
2984 492 3245 548 ecclesias
3279 491 3336 545 in
3393 498 3504 544 ter-

1928 591 2006 646 ris
2033 589 2282 660 ejusdem
2306 587 2625 643 monasterii
2655 584 2988 651 constitutis,
3020 592 3075 639 et
3106 584 3290 638 omnia
3328 581 3506 637 eidem

1929 679 2266 736 monasterio
2316 678 2666 749 pertinentia.
2731 676 3082 746 Quaecunque
3137 682 3399 745 praeterea
3448 673 3506 726 in

1930 772 2196 836 futurum,
2226 771 2491 842 largiente
2513 769 2644 834 Deo,
2663 769 2915 839 juridice,
2942 777 3104 838 atque
3127 766 3391 823 canonice
3408 780 3509 834 po-

1931 864 2109 919 teritis
2139 862 2387 932 adipisci,
2420 863 2574 915 tirma
2603 860 2721 926 tibi,
2750 860 2968 929 tuisque
3003 856 3435 921 successoribus,
3454 864 3511 911 et

1932 958 2106 1013 eidem
2139 954 2473 1009 monasterio
2501 953 2815 1022 illibataque
2840 960 3210 1021 permaneant.
3231 950 3341 1005 Seu
3378 964 3510 1005 con-

1934 1049 2179 1104 ceiimus
2205 1053 2264 1100 ut
2286 1046 2719 1114 abbatissa,qu:e
2743 1057 2842 1113 pro
2875 1050 3112 1111 tempore
3137 1042 3191 1095 in
3227 1048 3509 1097 monaste-

1933 1141 2019 1195 rio
2041 1140 2161 1210 ipso
2182 1137 2428 1192 ordinata
2461 1136 2643 1201 fuerit,
2685 1135 2880 1189 habeat
2924 1141 3239 1203 potestatem
3277 1130 3511 1187 faciendi

1935 1233 2177 1296 castella,
2202 1240 2256 1286 et
2283 1230 2544 1284 ecclesias
2566 1228 2879 1297 ubicunque
2908 1224 3141 1279 voluerit
3175 1223 3229 1278 in
3258 1222 3418 1279 terris
3442 1220 3512 1276 ad

1936 1323 2219 1395 praefatum
2288 1320 2681 1376 monasterium
2746 1316 3162 1389 pertinentibus.
3223 1312 3512 1379 Chrisma,

1937 1416 2117 1471 oleum
2144 1421 2416 1477 sanctmn,
2451 1411 2887 1467 consecrationes
2912 1409 3163 1464 altarium
3183 1446 3198 1473 ,
3224 1407 3337 1461 sive
3367 1405 3516 1461 basi-

1937 1506 2192 1564 licarum.
2217 1504 2591 1559 ordinationes
2630 1502 2941 1564 abbatissae,
2971 1501 3057 1555 vel
3095 1498 3513 1564 monacharum,

1940 1599 2056 1655 sive
2080 1598 2430 1661 clericorum,
2452 1596 2543 1665 qui
2576 1594 2640 1648 ad
2669 1608 2856 1648 saeros
2895 1592 3115 1645 ordines
3156 1588 3359 1644 fuerint
3389 1602 3515 1658 pro-

259 1683 460 1737 tionem
485 1682 559 1751 pii
588 1681 900 1735 Conditoris
922 1680 1116 1746 nostri,
1144 1688 1358 1750 oportet
1389 1695 1489 1733 nos
1530 1679 1584 1733 in
1626 1679 1843 1749 privile-
1940 1689 2217 1755 movendi,
2241 1704 2339 1743 seu
2361 1685 2625 1757 quidquid
2652 1685 2720 1741 ad
2746 1700 2964 1739 sacrum
2994 1681 3359 1737 ministerium
3397 1694 3521 1750 per-

260 1774 363 1845 giis
392 1772 716 1844 praestandis
738 1781 981 1826 nostram
1015 1772 1167 1826 nullo
1196 1772 1359 1826 modo
1398 1771 1667 1842 denegare
1712 1789 1837 1828 mu-

1944 1781 2091 1847 tinet,
2136 1794 2167 1835 a
2225 1779 2645 1850 quibuscunque
2692 1774 2977 1831 catholLeis
3019 1772 3346 1844 praesulibus
3396 1770 3517 1824 fue-

260 1864 615 1919 niticentiam.
681 1863 891 1934 Igitur,
948 1863 1075 1933 quia
1126 1871 1306 1917 vestra
1362 1862 1585 1918 dilectio
1641 1872 1842 1918 nostra:

260 1956 612 2009 sublimitatis
641 1954 999 2024 apostolatum
1029 1953 1306 2007 humiliter
1327 1952 1557 2024 rogavit,
1572 1962 1842 2023 quatenus

261 2047 576 2114 praedictum
604 2046 995 2099 monasterium
1028 2044 1243 2099 Domini
1267 2043 1586 2111 salvatoris,
1613 2061 1841 2099 necnon

258 2146 315 2194 et
343 2138 557 2193 Sancta:
616 2138 771 2193 Julia:
815 2138 1046 2209 virginis
1087 2147 1141 2191 et
1192 2137 1470 2207 martyris,
1517 2153 1548 2190 a
1596 2138 1842 2206 piissima

260 2232 405 2285 Ausa
439 2231 628 2300 regina
673 2228 812 2293 infra
858 2229 1133 2284 civitatem
1164 2227 1400 2282 Brixiam
1441 2237 1841 2295 constructum,

259 2319 558 2392 privilegiis
583 2321 896 2390 apostolica:
925 2320 1074 2375 sedis
1118 2319 1493 2384 decoraretur,
1529 2330 1589 2375 ut
1606 2320 1717 2389 jam
1755 2321 1842 2375 di-

258 2425 407 2466 ctum
453 2413 843 2466 monasterium
896 2411 1114 2466 Domini
1174 2409 1473 2467 Salvatorts
1514 2428 1543 2466 a
1589 2414 1843 2481 praedicta

265 2503 409 2559 Ansa
463 2503 707 2572 piissima
762 2503 983 2574 regina,
1029 2502 1134 2560 sub
1190 2503 1354 2573 regali
1399 2518 1613 2573 seraper
1645 2503 1769 2572 jure
1788 2512 1845 2558 et

261 2593 467 2648 ditione
497 2594 855 2659 submissum,
904 2593 1110 2647 nullius
1138 2609 1377 2662 unquam
1420 2594 1649 2648 alterius
1678 2592 1843 2648 dltio-

264 2686 371 2753 Iis,
416 2686 500 2740 vel
548 2686 855 2755 potestatis,
892 2684 976 2739 vel
1028 2683 1391 2739 ordinationis
1431 2686 1845 2740 submitteretur

264 2777 505 2834 dominio
531 2796 543 2833 :
568 2778 768 2834 vestris
804 2777 910 2846 piis
936 2776 1224 2831 desideriis
1273 2792 1368 2846 per
1420 2777 1562 2832 hanc
1601 2787 1843 2833 nostram

264 2872 529 2942 privilegii
554 2870 935 2926 auctoritatem
959 2868 1044 2922 vel
1073 2866 1219 2938 quod
1256 2869 1573 2938 postulastis
1616 2870 1846 2924 libenter

264 2964 653 3029 concedimus;
710 2971 765 3017 et
810 2962 932 3017 ideo
979 2960 1350 3031 quorumlibet
1397 2961 1766 3027 sacerdotum,
1792 2971 1847 3015 et

264 3055 509 3109 omnium
530 3054 815 3109 hominum
840 3054 894 3108 in
917 3052 1145 3124 praefato
1168 3051 1502 3106 monasterio
1520 3052 1604 3105 vel
1628 3052 1680 3105 in
1702 3053 1846 3107 illius

264 3147 607 3216 pertinentiis
636 3145 1000 3201 habitantium
1029 3143 1331 3215 quamlibet
1356 3180 1363 3183 ι
1381 3142 1846 3213 jurisdictionem,

265 3239 350 3292 vel
378 3246 698 3307 potestatem
725 3238 840 3292 sive
865 3237 1105 3306 aliquam
1142 3234 1524 3290 auctoritatem
1560 3246 1655 3290 aut
1700 3238 1851 3292 ordi-

266 3331 541 3384 nationem
568 3337 762 3398 praeter
806 3328 968 3398 regiae
1011 3326 1319 3397 potestatis,
1368 3333 1422 3378 et
1473 3325 1853 3395 dispositionis

267 3420 481 3475 culmen
512 3419 712 3474 habere
733 3420 1105 3489 prohibemus,
1141 3418 1213 3472 ita
1245 3426 1303 3473 ut
1329 3416 1436 3473 nisi
1472 3418 1543 3475 ab
1577 3420 1851 3475 abbatissa

269 3512 443 3581 ipsius
479 3511 800 3565 monasterii
824 3510 991 3565 fuerit
1017 3510 1278 3565 invitatus
1296 3551 1313 3576 ,
1336 3511 1679 3566 sacerdotum
1707 3512 1855 3581 quis-

267 3618 457 3672 quam,
486 3617 586 3656 nec
608 3601 773 3656 etiam
809 3602 1105 3656 missarum
1143 3602 1408 3656 solemnia
1439 3602 1638 3657 ibidem
1681 3603 1856 3658 omni-

269 3692 433 3749 modo
459 3693 733 3749 celebrare
760 3702 1074 3762 praesumat.
1103 3691 1216 3748 Hoc
1242 3694 1498 3764 denique.
1526 3695 1630 3750 hac
1666 3702 1855 3751 nostra

265 3785 568 3855 apostolica
593 3785 937 3853 auctoritate,
961 3786 1349 3841 constituimus
1384 3794 1444 3840 ut
1486 3786 1633 3841 nulla
1657 3803 1854 3859 magna

267 3890 549 3945 parvaque
606 3889 859 3945 persona,
911 3876 1087 3930 eidem
1142 3875 1442 3930 venerabili
1495 3877 1853 3942 monasterio,

268 3979 298 4017 s
323 3980 385 4017 ve
415 3964 471 4018 in
495 3964 709 4019 ancillis
737 3963 852 4031 Dei,
883 3965 968 4019 vel
1003 3966 1056 4018 in
1084 3964 1310 4020 familiis
1336 3966 1624 4035 utriusque
1670 3982 1855 4033 sexus,

270 4067 366 4111 aut
389 4058 554 4111 etiam
581 4057 634 4111 in
654 4057 859 4122 liberis,
876 4072 1039 4126 super
1060 4066 1260 4111 terram
1279 4056 1526 4131 ejusdem
1540 4059 1856 4113 monasterii

271 4148 664 4216 residentibus,
686 4149 770 4203 vel
798 4148 853 4202 in
884 4149 1098 4204 cunctis
1120 4149 1301 4215 rebus,
1325 4157 1379 4221 ct
1414 4144 1858 4218 passessionibns

271 4239 342 4295 ad
381 4239 436 4295 id
465 4241 864 4313 pertinentibus
893 4240 1238 4314 videlicetin
1280 4240 1447 4306 casis,
1493 4241 1859 4315 omnibusque

272 4332 442 4387 rebus
472 4332 769 4387 mobilibus
791 4340 845 4387 et
876 4332 1268 4398 immobilibus,
1292 4348 1516 4403 quoquo
1556 4334 1718 4388 modo
1758 4335 1860 4388 ali-

1941 1873 2051 1928 rint
2085 1873 2357 1942 postulata
2378 1913 2393 1938 ,
2424 1870 2594 1941 gratis
2638 1867 3028 1932 concedantur,
3071 1873 3127 1922 et
3169 1865 3376 1935 absque
3411 1864 3521 1918 ulla

1942 1965 2368 2036 reprehensione
2418 1961 2727 2026 tribuenda,
2777 1960 2921 2015 sicut
2968 1957 3303 2027 Ansclpcrga
3346 1956 3522 2025 prima

1944 2057 2219 2111 abbatissa
2241 2055 2484 2122 ejusdem
2518 2052 2834 2107 monasterii
2856 2067 2884 2104 a
2912 2049 3077 2103 Paulo
3103 2049 3272 2102 beata:
3314 2062 3523 2100 memo-

1942 2146 2040 2201 ria:
2058 2146 2368 2216 apostolica:
2394 2144 2539 2199 sedis
2565 2144 2838 2212 pontifice,
2863 2157 2958 2211 pro
2988 2139 3278 2207 fragilitate
3302 2137 3525 2192 feminei

1944 2249 2109 2289 sexus
2139 2233 2396 2287 obtinuit.
2424 2232 2739 2286 Statuentes
2762 2230 3022 2299 denique,
3064 2228 3365 2298 apostolica
3397 2241 3525 2283 cen-

1904 2379 1906 2381 ,
1944 2340 2073 2380 sura
2100 2324 2444 2394 praecipimus
2469 2332 2529 2378 ut
2559 2322 2742 2377 nullus
2766 2320 3076 2391 episc0pus,
3093 2319 3164 2374 du
3176 2336 3227 2385 ι,
3254 2317 3525 2383 marchio,

1943 2432 2149 2481 comes,
2206 2416 2537 2481 vicecomes,
2599 2414 2886 2478 Gastaldo,
2930 2419 3026 2465 aut
3076 2412 3263 2480 aliqua
3328 2424 3523 2480 magna

1944 2522 2220 2577 parvaque
2270 2522 2525 2576 persona,
2568 2505 2740 2560 ullum
2797 2504 3110 2558 districtum
3160 2501 3214 2556 in
3250 2500 3529 2570 aliquibus

1944 2598 2079 2653 locis
2108 2598 2281 2667 ipsius
2306 2596 2621 2651 monasterii
2650 2595 2866 2658 habere,
2894 2594 2979 2647 vel
3005 2592 3274 2662 judicare,
3303 2606 3400 2647 seu
3429 2590 3530 2644 ali-

1944 2691 2089 2760 quod
2121 2689 2381 2759 placitum
2407 2689 2456 2741 al
2480 2703 2614 2757 sque
2635 2685 2849 2740 licentia
2873 2684 3165 2739 abbatissae
3188 2689 3371 2736 tenere
3395 2694 3532 2750 pra:-

1947 2793 2152 2847 sumat,
2183 2781 2266 2840 vel
2297 2795 2384 2836 res
2412 2778 2729 2835 monasterii
2777 2774 3201 2838 ecclesiasticas,
3231 2773 3316 2827 vel
3357 2787 3532 2827 sarcu-

1946 2875 2090 2930 larcs
2129 2871 2493 2945 quovismodo
2552 2870 2813 2935 alienare,
2856 2877 2952 2922 aut
2998 2865 3274 2931 invadere,
3326 2864 3410 2917 vel
3458 2862 3532 2921 ibi

1946 2966 2228 3021 molestias
2285 2962 2520 3027 inferre,
2587 2969 2682 3015 aut
2744 2959 2956 3020 fodrum
2991 2998 3006 3023 ,
3063 2957 3148 3011 vel
3218 2955 3533 3010 mansiona-

1950 3058 2140 3122 ticum,
2167 3071 2262 3111 seu
2295 3054 2607 3124 ripaticum,
2640 3061 2733 3107 aut
2759 3063 2999 3121 paratas,
3033 3064 3129 3104 seu
3175 3048 3388 3116 aliquas
3434 3059 3535 3113 pu-

1877 3113 1919 3169 C
1950 3113 2457 3207 blicasfunctioncs
2486 3146 2705 3216 exigere
2738 3143 2954 3199 audeat.
2983 3141 3047 3197 Et
3081 3113 3396 3209 ubicunque
3434 3138 3535 3191 ab-

1952 3241 2157 3297 batissa
2184 3239 2413 3294 voluerit
2434 3246 2733 3292 mercatum
2757 3236 3114 3300 constituere,
3141 3233 3226 3287 vel
3267 3231 3537 3287 aediﬁcare

1954 3333 2007 3388 in
2046 3333 2182 3388 locis
2214 3332 2388 3401 ipsius
2444 3327 2784 3394 monasterii,
2836 3328 3018 3382 nullus
3064 3327 3113 3381 ei
3162 3323 3538 3381 contradicere

1953 3433 2268 3495 prresumat.
2300 3423 2817 3493 Piscariasqnoque
2852 3420 2921 3475 ad
2975 3419 3292 3490 przedictum
3342 3430 3537 3470 inena-

1955 3516 2184 3571 sterium
2214 3514 2549 3585 pertinentes
2576 3514 2751 3569 eidem
2781 3511 3114 3568 monasterio
3159 3508 3537 3572 concedimus,

1956 3614 2120 3677 atque
2150 3607 2448 3677 apostolica
2475 3605 2797 3662 auctoritate
2852 3603 3199 3674 praecipimus
3247 3607 3308 3655 ut
3359 3598 3541 3652 nullus

1956 3715 2050 3754 cas
2075 3698 2331 3753 invadere
2355 3707 2449 3753 aut
2473 3714 2534 3753 se
2572 3698 2932 3752 intromittere
2965 3694 3183 3749 audeat.

2028 3793 2154 3848 Haec
2178 3800 2360 3846 autem
2386 3791 2591 3854 omnia,
2617 3804 2739 3858 quae
2774 3786 3025 3856 superius
3056 3791 3353 3839 memorata
3388 3788 3540 3846 sunt,

1957 3884 2054 3939 tibi
2085 3883 2223 3938 Ottae
2250 3881 2538 3937 abbatissm
2564 3880 2618 3933 in
2647 3877 2882 3933 Domino
2917 3876 3059 3941 filiae,
3077 3874 3292 3943 tuisque
3322 3886 3542 3927 succes-

1959 3977 2209 4039 soribus,
2262 3990 2293 4028 a
2345 3971 2595 4043 praesenti
2635 3970 2794 4025 tertia
2830 3969 3040 4024 decima
3085 3966 3412 4030 indictione,
3450 3979 3543 4033 per

1961 4069 2102 4122 hanc
2126 4065 2301 4121 nostri
2317 4063 2583 4135 privilegii
2607 4061 2882 4132 paginam,
2908 4057 3204 4131 apostolica
3225 4054 3547 4111 auctoritate

1960 4157 2371 4220 confirmamus,
2400 4138 2765 4210 concedimus
2792 4161 2846 4206 et
2888 4150 3310 4206 corroboramus
3347 4162 3546 4203 secun-

1960 4250 2091 4304 dum
2114 4248 2427 4319 prtedictum
2456 4245 2698 4300 modum.
2733 4241 2791 4296 Si
2827 4242 2951 4312 quis
2976 4249 3155 4295 autem
3203 4236 3546 4301 temerarius,

1961 4342 2107 4413 quod
2139 4356 2248 4396 non
2273 4348 2550 4409 optamus,
2576 4346 2764 4393 contra
2794 4335 2899 4391 hoc
2924 4343 3174 4388 nostrum
3209 4329 3541 4402 privilegium

273 4439 441 4494 quam
473 4424 778 4479 molestiam
803 4423 1002 4479 inferre
1022 4433 1335 4495 praesumat.
1376 4423 1694 4496 Pariterque
1728 4442 1861 4481 con-
1894 4452 1936 4505 υ
1962 4434 2147 4491 venire
2183 4431 2488 4497 ιρηιτινριιίι,
2515 4439 2569 4485 ει
2597 4430 2759 4485 sicuti
2804 4444 2835 4483 θ
2880 4436 3066 4482 nostra
3112 4423 3409 4494 apostolica
3453 4436 3553 4475 au'

274 4516 542 4582 cedimus,
566 4526 618 4571 et
645 4516 1033 4572 confirmamus
1062 4515 1239 4571 eidem
1260 4518 1557 4572 venerabili
1586 4527 1860 4573 monaste-

275 4608 360 4663 rio
384 4608 692 4662 districtum
715 4622 997 4682 servorum
1040 4617 1093 4660 et
1129 4608 1424 4660 liberorum
1445 4648 1459 4670 ,
1488 4616 1543 4662 et
1594 4608 1857 4674 decimas,

274 4705 329 4751 et
356 4697 626 4767 primitias
646 4698 893 4752 omnium
930 4698 1179 4752 laborum
1205 4706 1511 4751 vestrorum
1562 4699 1630 4752 ad
1669 4698 1860 4753 basili-

276 4803 372 4842 cas
419 4796 473 4842 et
499 4789 667 4843 cellas
692 4790 747 4842 in
776 4789 936 4844 terris
964 4788 1207 4858 ejusdem
1250 4790 1574 4844 monasterii
1604 4797 1859 4845 constru-

1962 4527 2209 4583 ctoritate
2236 4537 2561 4578 concessum
2588 4529 2642 4574 et
2669 4519 3079 4574 corroboratum
3106 4527 3207 4579 est,
3235 4526 3554 4581 permanere

1965 4634 2072 4673 non
2110 4615 2404 4678 dimiserit,
2430 4612 2568 4666 sciat
2592 4625 2651 4663 sc
2675 4607 3039 4663 anathematis
3069 4603 3287 4659 vinculo
3328 4600 3561 4658 innoda-

1964 4716 2102 4771 tum,
2128 4722 2160 4759 a
2182 4704 2366 4765 Patre,
2395 4710 2450 4755 et
2474 4699 2633 4765 Filio,
2651 4706 2705 4752 et
2728 4696 2933 4767 Spiritu
2958 4704 3171 4759 sancto,
3197 4700 3249 4747 et
3274 4690 3342 4744 ab
3365 4699 3539 4747 aucto

1963 4798 2123 4852 ritate
2151 4794 2295 4850 lzeati
2320 4791 2462 4846 Petri
2492 4789 2756 4859 principis
2795 4787 3190 4858 apostolorum,
3220 4797 3320 4836 nec
3353 4795 3471 4836 non
3524 4790 3582 4840 et

278 4889 396 4935 etas
426 4881 772 4950 pertinentia,
804 4882 945 4936 sicut
972 4896 1067 4951 per
1098 4880 1409 4949 praedictam
1460 4879 1665 4935 Ansam
1713 4880 1860 4952 regi-

279 4985 406 5024 nam
432 4987 462 5025 a
480 4970 728 5040 piissimo
761 4970 1038 5026 Desiderio
1068 4985 1211 5040 rege,
1228 4979 1283 5025 et
1307 4969 1425 5024 suis
1447 4971 1861 5027 successoribus

279 5063 522 5133 regibus,
553 5073 609 5118 et
636 5064 1054 5134 imperatoribus
1079 5063 1274 5117 ibidem
1306 5077 1628 5118 concessum
1656 5073 1710 5119 et
1738 5078 1863 5118 cor-

279 5156 596 5210 roboratum
648 5154 897 5220 habetur,
930 5161 983 5209 et
1034 5170 1065 5208 a
1118 5155 1319 5209 nostris
1370 5154 1867 5222 prtedecessoribus

281 5258 483 5280 cantum
510 5245 772 5280 neu-110nm
806 5246 1059 5280 pnn‘nc;fn
1088 5244 1436 5280 nnntinnnnlc

1966 4904 2090 4946 cum
2135 4884 2355 4943 diabolo
2391 4890 2445 4937 et
2489 4880 2628 4938 Juda
2667 4880 2925 4936 traditore
2967 4877 3189 4936 Domini
3225 4871 3396 4928 nostri
3434 4871 3599 4939 Iesu

1967 4980 2175 5038 Christi
2202 4975 2390 5033 aeterni
2424 4974 2660 5051 incendii
2691 4972 2958 5043 supplicio
2988 4963 3470 5030 concremandum
3496 5013 3517 5037 ,
3559 4971 3621 5027 et

1970 5074 2195 5142 insuper
2216 5065 2354 5122 sciat
2378 5079 2437 5119 se
2460 5063 2717 5120 daturum
2744 5063 2964 5134 triginta
2992 5066 3124 5124 auri
3149 5058 3341 5118 libras,
3368 5063 3529 5117 mea,
3542 5070 3639 5126 ie,

1972 5174 2136 5221 tatem
2179 5165 2368 5214 nostro
2411 5168 2571 5209 sacro
2605 5155 2827 5226 palatio,
2853 5162 2907 5208 ct
2946 5158 3311 5219 medietatem
3358 5153 3656 5216 praefato

1977 5246 2315 5280 ...Αυιυεοιιιιῖη
2373 5244 2474 5280 nn;
2498 5261 2635 5280 \vann
2670 5246 2761 5280 “in
2795 5244 2992 5280 ἶηίηῖίιι
3040 5242 3363 5280 Λιισητινεὶίθΐ
3384 5230 3446 5280 in
3482 5255 3664 5280 (κε-δια
