4020 5364
526 307 667 362 13ζῦ

1833 296 2108 354 NwOLAl
2133 296 2192 356 ll
2229 292 2434 349 I‘APJE

3667 277 3808 335 εἴ)ιᾶ

583 418 858 486 Scriptum
880 429 976 484 per
1000 429 1195 468 manus
1211 411 1494 468 Octaviani
1518 409 1812 478 scriniarn,
1835 419 1890 466 et
1913 408 2112 466 notarii
2145 417 2186 470 Α
2219 403 2474 459 Ecclesiae
2489 387 2854 471 pontiﬁcibus.
2875 394 3275 450 Conﬁrmamus
3289 390 3517 460 insuper
3537 391 3804 460 quasdam

513 518 729 563 sancta:
769 494 1030 560 Romana:
1065 502 1542 572 Ecclesiae,-sexto
1586 502 1675 558 die
1718 501 1926 558 mensis
1960 499 2108 565 Maii,

522 597 820 652 indzctione
855 611 975 648 nn.

557 699 562 704 '
596 689 792 744 Datum
820 684 1026 752 Romae,
1057 702 1116 740 ιιι
1137 683 1321 740 Nonas
1340 683 1488 751 Maii,
1516 699 1661 740 anno
1687 681 1907 738 Domini
1937 681 2111 737 nostri

513 779 652 834 Jesu
704 777 910 834 Christi
955 776 1124 843 1070,
1173 792 1268 847 per
1322 791 1521 832 manus
1573 774 1856 831 Humberti
1913 782 2115 829 sanctae

523 872 784 929 Ecclesiae
807 869 970 926 Silvae
990 868 1249 926 Candida:
1270 869 1533 940 episcopi,
1556 876 1610 924 et
1633 869 1947 939 apostolica:
1967 867 2114 924 sedis

522 965 954 1030 bibliothecarii,
1013 979 1159 1018 anno
1221 963 1462 1018 secundo
1520 962 1871 1032 poutilicatus
1926 960 2114 1015 domui

513 1047 677 1129 papae
704 1057 912 1112 Nicolai
943 1056 1191 1123 secundi,
1217 1055 1516 1110 indictione
1543 1070 1663 1108 xui.

1185 1171 1204 1198 '
1231 1167 1398 1224 XXII.

525 1265 875 1338 Pririlegitgu
915 1263 1128 1338 Nicolai.
1175 1261 1238 1338 Π
1277 1260 1759 1338 pap_¢e_pro__re_.gt_rli
1794 1260 2115 1338 monasterio

791 1335 892 1390 SS.
925 1335 1244 1400 Saluatoris,
1278 1331 1524 1402 Vetgluliar
1546 1331 1866 1386 Brixiensis.

1129 1423 1310 1497 (Anno
1343 1423 1528 1494 l080.)

529 1517 878 1592 [Mancini-au,
901 1517 1112 1572 Bullur.
1145 1517 1445 1592 C_qsine_ns_._,
1475 1516 1610 1592 t._‘ll_,
1634 1532 1689 1592 p.
1720 1515 1808 1592 90,
1834 1531 1900 1592 ex
1935 1516 2117 1571 archi-

783 1591 874 1645 vio
901 1589 1218 1644 monasterii
1243 1588 1299 1643 S.
1325 1587 1484 1644 Julia:
1509 1585 1859 1659 Brixiensis.)

597 1701 867 1759 NICOLAUS
902 1703 1214 1773 episcopus,
1259 1718 1454 1758 servus
1495 1717 1780 1757 servorum
1813 1700 1937 1766 Dei,
1981 1701 2116 1757 chao

526 1795 765 1850 rissimae
805 1795 860 1849 in
897 1793 1130 1849 Domino
1175 1794 1299 1850 tiliae
1334 1793 1782 1859 HEBHENGARDJE,
1829 1792 2120 1848 abbatissa:

527 1886 848 1942 monasterii
876 1885 1093 1941 Domini
1119 1885 1421 1941 Salvator-is
1443 1886 1640 1953 nostri,
1669 1893 1722 1941 et
1743 1894 1945 1940 sanctae
1963 1883 2121 1940 Julia:

526 1979 758 2051 virginis
791 1988 844 2034 et
874 1980 1148 2051 martyris,
1181 1981 1328 2050 quod
1355 1995 1557 2033 novum
1584 1978 1804 2042 dicitur,
1833 1977 2117 2033 fundatum

529 2085 561 2125 a
595 2070 821 2140 pissima
845 2070 992 2124 Ausa
1025 2070 1212 2139 regina
1249 2068 1331 2122 i.;t‘
1347 2085 1386 2124 ἰι
1416 2070 1691 2124 civitatem
1728 2068 1992 2135 Brixiam,
2025 2070 2120 2124 tibi

529 2163 798 2230 videlicet,
829 2165 1044 2234 tuisque
1073 2163 1584 2229 snecessatricilms,
1616 2163 1669 2217 iu
1702 2171 2048 2233 perpetuum.

601 2255 872 2322 Quoniam
906 2271 1120 2326 semper
1145 2263 1272 2310 sunt
1297 2255 1642 2310 concedenda
1671 2271 1794 2325 quae
1818 2256 2121 2310 rationabi-

531 2347 657 2402 liter
697 2353 862 2416 atque
899 2362 1139 2417 congrue
1177 2363 1204 2400 a
1250 2347 1500 2402 lidcliieus
1555 2354 1814 2416 petuntur
1848 2347 1918 2402 ob
1958 2348 2122 2402 dero-

533 2438 738 2494 tionem
782 2441 855 2510 pii
892 2438 1206 2494 Conditoris
1246 2440 1440 2503 nostri,
1479 2447 1693 2510 oportet
1725 2455 1823 2494 nos
1865 2438 1919 2492 in
1958 2439 2123 2508 privi-

533 2533 687 2603 legiis
737 2532 1060 2604 pratstandis
1123 2540 1368 2586 nostram
1439 2531 1588 2585 nullo
1637 2534 1798 2585 modo
1855 2533 2124 2602 denegare

531 2625 982 2680 muniﬁcentiam.
1030 2624 1199 2696 Igitur
1273 2625 1358 2694 pia
1411 2633 1592 2683 vestra
1645 2623 1867 2684 dilectio
1925 2638 2125 2684 nostrw

530 2718 885 2773 sublimitatis
907 2717 1277 2787 apostolatum
1310 2717 1592 2776 humiliter
1618 2722 1828 2792 rogavit
1852 2729 2125 2791 quatenus

528 2811 851 2884 praedictum
910 2814 1307 2869 monasterium
1355 2813 1567 2866 Domini
1603 2811 1899 2868 Salvator-is
1950 2812 2122 2871 nostri

528 2905 658 2960 Jesu
689 2906 916 2972 Christi,
942 2921 1042 2961 nec
1073 2919 1181 2961 non
1211 2911 1264 2958 et
1286 2903 1619 2959 beatissinue
1641 2902 1871 2976 virginis
1899 2911 1953 2958 et
1981 2918 2128 2957 mar—

529 2996 666 3068 tyris
687 2994 844 3051 Julize
877 3011 908 3050 a
939 2995 1333 3066 prameminata
1361 2994 1504 3048 Ausa
1541 2994 1728 3064 regina
1763 2995 1902 3048 intra
1934 2993 2128 3048 civita-

2215 505 2399 554 curtes
2432 495 2606 550 eidem
2651 487 2948 545 venerabili
2992 483 3330 540 monasterio
3363 483 3530 552 longo
3561 490 3810 550 tempore

2215 602 2247 642 a
2287 585 2575 656 saepeiam
2601 583 2748 639 dicto
2784 577 3118 636 monasterio
3159 589 3468 646 possessas,
3507 581 3674 642 atque
3710 573 3814 626 de-

2216 687 2396 735 tentas
2428 696 2442 732 :
2470 675 2722 731 videlicet
2757 671 3062 736 Sermioue,
3114 666 3436 736 Cervaniga,
3482 662 3809 728 Nuvelaria,

2215 772 2558 843 Berclagum,
2581 767 2906 831 Barbadam,
2934 761 3225 826 Altlanum,
3247 758 3628 821 Calvatoncm,
3649 753 3814 809 Cico-

2215 865 2468 928 niariam,
2493 861 2842 925 Millarinam,
2861 856 3196 919 Sermidam;
3221 868 3434 908 necnon
3457 849 3810 918 Gosenagmn

2215 969 2441 1019 novum,
2482 950 2872 1014 Monticcllum,
2906 962 3031 1003 cum
3067 945 3320 1000 omnibus
3347 940 3599 997 basilicis
3627 940 3810 994 eidem

2217 1043 2553 1100 monasterio
2569 1039 2988 1112 pertinentibus,
3006 1035 3212 1092 scilicet
3230 1034 3283 1088 in
3305 1032 3598 1087 Sermione
3617 1045 3812 1095 unam,

2217 1135 2272 1191 in
2316 1133 2605 1191 Nuvelaria
2651 1147 2840 1198 unam,
2871 1129 2930 1183 in
2963 1128 3220 1198 Berciago
3262 1126 3424 1190 duas,
3453 1123 3510 1177 in
3557 1121 3814 1176 Barbari:

2220 1243 2406 1292 unam,
2431 1227 2485 1280 in
2509 1225 2723 1278 Alliano
2743 1237 2932 1288 unam,
2957 1221 3012 1276 in
3027 1218 3314 1276 Ciconaria
3337 1231 3530 1282 unam,
3547 1216 3608 1270 in
3637 1211 3819 1268 Milia-

2217 1321 2339 1376 rina
2369 1333 2534 1372 unam
2553 1358 2568 1382 ,
2603 1332 2698 1371 seu
2737 1315 2905 1369 etiam
2946 1313 3082 1367 alias
3112 1320 3316 1374 certes,
3345 1309 3528 1374 villas,
3559 1306 3813 1371 castella,

2217 1411 2504 1476 basilicas,
2549 1417 2602 1464 et
2650 1407 2833 1461 omnia
2859 1406 3033 1460 eidem
3079 1401 3415 1458 monasterio
3449 1399 3814 1470 pertinentia,

2218 1502 2506 1576 quiedici,
2551 1501 2636 1556 vel
2679 1499 2950 1555 nominari
2984 1504 3231 1568 possunt.
3285 1492 3574 1556 Chrisma,
3629 1489 3818 1544 oleum

2220 1606 2492 1661 sanctum,
2522 1591 2962 1649 consecrationes
2983 1589 3237 1644 altarium
3281 1586 3394 1641 sive
3426 1583 3820 1646 basilicarum,

2219 1687 2602 1745 ordinationes
2638 1685 2958 1747 abbatissze,
2983 1681 3068 1735 vel
3100 1677 3519 1740 monachorum,
3562 1674 3684 1729 sive
3711 1690 3824 1728 ca:-

2224 1792 2468 1838 terorum
2513 1777 2861 1843 clericorum,
2909 1775 3005 1844 qui
3035 1773 3102 1828 ad
3149 1786 3336 1827 sacros
3358 1769 3566 1824 fuerint
3591 1767 3824 1820 ordines

2222 1871 2614 1946 promovendi,
2663 1887 2760 1925 seu
2806 1865 3072 1938 quidquid
3123 1865 3188 1919 ad
3234 1877 3456 1918 sacrum
3489 1860 3824 1930 mysterium

2222 1968 2474 2040 pertinet,
2499 1982 2528 2020 a
2559 1965 2981 2036 quibuscunque
3037 1957 3321 2013 catholicis
3345 1953 3684 2024 prmsulibus
3707 1950 3826 2004 fue-

2222 2061 2334 2116 rint
2360 2058 2656 2130 postulata,
2688 2055 2858 2127 gratis
2880 2051 3272 2116 concedantur,
3304 2058 3357 2102 ct
3383 2047 3597 2116 absque
3633 2060 3827 2114 repre-

2223 2153 2489 2208 hensione
2536 2147 2844 2214 tribuenda,
2890 2147 3034 2201 sicut
3059 2141 3394 2212 Anselperga
3425 2140 3611 2209 prima
3645 2137 3826 2190 abba-

2223 2246 2358 2301 tissa
2389 2241 2640 2314 ejusdem
2669 2237 3020 2303 monasterii,
3051 2251 3082 2289 a
3109 2233 3280 2288 Paulo
3319 2233 3494 2286 beatae
3535 2228 3828 2283 mentas-ia:

2184 2371 2189 2376 τ
2223 2337 2535 2408 apostolica:
2570 2334 2716 2390 sedis
2747 2330 3004 2403 pontiﬁce
3019 2343 3116 2400 pro
3153 2326 3372 2382 feminei
3403 2339 3570 2378 sexus
3598 2321 3822 2390 fragili-

2226 2435 2357 2493 tate,
2395 2425 2655 2481 obtinuit.
2705 2420 2953 2476 Obenute
2990 2430 3210 2488 quoque
3237 2413 3484 2484 ιιωιὶὶιιὶ
3515 2411 3624 2466 hci
3655 2424 3831 2472 5,333..

2227 2519 2564 2592 tissa,'u.ttll‘t
2615 2517 2687 2572 ibi
2737 2514 2982 2592 qualibet
3025 2511 3398 2586 S,ulnep‘tl(:tt'.s
3436 2512 3676 2576 aszutia,
3737 2528 3828 2565 su

2228 2619 2484 2675 violentia
2531 2623 2899 2688 prmponatur,
2943 2612 3046 2666 nisi
3073 2623 3237 2680 quam
3288 2621 3508 2663 sorores
3541 2605 3826 2659 ronuunusi

2229 2727 2522 2777 consensu,
2553 2710 2635 2764 vel
2671 2724 2799 2778 pars
2825 2705 3044 2761 concilii
3072 2701 3338 2765 sanioris,
3373 2699 3686 2754 secundum
3735 2695 3830 2749 ω

2231 2806 2482 2862 timorem
2516 2811 2570 2857 ct
2595 2801 2740 2856 beati
2785 2795 3062 2854 Benedicti
3110 2793 3354 2864 regulam
3391 2791 3681 2861 elegerint.
3721 2789 3830 2842 ενι-ιι

2229 2897 2602 2962 concedimus,
2643 2902 2702 2950 ut
2738 2891 3034 2954 abbatissa,
3065 2903 3188 2958 quae
3209 2902 3307 2956 pro
3333 2893 3580 2954 tempore
3611 2882 3686 2936 in.
3711 2883 3831 2951 ipso

2229 2988 2566 3046 monasterio
2607 2985 2860 3042 ordinata
2893 2981 3076 3048 fuerit,
3109 2979 3308 3034 habeat
3357 2983 3694 3047 potestatem
3749 2975 3831 3028 fa-

531 3096 642 3143 tem
673 3087 986 3144 Brixianam
1034 3097 1434 3154 constructum,
1474 3087 1770 3159 privilegiis
1811 3087 2126 3156 apostolica:
2155 3109 2198 3170 ε
2229 3084 2411 3140 ciendi
2458 3079 2760 3145 Ecclesias,
2794 3085 3116 3140 mercatum,
3152 3083 3206 3128 et
3249 3071 3471 3127 castella
3501 3069 3831 3138 ubicunque

497 3199 500 3203 ·
534 3179 680 3236 sedis
700 3179 1070 3247 decoraretur,
1095 3180 1489 3251 quatenusjam
1507 3180 1713 3236 dictum
1733 3179 2128 3235 monasterium

535 3270 605 3324 ab
627 3271 973 3326 aedillcatrice
993 3287 1113 3336 sua,
1139 3273 1242 3327 sub
1264 3271 1428 3344 regali
1455 3287 1672 3342 semper
1697 3271 1822 3342 jure
1845 3279 1899 3326 et
1922 3270 2128 3326 ditione

537 3360 898 3426 submissum,
945 3363 1149 3417 nullius
1193 3379 1434 3434 unquam
1493 3363 1720 3419 alterius
1764 3363 2011 3426 ditionis,
2045 3362 2129 3416 vel

536 3453 844 3523 potestatis,
883 3462 1046 3522 atque
1089 3455 1450 3509 ordinationis
1493 3454 1907 3509 submitteretur
1948 3453 2129 3507 domi-

539 3544 660 3610 nio;
689 3543 886 3599 vestris
912 3540 1016 3614 p'iis
1047 3543 1352 3610 desideriis,
1379 3561 1474 3614 per
1496 3545 1638 3599 hanc
1661 3543 1927 3615 privilegii
1957 3543 2130 3598 nostri

539 3635 941 3702 auctoritatem,
973 3636 1058 3689 vel
1084 3635 1231 3705 quod
1272 3635 1593 3704 postulastis
1624 3635 1851 3688 libenter
1881 3633 2132 3688 concedi-

539 3741 684 3780 mus.
732 3725 798 3781 Et
840 3725 960 3782 ideo
1002 3726 1371 3796 quorumlibet
1411 3725 1777 3790 sacerdotum,
1803 3733 1858 3779 et
1886 3724 2132 3798 omnium

541 3818 826 3873 hominum
865 3820 922 3874 in
956 3817 1182 3890 praelato
1227 3819 1564 3876 monasterio
1591 3818 1887 3888 quamlibet
1915 3818 2136 3888 jurisdi-

541 3911 798 3977 ctionem,
826 3912 910 3965 vel
941 3920 1290 3982 potestatem,
1317 3911 1432 3968 sive
1455 3910 1695 3981 aliquam
1729 3909 2132 3976 auctoritatem,

513 4051 516 4054 .
543 4009 640 4057 aut
665 4003 1086 4069 orziiuationem,
1117 4012 1313 4074 praeter
1342 4003 1506 4074 regiae
1533 4001 1840 4072 potestatis,
1864 4011 1919 4056 et
1945 4001 2127 4072 dispo-

545 4091 761 4147 sitionis
804 4093 1022 4148 culmen
1068 4094 1270 4149 habere
1310 4094 1686 4164 prohibemus,
1723 4093 1796 4148 ita
1835 4102 1891 4148 ut
1927 4093 2031 4148 nisi
2067 4100 2138 4148 ab

545 4181 826 4237 abbatissa
851 4199 992 4252 saepe
1018 4183 1285 4239 nominati
1315 4186 1636 4240 monasterii
1659 4185 1820 4240 fuerit
1849 4185 2133 4250 invitatus,

548 4272 892 4327 sacerdotum
933 4275 1249 4344 quisquam,
1276 4291 1378 4330 nec
1404 4277 1569 4330 etiam
1606 4277 1900 4331 missarum
1937 4277 2137 4332 solem-

551 4363 640 4418 nia
669 4363 869 4418 ibidem
898 4365 1216 4420 omnimodo
1237 4367 1513 4421 celebrar'e
1539 4377 1854 4437 priesumat.
1886 4367 2000 4423 [loc
2038 4369 2135 4422 de-

2233 3176 2464 3232 voluerit
2503 3175 2558 3230 iu
2595 3173 2758 3228 terris
2796 3171 2863 3226 ad
2903 3168 3190 3240 praefatum
3223 3163 3624 3220 monasterium
3656 3161 3831 3231 perti—

2233 3268 2510 3324 nentibus.
2577 3264 2892 3320 Statuentes
2947 3260 3182 3330 denique
3235 3256 3537 3328 apostolica
3591 3268 3831 3308 censura

2233 3360 2608 3431 praecipimus,
2655 3366 2718 3412 ut
2747 3355 2930 3410 nullus
2971 3352 3264 3423 episcopus
3290 3391 3304 3416 ,
3353 3348 3500 3411 dux,
3553 3345 3832 3408 marchio,

2233 3468 2440 3518 comes,
2477 3451 2814 3515 vicecomes,
2859 3445 3204 3510 Castaldius,
3253 3449 3348 3496 aut
3394 3441 3580 3510 aliqua
3628 3453 3830 3508 magna

2234 3547 2352 3601 sive
2397 3559 2563 3615 parva
2605 3557 2842 3613 persona
2887 3539 3060 3593 ullum
3095 3535 3404 3592 districtum
3457 3533 3515 3586 in
3548 3531 3830 3602 aliquibus

2235 3638 2371 3693 lucis
2418 3637 2590 3707 ipsius
2639 3631 2957 3688 monasterii
3004 3631 3225 3694 habere,
3281 3627 3363 3682 vel
3395 3624 3676 3696 judicare,
3731 3639 3830 3678 seu

2235 3729 2455 3800 aliquod
2483 3727 2766 3798 placitum,
2795 3723 3003 3792 absque
3036 3721 3254 3776 licentia
3281 3717 3580 3772 abbatissae
3628 3715 3834 3770 habere

2236 3829 2552 3892 przesumat,
2590 3825 2684 3873 aut
2713 3833 2802 3872 res
2838 3813 3155 3870 monasterii
3181 3808 3621 3872 ecclesiasticas,
3655 3821 3834 3862 saecu-

2235 3915 2464 3979 laresve,
2517 3911 2712 3982 quovis
2741 3908 2924 3970 modo,
2975 3906 3232 3969 alienare,
3264 3903 3345 3958 vel
3388 3902 3463 3956 ibi
3512 3901 3829 3955 molestiam

2237 4007 2459 4072 inl'::rrc,
2493 4011 2588 4059 aut
2617 4002 2856 4066 fodrum,
2884 3999 2970 4052 vel
3007 3995 3486 4060 mansionaticum,
3517 4009 3613 4048 seu
3640 3993 3833 4062 ripati-

2238 4116 2384 4166 cmu,
2420 4107 2517 4155 aut
2564 4104 2806 4167 paratas,
2841 4094 2956 4148 sive
3001 4091 3213 4161 aliquas
3245 4088 3560 4143 functiones
3589 4087 3828 4156 exigere,

2237 4194 2322 4248 vel
2359 4191 2637 4262 requirere
2668 4188 2885 4243 audeat.
2918 4185 3044 4241 Ηωο
3071 4193 3253 4239 autem
3276 4181 3483 4245 omnia,
3513 4195 3642 4250 qua:
3674 4193 3832 4250 supe-

2239 4285 2354 4340 rius
2382 4289 2685 4337 memorata
2721 4287 2872 4344 sunt,
2917 4277 3017 4334 tibi
3052 4273 3443 4344 Ermengarda:
3489 4271 3546 4325 in
3598 4271 3828 4324 Domine

2239 4376 2364 4430 ﬁli-.c
2393 4373 2611 4443 tuisque
2638 4351 3126 4426 successatricibus
3177 4382 3208 4420 a
3257 4363 3514 4435 priesenti
3551 4361 3718 4416 tertia
3747 4360 3828 4414 in-

549 4453 716 4524 uique
756 4453 861 4509 hac
899 4453 1086 4516 nostra
1127 4455 1431 4524 apostolica
1480 4456 1805 4510 auctoritate
1851 4456 2138 4510 coustitui-
2173 4455 2214 4510 Ι)
2240 4467 2500 4533 dictione,
2531 4480 2628 4536 per
2654 4465 2800 4518 hanc
2861 4460 3035 4517 nostri
3068 4457 3336 4530 privilegii
3369 4456 3654 4527 paginam,
3702 4471 3828 4526 apo—

551 4559 708 4610 mus,
760 4553 820 4599 ut
867 4545 1015 4600 nulla
1071 4561 1290 4618 magna,
1322 4546 1402 4600 vel
1450 4561 1618 4615 parva
1667 4561 1901 4616 persona
1957 4548 2132 4602 eidem

549 4636 847 4692 venerabili
890 4637 1252 4704 monasterio,
1303 4637 1418 4694 sive
1463 4639 1520 4694 in
1568 4639 1782 4696 ancillis
1813 4639 1928 4708 Dei,
1955 4639 2042 4694 vel
2081 4641 2134 4694 in

551 4726 770 4783 lamulis
809 4727 1096 4799 utriusque
1125 4745 1310 4796 sexus,
1340 4739 1434 4785 aut
1463 4731 1628 4786 etiam
1661 4730 1715 4786 in
1753 4731 1942 4787 liberis
1973 4747 2137 4802 super

549 4829 725 4875 terras
753 4819 997 4890 ejusdem
1031 4821 1350 4876 monasterii
1381 4823 1767 4889 residentibus,
1791 4824 1875 4878 vel
1905 4823 1960 4878 in
1996 4840 2136 4879 cun-

549 4917 655 4972 etis
689 4917 852 4972 rebus
885 4917 1203 4984 mobilibus,
1236 4925 1291 4972 et
1318 4917 1711 4982 immobilibus,
1745 4917 2136 4988 quoquomodo

551 5010 790 5080 aliquam
837 5011 1144 5066 molestiam
1191 5009 1396 5065 inferre
1450 5019 1767 5080 praesumat.
1817 5007 2136 5079 Pariterquc

486 5119 490 5122 ·
551 5102 933 5169 concedimus,
1001 5110 1057 5158 et
1131 5097 1532 5158 conﬁrmamus
1585 5101 1760 5156 eidem
1837 5099 2134 5156 venerabili

551 5195 888 5248 monasterio
934 5195 1246 5250 districtum
1297 5211 1580 5251 servorum
1641 5203 1695 5248 et
1730 5193 2026 5248 liberorum
2083 5201 2138 5249 et

549 5283 792 5338 decimas
839 5295 893 5340 et
948 5287 1218 5356 primitias
1263 5301 1720 5357 quorumcuuque
1741 5285 2130 5350 laborantium,

2237 4559 2430 4615 stolica
2485 4556 2811 4612 auctoritate
2873 4554 3297 4617 conﬁrmamus,
3361 4548 3726 4604 concedimus
3775 4554 3827 4600 et

2237 4651 2584 4716 roboramus,
2613 4647 2914 4704 secundum
2937 4643 3254 4716 praedictum
3272 4641 3529 4708 modum;
3561 4648 3826 4710 quatenus

2241 4745 2444 4799 uthac
2497 4757 2715 4811 semper
2769 4739 2944 4810 gratia
2994 4736 3271 4808 digniores
3319 4732 3682 4799 ccnscamini,
3735 4730 3825 4785 Dei

2239 4850 2456 4905 semper
2481 4833 2756 4897 timorem,
2807 4839 2862 4885 et
2891 4844 3111 4884 omnem
3138 4828 3193 4882 in
3219 4826 3420 4881 vestris
3449 4823 3714 4880 cordibus
3737 4823 3825 4876 ba—

2238 4927 2366 4981 bcre
2411 4923 2662 4994 satagitr,
2694 4931 2755 4977 ut
2789 4930 2998 4992 quanto
3029 4936 3058 4974 a
3109 4917 3471 4972 saecularibus
3501 4913 3825 4968 tumultibus

2233 5018 2520 5074 liberiores
2567 5015 2710 5080 sitis,
2759 5021 2912 5068 tanto
2961 5009 3198 5081 amplius
3247 5009 3459 5078 placere
3495 5006 3610 5061 Deo
3663 5005 3824 5060 totius

2213 5111 2216 5115 ’
2239 5110 2440 5164 mentis
2460 5117 2514 5163 et
2538 5107 2734 5162 anima:
2764 5105 3060 5160 virtutibus
3083 5101 3370 5158 auheletis.
3407 5099 3464 5151 Si
3494 5099 3624 5169 quis
3651 5107 3822 5152 autem

2237 5200 2701 5270 archiepiscopus,
2739 5205 2833 5251 aut
2857 5196 3168 5266 cpiscopus,
3195 5193 3514 5262 imperator,
3540 5207 3658 5254 rex,
3682 5189 3822 5260 prin-

2235 5305 2382 5358 ceps,
2415 5298 2510 5342 aut
2542 5289 2671 5352 dux,
2701 5302 2906 5350 comes,
2937 5286 3258 5344 vieecoaies,
3305 5280 3500 5349 iul-rx,
3529 5290 3628 5335 aut
3652 5280 3821 5335 cccie-
