4020 5364
236 298 378 352 ’15535

1408 294 1767 351 EPIS'I'OLrE
1810 294 1896 349 ET
1933 296 2349 352 DIPLOMATA.

3381 304 3517 357 134‘»

233 414 453 468 vinculo
482 412 802 467 innodatum
836 428 870 466 a
891 412 1071 477 Patre,
1104 412 1243 467 Filio
1264 422 1318 467 et
1371 413 1579 482 Spiritu
1600 423 1814 481 sancto,
1849 419 1891 477 Α
1923 422 2034 480 cte;
2063 414 2337 469 maledicti
2378 416 2526 470 intus
2554 424 2608 469 et
2637 413 2792 483 foris,
2826 416 3098 473 malelicti
3126 432 3157 472 a
3182 416 3387 473 dextris
3410 428 3463 473 et
3486 436 3514 473 a

228 515 286 562 et
307 506 376 560 ab
405 506 730 560 auctoritate
762 506 909 561 beati
933 505 1081 561 Petri
1108 506 1372 577 principis
1421 507 1815 576 apostolorum,

232 599 391 669 cujus
415 614 514 654 nos
544 598 799 654 immeriti
830 599 977 653 vices
1007 598 1318 669 fungimur;
1352 615 1454 654 nec
1479 615 1588 654 non
1614 608 1669 655 et
1691 615 1817 655 cum

230 690 472 756 diabolo,
496 699 551 745 et
574 688 712 745 Juda
735 690 995 745 traditore
1020 689 1238 744 Domini
1272 690 1445 746 nostri
1461 688 1593 745 Jesu
1614 690 1819 746 Christi

231 791 438 837 aaterno
473 782 724 837 incendio
754 782 1238 837 concremandum.
1299 780 1369 836 At
1406 796 1538 836 vero
1579 782 1675 852 qui
1728 781 1819 851 pio

229 877 435 932 intuitu
468 877 787 931 observator
809 876 866 930 in
891 875 1148 931 omnibus
1177 876 1471 943 exstiterit,
1501 875 1820 931 custodiens

229 968 397 1040 hujus
448 968 625 1024 nostri
675 968 946 1039 privilegii
987 968 1288 1023 constituta
1340 967 1409 1023 ad
1463 968 1671 1023 cultum
1723 966 1820 1021 Dei

228 1060 597 1130 respicientia,
646 1059 1045 1115 benedictionis
1070 1060 1305 1131 gratiam
1338 1075 1370 1114 a
1414 1058 1819 1115 misericordis-

228 1152 374 1208 simo
422 1151 662 1206 Domino
711 1150 825 1207 Deo
873 1160 1264 1222 consequatur,
1313 1160 1368 1206 et
1419 1151 1546 1205 vita:
1604 1159 1822 1205 eterna:

227 1240 503 1311 particeps
514 1256 637 1297 esse
651 1249 929 1297 mereatur
948 1240 1230 1312 in,szecula
1254 1240 1603 1295 saeculorum.
1621 1238 1815 1294 Amen.

303 1329 580 1400 Scriptum
602 1346 701 1400 per
725 1346 924 1385 manus
946 1328 1232 1385 Octaviani
1256 1330 1529 1385 scriniarii
1545 1340 1600 1384 et
1623 1328 1819 1383 notarii

227 1428 434 1475 sanctae
476 1419 737 1474 Romana:
778 1417 1037 1475 Ecclesiae
1067 1436 1104 1474 ιι
1138 1419 1269 1473 ldus
1318 1414 1474 1486 Maii,
1524 1418 1821 1473 indictione

229 1508 544 1580 supradicta
576 1527 694 1565 xm.

303 1602 500 1660 Datum
530 1602 719 1660 Romae
745 1620 858 1659 xvn
885 1603 1004 1660 Kal.
1029 1603 1199 1671 Junii,
1225 1620 1373 1660 anno
1400 1605 1617 1661 Domini
1645 1607 1820 1662 nostri

224 1693 359 1751 Jcsu
389 1693 594 1749 Christi
620 1694 776 1762 1060,
801 1711 899 1765 per
927 1711 1125 1751 manus
1156 1694 1464 1765 llnmberti,
1494 1708 1697 1753 sanct:e
1718 1698 1822 1755 Ec-

227 1784 412 1839 clesiae
464 1782 626 1838 Silvae
668 1782 929 1841 Candida:
950 1786 1194 1856 episcopi
1227 1794 1285 1841 et
1324 1787 1641 1857 apostolica:
1675 1789 1822 1845 sedis
1856 1769 1897 1823 Β

226 1874 634 1932 bibliothecarii
662 1918 677 1943 ,
725 1892 870 1933 anno
930 1879 1173 1935 secundo
1227 1880 1578 1949 pontificatus
1635 1883 1823 1938 domui

226 1983 382 2037 papte
420 1967 629 2024 Nicolai
659 1971 907 2037 secundi,
940 1971 1241 2028 indictione
1284 1990 1451 2046 supra
1482 1978 1712 2047 scripta.

923 2084 1114 2140 XXIII.

232 2172 577 2248 Consecratio
600 2175 857 2230 altarium
887 2178 1124 2233 basilica:
1154 2177 1432 2248 Farfensis
1454 2199 1486 2234 α
1512 2180 1740 2237 Nicolao
1758 2183 1822 2238 11

298 2245 538 2300 Romano
575 2248 823 2316 pontiﬁce
853 2249 1019 2317 facta,
1051 2259 1101 2302 et
1139 2245 1446 2305 monasterii
1481 2252 1632 2306 illius
1662 2253 1823 2309 liber-

304 2325 385 2368 tas
414 2317 478 2369 ab
502 2318 678 2371 eodem
707 2319 960 2388 pontiﬁce
981 2322 1320 2390 conﬁrmata.

820 2410 1000 2479 (Auno
1046 2413 1231 2483 i060.)

506 2500 841 2573 [MUBATOBI,
872 2502 1054 2574 Autiq.
1125 2505 1221 2560 tot.
1258 2505 1317 2570 Υ.
1356 2507 1538 2581 1059.]

299 2615 360 2670 In
409 2616 633 2671 nomine
673 2615 912 2683 Domini,
968 2617 1239 2675 NICOLM'S
1271 2623 1583 2694 episcopus,
1632 2642 1824 2681 servus

228 2723 511 2764 servorum
552 2708 667 2764 Dei.
712 2708 796 2764 Ob
836 2713 1195 2768 reverentiam
1239 2725 1443 2772 sancite
1472 2716 1566 2772 Dei
1602 2719 1826 2787 genitri-

228 2798 312 2853 cis
360 2808 414 2853 et
455 2815 672 2871 semper
714 2800 977 2873 Virginis,
1016 2812 1070 2857 et
1103 2804 1339 2862 domina:
1369 2819 1570 2863 nostra:
1617 2810 1821 2878 Marize,

227 2898 520 2958 postquam
544 2892 954 2947 renovationem
978 2882 1410 2951 consecrationis
1438 2899 1604 2969 hujus
1634 2900 1823 2955 Eccle-

228 2979 329 3033 siae
360 2978 666 3047 Farlensis,
696 2980 808 3037 Deo
834 2984 1089 3053 propitio,
1108 2985 1221 3054 jam
1251 2988 1553 3045 honorifice
1580 2992 1822 3061 explevi-

228 3085 377 3136 mus,
401 3073 649 3127 volcntes
684 3076 883 3129 amodo
912 3078 1274 3147 comprimere
1297 3095 1362 3135 ac
1392 3081 1678 3138 destruere
1704 3099 1823 3138 om-

228 3255 319 3310 vel
336 3258 538 3327 gradus
569 3258 699 3322 sint,
740 3258 807 3312 de
846 3260 1005 3315 bonis
1037 3262 1204 3332 hujus
1226 3266 1543 3319 monasterii
1576 3266 1820 3322 invasio-

230 3364 331 3404 nes
351 3352 432 3403 vel
456 3350 889 3419 depraedationes
927 3353 1013 3407 vel
1048 3352 1215 3420 furta,
1264 3358 1589 3412 auctoritate
1613 3359 1819 3425 divina,

230 3440 481 3496 videlicet
511 3441 691 3497 Patris
725 3452 779 3497 et
813 3443 937 3499 Filii
981 3456 1037 3500 et
1083 3444 1322 3516 Spiritus
1350 3451 1548 3517 sancti,
1579 3459 1633 3504 et
1652 3451 1823 3506 beatze

231 3531 418 3588 Maria:
430 3549 644 3603 semper
660 3533 916 3607 Virginis,
937 3537 1185 3609 beatique
1199 3538 1476 3597 Michaelis
1487 3544 1820 3614 archangeli,

231 3631 287 3677 et
323 3625 499 3678 sancti
533 3623 679 3679 Petri
733 3628 1105 3696 apostolorum
1140 3630 1424 3701 principis,
1465 3633 1824 3704 omniumque

232 3724 571 3782 sanctorum,
602 3717 697 3786 qui
725 3718 779 3772 in
807 3720 963 3775 caelis
991 3730 1046 3775 et
1073 3721 1128 3776 in
1169 3732 1310 3776 terra
1337 3734 1688 3792 venerantur,
1722 3742 1822 3781 ex—

232 3809 707 3865 communicamus
742 3820 797 3864 et
820 3813 1367 3881 anathematizamus,
1408 3827 1461 3872 et
1486 3834 1518 3873 a
1541 3818 1824 3875 liminibus

233 3908 436 3957 sanctae
456 3901 648 3956 matris
684 3899 939 3958 Ecclesiae
966 3905 1291 3975 expellimus
1314 3908 1457 3974 illos,
1474 3910 1567 3979 qui
1585 3925 1785 3979 porcos
1806 3950 1820 3976 ,

231 3984 399 4041 boves
427 3995 521 4041 aut
545 4002 695 4053 oves,
723 3989 807 4041 vel
836 3988 941 4043 alia
977 3992 1233 4060 quaelibet
1256 3994 1545 4061 animalia,
1581 4010 1679 4050 seu
1709 3997 1822 4051 cal-

232 4086 515 4133 ceamenta
537 4071 983 4146 velvestimenta,
1010 4081 1123 4139 sive
1153 4084 1345 4150 libros,
1379 4085 1464 4138 vel
1487 4084 1693 4158 fruges,
1726 4096 1824 4142 aut

232 4171 475 4225 triticum
506 4171 590 4225 vel
615 4171 802 4225 vinum
843 4173 921 4226 vel
943 4190 1160 4243 panem,
1190 4192 1285 4231 seu
1310 4177 1527 4234 diversa
1549 4180 1822 4248 utensilia,

232 4261 299 4323 de
321 4263 427 4316 hoc
443 4258 776 4318 monasterio
793 4262 1007 4321 Sanctae
1028 4265 1209 4322 Maria:
1224 4268 1490 4324 violenter
1502 4282 1823 4341 rapuerunt,

234 4361 328 4408 aut
361 4354 619 4426 deinceps
656 4356 959 4426 rapuerint,
984 4357 1097 4413 sive
1138 4356 1304 4414 furati
1330 4369 1480 4429 sunt,
1512 4363 1595 4417 vel
1625 4363 1827 4417 amodo

233 4449 706 4517 praesumpserint,
739 4458 833 4503 aut
860 4449 1068 4507 diutius
1105 4460 1200 4506 aut
1230 4451 1363 4509 foris
1402 4455 1699 4526 accipiunt.
1729 4454 1826 4527 igi-
1857 4492 1902 4548 Β

237 4536 324 4591 tor
346 4538 789 4593 maledictionem
820 4540 1003 4612 abyssi
1022 4542 1260 4612 jacentis
1282 4545 1561 4612 deorsum,
1586 4554 1641 4600 et
1664 4547 1826 4602 malc-

235 4628 529 4683 dictioncm
589 4631 867 4687 cmlestem
922 4643 975 4688 et
1036 4635 1476 4692 maledictionem
1510 4640 1821 4695 terrestrem

236 4722 569 4791 suscipiant,
608 4732 929 4793 praesentem
964 4727 1399 4784 maledictionem
1432 4730 1489 4783 in
1530 4747 1822 4801 corporum

235 4812 610 4869 debilitatione
668 4816 977 4886 recipiant,
1032 4819 1339 4889 perditione
1401 4829 1458 4891 et
1507 4808 1819 4879 animarum

237 4907 573 4963 cruciatione
607 4909 1002 4965 maledicantur
1064 4928 1190 4967 cum
1251 4911 1577 4979 maledictis,
1635 4915 1819 4988 ﬂagel-

1921 507 2193 574 sinistris;
2219 508 2329 562 sint
2349 508 2623 562 maledicti
2653 508 2707 561 in
2732 508 2897 563 domo
2919 518 2975 564 et
2998 511 3053 564 in
3075 526 3241 580 agro;
3267 509 3379 566 sint
3401 527 3514 566 ma-

1920 597 2103 658 ledicti
2125 606 2333 654 stantes
2364 607 2419 653 et
2447 599 2718 665 sedentes,
2744 599 3087 656 ambulantes
3112 609 3167 656 et
3187 617 3397 656 moram
3436 595 3517 656 fa;

1921 694 2158 758 cientes;
2219 692 2331 746 siut
2384 692 2658 747 maledicti
2702 693 2953 749 bibentes
2986 703 3042 749 et
3081 695 3513 759 manducantes;

1921 786 2033 842 sint
2069 783 2342 839 maledicti
2387 784 2678 855 vigilantes
2708 793 2762 839 et
2793 786 3149 841 dormientes.
3184 784 3518 841 Obtenebre—

1921 887 2039 934 seat
2058 878 2141 933 eis
2173 877 2275 942 sol,
2306 891 2433 931 cum
2462 876 2643 932 adhuc
2667 877 2844 931 media
2870 876 3034 932 fuerit
3055 878 3192 945 dies,
3236 886 3290 935 et
3331 878 3519 934 incur-

1921 978 2111 1024 sentur
2132 983 2163 1022 a
2185 966 2404 1023 diabolo
2426 976 2481 1023 et
2509 968 2717 1038 angelis
2741 968 2875 1024 suis.
2901 968 3298 1025 Excrucientur
3315 971 3518 1025 anima:

1920 1077 2112 1117 eorum
2142 1061 2445 1129 doloribus,
2472 1071 2527 1117 et
2551 1063 2932 1134 exstinguatur
2969 1064 3192 1119 lucerna
3225 1081 3419 1121 eorum
3458 1064 3517 1120 in

1922 1156 2121 1211 sarcula
2166 1156 2515 1222 saeculorum,
2557 1170 2741 1223 amen,
2777 1155 2883 1211 nisi
2919 1155 3170 1211 venerint
3198 1157 3266 1212 ad
3296 1156 3521 1213 satisfa-

1921 1247 2158 1301 ctionem
2183 1254 2239 1300 ct
2262 1261 2564 1317 congruam
2587 1247 3045 1302 emendationem.

2626 1337 2813 1393 XXIV.

1926 1408 2142 1463 Nicolui
2175 1408 2238 1462 II
2295 1410 2517 1478 epistqu
2558 1411 2627 1462 ml
2662 1410 2796 1464 IL...
2836 1411 3078 1463 comitem
3114 1409 3517 1463 Iluleunenrem.

1993 1510 2063 1519 -——
2093 1478 2360 1533 Hortatur
2387 1486 2443 1534 ut
2470 1480 2813 1533 ecclesiarum
2836 1490 2886 1534 et
2922 1496 3209 1547 pauperum
3239 1481 3308 1532 sit
3340 1481 3522 1547 defen-

1992 1568 2100 1616 sor,
2131 1562 2179 1605 et
2213 1552 2533 1605 monasterio
2572 1550 2889 1604 l’irduncnsi
2914 1551 3263 1621 possessiones
3286 1549 3518 1621 aliquas,

1993 1638 2125 1692 quas
2152 1622 2348 1691 injuste
2375 1623 2593 1687 detinet,
2629 1623 2897 1675 restituat.

1995 1711 2268 1769 Nicouu's
2292 1713 2604 1784 episcopus,
2643 1729 2755 1768 serv
2771 1729 2834 1767 us
2857 1728 3138 1767 servorum
3163 1711 3278 1777 Dei,
3304 1710 3369 1765 Β.
3406 1711 3520 1766 Ru-

1924 1806 2135 1861 tenensi
2166 1805 2353 1860 comiti
2397 1806 2597 1861 dilecto
2634 1805 2766 1871 filio,
2794 1805 3024 1861 salutem
3068 1812 3123 1859 et
3163 1803 3521 1874 apostolicam

1925 1897 2384 1953 benedictionem.

1992 1988 2402 2062 Cognosecntes
2433 1991 2509 2045 tui
2541 1991 2710 2046 animi
2738 1989 3105 2060 propositum,
3137 1998 3190 2043 et
3215 1987 3362 2059 quod
3389 2002 3521 2059 pro-

1923 2091 2044 2153 pter
2084 2098 2316 2154 regnum
2364 2082 2457 2138 Dei
2495 2092 2551 2138 et
2575 2082 2847 2153 justitiam
2892 2082 3013 2151 ejus
3042 2081 3281 2136 volueris
3319 2095 3524 2135 renun-

1921 2174 2062 2229 tiare
2100 2174 2388 2243 temporali
2435 2173 2655 2246 fastigio
2687 2173 3034 2229 saecularium
3076 2172 3520 2242 occupationum,

1922 2266 2261 2322 conﬁdenter
2286 2266 2387 2321 tibi
2407 2265 2802 2322 denuntiamus
2824 2272 2903 2329 ut,
2929 2264 3230 2320 secundum
3252 2263 3399 2334 quod
3427 2263 3523 2317 tibi

1923 2357 2268 2427 injunximus
2298 2374 2424 2413 cum
2477 2372 2572 2411 ore
2621 2358 2688 2411 ad
2733 2372 2798 2410 os
2853 2356 3226 2426 loqueremur,
3266 2355 3527 2411 Ecclesiis

1926 2445 2021 2500 Dei
2050 2456 2104 2502 ct
2131 2448 2466 2518 pauperibus
2487 2446 2831 2502 defensorem
2857 2456 2907 2501 te
2930 2461 3194 2517 opponas,
3226 2447 3525 2517 justitiam-

1924 2555 2031 2610 que
2052 2540 2133 2594 eis
2163 2540 2516 2611 acquirendo,
2545 2540 2599 2593 in
2622 2549 2918 2609 conspectu
2955 2537 3051 2594 Dei
3087 2547 3383 2594 excusatus
3405 2539 3524 2593 exi-

1924 2641 2059 2697 stas,
2096 2632 2241 2700 quod
2274 2647 2383 2685 non
2414 2632 2532 2686 sine
2563 2647 2732 2685 causa
2777 2631 3015 2701 gladium
3047 2639 3252 2699 portas.
3292 2628 3360 2685 Et
3392 2630 3522 2699 quTa

1926 2732 2176 2778 nostrum
2228 2734 2312 2777 est
2356 2732 2407 2778 te
2455 2723 2770 2789 admonere,
2814 2722 2859 2776 si
2904 2739 3011 2792 qua
3046 2738 3153 2776 non
3201 2722 3520 2792 negligenda

1924 2814 2345 2886 cognoverimus
2388 2824 2440 2870 te
2472 2816 2765 2887 negligere,
2794 2815 3004 2870 orando
3046 2813 3209 2868 simul
3243 2822 3299 2869 et
3327 2814 3525 2884 ιιι-ποία

1924 2908 2124 2976 piendo
2154 2907 2480 2961 auctoritate
2512 2906 2813 2976 apostolica
2845 2922 3135 2960 monemus
3157 2914 3218 2960 ut
3248 2914 3522 2959 monaste-

1926 2999 2009 3052 rio
2042 2998 2099 3053 S.
2129 2997 2273 3055 Petri
2318 3000 2425 3053 sito
2470 2997 2700 3054 Virduni
2735 2999 2881 3069 quod
2919 2997 3243 3054 venerabilis
3278 2997 3363 3051 vir
3390 3011 3520 3050 con-

1925 3091 2260 3146 sanguineus
2309 3098 2437 3145 tuus
2489 3090 2817 3146 Waleranus
2858 3091 3029 3146 abbas
3080 3089 3255 3146 reait.
3313 3096 3496 3143 curtes

231 3106 377 3136 ιιιιω,
409 3106 649 3127 νυιυιιιεο
684 3106 883 3129 ιιιιιυυυ
912 3106 1274 3147 υυιιιιιι-ιιιιυιτυ
1297 3106 1362 3135 ac
1392 3106 1678 3138 ucurucrc
1704 3106 1823 3138 um-
1876 3144 1891 3161 ,
1925 3106 2260 3164 sanguineus
2309 3106 2437 3145 tuus
2497 3106 2817 3146 waleranus
2858 3106 3029 3146 annos
3080 3106 3218 3160 regit
3240 3132 3255 3155 ,
3313 3106 3523 3153 curres.

231 3163 385 3218 nium
445 3168 739 3234 pravorum
777 3167 1084 3235 hominum,
1123 3170 1502 3243 cujuscunque
1540 3151 1892 3246 dignitatis“
1924 3199 2060 3246 quas
2098 3184 2153 3238 in
2190 3191 2333 3238 terra
2375 3183 2742 3246 possessionis
2782 3192 2889 3237 tuze
2922 3183 3123 3237 habere
3158 3181 3519 3246 dignoscitur,

1924 3199 2060 3254 quas
2098 3184 2153 3238 in
2190 3191 2333 3238 terra
2374 3183 2742 3253 possessionis
2782 3192 2889 3237 tuze
2922 3183 3123 3237 habere
3158 3181 3519 3254 dignoscitur,

1922 3275 2180 3331 restituas
2223 3294 2236 3330 :
2273 3292 2362 3340 ne,
2399 3276 2546 3345 quod
2591 3275 2759 3331 absit!
2807 3275 2875 3330 ad
2915 3274 3276 3345 perditionem
3324 3274 3529 3329 anima:

1922 3378 2031 3422 ture
2076 3368 2284 3423 diutius
2321 3382 2417 3422 cas
2451 3368 2758 3433 retinendo,
2794 3366 3417 3423 excommunicationem
3454 3368 3524 3420 ab

1924 3459 2364 3515 antecessoribus
2392 3460 2597 3515 nostris
2626 3466 3027 3530 comprecatam
3061 3458 3408 3513 invasoribus
3436 3456 3531 3512 ἑο-

1923 3568 2046 3606 rum
2072 3552 2343 3607 incurras.
2385 3550 2498 3608 Nec
2521 3554 2777 3608 volumus
2817 3552 2989 3617 dicas,
3021 3568 3050 3605 a
3072 3551 3391 3622 parentibus
3414 3551 3525 3606 tuis

1921 3646 2008 3702 vel
2032 3645 2219 3701 uxoris
2249 3653 2376 3712 tute,
2413 3661 2508 3701 eas
2543 3646 2719 3702 servis
2760 3645 2854 3701 Dei
2891 3646 3241 3710 subtractas;
3272 3644 3401 3713 quia
3432 3642 3524 3711 ju-

1925 3747 2045 3792 stus
2073 3735 2330 3791 dominus
2355 3737 2532 3791 reddit
2572 3737 2911 3807 iniquitatem
2958 3745 3174 3807 patrum
3216 3735 3273 3788 in
3300 3733 3521 3788 tiliosin

1925 3831 2138 3884 tertiam
2161 3839 2213 3883 et
2235 3838 2485 3899 quartam
2511 3829 2939 3899 generationem.
2960 3828 3115 3881 Sicut
3131 3826 3278 3880 enim
3300 3827 3519 3880 conscia

1924 3922 2173 3975 veritatis
2205 3930 2437 3975 testatur
2465 3921 2785 3990 antiquitas,
2818 3921 2876 3974 S.
2917 3918 3205 3974 Amantius
3228 3918 3523 3989 peculiaris

1927 4022 2104 4067 vester
2140 4018 2405 4082 patronus
2442 4028 2535 4066 cas
2572 4012 2902 4069 contradidit
2929 4010 3252 4067 serviturum
3285 4007 3342 4065 S.
3379 4008 3522 4065 Petri

1898 4155 1903 4163 ,
1927 4103 2138 4157 usibus.
2641 4169 2784 4225 “Cv

1932 4260 2173 4332 Epistula
2217 4262 2435 4333 Nicolei
2473 4262 2539 4316 II
2584 4264 2652 4316 ut!
2695 4264 2893 4317 clerum
2940 4262 3367 4329 Sistaricensem,
3414 4281 3520 4333 qui

1997 4334 2331 4406 commendat
2381 4331 2677 4389 Gerardmn
2722 4336 3046 4406 episcopum,
3085 4345 3134 4389 et
3183 4331 3434 4406 quwdam‘
3473 4335 3521 4387 ei

1997 4405 2317 4475 prwscribit.
2868 4458 2873 4461 .

2391 4475 2583 4547 (Anno
2613 4478 2834 4533 circiter
2865 4460 3056 4548 ιὸθο.)

2127 4568 2214 4640 [1).
2249 4568 2527 4635 Βουουετ,
2558 4569 2772 4628 Recueil
2801 4580 2935 4625 tom.
2967 4569 3062 4636 XI,
3086 4585 3140 4640 p.
3170 4568 3323 4639 494.]

1996 4655 2268 4711 Nicotws
2296 4658 2610 4727 episcOpns,
2640 4674 2833 4714 servus
2875 4673 3161 4713 servorum
3200 4655 3321 4724 Dei,
3350 4658 3525 4721 clero,

1927 4748 2125 4813 ordini,
2152 4748 2317 4817 plebi,
2346 4748 2780 4803 consistentibus
2812 4751 2865 4803 in
2896 4748 3118 4806 civitate
3147 4748 3527 4815 Sistaricensi,

1926 4836 2158 4890 salutem
2201 4843 2256 4890 et
2284 4836 2641 4904 apostolicam
2695 4837 2775 4912 (ὅ)
2817 4838 3261 4898 benedictionem
3303 4837 3354 4891 si
3394 4837 3528 4912 obe-~

1927 4925 2147 4980 dierint.

237 4998 416 5053 lentur
481 5017 611 5057 cum
682 5003 908 5072 ingratis
940 5045 955 5072 ,
1038 5015 1261 5074 pereant
1320 5021 1446 5060 cum
1514 5010 1768 5077 superbis
1802 5052 1817 5077 ,

238 5092 555 5149 crucientur
593 5110 719 5149 cum
781 5095 1153 5166 blasphemis,
1214 5106 1574 5165 torqueantur
1625 5101 1681 5157 in
1733 5105 1823 5158 in-

238 5180 398 5240 feris:
441 5186 557 5240 sint
607 5185 878 5240 maledicti
909 5202 1035 5240 cum
1068 5186 1578 5240 blasnhemantibus
1614 5207 1818 5240 ειπετιτιη

1999 5018 2136 5071 Cum
2168 5015 2344 5070 nostri
2372 5016 2444 5069 sit
2471 5015 2632 5072 officii
2678 5017 3021 5075 universalis
3060 5013 3324 5081 Ecclesiae
3357 5030 3552 5073 curauv

1931 5126 2138 5183 gerere,
2188 5114 2406 5176 oportet
2446 5119 2549 5163 nos
2595 5112 2815 5167 studere
2858 5115 3156 5179 omnibus
3199 5101 3399 5170 ubique
3439 5123 3565 5176 pm.

1929 5204 2086 5240 ala-cun
2140 5197 2297 5240 Πηδρ
2325 5212 2424 5240 nm
2447 5209 2629 5240 vnum:
2662 5202 2843 5240 calum
2875 5196 3149 5240 Trach...“
3196 5192 3358 5240 etiam
3393 5203 3444 5240 (tt
3473 5213 3569 5240 «νη-
