4020 5364
472 309 609 363 1547

1810 298 2086 359 ΝιςοιΑι
2122 298 2167 354 ll
2204 297 2407 354 PAPE

3613 301 3763 359 13η

464 418 709 475 niacensi
749 416 980 490 Hugone
1019 418 1116 489 qui
1166 427 1357 474 nostra
1400 418 1518 474 vice
1562 417 1618 473 in
1657 416 1908 488 partibus
1951 415 2060 471 illis
2090 422 2132 476 Α
2165 412 2514 469 contristare.
2564 410 2729 469 Scitis
2761 413 2907 469 enim
2943 427 3110 485 quam
3137 413 3370 486 benigna
3407 414 3568 471 vobis
3595 413 3769 471 fuerit

466 510 817 584 fungebatur,
843 511 1153 566 Arelatensi
1184 511 1624 581 archiepiscopo,
1650 523 1908 579 episcopo
1931 508 2066 563 Ave-

467 603 743 667 nionensi,
789 604 1048 673 episcopo
1088 602 1462 669 Cabilonensi,
1510 603 1770 672 episcopo
1810 600 2061 671 Aptcnsi,

467 697 727 767 episcopo
791 694 1054 764 Vasensi,
1113 697 1374 766 episcopo
1438 694 1732 765 Dignensi,
1804 693 2065 764 episcopo

469 785 677 842 Diensi.
717 785 927 853 Quibus
967 787 1200 843 testibus
1225 786 1293 841 de
1325 786 1446 856 ejus
1472 786 1583 840 vita
1615 785 1694 839 nil
1723 784 2060 840 dubitamus.
2092 834 2093 837 η

467 877 570 934 Cui
609 878 863 935 dedimus
902 879 958 934 in
983 880 1280 944 mandatis,
1312 894 1379 933 nc
1411 894 1652 948 unquam
1690 877 2065 932 ordinationes

468 980 769 1041 prmsumat
815 972 871 1025 in
919 988 1068 1037 cum,
1114 972 1213 1042 qui
1252 971 1522 1042 virginem
1567 986 1677 1025 non
1713 978 1799 1025 est
1837 970 2065 1025 sortitus

469 1077 723 1126 uxorem,
747 1069 934 1133 neque‘
953 1063 1333 1129 inlitteratum,
1358 1063 1442 1118 vcl
1470 1063 1524 1117 in
1548 1063 1793 1133 quolibet
1815 1063 2066 1133 corporis

470 1166 625 1228 parte
654 1159 927 1223 vitiatum,
953 1166 1049 1212 aut
1070 1159 1477 1229 expcenitenlc,
1514 1157 1599 1211 vel
1626 1173 1793 1223 curae,
1819 1166 1915 1212 aut
1943 1156 2064 1212 cui-

471 1246 604 1300 libet
633 1248 933 1302 conditioni
956 1249 1277 1315 obnoxium,
1325 1257 1702 1318 notatumque,
1770 1248 1837 1303 ad
1877 1262 2066 1304 sacros

414 1328 419 1331 ’
473 1339 700 1394 ordines
731 1342 1008 1408 permittat
1035 1340 1323 1407 accedere;
1358 1339 1452 1395 sed
1494 1340 1540 1394 si
1569 1355 1708 1409 quos
1747 1340 2064 1409 hujusmodi

474 1430 614 1485 forte
640 1432 925 1501 comperit,
950 1446 1057 1485 non
1083 1432 1283 1486 audeat
1306 1447 1644 1502 promovere.
1670 1432 1835 1487 Atros
1857 1434 2064 1502 passim

473 1523 542 1577 ad
565 1523 970 1578 ecclesiasticos
994 1523 1213 1579 ordines
1235 1524 1653 1594 praetendentes,
1682 1524 1831 1579 nulla
1854 1524 2065 1579 ratione

473 1619 759 1690 suscipiat,
789 1620 918 1690 quia
953 1620 1123 1690 aliqui
1150 1635 1341 1675 eorum
1372 1621 1681 1687 Manichaei,
1706 1621 1876 1691 aliqui
1908 1621 2067 1676 reba-

471 1712 661 1782 ptisati
696 1722 828 1768 sunt
859 1713 1095 1783 probati.
1124 1713 1429 1769 Ministeria
1472 1724 1636 1784 atque
1674 1724 1930 1772 ornatum
1964 1714 2066 1771 Ec-

471 1803 682 1871 clesire,
724 1804 810 1859 vel
855 1805 1120 1875 quidquid
1162 1805 1294 1860 illud
1340 1814 1425 1861 est
1471 1807 1528 1861 in
1569 1808 1900 1876 patrimonio
1944 1808 2065 1877 ejus

472 1898 721 1953 minuere
744 1886 852 1953 non
879 1900 1096 1953 studeat
1121 1900 1213 1954 sed
1242 1914 1460 1969 augere.
1488 1898 1563 1955 De
1599 1900 1774 1962 reditu
1805 1914 1936 1955 vero
1966 1899 2066 1955 Ec-

470 1991 671 2058 clesiae,
702 1992 785 2046 vel
808 1993 1084 2047 oblatione
1108 1993 1346 2047 ﬁdelium
1375 2002 1612 2062 quatuor
1638 1993 1715 2063 (5)
1749 1992 1913 2048 faciat
1938 2007 2066 2062 por-

473 2082 671 2147 tiones,
702 2099 936 2153 quarum
979 2099 1144 2139 unam
1176 2084 1280 2140 sibi
1313 2085 1565 2149 retineat,
1595 2084 1822 2139 alteram
1854 2083 2068 2139 clericis

471 2189 572 2242 pro
602 2175 906 2229 ciliciorum
929 2190 1156 2230 suorum
1193 2177 1482 2230 sedulitate
1508 2177 1820 2240 distribuat,
1849 2177 2067 2230 tertiam

471 2278 604 2317 vero
635 2264 971 2334 pauperibus
1011 2274 1065 2319 et
1090 2265 1418 2335 peregrinis,
1443 2274 1696 2335 quartam
1727 2281 1857 2319 vero
1888 2264 2067 2321 eccle-

474 2354 715 2410 siasticus
757 2354 982 2409 fabricis
1028 2355 1243 2410 noverit
1278 2356 1708 2421 observandam;
1754 2356 1822 2410 de
1866 2356 2069 2425 quibus

472 2446 661 2500 divino
682 2447 787 2501 erit
811 2448 1124 2503 redditurus
1142 2448 1352 2517 judicio
1374 2448 1661 2503 rationem.
1687 2445 2069 2503 Ordinationes

473 2554 605 2593 vero
627 2542 1067 2612 presbyterorum
1093 2557 1192 2596 seu
1215 2542 1594 2607 diaconorum,
1622 2541 1839 2596 nonnisi
1864 2544 2066 2612 quarti,

475 2632 714 2702 septimi,
758 2634 841 2689 vel
883 2634 1079 2689 decimi
1123 2635 1418 2700 mensium,
1457 2633 1704 2704 jcjuniis,
1752 2636 1847 2690 sed
1886 2645 1941 2690 et
1979 2636 2068 2690 iu-

478 2740 670 2795 gressu
706 2724 1166 2796 quadragesimali
1198 2736 1360 2796 atque
1390 2727 1655 2780 mediam:
1686 2742 1909 2795 vespere
1940 2724 2073 2781 Sab-

472 2814 585 2869 bati
608 2817 818 2870 noverit
834 2816 1209 2870 celebrandas.
1237 2814 1581 2871 Sacrosancti
1608 2824 1790 2870 autem
1815 2818 2070 2887 baptismi

475 2916 823 2961 sacramenta
873 2908 1094 2962 nonnisi
1153 2909 1206 2962 in
1258 2906 1546 2963 Pascbatis
1597 2907 1973 2976 festivivitate,
2016 2918 2071 2965 et

474 2991 828 3050 Pentecostcs
858 2996 1168 3051 meminerit
1193 3012 1315 3052 esse
1346 2998 1664 3067 praebenda;
1710 3000 1950 3068 exceptis
1983 2999 2071 3055 his

471 3076 568 3157 qui
609 3088 804 3144 mortis
841 3099 1105 3158 urgentur
1144 3090 1407 3159 periculo,
1456 3105 1526 3145 ne
1576 3090 1633 3144 iu
1672 3098 1938 3145 aeternum
1975 3107 2068 3161 pe—
2096 3120 2140 3180 ρ

478 3189 657 3247 reant,
692 3181 891 3235 talibus
925 3182 1085 3236 debet
1117 3182 1374 3237 remediis
1416 3183 1713 3238 subveniri.
1745 3182 1902 3239 Nune
1941 3200 2071 3255 ergo

475 3272 622 3325 sedis
665 3280 868 3327 nostra:
899 3283 1168 3342 praecepta
1196 3275 1459 3338 servanti,
1495 3275 1706 3331 devotis
1735 3277 1936 3331 animis
1963 3277 2064 3330 ob-

474 3366 631 3432 sequi
674 3375 907 3433 oportet,
952 3376 1008 3421 ut
1046 3368 1524 3435 iricprcliensibile
1557 3371 1939 3441 placidumque
1977 3372 2071 3425 fiat

476 3472 677 3526 corpus
700 3455 954 3513 Ecclesia:
976 3476 1072 3527 per
1091 3457 1281 3514 Jesum
1312 3460 1618 3527 Christum,
1654 3474 1760 3517 etc.

1175 3571 1345 3627 XXVI

479 3658 698 3717 Nicolai
732 3661 800 3717 ΙΙ
838 3663 1067 3735 epistola
1093 3663 1514 3748 ad_Gervasium
1549 3666 1855 3723 Rememem
1888 3669 2068 3723 archi-

1106 3751 1430 3807 episcopum.

1026 3825 1208 3895 (Anno
1236 3825 1522 3897 1059-61.)

650 3916 980 3990 [Βιςιῑιιιεεξηεν
1005 3917 1129 3973 Rer.
1160 3917 1360 3973 Franc.
1392 3917 1593 3991 Script.
1621 3919 1713 3988 IV,
1742 3919 1892 3994 198.]

545 4007 837 4072 NICULAUS.
876 4027 1068 4067 servus
1110 4027 1393 4067 servorum
1436 4009 1551 4079 Dei,
1595 4011 1866 4069 Gsuvasno
1909 4029 2072 4070 vene-

476 4102 638 4156 rabili
658 4104 1093 4172 archiepiscopo,
1117 4105 1348 4158 salutem
1379 4119 1505 4159 cum
1535 4105 1911 4161 benedictione
1939 4123 2072 4178 apo-

480 4193 696 4247 stolica.
1239 4236 1242 4240 .

552 4282 705 4338 Licet
727 4284 795 4337 dc
819 4294 1001 4339 vestra
1032 4283 1376 4342 fraternitate
1401 4286 1935 4358 quaedam'sinistra,
1971 4307 2073 4349 nec

390 4450 391 4453 η
482 4376 604 4430 sine
632 4376 979 4431 discussione
1008 4377 1352 4443 dimittenda,
1385 4382 1727 4449 pervenerint
1758 4382 1824 4437 ad
1854 4391 2076 4453 aposto-

2132 514 2141 521 ‘
2166 504 2478 561 communis
2503 514 2678 560 mater
2699 514 2888 580 saneta
2915 503 3164 560 Romana
3188 503 3455 571 Ecclesia,
3478 521 3765 576 quamque

2164 597 2232 653 de
2261 606 2314 653 te
2342 614 2539 668 magna
2581 598 2635 653 ei
2659 597 2880 663 ﬁducia,
2922 606 2985 652 ut
3021 606 3113 652 tua
3155 597 3375 655 solertia
3418 597 3766 653 Francorum

2165 704 2351 764 posset
2371 709 2692 749 succurrere
2712 710 2849 764 pene
2869 694 3035 764 lapsas
3050 693 3327 749 Ecclesiae.
3343 694 3583 749 Proinde
3605 710 3771 764 agere

2166 784 2325 841 stude
2354 786 2503 856 quod
2541 786 2607 841 de
2648 794 2703 841 te
2740 787 2979 856 speravit
3020 788 3318 857 apostolica
3348 788 3533 853 sedes,
3577 796 3633 842 et
3666 803 3787 842 τῖε-ν

2166 882 2342 930 strum
2388 891 2566 946 regem
2607 876 2906 946 gloriosum
2946 877 3172 947 castiga,
3211 892 3457 946 precare,
3502 878 3767 944 admone,

2167 982 2234 1023 ne
2256 976 2599 1037 pervertatur
2624 968 2991 1037 pessimorum
3014 968 3264 1036 consilio,
3289 970 3386 1040 qui
3412 977 3609 1025 nostra
3646 970 3769 1024 dis—

2173 1060 2359 1113 cordia
2396 1068 2591 1127 putant
2623 1073 2683 1114 se
2725 1060 3079 1129 apostolicam
3130 1076 3423 1116 mensuram
3480 1062 3723 1116 evadere
3750 1080 3767 1114 :

2167 1157 2463 1218 careatque
2507 1150 2680 1204 sacris
2720 1151 3048 1219 canonibus,
3085 1154 3197 1207 imo
3232 1154 3390 1207 bcato
3420 1152 3590 1207 Petro
3633 1152 3775 1207 resi-

2167 1246 2341 1303 stere,
2391 1254 2629 1309 nosque,
2678 1241 2773 1310 qui
2818 1255 2945 1295 eum
2996 1242 3141 1296 sicut
3187 1242 3448 1312 pupillam
3504 1242 3774 1297 volumus

2166 1346 2353 1385 amare
2385 1332 2560 1399 oculi,
2594 1340 2783 1386 contra
2828 1348 2887 1387 se
2927 1348 3167 1388 movere.
3201 1332 3348 1389 Satis
3374 1334 3526 1388 enim
3574 1334 3772 1388 mirari

2165 1429 2365 1490 potest,
2396 1421 2445 1477 si
2488 1437 2588 1491 pro
2621 1422 2809 1492 aliquo
2843 1423 3031 1489 stulto,
3069 1423 3214 1479 sicut
3248 1432 3353 1490 est,
3383 1438 3553 1494 quem
3593 1424 3777 1477 voluit

2165 1513 2438 1580 ordinari,
2480 1512 2897 1569 Matisconensis
2936 1515 3259 1585 episcopus,
3304 1515 3425 1570 vult
3476 1514 3659 1569 Deum
3716 1525 3775 1571 et

2164 1610 2220 1658 et
2250 1611 2502 1658 sanctum
2537 1602 2757 1657 Petrum
2795 1602 3099 1670 otl'endcre;
3143 1612 3391 1659 nostram
3426 1604 3773 1660 cbaritatem

2166 1706 2333 1765 atque
2374 1696 2645 1751 sinceram
2679 1695 3028 1752 dilectionem
3055 1699 3203 1753 circa
3242 1713 3301 1754 se
3338 1699 3771 1768 parvipendere.

2096 1768 2138 1824 Β
2166 1787 2248 1842 An
2280 1796 2436 1858 putat
2457 1788 2657 1859 aliquis
2685 1789 3058 1844 membrorum
3081 1790 3429 1858 Antichristi,
3462 1792 3615 1862 quod
3639 1791 3776 1861 plus

2165 1894 2276 1934 non
2308 1879 2483 1949 possit
2507 1880 2558 1934 ei
2581 1880 2841 1949 prodesse
2861 1882 3037 1951 gratia
3068 1881 3213 1937 beati
3241 1883 3409 1950 Petri,
3433 1899 3606 1953 quam
3639 1900 3776 1938 om-

2166 1973 2319 2026 nium
2356 1971 2652 2043 impiorum
2690 1973 2896 2043 perﬁda
2939 1972 3208 2029 ﬁdelitas?
3242 1974 3382 2046 Agat
3422 1976 3613 2046 itaque
3648 1976 3776 2046 glo-

2166 2071 2353 2126 riosus
2386 2085 2501 2137 rex,
2539 2082 2599 2126 ut
2640 2071 2794 2137 libet,
2832 2079 3025 2126 contra
3060 2087 3183 2139 nos,
3227 2074 3499 2143 quia‘nos
3523 2088 3628 2144 pro
3673 2074 3777 2128 illo

2166 2161 2395 2232 ejusque
2433 2161 2677 2217 exercitu
2719 2161 2893 2217 Deum
2935 2177 3153 2233 semper
3186 2165 3406 2233 precari
3444 2166 3625 2234 parati
3674 2183 3778 2220 su-

2168 2268 2312 2307 mus.
2347 2250 2422 2307 De
2441 2252 2582 2307 duce
2610 2268 2738 2308 vero
2765 2251 3036 2308 Gotifrido
3065 2269 3229 2309 nemo
3251 2269 3351 2309 vos
3383 2263 3611 2320 terreat,
3635 2271 3774 2311 cum

2168 2342 2335 2397 fuerit
2376 2359 2514 2413 opus
2557 2358 2657 2399 vos
2696 2344 2883 2398 venire
2924 2342 3176 2410 Romam,
3219 2344 3351 2416 quia
3392 2362 3503 2401 non
3546 2355 3775 2402 tantum

2167 2435 2325 2490 vobis
2347 2434 2799 2505 impedimentum
2836 2451 2946 2490 non
2977 2435 3159 2503 faciet,
3193 2438 3286 2492 sed
3324 2438 3489 2493 etiam
3531 2440 3777 2495 ﬁdeliter

2169 2528 2453 2582 servitium
2483 2528 2777 2598 impendet.
2804 2527 3058 2584 Salutant
3085 2544 3184 2583 vos
3206 2529 3522 2584 cbarissimi
3561 2531 3776 2588 fratres

2170 2618 2342 2672 nostri
2389 2619 2696 2674 cardinales
2743 2620 3020 2690 episcopi,
3075 2635 3290 2676 necnon
3337 2620 3624 2679 humilitas
3666 2625 3775 2679 ﬁlii

2170 2710 2344 2766 nostri
2376 2708 2751 2766 Hildebrandi.

2855 2824 3068 2880 XXVII.

2173 2913 2433 2969 Nicolaus
2490 2914 2555 2969 ΙΙ
2605 2889 2815 2970 Atinam
2879 2920 3116 2988 reginam
3166 2918 3361 2975 Gallice
3402 2921 3660 2975 hortatur
3712 2931 3777 2978 ut

2242 2988 2530 3061 regemad
2564 2988 2778 3057 pietatis
2832 2991 3201 3061 w‘quitatisque
3233 2993 3596 3061 gubernacula
3648 3009 3774 3047 mo-

2241 3057 2500 3125 deranda,
2532 3068 2834 3129 statumque
2862 3057 3469 3117 Ecclesiw'retiitcndum
3495 3064 3711 3118 incitet.

2705 3151 2889 3221 (Anno
2930 3153 3218 3224 1059-61.)

2172 3242 2383 3316 [Hujus
2415 3244 2653 3315 epistola:
2688 3245 2883 3299 Petrus
2926 3246 3223 3302 Dumianus
3257 3258 3333 3302 est
3374 3260 3587 3303 auctor.
3639 3249 3780 3306 Vide

2380 3317 2517 3369 inter
2545 3316 2657 3386 ejus
2688 3316 2963 3387 epistolas,
3004 3316 3137 3389 Opp.
3166 3327 3205 3373 t.
3241 3317 3282 3385 I,
3307 3335 3361 3390 p.
3394 3319 3551 3393 124.]

2845 3400 3085 3485 xxvtu.

2180 3518 2442 3597 Nicotaus
2485 3518 2549 3597 I_I
2585 3519 2857 3597 Gcrvasio‘
2885 3524 3277 3597 archiepiscopo
3310 3524 3587 3597 Remcnsi,
3625 3545 3777 3597 prc-

2242 3591 2371 3672 ripit
2412 3599 2469 3644 ut
2496 3591 2695 3644 duntua
2727 3590 2983 3648 Ecclesia:
3032 3590 3346 3649 Virduncnsi
3382 3597 3547 3651 illata
3587 3590 3777 3654 recon-

2242 3672 2438 3714 (⁵111ηο1.

2703 3753 2884 3825 (Anno
2912 3754 3186 3826 1059-61.)

2348 3844 2842 3916 [Ducnssns,'llist.
2869 3845 3067 3901 Franc.
3096 3846 3292 3918 Script.
3315 3847 3405 3916 iV,
3434 3849 3590 3925 l99.]

2240 3934 2509 3991 NICOLMJS
2536 3936 2851 4007 episcopus,
2899 3953 3093 3993 servus
3124 3954 3410 3995 servorum
3461 3941 3593 4009 Dei,
3621 3943 3774 4000 Gsu-

2170 4044 2324 4084 vssro
2354 4026 2640 4084 Remensis
2684 4028 2941 4084 ECCleSltl!
2988 4031 3426 4103 archiepiscopo,
3456 4036 3698 4091 salutem
3719 4046 3773 4093 et

2173 4120 2529 4191 apostolicam
2557 4113 3014 4175 benedictionem.

2244 4210 2515 4278 Quoniam
2560 4211 2720 4267 nobis
2754 4213 3113 4268 commissum
3170 4223 3285 4280 cst,
3337 4222 3394 4270 et
3442 4219 3773 4276 auctoritate

2174 4304 2317 4359 beati
2370 4302 2517 4357 Petri
2567 4304 2866 4370 traditum,
2916 4320 3082 4375 supra
3131 4321 3295 4376 quem
3346 4306 3769 4367 fundamentum

2178 4399 2509 4454 universalis
2539 4398 2795 4454 Ecclesia:
2826 4399 3120 4455 solidatum
3160 4411 3266 4468 est,
3294 4413 3578 4472 quatenus
3607 4418 3661 4462 et
3688 4424 3769 4462 er-

482 4468 645 4523 licam
673 4468 858 4523 sedem
886 4486 898 4522 :
926 4469 1136 4524 scilicet
1158 4469 1303 4539 quod
1333 4471 1453 4540 ejus
1483 4471 1830 4529 invasoribus
1856 4474 2068 4543 faverit,

2178 4498 2296 4544 rata
2322 4489 2683 4559 corrigamus,
2711 4499 2766 4546 et
2794 4492 3039 4546 membra
3065 4500 3254 4548 nostro
3289 4494 3456 4565 capiti
3490 4498 3772 4554 cohaeren-

481 4560 630 4633 quod
680 4559 1020 4631 pontiﬁcales
1065 4570 1222 4617 actus
1268 4563 1664 4633 postposuerit;
1717 4572 1895 4621 tamen
1937 4568 2067 4638 quia

481 4653 799 4710 testimonio
824 4670 932 4709 non
958 4653 1094 4709 levis
1121 4669 1369 4724 persona:
1396 4654 1724 4724 defenderis,
1751 4658 1848 4713 sed
1885 4660 2067 4729 potius

481 4745 550 4801 de
575 4746 831 4802 ﬁdelitate
866 4747 1042 4802 sancti
1073 4744 1217 4801 Petri
1253 4748 1517 4813 laudaris,
1549 4750 1832 4820 praemissa
1883 4760 2065 4808 trans-

482 4837 650 4907 imus,
671 4848 805 4894 etut
828 4855 1016 4895 verum
1040 4839 1112 4895 sit
1133 4839 1201 4895 de
1220 4840 1374 4896 vobis
1400 4842 1768 4897 testimonium
1793 4851 2066 4914 optamus.

482 4928 595 4988 Vos
634 4940 816 4987 autem
858 4932 1009 4986 omni
1049 4932 1340 4989 conamine
1384 4934 1598 4990 studete
1640 4935 1716 4991 ita
1760 4936 1962 5004 vivere,
2010 4945 2072 4992 ut

483 5023 650 5077 vestri
680 5037 792 5078 non
830 5023 1072 5079 habeant
1102 5024 1313 5081 inimici
1342 5027 1488 5082 unde
1522 5042 1624 5083 nos
1648 5028 1860 5097 possint
1889 5029 1945 5083 in
1972 5045 2073 5086 vos

521 5210 606 5276 Ius.
628 5194 1009 5276 Sistaricensis
1026 5203 1100 5276 in
1139 5219 1340 5276 magno
1379 5206 1617 5262 concilio
1646 5208 2011 5266 Avenionensi
2040 5227 2072 5266 a

534 5262 1006 5364 .ﬂu‘éopena‘bbgte
1018 5262 1390 5364 (altirri‘ae'e'nsi,
1409 5277 1589 5364 legato
1607 5262 2067 5364 Nicolaiipapae—ll:

487 5334 686 5364 “:nD-nﬂ
718 5334 745 5364 λ
778 5339 1006 5364 Ληιιιὶλῖζη
1040 5356 1063 5364 Α

2176 4581 2273 4647 tia,
2298 4596 2367 4637 ne
2396 4582 2713 4649 dissonent,
2747 4584 3068 4638 studeamus
3095 4603 3107 4638 :
3138 4585 3274 4653 tibi,
3312 4597 3504 4658 utpote
3533 4592 3684 4646 velut
3708 4593 3771 4646 de

2177 4674 2383 4729 nostris
2416 4682 2471 4728 et
2505 4683 2708 4730 sancta:
2746 4673 3009 4732 Romana:
3042 4675 3299 4734 Ecclesia:
3329 4682 3633 4748 membris,
3672 4700 3772 4755 pa-

2177 4772 2330 4820 terne
2357 4766 2660 4821 intimando
2681 4768 3050 4838 praecipimus,
3083 4780 3354 4840 quatenus
3381 4788 3483 4843 per
3511 4784 3584 4841 te,
3608 4791 3769 4845 quem

2178 4856 2232 4911 in
2252 4858 2462 4928 gremio
2488 4858 2680 4914 matris
2700 4866 2829 4926 tum,
2858 4861 3186 4917 universalis
3205 4863 3455 4920 videlicet
3488 4865 3768 4935 Ecclesiae,

2178 4949 2498 5004 conclusum
2527 4966 2650 5006 esse
2671 4966 2994 5022 speramus;
3028 4968 3099 5008 ne
3125 4951 3454 5011 Virdunensi
3490 4956 3768 5026 Ecclesia,

2174 5055 2298 5112 quae
2323 5042 2485 5097 nobis
2515 5043 2812 5100 commissa
2854 5052 2940 5100 est
2968 5060 3095 5101 cum
3129 5044 3425 5116 fratribus,
3462 5051 3767 5124 quidquam

2175 5215 2231 5287 i_n
2276 5216 2502 5274 archivo
2542 5216 3043 5287 Forcalqueriensi,
3084 5237 3230 5277 nunc
3270 5238 3400 5277 vero
3442 5223 3765 5281 desiderari.

2176 5285 2420 5364 Tempus
2469 5285 2854 5364 habiti‘bujus
2904 5285 3127 5364 aneilii
3174 5302 3519 5364 non__potest
3560 5297 3768 5352 diﬂ‘erri
