4020 5364
242 312 267 369 ί
276 311 382 366 ΜΘ

1413 305 1770 364 EPISTOLAE
1808 304 1894 360 ET
1933 305 2349 365 DIPLOMATA.

3385 313 3525 369 {350

238 422 457 493 injuriae
498 431 608 477 tam
645 435 742 492 per
778 428 831 477 te
878 433 1043 493 quam
1082 435 1178 492 per
1218 429 1342 479 tuos
1386 420 1588 477 inferre
1628 419 1829 477 amodo
1861 423 1903 482 Α
1935 420 2106 476 toriea
2150 432 2268 476 arte
2293 422 2546 479 charitati
2574 432 2772 485 vestrae
2804 423 3074 481 mittimus
3099 424 3425 482 edocendos.
3446 425 3525 482 Ut

239 514 491 585 patiaris.
520 512 677 581 Quod
707 522 889 570 autem
932 521 1127 570 contra
1153 513 1400 584 ejusdem
1430 513 1688 570 Ecclesiae
1719 512 1831 568 fra-

238 616 355 661 tres
398 621 543 661 nunc
573 606 804 674 noviter,
847 615 903 661 et
933 616 1013 672 tu,
1043 615 1098 660 et
1136 606 1235 672 tui,
1281 606 1467 661 damni
1512 615 1567 661 et
1618 606 1831 676 injuria:

214 698 524 764 'intulistis,
557 699 922 754 communiter
946 707 1001 754 et
1043 706 1249 753 sancta;
1274 698 1531 754 Ecclesia:
1571 698 1830 753 Romana:

237 804 429 857 causa,
451 799 505 845 et
525 792 696 846 nostri
719 806 905 846 amore
927 793 1217 847 emendare
1253 800 1304 846 te
1323 834 1338 859 ,
1362 791 1510 845 omni
1541 794 1831 847 occasione

237 890 471 949 remota,
517 884 862 939 admonendo
902 884 1191 953 jubemus,
1236 886 1340 939 hoc
1374 894 1461 939 est
1493 888 1731 955 praedam
1762 887 1829 941 de

235 972 543 1041 Postviler,
575 992 698 1046 qua:
726 978 982 1046 potestati
1018 986 1123 1032 tuae
1158 978 1407 1047 contigit,
1438 986 1494 1032 et
1536 978 1603 1032 de
1638 977 1827 1044 Mecla,

236 1085 407 1140 quam
443 1068 842 1139 Engobrandus
871 1069 1214 1139 deprmdatus
1258 1078 1369 1137 est,
1416 1071 1631 1140 przedae,
1670 1070 1830 1141 cujus

238 1180 506 1219 numerus
542 1162 683 1219 infra
708 1164 947 1234 scriptus
970 1172 1073 1230 est,
1108 1166 1341 1220 ducenta
1369 1167 1649 1237 sexaginta
1688 1182 1828 1237 qua-

236 1264 367 1311 tuor
397 1256 675 1310 animalia.
723 1254 969 1312 Clericos
1011 1265 1194 1312 autem
1244 1258 1311 1313 de
1353 1259 1540 1313 eadem
1587 1258 1829 1315 Ecclesia

236 1348 555 1413 canonicos,
598 1348 746 1402 nulla
777 1348 1173 1404 interveniente
1203 1364 1358 1403 mora
1379 1391 1395 1415 ,
1432 1350 1638 1404 recludi
1670 1367 1700 1405 a
1732 1366 1829 1407 ca-

234 1449 398 1509 ptura
429 1440 748 1510 praecipias,
776 1448 836 1495 ut
862 1455 962 1512 pro
993 1441 1096 1496 hac
1128 1450 1183 1497 et
1207 1441 1481 1511 praedictis
1523 1442 1687 1496 rebus
1712 1450 1831 1498 stu-

235 1533 392 1588 diose
427 1534 685 1601 peraetis,
726 1545 780 1587 et
806 1533 1035 1604 gratiam
1079 1534 1455 1603 apostolorum
1485 1534 1749 1605 principis
1775 1544 1831 1590 et

236 1631 482 1679 nostram
517 1624 717 1678 habere
742 1626 1125 1694 promerearis.

950 1734 1147 1791 XXIX.

1933 511 2077 567 sicut
2101 522 2154 567 te
2182 512 2293 568 Deo
2324 516 2531 583 gratias
2570 516 2902 587 singularem
2942 518 2998 572 in
3033 518 3139 574 hoc
3184 518 3330 575 bivio
3359 519 3520 575 audi—

1928 604 2132 671 vimus,
2158 605 2238 661 slc
2271 606 2407 663 istos
2428 608 2735 679 singulares
2761 618 2942 667 tecum
2974 628 3140 681 quam
3171 613 3281 667 cito
3311 613 3523 683 poteris

1931 694 2121 751 Roma:
2157 696 2241 750 vel
2286 694 2428 753 forte
2462 715 2588 754 eum
2635 702 2780 770 apud
2826 717 2924 758 vos
2954 703 3067 758 cito
3099 719 3302 759 venero
3334 703 3521 759 videa-

1930 803 2073 844 mus.
2105 787 2162 842 Si
2194 803 2324 843 vero
2336 790 2562 858 .divina,
2585 800 2644 846 ut
2663 794 2993 860 audivimus,
3016 796 3215 866 pagina
3238 797 3307 850 ab
3328 796 3520 865 hujus-

1931 879 2080 933 modi
2126 879 2311 933 studio
2346 894 2444 935 vos
2486 883 2713 948 retinet,
2764 899 2832 937 ex
2881 893 3034 953 parte
3065 887 3239 940 sancti
3286 883 3433 939 Petri
3464 893 3520 940 et

1930 980 2119 1025 nostra
2144 972 2299 1026 vobis
2326 972 2703 1042 prtecipimus,
2738 984 2792 1030 et
2815 991 2883 1031 ex
2909 992 3036 1031 vera
3059 977 3366 1031 obedientia
3396 977 3520 1033 illos

1929 1061 2238 1117 edocendos
2266 1063 2424 1118 vobis
2452 1076 2801 1131 mandamus,
2834 1082 2977 1136 quos
3000 1068 3179 1122 adhuc
3207 1076 3404 1121 Vestra:
3430 1066 3518 1121 di-

1930 1153 2152 1209 lectioni
2192 1155 2496 1223 mittimus,
2549 1166 2602 1211 et
2640 1167 2832 1213 Vestrae
2873 1158 3126 1213 charitati
3178 1159 3231 1212 in
3261 1160 3549 1217 omnibus-

1931 1248 2335 1304 subveniendos
2361 1249 3027 1327 reiinquimus.C_omitem
3050 1237 3232 1306 autem
3253 1260 3519 1319 vestrum,

1930 1340 2169 1395 amicum
2192 1349 2467 1408 nostrum,
2499 1359 2659 1412 quem
2688 1344 2884 1399 vestris
2913 1344 3226 1400 audivimus
3250 1344 3385 1399 satis
3410 1342 3525 1398 Deo

1930 1433 2135 1503 gratias
2157 1434 2507 1502 acquiescere
2544 1435 2813 1501 consiliis,
2859 1437 2933 1490 ita
2962 1436 3311 1503 custodiatis,
3341 1444 3403 1491 ut
3431 1436 3523 1491 hic

1930 1532 1986 1577 et
2024 1524 2081 1577 in
2125 1522 2345 1581 Christo
2375 1526 2553 1581 valere
2593 1527 2785 1596 possit.
2818 1526 3047 1583 Conﬁdo
3087 1527 3235 1582 enim
3283 1528 3420 1582 bene
3451 1526 3521 1582 de

1848 1650 1851 1655 »
1930 1614 2045 1681 illo,
2095 1616 2255 1685 cujus
2296 1617 2587 1673 consilium
2631 1626 2685 1672 et
2726 1619 3203 1674 conversationem
3234 1618 3519 1673 vobiscum

1930 1706 2114 1761 audio.
2155 1705 2214 1761 ln
2245 1707 2394 1762 clero
2429 1716 2611 1762 autem
2639 1716 2694 1763 et
2738 1706 2854 1763 fero
2881 1708 2975 1764 illo
2996 1710 3199 1779 populo
3221 1709 3268 1764 si
3292 1708 3519 1779 potestis

237 1823 459 1880 Nicolai
504 1823 570 1878 ΙΙ
604 1825 829 1896 epistola
861 1825 931 1879 ad
954 1771 1283 1881 Ἰῖῖιᾯίδίαηι
1316 1826 1620 1881 Remensem
1650 1828 1827 1883 archi-
1859 1771 1903 1827 Β
1931 1798 2368 1896 “Enni-mi“
2387 1800 2467 1896 de;
2481 1801 2686 1856 meum
2705 1802 2860 1858 voms
2883 1803 3179 1858 commisso
3200 1802 3518 1858 mercamini

873 1897 1195 1966 episcopum.

791 1989 972 2060 (Anno
998 1988 1282 2060 l059—6L)

380 2079 706 2155 [Dncnssxs,
747 2081 892 2136 Hist.
931 2081 1129 2137 Franc.
1164 2080 1360 2152 Script.
1393 2080 1483 2148 IV,
1514 2081 1665 2153 199.)

306 2171 595 2239 NICOIAUS,
629 2190 821 2230 servus
862 2190 1145 2230 servorum
1184 2174 1309 2240 Dei,
1354 2173 1627 2230 Canusio
1654 2190 1825 2230 vene-

234 2266 397 2320 raigili
423 2266 852 2337 archiepiscopo,
887 2267 1118 2322 salutem
1136 2274 1190 2320 et
1215 2268 1572 2336 apostolicam
1600 2267 1822 2323 benedi-

234 2357 493 2413 ctionem.
742 2410 747 2415 .

306 2447 447 2515 Quia
473 2449 738 2505 referente
766 2450 877 2504 ﬁlio
903 2458 1095 2505 nostro
1128 2449 1193 2505 G.
1227 2458 1280 2520 te
1313 2450 1369 2505 in
1394 2451 1651 2507 ﬁdelitate
1675 2452 1822 2508 beati

233 2539 382 2595 Petri
410 2543 721 2611 persistere,
743 2543 974 2612 ejusque
1001 2543 1313 2597 auctoritati
1339 2559 1435 2613 per
1456 2546 1640 2599 omnia
1672 2562 1821 2601 reve-

234 2641 421 2690 renter
462 2648 750 2704 assurgere
800 2634 1213 2703 comperimus,
1273 2643 1498 2705 paterna
1555 2637 1821 2692 charitate

236 2724 379 2781 sicut
418 2725 805 2780 charissimam
852 2726 1022 2780 lilium
1073 2727 1475 2796 amplectimur,
1512 2737 1568 2783 et
1615 2730 1822 2799 ample-

234 2817 431 2872 ctendo
454 2826 569 2872 toto
594 2819 791 2873 mentis
816 2819 1012 2874 aﬁ'ectu
1040 2819 1341 2889 diligimus.
1372 2820 1615 2891 Denique
1645 2837 1822 2891 quau-

232 2910 327 2964 diu
364 2917 415 2964 te
446 2909 659 2965 ﬁdelem
700 2911 873 2966 ﬁlium
924 2912 1230 2978 exhibebis,
1278 2901 1467 2969 no'stra
1519 2915 1820 2983 paternitas

233 3002 332 3057 tibi
359 3019 632 3073 nusquam
662 3003 864 3071 deerit;
903 3004 1017 3059 imo
1050 3004 1230 3059 debita
1257 3004 1524 3059 cbaritate
1554 3004 1821 3076 sumaga-

232 3096 400 3161 bitur,
453 3105 751 3166 nostraque
799 3098 1124 3153 auctoritate
1168 3096 1506 3153 incessanter
1555 3098 1814 3152 tuebitur.
1846 3136 1888 3193 ρ

231 3187 389 3254 Quod
415 3189 482 3243 de
503 3189 762 3260 episcopo
789 3189 1185 3245 Silvanectensi
1222 3191 1382 3245 nobis
1405 3205 1502 3260 per
1527 3189 1699 3244 lilium
1726 3204 1822 3243 no-

232 3289 409 3336 strum
442 3282 749 3352 mandasti,
782 3284 911 3353 quia
954 3283 1282 3339 canonicum
1310 3291 1428 3349 est,
1476 3297 1602 3338 cum
1628 3283 1817 3338 eodem

232 3374 346 3429 tilio
385 3384 576 3431 nostro
620 3377 717 3431 tibi
762 3376 1134 3431 concedimus.
1177 3373 1363 3445 Neque
1405 3376 1551 3429 enim
1593 3376 1821 3445 jnstitite

230 3468 504 3521 contraire
529 3467 802 3534 volumus,
833 3483 932 3538 pro
955 3483 1066 3538 qua
1098 3466 1262 3532 mori,
1292 3467 1339 3522 si
1360 3482 1582 3523 necesse
1608 3467 1698 3535 sit,
1735 3467 1820 3521 lu—

231 3573 389 3613 crum
418 3568 694 3629 putamus.
715 3560 985 3616 Cancrum
1011 3560 1078 3614 de
1098 3567 1291 3615 nostro
1316 3559 1548 3613 adventu
1577 3559 1633 3613 in
1656 3557 1839 3617 Fran-'

233 3652 398 3718 ciam,
418 3652 625 3707 nullam
648 3654 714 3708 ad
731 3668 972 3723 praesens
991 3653 1087 3707 tibi
1105 3652 1398 3708 scribimus
1413 3652 1816 3708 certitudinem.

230 3744 370 3799 Cum
395 3756 578 3801 autem
614 3746 682 3802 ad
703 3754 774 3801 te
799 3754 987 3801 noster
1015 3745 1164 3801 ﬁlius
1193 3746 1431 3811 venerit,
1469 3745 1585 3815 ipse
1613 3755 1724 3800 tam
1752 3746 1821 3802 de

234 3839 340 3896 hoc
379 3856 544 3911 quam
591 3841 659 3896 de
688 3842 947 3897 omnibus
985 3841 1109 3897 aliis
1140 3848 1191 3896 te
1219 3824 1559 3897 certificabit.
1603 3840 1823 3897 Manda-

233 3949 358 3990 nus
392 3943 577 3989 autem
612 3942 666 3989 et
694 3935 1064 4005 praecipimus,
1086 3942 1356 4005 quatenus
1384 3950 1509 3997 cum
1532 3934 1671 3990 duce
1690 3934 1823 3989 cha-

234 4028 458 4084 rissimo
490 4028 603 4083 ﬁlio
641 4038 830 4083 nostro
864 4043 1055 4097 pacem
1099 4029 1275 4094 ineas,
1308 4034 1369 4081 ut
1396 4027 1476 4081 tui
1507 4028 1574 4082 ad
1606 4017 1821 4084 nos’Se-

232 4137 365 4177 cure
410 4122 627 4177 valeant
669 4121 876 4185 venire,
924 4136 1135 4190 nosque
1158 4136 1254 4177 eos
1284 4121 1563 4191 possimus
1608 4121 1818 4175 audire.

232 4211 501 4270 Nolumus
532 4213 734 4269 etenim
761 4213 901 4267 duos
930 4221 1044 4266 tam
1067 4212 1427 4268 cbarissimos
1454 4211 1596 4267 ﬁlios
1620 4211 1675 4266 in
1702 4212 1820 4268 dis-

235 4306 421 4361 cordia
449 4319 693 4375 manere.

951 4396 1120 4452 XXX.

484 4490 703 4547 Νίσοιαὶ
733 4488 801 4546 II
838 4490 1063 4561 epistola
1086 4490 1157 4544 ad
1182 4487 1565 4559 Lanfrancum.

775 4583 957 4655 (Anno
986 4581 1274 4650 i059-61.)

323 4675 679 4751 Numanus,
712 4673 1125 4746 Disqnisitiones
1156 4671 1381 4736 critica,
1412 4683 1537 4740 pag.
1571 4667 1727 4741 206.]

302 4769 577 4827 NICOLAUS
605 4768 924 4838 episcopus,
953 4781 1144 4821 servus
1184 4776 1472 4819 servorum
1507 4759 1624 4828 Dei,
1661 4761 1818 4816 fratri

236 4864 572 4928 ΒΑΜ-κλωπ»,
597 4862 828 4917 salutem
853 4866 907 4915 et
934 4857 1287 4928 apostolicam
1312 4852 1764 4908 benedictionem.

307 4956 453 5013 Satis
477 4954 843 5011 desideratam
886 4960 1149 5017 vestram,
1176 4946 1503 5006 charissime
1534 4945 1726 5016 frater,
1751 4948 1820 5002 il-

236 5051 424 5107 benter
443 5049 689 5105 viderem
707 5045 1052 5117 praesentiam
1069 5053 1123 5097 et
1138 5043 1193 5097 in
1213 5037 1601 5097 ecclesiasticis
1615 5039 1820 5096 nostris

237 5141 383 5197 curis
418 5140 651 5195 libenter
684 5136 882 5192 vestris
929 5148 1204 5188 recrearer
1244 5125 1513 5193 consiliis,
1566 5144 1731 5199 quem
1763 5129 1819 5183 in

238 5226 500 5288 Romanis
539 5238 595 5286 et
633 5226 947 5299 apostolicis
988 5226 1222 5281 servitiis
1265 5219 1404 5277 satis
1447 5230 1820 5289 Opportunum

1314 5327 1327 5330 -
1357 5308 1533 5330 '-_--_
1570 5313 1599 5330 η
1671 5317 1683 5330 a

1928 1892 2148 1948 tandem
2169 1893 2360 1950 audire
2385 1912 2399 1949 :
2427 1893 2597 1965 Euge,
2632 1911 2785 1951 serve
2806 1896 2970 1963 bone,
2994 1911 3175 1951 amen.

2618 2016 2813 2073 XXXI.

1925 2107 2090 2163 Bulla
2120 2108 2338 2164 Nicolut'
2357 2108 2429 2164 11
2457 2109 3057 2251 pafgﬁei’rz’g’rigitzl’dum
3080 2110 3338 2166 Joannem
3367 2126 3518 2182 pres-

2515 2274 2699 2346 (Anno
2738 2273 2922 2346 1061.)

2209 2362 2575 2436 [δρειιλκυιω
2623 2362 2825 2419 Sabina
2858 2382 3039 2436 sagra,
3076 2364 3237 2438 272.]

1992 2452 2227 2510 Jouivss
2264 2456 2588 2527 episcopus,
2633 2473 2826 2513 servus
2871 2474 3156 2514 servorum
3202 2457 3334 2526 Dei,
3384 2458 3520 2514 Gnt-

1922 2562 2101 2602 uALno
2127 2547 2315 2603 10mm
2339 2550 2677 2619 presbytero,
2712 2549 3024 2606 BENEDICTO
3047 2551 3240 2620 judici,
3270 2551 3521 2606 Μητικο

1922 2641 2035 2696 ﬁlio
2066 2639 2278 2708 Sabini,
2309 2640 2512 2697 Rlccno
2538 2658 2605 2696 nr:
2634 2640 2913 2721 [inuenio
2933 2684 2947 2707 ,
2980 2640 3178 2696 Joanni
3204 2660 3270 2697 ne
3297 2643 3518 2708 Aman,

1920 2733 2154 2789 Martino
2189 2751 2254 2789 ne
2285 2733 2510 2801 Jonas,
2545 2734 2707 2790 Petro
2735 2730 2801 2788 υε
2846 2733 3014 2801 Unso,
3059 2734 3228 2789 Leoni
3257 2752 3321 2788 nr:
3352 2734 3518 2800 Luro,

1920 2825 2083 2880 Petro
2110 2841 2177 2879 ne
2210 2824 2416 2894 Hanno,
2448 2825 2624 2881 Homo
2651 2843 2717 2881 DE
2750 2825 3025 2890 MARTINO,
3058 2842 3154 2881 seu
3180 2827 3306 2882 ﬁliis
3336 2838 3390 2881 et
3410 2828 3551 2881 ἢθη-ι’

1922 2916 2145 2970 redibus
2169 2931 2382 2983 eorum,
2415 2926 2580 2987 atque
2613 2918 2963 2973 consortibus
3004 2918 3424 2988 quibuseunque
3453 2919 3524 2972 ab

1922 3007 2003 3061 eis
2033 3006 2312 3062 advocatis
2339 3007 2392 3061 in
2422 3024 2479 3062 re
2508 3007 2738 3063 inferius
2768 3008 2991 3078 legenda
3023 3009 3075 3062 in
3106 3016 3446 3078 perpetuum.

1991 3096 2128 3151 Cum
2176 3096 2336 3151 officii
2386 3098 2561 3151 nostri
2605 3098 2678 3153 sit
2715 3099 2964 3153 omnium
3013 3096 3382 3153 Ecelesiarum
3424 3097 3521 3153 Dei

1923 3190 2248 3245 utilitatibus
2277 3190 2587 3262 invigilare,
2628 3191 2889 3246 Romanae
2917 3200 3099 3246 tamen
3133 3199 3187 3245 et
3210 3191 3523 3262 apostolica!

1922 3280 2091 3345 sedis,
2107 3282 2196 3335 cui
2224 3290 2444 3337 auctore
2467 3281 2581 3336 Deo
2595 3283 2975 3352 praesidemus,
2998 3291 3214 3352 oportet
3238 3298 3337 3337 nos
3369 3299 3522 3337 com-

1922 3372 2100 3426 modis
2161 3374 2429 3428 sollicitus
2488 3374 2727 3428 studere.
2788 3373 3133 3444 Quapropter
3190 3375 3521 3441 castellum,

1921 3464 2066 3532 quod
2113 3474 2462 3535 nuncupatur
2505 3464 2724 3520 Baccha
2769 3466 2837 3520 de
2866 3465 3139 3536 Antiqua,
3190 3470 3449 3536 quoniam
3491 3484 3522 3523 a

1923 3553 2202 3609 Grimaldo
2226 3555 2338 3611 ﬁlio
2362 3556 2641 3612 Benedicti
2671 3555 2947 3611 Teobaldo
2978 3572 3103 3611 cum
3139 3557 3397 3612 omnibus
3427 3573 3523 3627 ap—

1921 3647 2207 3716 pendiciis,
2240 3657 2295 3703 et
2320 3649 2676 3720 pertinenciis
2708 3649 2824 3705 suis
2852 3657 3041 3703 sancto
3066 3647 3227 3703 Petro
3256 3657 3521 3718 perpetuo

1917 3738 2042 3808 jure
2071 3740 2498 3810 acquisivimus;
2546 3743 2644 3796 tibi
2687 3751 2741 3797 et
2780 3741 2915 3810 ipsis
2940 3741 3292 3796 consortibus
3337 3748 3391 3794 et
3432 3741 3522 3795 his

1922 3839 2087 3901 atque
2116 3831 2238 3885 aliis
2271 3831 2324 3884 in
2351 3832 2541 3886 eadem
2572 3846 2632 3885 re
2660 3832 2941 3886 advocatis
2971 3848 3001 3885 a
3037 3831 3211 3896 vobis,
3260 3846 3356 3886 seu
3393 3830 3523 3887 ﬁliis

1921 3931 1976 3977 et
2015 3922 2325 3977 hteredibus
2364 3922 2567 3977 vestris
2609 3937 2707 3992 per
2749 3921 3067 3992 hujusmodi
3113 3923 3287 3977 nostri
3347 3924 3520 3992 privi-

1922 4013 2046 4083 legii
2084 4012 2336 4082 paginam
2379 4012 2755 4078 concedimus,
2799 4019 2853 4065 et
2886 4011 3306 4077 conﬁrmamus,
3356 4020 3523 4082 atque

1921 4104 1976 4159 in
2003 4112 2328 4174 perpetuum
2362 4119 2428 4159 eo
2462 4103 2626 4158 modo
2666 4111 2722 4158 et
2750 4111 2938 4157 tenore
2972 4104 3414 4171 corroboramus,
3459 4112 3522 4160 ut
3552 4110 3557 4115 ‘

1921 4213 2042 4254 eam
2070 4212 2195 4252 cum
2230 4196 2568 4267 appendiciis
2615 4195 2736 4266 ejus
2770 4196 3028 4251 domibus
3070 4197 3432 4264 reaedillcatis,
3461 4206 3520 4253 ‘et

1923 4290 2259 4345 habitatores
2281 4288 2355 4343 ibi
2382 4296 2620 4360 quantos
2645 4289 2877 4360 potestis
2899 4289 3175 4345 advocetis
3198 4306 3229 4344 a
3258 4290 3436 4357 vobis,
3465 4299 3521 4346 et

1924 4382 2153 4454 singulis
2182 4390 2424 4438 vestrum
2454 4396 2553 4453 per
2572 4382 2787 4448 domos,
2827 4390 2881 4437 et
2904 4381 3160 4448 familias,
3200 4382 3406 4453 quique
3430 4399 3520 4438 se-

1850 4478 2161 4535 Dcundum
2221 4473 2581 4549 quantitatem
2626 4476 3008 4548 possibilitatis
3050 4493 3165 4534 sua:
3210 4478 3525 4533 annuallter

1924 4570 2252 4642 persolvatis
2279 4570 2562 4640 pensionis
2582 4570 2806 4625 nomine
2828 4572 2883 4623 in
2917 4568 3128 4624 Pascha
3163 4570 3523 4626 resurrectio-

1925 4663 2013 4718 nis
2040 4660 2258 4717 Domini
2294 4660 2455 4715 beato
2487 4659 2672 4726 Petro,
2713 4667 2769 4714 et
2800 4660 2962 4715 nobis
3001 4644 3067 4715 ac
3107 4661 3522 4716 successoribus

1926 4751 2131 4807 nostris
2157 4765 2280 4816 vos,
2308 4761 2363 4806 et
2392 4752 2658 4818 heredes,
2684 4766 2751 4806 ac
2776 4765 3128 4807 successores
3158 4752 3323 4806 vestri
3345 4795 3360 4818 ,
3406 4768 3525 4811 ma.-

1921 4843 2075 4913 jores
2109 4842 2319 4899 scilicet
2352 4841 2613 4897 denarios
2650 4841 2961 4907 duodecim,
3009 4842 3297 4898 inferiores
3344 4853 3525 4899 autem

1927 4932 2248 5005 retrOgradu
2270 4940 2397 4986 octo
2419 4931 2697 4997 denarios,
2720 4931 2882 4986 tertio
2903 4929 3160 4988 denarios
3185 4945 3303 4998 sex,
3332 4942 3531 5003 quarto

1926 5026 2187 5083 denarios
2210 5025 2385 5090 duos;
2418 5035 2522 5077 nec
2551 5039 2662 5079 non
2707 5029 2763 5077 et
2786 5019 3038 5077 foderum
3069 5021 3300 5087 facietis,
3340 5031 3395 5080 et
3417 5024 3536 5096 pla-

1926 5120 2033 5176 cita
2065 5117 2299 5175 ﬁdeliter
2334 5117 2642 5172 observetis
2677 5115 2839 5170 nobis
2875 5120 2931 5169 et
2971 5113 3390 5174 successoribus
3411 5160 3425 5185 ,
3470 5135 3567 5179 ac'

1926 5215 2135 5274 nuntiis
2166 5211 2375 5267 nostris
2398 5221 2503 5281 pro
2523 5209 2612 5267 his
2636 5207 2805 5264 rebus
2830 5205 2954 5264 sitis
2979 5206 3043 5264 in
3075 5208 3349 5267 territorio
3376 5212 3540 5272 Sabi-
3566 5218 3571 5227 ’

1930 5326 1959 5330 -.
1978 5326 1991 5330 -
2016 5328 2027 5329 κ
2050 5328 2055 5329 γ
2073 5311 2085 5324 ⁸
2152 5304 2461 5330 ειΑο..2.υηιο
2493 5316 2711 5330 ηξιΑι-ιιη
2765 5309 2817 5330 Α.
2870 5304 3170 5330 ηῆΛροαιξΑσι
3216 5305 3446 5330 ΑηΑιι-...εο
