4020 5364
439 231 571 285 1551

1754 222 2024 279 NICOLM
2065 223 2107 276 il
2142 220 2345 275 PAPAS

3624 228 3727 285 332

436 362 633 417 magna
653 353 929 414 autparva
945 351 1134 399 contra
1154 340 1469 413 hujusmodi
1488 342 1751 413 privilegii
1772 343 2027 413 paginam
2059 347 2104 403 Α
2131 348 2466 410 peratorum,
2505 353 2601 394 seu
2636 352 2847 411 regum,
2878 339 3195 410 plenissime
3224 343 3558 398 continetur.
3607 344 3728 403 [lac

433 439 623 493 venire
646 436 1076 508 praesumpserit,
1095 436 1233 491 sciat
1248 451 1306 491 se
1324 436 1690 491 anathematis
1704 437 1924 492 vinculo
1946 437 2029 490 in—

434 531 712 595 uodatam,
733 538 788 584 et
808 530 1032 599 insuper
1054 528 1101 584 si
1124 528 1249 599 quis
1271 536 1521 582 nostrum
1536 524 2026 584 autsucc’essorum

433 631 752 678 nostrorum
785 631 880 677 aut
910 622 1109 692 aliquis
1134 630 1379 676 vestrum
1416 636 1517 676 seu
1553 622 1851 687 haeredum,
1897 637 2028 676 suc-

434 730 828 784 cessorumque
877 723 973 768 aut
1020 713 1359 769 consortium
1390 722 1695 768 vestrorum
1741 715 1852 768 lucc
1910 730 2031 769 om-

432 808 524 862 nia
569 818 691 861 acta
738 816 794 861 et
837 815 1041 861 statuta
1084 822 1193 861 non
1246 806 1645 873 observaverit,
1715 807 1926 861 noverit
1969 822 2029 861 se

433 900 869 971 compositurum
915 915 1011 969 per
1042 913 1488 970 unamquamque
1525 900 1769 966 domum,
1814 908 1909 954 aut
1941 899 2027 955 fa-

431 994 667 1060 miliam,
703 992 823 1047 auri
856 992 1045 1062 optimi
1069 992 1265 1047 libram
1297 1008 1484 1046 uuam.
1517 992 1623 1058 Qui
1657 1008 1788 1047 vero
1820 993 1909 1063 pia
1934 993 2030 1049 de-

430 1084 653 1139 votione
676 1084 997 1138 observator
1015 1098 1136 1138 esse
1159 1082 1449 1150 studuerit,
1468 1084 1723 1154 precibus
1751 1086 2028 1155 apostolo-

432 1191 556 1228 rum
590 1154 915 1245 principum.
944 1174 1087 1228 Petri
1131 1184 1186 1229 et
1220 1174 1377 1229 Pauli
1420 1185 1768 1246 peccatorum
1801 1193 2026 1232 suorum

433 1266 680 1320 omnium
712 1267 781 1320 ab
814 1266 1176 1337 omnipotenti
1208 1259 1320 1322 Deo
1354 1268 1570 1323 veniam
1610 1278 1827 1323 aeternae
1863 1270 2026 1325 retri-

432 1359 677 1413 butionis
708 1369 1096 1429 consequatur,
1129 1370 1181 1415 et
1207 1360 1457 1431 gloriam.

505 1449 781 1521 Scriptum
813 1467 909 1522 per
945 1468 1168 1507 manum
1207 1452 1490 1508 Octaviani
1521 1453 1791 1509 scriniarii
1835 1463 1889 1508 et
1923 1470 2024 1508 no-

431 1542 559 1596 tarii
591 1544 733 1598 sacri
760 1544 944 1613 palatii
989 1545 1045 1598 in
1081 1560 1267 1600 mense
1306 1544 1529 1615 Aprilis,
1572 1546 1868 1601 indictione
1912 1563 2021 1601 xxv.

501 1630 699 1687 Datum
732 1632 918 1689 Romae
952 1650 1041 1687 xiv
1071 1632 1342 1689 Kalendas
1368 1633 1515 1701 Maii,
1550 1651 1697 1689 anno
1729 1637 1798 1690 ab
1843 1634 2026 1691 lucar-

2134 429 2317 498 itaque
2349 444 2473 499 quae
2506 428 2670 498 hujus
2698 431 2953 502 praecepti
2981 432 3293 503 decretique
3322 434 3503 489 nostri
3531 436 3731 505 pagina

2131 520 2393 583 continet,
2418 528 2530 575 tam
2554 523 2711 578 vobis
2738 538 2905 593 quam
2930 525 3143 581 cunctis
3167 525 3261 594 qui
3288 526 3343 580 in
3367 541 3436 581 eo
3461 540 3576 596 quo
3599 529 3732 582 estis

2131 613 2324 667 ordine
2363 614 2595 684 locoque
2623 616 3010 683 successerint,
3065 617 3120 671 in
3151 627 3480 687 perpetuum
3514 633 3737 673 conser-

2130 707 2305 761 vanda
2331 707 2677 763 decernimus
2705 709 3029 764 auctoritate
3056 717 3111 764 et
3136 709 3347 765 honore
3374 718 3587 766 sanctae
3621 708 3733 765 Ro-

2131 815 2307 855 mana:
2356 798 2615 855 Ecclesiae
2658 809 2715 855 et
2759 801 2905 856 sedis
2949 802 3261 871 apostolicae
3306 803 3619 873 privilegio.
3670 802 3741 857 Si

2130 894 2256 964 quis
2298 901 2479 947 autem
2520 894 2813 948 temerario
2853 910 2993 948 ausu
3037 909 3233 964 magna
3278 910 3562 965 parvaque
3607 909 3733 965 per-

2130 1001 2264 1042 sona
2307 993 2497 1040 contra
2558 987 2665 1041 hoc
2724 994 2974 1065 nostrum
3033 988 3394 1056 apostolicum
3442 988 3729 1043 decretum

2130 1092 2290 1149 agerc
2323 1078 2750 1148 praesumpserit,
2801 1079 2940 1133 sciat
2985 1094 3044 1133 se
3090 1080 3454 1135 anathematis
3506 1079 3732 1135 vinculo

2129 1186 2252 1226 esse
2289 1170 2638 1238 innodatum,
2684 1180 2739 1226 et
2776 1187 2806 1226 a
2850 1186 3020 1243 regno
3064 1170 3161 1226 Dei
3193 1187 3422 1241 prorsus
3459 1173 3728 1239 alienum,

2129 1280 2254 1319 cum
2286 1264 2544 1320 omnibus
2573 1264 2755 1333 impiis
2796 1266 2985 1319 interni
3020 1264 3257 1320 incendii
3291 1265 3568 1335 supplicio
3593 1280 3729 1319 con-

2128 1357 2466 1412 demnatum.
2512 1356 2582 1410 At
2628 1372 2759 1412 vero
2806 1359 2903 1427 qui
2952 1358 3272 1413 observator
3305 1360 3474 1429 hujus
3524 1360 3731 1414 decreti

2127 1450 2416 1516 exstiterit,
2449 1451 2680 1522 gratiam
2728 1458 2893 1519 atque
2939 1450 3394 1516 misericordiam,
3442 1452 3729 1520 vitamque

2128 1551 2386 1597 aatcruam
2424 1558 2454 1596 a
2484 1542 2877 1613 benignissimo
2916 1543 3145 1597 Domino
3173 1542 3300 1597 Jesu
3332 1542 3561 1598 Christo
3587 1560 3727 1599 cou-

2131 1636 2285 1705 sequi
2322 1644 2613 1691 mereatur.
2648 1630 2793 1689 Bene
2820 1635 3014 1690 valete.

430 1724 654 1778 ratione
682 1723 900 1779 Domini
930 1724 1107 1778 nostri
1134 1722 1262 1780 Jesu
1291 1723 1493 1780 Christi
1540 1726 1831 1781 millesimo
1864 1743 2024 1782 sexa-
2061 1695 2102 1754 Β
2202 1695 2336 1783 Data
2373 1744 2465 1783 nv
2511 1727 2630 1782 Kal.
2671 1726 2796 1781 Maii
2832 1743 2926 1797 per
2961 1743 3159 1783 manus
3192 1727 3474 1782 liumberti
3506 1729 3730 1782 cancri-

430 1816 642 1887 gesimo
670 1817 869 1886 primo,
895 1833 992 1887 per
1018 1833 1214 1872 manus
1238 1816 1520 1873 Humberti
1547 1828 1751 1875 sanctae
1772 1819 2028 1875 Ecclesiae

432 1908 595 1966 Silva:
638 1908 896 1966 Candida:
946 1912 1188 1982 episcopi
1250 1922 1304 1967 et
1359 1915 1674 1983 apostolicae
1735 1916 1880 1971 sedis
1938 1912 2017 1970 bi-

428 2003 812 2071 bliothecarii,
875 2020 1020 2060 anno
1078 2005 1241 2061 tertio
1307 2007 1495 2062 domui
1542 2006 1747 2081 Nicolai
1775 2052 1788 2075 ,
1850 2010 2025 2065 indic-

430 2094 579 2150 tione
618 2112 730 2150 xxv.

1118 2235 1332 2292 XXXI}.

433 2325 596 2380 Bulla
634 2326 850 2381 Nicolai
894 2327 959 2381 11
988 2345 1141 2399 ραριε
1171 2346 1268 2400 pro
1300 2342 1622 2385 monasterio
1661 2332 1716 2387 S.
1750 2333 2022 2404 Dionysii.

1032 2421 1212 2493 (Auno
1253 2421 1380 2477 lOlil
1397 2424 1434 2493 .)

433 2505 753 2578 [Dounuzn
800 2511 945 2566 Hist.
974 2513 1038 2567 de
1067 2512 1307 2586 l‘ubbaye
1338 2517 1401 2570 de
1444 2514 1823 2586 Saint-Deuis,
1860 2518 2025 2595 464.]

500 2620 771 2680 NICOLAUS
812 2626 1125 2699 episCOpus,
1172 2646 1364 2686 servus
1407 2647 1688 2687 servorum
1732 2634 1862 2702 Dei,
1903 2651 2038 2712 om-.

428 2715 593 2770 nibus
624 2719 866 2788 regibus,
901 2721 1176 2792 episcopis
1207 2732 1262 2778 et
1293 2725 1632 2794 principibus
1666 2729 2026 2797 praesentibus

429 2816 486 2862 et
509 2806 712 2865 futuris
741 2827 887 2866 nunc
915 2822 968 2868 ct
998 2816 1246 2872 venturis
1275 2820 1635 2888 temporibus.

500 2898 865 2960 Petitiouibus
892 2908 1150 2977 congruis
1186 2911 1540 2978 apostolicam
1574 2912 1893 2983 dignitatem
1926 2915 2023 2970 de-

429 3002 515 3047 cet
544 3010 732 3050 aurem
762 3000 1203 3068 accommodare,
1234 3010 1295 3055 ut
1318 3004 1644 3058 venerabilia
1676 3006 1793 3061 loca
1823 3008 2025 3062 nostris

427 3088 849 3145 auctoritatibus
874 3091 921 3146 si
946 3089 1149 3147 fuerint
1178 3094 1468 3163 sublimata
1495 3110 1642 3152 nunc
1668 3107 1721 3152 et
1744 3098 1864 3173 ejus
1889 3108 2025 3154 tem-

428 3177 656 3246 poribus
690 3190 809 3236 rata
858 3192 1022 3252 atque
1063 3185 1385 3241 iuconvulsa
1439 3188 1771 3245 omnimodis
1810 3206 2026 3261 perma-

429 3278 616 3324 neant.
646 3271 815 3344 igitur
844 3262 1099 3331 noverint
1125 3279 1371 3333 omnium
1402 3282 1753 3349 praesentium
1793 3293 1847 3338 et
1876 3283 2026 3339 lutu-

385 3423 389 3427 δ
431 3374 624 3416 rerum
663 3379 876 3435 regum,
917 3367 1319 3439 episcoporum,
1357 3373 1850 3444 universorumque
1888 3393 2025 3447 apo-

429 3455 640 3509 stolicm
661 3455 805 3511 sedis
834 3456 1075 3512 ﬁdelium
1100 3462 1452 3529 unanimitas,
1485 3463 1680 3520 fratres
1700 3469 2027 3525 venerabilis

429 3547 751 3602 monasterii
782 3546 988 3602 Christi
1029 3552 1283 3623 martyris
1326 3554 1590 3626 Dionysii,
1633 3559 1728 3612 ubi
1766 3560 1881 3629 ipse
1921 3552 2029 3616 Do-

430 3638 617 3695 minus
672 3640 726 3694 in
759 3656 991 3711 corpore
1033 3645 1362 3713 requiescit,
1408 3659 1652 3705 nostram
1705 3651 2027 3722 implorasse

430 3732 865 3787 benevolentiam
910 3743 970 3789 ut
1007 3735 1346 3807 privilegium
1392 3742 1705 3809 apostolicae
1745 3745 2026 3816 dignitatis

430 3826 497 3879 de
526 3826 764 3895 quadam
792 3827 1041 3896 praedicti
1081 3828 1187 3884 loci
1227 3831 1501 3887 abbatiola
1540 3834 1621 3887 eis
1660 3834 1821 3890 cdere
1861 3837 2027 3891 debe-

430 3933 638 3974 remus.
687 3918 783 3974 Est
823 3930 1005 3976 autem
1050 3923 1321 3979 abbatiola
1368 3925 1422 3979 in
1468 3942 1606 3997 pago
1646 3926 1937 3984 Alsatiensi
1971 3930 2025 3984 in

433 4009 575 4064 saltu
617 4011 836 4079 quidem
886 4011 1097 4082 Vos’ag'i‘
1125 4015 1260 4081 sita,
1309 4017 1721 4089 appellaturque
1755 4018 2024 4087 Lebroha,

431 4115 597 4162 quam
629 4100 903 4156 Fulradus
953 4105 1121 4159 abbas
1170 4105 1224 4159 iu
1276 4121 1378 4161 suo
1424 4110 1648 4177 preprio
1701 4111 2028 4165 tuuniticen-

432 4200 508 4243 tta
555 4189 740 4245 domui
796 4191 975 4246 Caroli
1025 4194 1368 4263 imperatoris
1417 4198 1794 4263 invictissiu'ii,
1844 4200 2030 4255 condi-

433 4281 533 4347 dit,
578 4290 743 4352 atque
770 4283 1169 4353 gloriosissimo
1216 4297 1447 4356 patrono
1491 4276 1829 4344 suo‘domno
1877 4293 2029 4346 scili-

2127 1820 2251 1874 larii
2281 1828 2486 1876 sanctte
2521 1820 2836 1891 apostolicm
2884 1821 3048 1885 sedis,
3087 1820 3141 1874 in
3174 1819 3529 1875 Lateranensi
3574 1821 3729 1874 basi-

2128 1913 2253 1977 lica,
2283 1927 2429 1967 anno
2475 1928 2535 1965 ιιι
2573 1911 2782 1966 domini
2812 1910 3022 1966 Nicolai
3053 1913 3275 1967 secundi
3304 1928 3459 1982 papa:
3484 1954 3500 1977 ,
3550 1913 3730 1966 indic-

2129 2002 2276 2056 tione
2308 2016 2401 2055 xit.

2799 2113 3036 2168 ΧΧΧΙίΙ.

2135 2208 2347 2261 Νξποέιεὶ
2373 2205 2435 2260 ΙΙ
2479 2222 2629 2276 papa?
2659 2206 2989 2276 privilegium
3019 2223 3113 2275 pro
3146 2207 3468 2261 monasterio
3499 2203 3564 2261 S.
3597 2202 3726 2261 Tri-

2598 2266 2786 2331 nitatis
2826 2266 3245 2331 Vindociuentis.

2723 2372 2905 2440 (Anno
2937 2368 3121 2440 1061.)

2553 2461 2811 2534 [Launoii
2840 2458 3001 2531 Opp.,
3032 2459 3121 2529 Ill,
3153 2459 3307 2531 554.]

2210 2562 2479 2617 NICOLAL'S
2503 2562 2814 2631 cpiscopus,
2846 2577 3037 2617 servus
3076 2576 3360 2618 servorum
3402 2561 3523 2627 Dei,
3570 2561 3723 2616 One-

2128 2672 2250 2711 mco
2276 2655 2530 2724 religioso
2561 2654 2744 2709 abbati
2774 2655 3118 2713 venerabilis
3163 2654 3484 2710 monasterii
3516 2652 3733 2709 Vindo-

2128 2748 2387 2813 cinensis,
2417 2746 2741 2819 cunctisque
2776 2746 3191 2803 successoribus
3224 2748 3345 2819 ejus
3395 2746 3602 2803 ibidem
3638 2750 3732 2802 re-

2129 2841 2389 2911 gulariter
2425 2816 2810 2908 promovendis
2840 2839 2894 2892 in
2923 2816 3264 2908 perpetuum;

2198 2932 2369 2987 Iustis
2394 2931 2749 3001 petitionibus
2807 2939 2866 2986 et
2894 2931 3064 3001 quieti
3114 2940 3397 2986 servorum
3440 2929 3539 2985 Dei
3598 2946 3735 3001 pro-

2053 3043 2095 3099 C
2129 3024 2487 3095 spicientibus
2517 3030 2834 3093 competens
2878 3026 2933 3077 et
2957 3022 3135 3078 facilis
3160 3023 3391 3077 debetur
3434 3037 3731 3077 assensus.

2129 3118 2471 3185 Quapropter
2522 3114 2842 3169 monasterii
2887 3121 3090 3170 sanctae
3118 3123 3171 3169 et
3199 3113 3497 3169 individuus
3535 3113 3734 3167 Trini-

2129 3210 2255 3264 tatis
2286 3208 2426 3278 apud
2465 3214 2707 3262 castrum
2771 3204 3131 3262 Vindocinum
3188 3206 3299 3273 siti,
3353 3207 3504 3276 quod
3542 3221 3575 3259 a
3608 3206 3733 3260 suis

2128 3300 2534 3367 fundatoribus,
2598 3301 2873 3355 Gauri-edo
2917 3299 3126 3356 scilicet
3176 3299 3733 3369 Andegarorumco-

2128 3393 2259 3448 mite
2289 3402 2341 3446 et
2370 3392 2575 3463 Agnete
2605 3391 2948 3446 nobilissima
2992 3391 3271 3447 comitissa
3320 3392 3558 3462 conjuge
3579 3392 3729 3461 ejus,

2129 3486 2370 3538 oblatum
2408 3484 2469 3538 Β.
2504 3483 2685 3549 Petro,
2709 3492 2763 3537 et
2788 3482 3049 3539 Romanae
3088 3481 3347 3538 Ecclesiae
3377 3484 3433 3537 in
3478 3483 3732 3538 alodium

2128 3586 2180 3630 et
2207 3576 2599 3645 patrimonium
2630 3576 2904 3642 novimus,
2936 3584 3046 3630 tam
3076 3576 3232 3646 juxta
3282 3583 3472 3630 votum
3522 3575 3731 3630 funda-

2128 3680 2311 3727 turum
2370 3671 2542 3740 ipsius
2594 3672 2719 3737 loci,
2777 3687 2942 3742 quam
2986 3670 3149 3726 etiam
3177 3673 3332 3741 juxta
3380 3672 3729 3727 desiderium

2130 3765 2438 3820 sanctitatis
2494 3774 2619 3827 tute,
2653 3764 2976 3820 charissime
3019 3764 3094 3818 ﬁli
3145 3764 3283 3819 abba
3337 3762 3593 3832 Oderice,
3652 3766 3729 3821 ita

2128 3858 2414 3912 beatorum
2477 3858 2853 3927 apostolorum
2916 3856 3059 3912 Petri
3107 3865 3162 3912 et
3207 3856 3361 3913 Pauli
3397 3858 3731 3913 auctoritate

2130 3947 2431 4013 sancimus,
2456 3958 2729 4017 quatenus
2758 3949 2900 4004 inter
2951 3951 3267 4020 apostolicae
3320 3951 3467 4006 sedis
3502 3954 3730 4023 pontifi-

2130 4054 2247 4093 cem
2279 4046 2333 4092 et
2360 4040 2608 4092 abbatem
2671 4039 2819 4094 illius
2845 4040 3171 4096 venerabilis
3220 4041 3346 4106 loci,
3379 4042 3531 4097 nulla
3567 4059 3730 4113 pror-

2132 4145 2226 4184 sus
2256 4144 2487 4198 persona
2521 4128 2698 4184 media
2728 4130 3013 4184 habeatur.
3064 4129 3372 4187 Statuimus
3424 4134 3593 4186 etiam
3644 4144 3724 4196 nt,

2131 4220 2391 4277 defuncto
2425 4219 2640 4285 abbate,
2673 4221 2846 4290 ipsius
2883 4222 3201 4277 monasterii
3230 4238 3521 4289 successor
3548 4225 3600 4279 ei
3625 4226 3727 4279 cli-

2137 4320 2295 4381 gatur
2346 4310 2413 4366 de
2441 4310 2633 4364 eadem
2688 4312 3129 4383 congregatione,
3191 4314 3235 4368 si
3287 4322 3470 4370 tamen
3528 4317 3729 4387 dignus

433 4384 523 4431 cet
584 4373 842 4447 Dionysio
896 4378 1242 4433 contradidit.
1305 4377 1552 4445 Quorum
1615 4382 2026 4438 considerantes

2133 4404 2283 4450 tanto
2309 4396 2576 4466 regimine
2604 4373 2931 4452 inveniatur.
2964 4397 3119 4464 Quod
3148 4401 3193 4454 si
3230 4401 3430 4472 dignus
3462 4373 3726 4472 apud'cos

432 4476 599 4538 atque
647 4478 1007 4539 agnoscentes
1048 4471 1255 4538 justam
1304 4487 1425 4527 esse
1477 4473 1790 4542 petitionem
1818 4515 1833 4540 ,
1886 4476 2020 4541 hoc,

433 4557 578 4613 beati
619 4558 765 4613 Petri
801 4560 1173 4630 apostolorum
1220 4562 1483 4632 principis
1522 4565 1866 4631 auctoritate,
1900 4581 2024 4636 pro-

435 4651 744 4722 mulgantes
771 4652 1070 4720 sancimus,
1115 4662 1176 4709 ut
1204 4655 1459 4724 praadicta
1502 4656 1775 4713 abbatiola
1809 4667 2028 4728 aposto-

433 4739 536 4795 lica
566 4742 1014 4798 corroboratione
1040 4743 1273 4801 subnixa
1309 4748 1534 4816 perenni
1559 4756 1803 4819 tempore
1823 4750 2027 4806 illibata

432 4829 559 4885 ioco
599 4832 773 4885 sancti
809 4831 1053 4903 Dionysii
1098 4833 1316 4903 profusa
1354 4847 1688 4905 permaneat.
1727 4838 2030 4895 Constitui-

431 4936 562 4976 mus
588 4936 806 4991 quoque
830 4925 1153 4977 auctoritate
1176 4926 1315 4980 beati
1336 4924 1503 4993 Petri,
1532 4932 1591 4983 u‘t
1612 4930 1790 4983 nuilus
1814 4946 2025 5001 regum,

432 5028 600 5067 nemo
629 5013 956 5080 antistitum,
988 5017 1070 5069 vel
1091 5016 1369 5083 abbatum,
1398 5033 1493 5073 seu
1522 5020 1750 5090 quilibet
1774 5038 2024 5091 quacun-

433 5119 544 5140 nua
592 5105 846 5140 nr-‘nrliluc
898 5107 1158 5140 rlimuhntn
1244 5110 1420 5140 ἔγω-ιη-
1470 5111 1647 5140 μνη...-
1696 5114 1805 5140 ..ιιι-ι
1861 5116 2021 5140 mn)-

2130 4502 2241 4540 non
2272 4485 2435 4541 fuerit
2460 4487 2743 4553 inventus,
2769 4489 2915 4558 quod
2966 4490 3137 4544 absit!
3169 4506 3201 4545 a
3245 4491 3531 4559 Cluniaco,
3558 4511 3665 4548 seu
3695 4512 3725 4548 τι

2132 4576 2328 4646 majori
2374 4577 2731 4644 monasterio,
2791 4578 2875 4632 vel
2926 4580 3290 4651 undecunque
3343 4583 3545 4638 melius
3572 4592 3727 4653 pote—

2136 4676 2285 4733 runt,
2341 4677 2635 4737 procurent
2680 4671 2935 4726 monachi
2999 4672 3104 4727 sibi
3152 4682 3362 4742 patrem
3417 4678 3737 4734 secundum.

2136 4757 2307 4813 Deum
2340 4761 2559 4830 eligere,
2589 4777 2698 4816 non
2734 4768 2914 4817 tamen
2957 4765 3075 4819 sine
3114 4765 3278 4820 trium
3306 4767 3567 4824 abbatum
3595 4787 3729 4826 con-

2136 4849 2280 4916 silio,
2298 4866 2439 4920 quos
2466 4852 2834 4922 religiosiores
2852 4854 2920 4908 de
2948 4855 3142 4911 vicinis
3172 4856 3307 4912 locis
3334 4861 3617 4928 potuerint
3644 4863 3727 4916 in-

2131 4942 2334 4997 venire.
2350 4942 2567 5000 Electus
2594 4955 2776 5000 autem
2800 4960 2869 4999 ne
2897 4947 3083 5000 statim
3107 4946 3339 5002 Romam
3355 4950 3536 5005 venire
3563 4965 3727 5022 coga-

2129 5042 2238 5099 tur,
2254 5049 2283 5087 a
2298 5050 2627 5106 quocunque
2638 5038 2871 5092 voluerit
2886 5039 3428 5109 catiiolico'cpiscopo
3446 5058 3727 5098 ccnsrcra.
