4020 5364
203 93 224 148 l
235 94 343 150 ’5ὶῦ

1369 98 1727 155 EPISTULA!
1769 100 1856 157 ET
1891 102 2312 168 TlfPLOMATA.

3375 125 3442 138 -.Π

3375 148 3421 174 ah
3432 125 3480 178 ἰ

197 207 324 275 ipso
345 205 625 276 episcopo,
659 205 741 260 vel
773 223 801 259 a
843 206 1087 277 quolibet
1121 208 1433 277 apostolica:
1463 212 1608 266 sedis
1644 212 1792 266 vica-
1825 224 1867 281 Α
1903 215 2398 279 Vindocineusibus
2425 233 2478 280 et
2507 226 2576 281 ab
2599 229 2865 284 universis
2883 231 3197 286 hominibus
3224 229 3478 303 ipsorum

194 298 304 365 rio,
333 297 399 352 ad
419 298 716 352 concilium
745 314 851 352 non
883 308 1132 363 vocetur,
1164 313 1265 353 nec
1307 309 1530 355 coactus
1581 304 1786 369 veniat;

193 390 294 443 sed
321 387 626 444 Romanam
658 389 958 445 Ecclesium
993 391 1110 460 ipse
1136 401 1231 445 aut
1251 408 1346 461 per
1364 393 1600 462 legatum
1628 411 1788 449 suum

193 481 417 536 studeat
450 482 691 536 visitare.
718 481 960 537 Censum
979 498 1110 538 vero
1142 484 1210 538 ad
1250 486 1572 539 memoriam
1605 486 1790 556 cogni-

191 574 512 643 tionemque
561 575 949 642 sempiternam
1003 575 1290 629 duodecim
1362 576 1660 632 solidorum
1721 579 1789 632 de

189 674 413 720 moneta
440 665 689 734 ejusdem
746 667 936 736 pati-im
967 683 1080 722 sua:
1111 673 1374 722 statutum
1403 685 1433 722 a
1479 668 1787 724 fundatori-

187 758 297 813 bus
328 758 431 811 loci
466 758 626 812 beato
660 757 822 813 Petro
851 760 1000 814 reddi
1042 776 1139 829 per
1161 777 1333 815 unum
1377 776 1650 831 quemque
1698 777 1790 815 au-

180 868 325 926 tumi
361 853 636 907 volumus.
670 854 825 919 Quod
851 855 895 909 si
921 856 1062 908 forte
1086 856 1296 925 legatus
1311 855 1574 910 Romanae
1607 855 1788 911 Eccle-

187 947 287 1000 siae
311 949 680 1016 supradictqu
708 949 850 1002 beati
889 948 1030 1002 Petri
1059 951 1240 1006 locum
1270 951 1496 1005 visitare
1529 953 1784 1018 voluerit,

181 1039 264 1092 ibi
293 1055 418 1093 cum
457 1041 606 1094 omni
643 1042 910 1096 charitate
937 1043 1289 1112 suscipiatur,
1323 1052 1377 1098 et
1407 1060 1531 1113 quae
1563 1046 1785 1114 corpori

184 1138 350 1182 erunt
379 1129 711 1192 necessaria,
742 1129 790 1182 ei
821 1144 851 1182 a
875 1127 1138 1185 fratribus
1166 1129 1454 1200 diligenter
1474 1130 1631 1200 juxta
1659 1147 1786 1201 pos-

182 1221 504 1276 sibilitatem
533 1221 635 1278 loci
669 1221 1069 1277 ministrentur.
1113 1223 1233 1288 Ipse
1272 1239 1402 1280 vero
1436 1227 1570 1280 nihil
1605 1227 1657 1281 in
1686 1243 1784 1283 eo-

182 1313 310 1367 dem
336 1314 456 1368 loco
479 1329 574 1383 per
601 1330 660 1369 se
682 1316 959 1386 corrigere
1001 1332 1179 1386 neque
1227 1319 1519 1372 occasione
1569 1319 1786 1389 legatio—

184 1405 276 1459 nis
300 1414 566 1460 rectorem
623 1407 727 1462 loci
781 1409 865 1462 vel
903 1409 1098 1464 fratres
1145 1410 1437 1465 molestare
1467 1413 1781 1480 prrésumat,

181 1498 282 1552 sed
312 1499 356 1552 si
383 1499 514 1568 quid
540 1500 732 1554 viderit
760 1501 1167 1571 corrigendum,
1196 1519 1346 1572 papae
1381 1504 1575 1558 litteris
1613 1505 1660 1558 ei
1696 1506 1781 1559 iu—

180 1592 607 1647 ti‘mareiicebit.
665 1594 796 1650 Illud
847 1596 1010 1650 etiam
1061 1596 1473 1664 contirmaums,
1526 1609 1586 1654 ut
1632 1601 1784 1657 locus

181 1682 374 1740 Sancti
404 1686 706 1742 Salvatoris
736 1703 904 1757 prope
941 1705 1157 1744 muros.
1181 1690 1418 1745 civitatis
1459 1692 1783 1763 Andegavia:

181 1785 535 1833 constructus
571 1780 674 1834 sub
731 1781 1067 1835 nnmasterio
1127 1779 1516 1837 V’indociueusi
1568 1799 1784 1854 semper

181 1879 426 1935 maneat,
462 1886 559 1925 nec
581 1871 878 1941 aliquando
927 1873 999 1926 ibi
1031 1873 1318 1928 ordinetur
1371 1875 1571 1944 aliquis
1602 1885 1784 1931 rector

177 1963 266 2014 vel
301 1965 643 2032 praepositus,
697 1966 800 2020 nisi
827 1966 1110 2020 voluntate
1163 1967 1375 2021 abbatis
1416 1965 1782 2022 Vindocineu-

180 2056 284 2109 sis.
320 2054 430 2110 Hoc
460 2058 648 2134 etiam,
681 2059 803 2113 freti
837 2059 1032 2113 fiducia
1063 2060 1380 2128 apostolicae
1411 2062 1777 2117 auctoritatis.

178 2150 565 2218 prohibemus,
601 2167 666 2204 ne
695 2151 750 2204 in
819 2149 1211 2206 Yiudocinensi
1261 2153 1551 2219 cmnobio,
1586 2169 1681 2208 seu
1727 2153 1783 2207 iu

171 2242 441 2310 praedicta
481 2241 537 2296 S.
589 2241 898 2298 Salvatoris
931 2245 1186 2310 ecclesia,
1248 2245 1342 2298 ulli
1382 2261 1624 2316 unquam
1663 2261 1785 2316 per-

179 2350 354 2399 sonae,
395 2335 500 2389 nisi
545 2337 644 2389 soli
700 2351 854 2406 papa:
881 2335 1383 2405 liceatpotestatem
1410 2345 1506 2391 aut
1537 2337 1784 2392 domina-

181 2425 388 2481 tionem
437 2443 713 2493 exercere,
744 2438 838 2482 aut
869 2432 1372 2496 excommunicare,
1419 2445 1514 2483 seu
1554 2429 1783 2484 interdi-

178 2534 329 2583 cere,
355 2519 571 2574 etiamsi
625 2519 982 2576 Carnotensis
1026 2521 1109 2575 vel
1163 2521 1572 2590 Andegavcnsis
1608 2520 1784 2590 patria

178 2612 658 2667 cxcommuuicata
705 2612 871 2666 fuerit
893 2621 989 2667 aut
1022 2613 1340 2679 interdicta;
1394 2611 1781 2668 excommuni-

179 2709 344 2757 catos
374 2710 556 2756 tamen
576 2718 684 2756 non
712 2703 1034 2773 suscipiant.
1073 2701 1184 2755 Nos
1209 2714 1387 2756 autem
1435 2703 1616 2755 omnia
1665 2715 1786 2772 qua!

186 2793 410 2862 abipsis
434 2791 839 2859 fundatoribus,
868 2796 950 2848 vel
972 2795 1040 2850 ab
1070 2795 1191 2848 aliis
1223 2795 1504 2848 hcmlnum
1538 2796 1786 2864 personis

180 2902 362 2957 usque
390 2888 456 2942 ad
489 2889 630 2942 hanc
665 2889 806 2942 diem
837 2889 1012 2943 eidem
1048 2889 1168 2942 loco
1211 2889 1389 2942 oblata
1418 2896 1566 2952 sunt,
1595 2895 1780 2942 nostra
1812 2911 1856 2970 ε

179 2981 512 3034 auctoritate
542 2980 824 3035 ﬁrmamus
848 2989 899 3034 et
925 2982 1368 3045 corroboraxuus,
1401 2990 1461 3034 ut
1492 2981 1543 3033 iu
1585 2996 1717 3050 perp
1738 2999 1778 3019 ~-

173 3079 340 3125 tuum
367 3070 476 3138 juri
507 3070 748 3139 ejusdem
804 3069 906 3124 loci
938 3069 1055 3124 sine
1094 3070 1461 3124 diminutione
1493 3070 1574 3122 vel
1599 3070 1778 3138 quali-

181 3164 274 3218 bet
300 3165 688 3219 retractatione
712 3163 1026 3233 pcrsistant.
1065 3162 1121 3218 Si
1146 3164 1271 3235 quis
1292 3179 1419 3218 vero
1445 3170 1632 3217 contra
1662 3178 1778 3215 me-

180 3267 459 3312 moratum
509 3257 651 3311 beati
703 3258 849 3311 Petri
908 3255 1091 3311 locum
1146 3272 1245 3327 pro
1297 3257 1572 3327 aliquibus
1617 3256 1779 3310 rebus

180 3351 400 3405 causari
444 3351 697 3414 voluerit,
753 3364 862 3402 non
916 3349 964 3403 ei
997 3349 1170 3404 abbas
1201 3350 1281 3402 vel
1327 3348 1525 3402 fratres
1553 3362 1781 3415 respou-

183 3445 368 3509 deant,
399 3452 690 3512 antequam
748 3441 1054 3496 Romanum
1105 3441 1415 3511 pontificem
1470 3440 1778 3504 consulant,

180 3535 311 3604 quia
336 3534 602 3604 quidquid
629 3537 746 3588 sine
783 3543 974 3588 nostro
1031 3533 1113 3587 vel
1146 3545 1527 3588 successorum
1555 3539 1777 3585 nostro-

184 3627 539 3695 rumjudicio
577 3626 890 3692 definitum,
915 3625 1029 3681 sive
1061 3625 1391 3678 diminutum
1448 3622 1632 3687 fuerit,
1657 3622 1781 3676 irri-

181 3730 298 3771 tum
327 3719 451 3772 erit.
486 3716 595 3772 Res
633 3732 762 3770 vero
789 3731 911 3786 qua:
953 3717 1018 3769 ad
1069 3713 1352 3785 praefatum
1387 3713 1778 3768 monasterium

180 3811 478 3880 pertinent,
541 3810 594 3864 in
619 3809 904 3880 praesentis
928 3807 1194 3877 privilegii
1221 3806 1417 3877 pagina
1448 3805 1651 3860 idcirco
1683 3817 1781 3857 uo-

181 3906 384 3959 minari
401 3913 447 3960 el
475 3905 704 3974 exprimi
729 3904 1004 3966 volumus,
1023 3910 1082 3955 ut
1106 3901 1252 3955 nulla
1278 3899 1531 3968 deinceps
1550 3913 1782 3968 persona

180 3997 388 4066 aliquid
416 3998 482 4051 de
506 3997 709 4050 eisdem
742 3997 907 4050 rebus
933 3995 1108 4049 eidem
1139 3992 1472 4048 monasterio
1495 3990 1783 4047 subtrahe-

181 4090 565 4153 rc,minuerc,
601 4098 696 4144 aut
726 4088 966 4158 qualibet
990 4087 1280 4142 occasione
1319 4083 1534 4140 auferre
1572 4099 1784 4154 praesu-

180 4189 315 4235 mat.
341 4180 466 4236 llree
489 4189 613 4236 sunt
638 4199 759 4251 utne
786 4181 850 4234 ad
877 4180 1191 4252 praedictum
1208 4177 1602 4234 monasterium
1618 4177 1785 4247 perti-

1895 310 1963 364 ad
1989 325 2181 368 omnes
2210 315 2470 372 utilitates
2501 333 2631 376 suas
2679 321 2732 375 in
2779 323 2939 378 terris
2987 325 3306 380 monasterii
3351 326 3474 385 sine

1895 403 2109 460 licentia
2153 407 2588 465 forestariorum.
2623 411 2681 467 In
2727 415 3040 486 episcopatu
3089 417 3468 488 Audegaveusi

1891 496 2123 551 ecclesia
2170 496 2227 552 S.
2278 498 2580 558 Salvatoris
2636 503 2786 573 iuxta
2834 506 3217 580 Andcgavum;
3247 512 3477 566 ecclesia

1894 585 2079 643 Sancti
2097 587 2326 646 Joannis
2347 609 2511 663 super
2533 593 2789 664 Ligerim,
2815 612 2979 668 super
3000 601 3184 656 decem
3207 611 3266 657 et
3283 615 3482 659 novem

1891 696 2166 750 arpennos
2211 684 2528 750 vinearum,
2589 693 2644 741 et
2701 688 2810 743 duo
2865 692 3198 758 molendini;
3250 695 3478 750 ecclesia

1894 770 2081 827 Sancti
2137 773 2419 830 Saturnini
2480 787 2534 833 et
2576 781 2836 850 parochia
2886 791 3033 849 tota,
3077 794 3130 838 et
3177 786 3311 841 silva
3357 803 3480 857 quae

1891 863 2096 918 dicitur
2133 865 2320 934 Later,
2350 878 2404 922 et
2431 878 2574 924 terra
2623 871 2792 937 silvm,
2828 873 2872 927 si
2905 875 3037 928 sit-va
3085 874 3248 931 fuerit
3281 879 3482 933 exstir-

1889 966 2044 1024 pata:
2088 960 2230 1028 apud
2253 970 2492 1015 castrum
2516 962 2864 1019 Credoneusc
2895 967 3223 1036 parochialis
3247 971 3479 1026 ecclesia

1892 1047 1949 1102 S.
1977 1049 2307 1118 Clementis;
2340 1053 2407 1107 de
2450 1055 2552 1110 hac
2591 1057 2732 1110 inter
2775 1056 3209 1115 Vindociucuses
3236 1070 3289 1115 et
3335 1064 3477 1117 beati

1889 1137 2071 1193 Albini
2122 1143 2422 1197 monachos
2451 1145 2504 1197 in
2551 1149 2842 1214 praesentia
2894 1158 3079 1203 nostra
3128 1152 3476 1220 querimonia

1889 1241 2007 1285 orta
2043 1231 2164 1295 fuit,
2196 1246 2248 1288 et
2298 1237 2613 1304 apostolica:
2663 1239 2807 1293 sedis
2837 1240 3046 1309 judicio
3087 1240 3475 1298 Vindoeiuensi

1887 1329 2223 1382 monasterio
2260 1328 2610 1398 adjudicata;
2656 1332 2884 1386 ecclesia
2919 1332 3075 1403 burgi
3129 1333 3472 1399 Meduanilis,

1886 1427 1940 1472 et
1962 1418 2171 1489 burgus
2198 1429 2348 1475 totus
2394 1436 2518 1476 cum
2550 1422 2862 1491 integritate
2905 1440 3033 1490 sua;
3075 1427 3302 1480 ecclesia
3333 1427 3473 1480 beati

1889 1507 2034 1564 Petri
2061 1511 2127 1564 de
2154 1509 2394 1566 Maziaco
2418 1521 2530 1565 tota
2558 1531 2570 1576 ;
2608 1513 2662 1566 in
2693 1529 2833 1584 pago
2867 1514 3197 1572 Pictavieusi
3245 1519 3475 1573 ecclesia

1816 1569 1860 1624 Β
1885 1601 1951 1655 de
1992 1599 2195 1667 Oloua,
2247 1611 2301 1656 et
2347 1604 2577 1658 ecclesia
2628 1569 2794 1660 beati”
2817 1605 3032 1660 Martini
3061 1609 3129 1662 de
3166 1607 3383 1674 Avalia;
3418 1609 3475 1662 iu

1886 1709 2024 1764 pago
2056 1692 2290 1747 Scouico
2314 1695 2368 1747 in
2392 1693 2623 1749 Oleroue
2654 1697 2882 1750 ecclesia
2928 1695 3110 1753 Sancti
3156 1698 3399 1770 Georgii,
3421 1711 3478 1754 et

1888 1786 2043 1838 tertia
2083 1801 2211 1853 pars
2258 1787 2502 1841 ecclesiae
2547 1787 2742 1842 insulae
2795 1804 2921 1842 cum
2978 1792 3474 1847 consuetudinibus

1895 1877 2200 1940 universis;
2239 1876 2293 1930 in
2323 1887 2505 1952 castro
2551 1876 2805 1934 Oleronis
2858 1881 3088 1934 ecclesia
3141 1881 3474 1951 parochialis

1888 1964 2102 2020 Sancta:
2147 1965 2351 2030 Marizc,
2382 1967 2610 2021 ecclesia
2650 1967 2812 2023 Rodii
2852 1969 3092 2036 rebellis,
3127 1971 3358 2026 ecclesia
3406 1973 3474 2028 de

1887 2056 2288 2122 Blasnceriaco,
2319 2059 2549 2113 ecclesia
2579 2059 2766 2114 Sancti
2797 2057 3105 2126 Saturnini,
3127 2069 3267 2118 terra
3289 2062 3478 2118 Sancti

1889 2144 2194 2210 Saturnini,
2237 2160 2290 2202 et
2336 2156 2481 2203 terra
2530 2148 2716 2204 Sancti
2769 2151 2962 2205 Auiani
3020 2167 3146 2206 cum
3198 2153 3390 2209 salinis
3425 2163 3480 2209 et

1887 2238 2287 2308 piscationibus
2311 2248 2364 2293 et
2385 2242 2657 2296 universis
2689 2245 3033 2312 pertinentiis
3056 2247 3191 2301 suis.
3210 2245 3266 2300 Si
3295 2256 3474 2302 autem

1888 2331 2059 2384 abbas
2085 2331 2328 2399 praedicti
2375 2332 2481 2386 loci
2513 2333 2776 2388 adversus
2808 2337 3064 2390 comitem
3107 2336 3477 2392 Yiudociucn-

1889 2436 2027 2486 sem,
2056 2421 2140 2475 vel
2189 2423 2490 2491 quemlibet
2545 2424 2824 2480 hominem
2883 2443 3043 2481 suum
3093 2428 3480 2498 cujuscunque

1890 2513 2117 2567 honoris
2166 2514 2250 2566 vir
2276 2513 2364 2567 ille
2397 2513 2580 2581 fuerit,
2631 2517 2910 2585 querelam
2955 2519 3226 2585 habuerit,
3263 2521 3474 2574 incuria

1889 2605 2209 2658 monasterii
2252 2604 2697 2672 Viudociueusis,
2730 2623 2828 2678 pro
2856 2609 3119 2679 dignitate
3157 2619 3212 2664 et
3251 2627 3478 2667 venera-

1891 2696 2040 2750 tione
2097 2697 2200 2751 loci
2251 2698 2594 2767 querimonia
2660 2700 2778 2770 ipsa
2811 2699 3052 2766 finiatur,
3103 2718 3206 2757 nec
3254 2704 3309 2756 in
3357 2719 3476 2774 ipsa

1888 2788 2041 2842 curia
2098 2789 2418 2844 monasterii
2472 2789 2699 2844 dimidia
2747 2807 2875 2860 pars
2923 2793 3217 2860 cujuslibet
3263 2793 3482 2851 forfacti'

1889 2873 2170 2948 quzcratur
2218 2881 2287 2935 ab
2336 2880 2522 2952 aliquo
2557 2884 2640 2937 vcl
2673 2884 2924 2938 donetur.
2968 2885 3231 2941 Pi'asterca
3283 2899 3476 2942 uolunt

1887 2987 2008 3026 esse
2035 2974 2291 3030 volumus
2315 2984 2518 3028 sancta:
2544 2974 2637 3029 Dei
2673 2974 2930 3031 Ecclesia:
2954 2978 3223 3044 fidelibus,
3255 2989 3309 3033 et
3347 2980 3475 3034 huic

1883 3073 2084 3117 nostra:
2116 3067 2518 3120 continuationi
2565 3067 2988 3135 adnectendnm,
3019 3071 3168 3140 quod
3222 3070 3470 3127 Theode—

1880 3157 2032 3211 ricus
2062 3156 2420 3213 Caruotensis
2471 3159 2786 3230 episcopus,
2824 3161 2877 3215 in
2916 3163 3076 3232 cujus
3114 3164 3338 3220 dia-cesi
3379 3182 3473 3221 su-

1881 3245 2187 3314 pradictum
2220 3249 2616 3303 monasterium
2645 3249 3048 3308 Viudociuense
3095 3255 3260 3309 situm
3292 3256 3472 3310 nosci-

1882 3347 1994 3404 tur,
2022 3337 2322 3396 Clementis
2366 3357 2520 3412 papm
2565 3345 2875 3411 praesentiae
2901 3361 3056 3399 suam
3107 3348 3474 3401 transmiserit

1882 3431 2202 3500 epistolam,
2267 3446 2470 3504 rogans
2533 3447 2690 3499 eum,
2744 3446 3015 3505 quatenus
3075 3439 3470 3492 monasterium

1884 3525 2061 3594 ipsum
2105 3525 2184 3580 sic
2219 3543 2316 3582 sua
2339 3528 2630 3582 roboretur
2677 3530 3028 3595 auctoritate,
3058 3539 3117 3584 ut
3160 3531 3296 3583 nulli
3347 3547 3472 3584 suc-

1885 3633 2168 3673 cessorum
2203 3634 2430 3674 suorum
2463 3629 2586 3689 post
2614 3634 2739 3674 eum
2774 3634 2862 3674 res
2892 3622 3056 3690 hujus
3102 3621 3207 3675 loci
3255 3621 3473 3676 auferre

1883 3711 1966 3764 vel
1996 3711 2264 3776 minuere,
2297 3711 2381 3764 vel
2425 3711 2928 3777 excommunicare,
2958 3712 3073 3766 sive
3124 3712 3468 3778 interdicere,

1885 3801 1968 3854 vel
1993 3808 2313 3870 potestatem
2340 3813 2434 3856 aut
2459 3802 2886 3858 dominationem
2917 3804 2970 3857 iu
3015 3803 3137 3873 ipso
3164 3804 3286 3859 loco
3317 3820 3474 3859 exer-

1885 3910 2008 3949 cere
2034 3895 2241 3959 liceret,
2269 3909 2365 3949 seu
2414 3895 2662 3965 quolibet
2691 3896 2854 3951 modo
2906 3905 3173 3952 rectorem
3229 3897 3335 3952 loci
3386 3895 3482 3952 vel'

1887 3985 2086 4042 fratres
2136 3986 2442 4057 inquietare
2474 3987 2720 4052 auderet,
2747 3989 2894 4057 quod
2940 3988 3175 4060 benigne
3219 3987 3484 4046 Clemens

1887 4095 2026 4151 papa
2059 4081 2271 4144 annuit,
2318 4089 2372 4136 et
2401 4095 2502 4135 nos
2532 4087 2721 4134 nostra
2752 4081 3079 4135 auctoritate
3117 4079 3345 4151 dignum
3376 4097 3474 4136 au-

1888 4187 2058 4227 nuere
2108 4171 2443 4227 censuimus.
2497 4169 2553 4226 Si
2601 4172 2726 4242 quis
2781 4181 2964 4228 autem
3022 4172 3256 4228 violator
3310 4173 3476 4243 hujus

181 4283 670 4328 uereuoscuntur:
698 4274 750 4326 iu
772 4287 910 4342 pago
928 4269 1565 4327 VimlociuensiEcclesia
1579 4269 1645 4324 de
1658 4267 1789 4323 Fer-
1817 4267 1865 4326 D
1892 4264 2064 4320 nostri
2097 4263 2349 4335 praecepti
2399 4264 2691 4330 exstiterit,
2737 4265 2843 4320 nisi
2874 4265 3188 4334 resipuerit,
3232 4280 3333 4320 nec
3364 4280 3474 4319 non

181 4363 330 4417 raria
372 4371 430 4418 et
461 4364 588 4417 villa
627 4362 694 4417 de
741 4363 1015 4429 Pruncto;
1072 4361 1319 4417 ecclesiae
1369 4376 1592 4431 quoque
1641 4375 1780 4430 quas

183 4454 565 4511 Theodericus
612 4455 972 4510 (Zarnotcnsis
1038 4456 1330 4524 episcopus
1383 4451 1777 4508 Vindociueusi

184 4548 532 4602 monasterio
579 4547 757 4614 dedit;
803 4546 1032 4604 ecclesia
1083 4544 1270 4600 Sancti
1319 4543 1502 4609 Beati;
1551 4543 1779 4598 ecclesia

174 4639 374 4695 Sancti
403 4639 634 4694 Joannis
662 4641 729 4694 de
778 4638 1250 4704 Castrodunensi;
1284 4636 1518 4689 ecclesia
1553 4635 1619 4688 de
1653 4633 1776 4688 Bal—

184 4729 399 4797 neolis;
430 4729 664 4784 ecclesia
712 4730 778 4784 de
808 4729 961 4783 Valle
1011 4727 1213 4792 Rchla;
1249 4723 1478 4780 ecclesia
1511 4723 1775 4777 Authcni:

1885 4357 2142 4414 Ecclesiae
2169 4357 2519 4421 satisfecerit,
2554 4360 2692 4414 sciat
2716 4373 2774 4413 se
2804 4359 3105 4428 apostolica
3149 4358 3476 4413 auctoritate

1883 4460 2144 4519 perpetuo
2183 4452 2532 4504 anathemate
2560 4463 2906 4519 percussum,
2942 4459 3106 4520 atque
3161 4466 3192 4505 a
3242 4465 3474 4519 corpore

1881 4542 2153 4610 praedicta:
2179 4540 2440 4594 Ecclesiae
2461 4540 2724 4604 divisum,
2753 4539 3083 4608 diaboloque
3128 4557 3255 4594 cum
3290 4541 3484 4609 impiis

1882 4634 2162 4687 traditum.
2215 4629 2319 4695 Qui
2367 4647 2496 4685 vero
2547 4640 2904 4687 conservator
2949 4639 3001 4683 ct
3045 4631 3307 4685 obediens
3349 4631 3494 4690 huic

1885 4736 2084 4782 nostra:
2115 4724 2523 4782 confirmationi
2547 4736 2601 4780 et
2622 4724 2933 4794 apostolicae
2953 4724 3269 4780 auctoritati
3292 4722 3497 4799 fuerit,

183 4821 243 4875 lu
273 4821 597 4891 episcopatu
635 4819 1056 4883 Ceuomauensi,
1084 4817 1312 4873 ecclesia
1339 4814 1529 4868 Sancti
1553 4812 1782 4868 Joannis

181 4910 250 4963 de
277 4908 569 4973 Villa-Dei,
598 4917 648 4961 ct
673 4910 794 4964 villa
820 4913 936 4982 ipsa
964 4923 1087 4961 cum
1117 4901 1610 4964 consuetudinibus
1657 4905 1782 4960 uui-

183 5003 394 5068 versis;
433 5001 665 5059 ecclesia
719 5002 906 5061 Sancti
952 4997 1232 5056 Michaelis
1269 4999 1336 5052 de
1385 4994 1618 5063 Ilulleto,
1653 5013 1775 5052 cum

181 5093 508 5149 inolendiuis
564 5102 618 5145 et
645 5094 846 5168 boseis,
884 5103 1084 5151 etcum
1135 5091 1395 5151 omnibus
1427 5093 1781 5148 consuetudi-

181 5184 343 5239 nibus
382 5199 514 5240 suis.
557 5181 613 5235 in
646 5181 852 5250 fore.ch
887 5183 1155 5244 Wastinae
1209 5190 1388 5240 totum
1445 5185 1775 5253 pannagium

173 5278 240 5329 de
296 5277 527 5345 propriis
574 5277 742 5342 porcis
809 5279 1058 5340 omnium
1121 5274 1518 5336 monachorum
1576 5289 1780 5333 sancta:

1886 4819 2269 4875 benedictione
2306 4826 2360 4871 et
2387 4816 2562 4889 gratia
2590 4815 2979 4884 omnipotentis
3014 4815 3112 4872 Dei
3143 4813 3522 4898 perfruatur;

1882 4919 1938 4964 et
1965 4912 2102 4966 int-r
2129 4923 2397 4983 prospera
2435 4908 2686 4974 humilis,
2732 4915 2784 4959 et
2812 4905 2954 4959 inter
2985 4910 3218 4965 adversa
3267 4922 3558 4991 manca"b

1887 5018 2135 5071 securus,
2185 5008 2245 5054 ut
2278 5000 2458 5054 divina
2487 4996 2867 5057 misericordia
2892 5001 3145 5059 munitus
3182 4999 3359 5055 valeat
3396 5018 3574 5081 per

1888 5095 2107 5152 beatum
2159 5095 2386 5150 Petrum
2436 5093 2684 5148 coelestia
2738 5105 2901 5161 regna
2957 5091 3168 5151 intrare
3259 5101 3310 5146 ct
3365 5111 3564 5174 cu,“

1887 5186 2108 5245 Christo
2129 5191 2189 5244 in
2219 5193 2481 5240 mtcruum
2513 5187 2771 5255 gaudere.

1961 5281 2240 5352 Scriptum
2265 5292 2358 5345 per
2375 5291 2572 5332 manus
2598 5273 2882 5343 Octavia-ui
2911 5278 3186 5336 scriniarii
3214 5286 3268 5332 ct
3295 5289 3522 5350 notat»:~
3544 5308 3579 5364 ἰ
