4020 5364
548 302 690 359 i333

1870 291 2140 351 NlCOLAl
2176 296 2218 351 ll
2256 296 2459 354 PAP/E

3708 295 3835 353 i335

470 406 471 413 “
544 412 945 473 bibliotnecarii
985 427 1130 468 sacri
1179 408 1383 480 patatii,
1435 421 1581 464 anno
1626 409 1695 463 ab
1750 407 2136 466 lncarnatione
2166 414 2211 469 Α
2239 427 2455 483 cunque
2486 420 2644 480 sunt;
2679 421 2871 481 tetras,
2904 426 3043 485 quas
3064 411 3211 471 dedit
3236 411 3340 469 sibi
3365 410 3507 470 Osse
3533 412 3832 484 proauita:

548 497 765 577 Domini
797 505 1088 563 millesimo
1119 502 1460 574 sexagesimo
1501 500 1703 572 primo,
1734 517 1883 557 anno
1921 519 1978 557 ιιι
2001 519 2138 573 pon-

547 603 787 656 titicatus
810 596 1016 654 Nicolai
1036 612 1188 669 papm
1215 593 1285 650 ll.

556 764 561 769 .
1226 709 1473 765 xxxw.
1937 774 1944 781 _

549 807 768 865 Κείοιαί
822 804 889 859 11
937 804 1087 860 bulla
1139 803 1506 874 conﬁrmantis
1566 802 1846 873 privilegia
1904 801 2138 856 caeitulo

937 872 1316 932 canonicorum
1370 872 1749 928 Suanensium.

1139 966 1321 1038 (Anno
1368 964 1553 1034 1061.)

554 1126 563 1132 β
831 1060 1168 1135 [Μσιιτιτοιιῃ
1202 1057 1385 1130 Antiq.
1429 1055 1562 1111 Ital.
1597 1055 1664 1123 γ,
1702 1055 1858 1129 253.]

615 1153 890 1210 Νιεοιιλιιδ
921 1153 1235 1223 episcopus,
1265 1166 1458 1206 servus
1485 1165 1766 1206 servorum
1795 1148 1912 1215 Dei,
1947 1147 2141 1207 Vrum

551 1254 753 1300 sanctze
785 1242 1084 1299 Suanensis
1124 1241 1384 1297 Ecclesiae
1425 1241 1738 1312 praeposito,
1776 1241 1846 1295 ad
1874 1241 2138 1296 honorem

549 1336 611 1390 B.
665 1334 810 1390 Petri
857 1332 1228 1407 apostolorum
1258 1332 1544 1404 principis
1591 1333 1884 1399 dedicatae,
1935 1332 2143 1403 tibique

550 1425 916 1493 successuris,
946 1425 1273 1498 regulariter
1291 1425 1705 1496 promovendis,
1749 1433 1805 1481 et
1843 1425 1901 1479 in
1951 1433 2143 1481 sancto

546 1516 828 1587 proposito
865 1514 1242 1589 permansuris
1277 1514 1334 1569 in
1364 1522 1714 1585 perpetuum.

617 1607 888 1675 Quoniam
920 1604 1318 1678 Omnipotentis
1351 1605 1594 1678 dignatio
1622 1623 1724 1662 suo
1750 1605 1987 1678 gratuito
2016 1622 2142 1662 mu-

548 1684 698 1760 nere,
723 1697 873 1751 nullo
901 1697 1065 1768 digno
1088 1697 1416 1767 praevidcnte
1444 1712 1629 1768 opere,
1662 1697 1730 1753 ad
1756 1697 1862 1754 hoc
1896 1706 2142 1753 nostram

546 1789 912 1844 humilitatem
935 1789 1158 1861 dignata
1178 1796 1263 1846 est
1285 1790 1601 1861 provehere,
1628 1798 1898 1862 quatenus
1926 1806 2023 1861 per
2043 1804 2145 1847 nos

546 1882 751 1954 ubique
785 1890 1057 1939 terrarum
1084 1882 1306 1955 proprio
1338 1883 1607 1955 sanguine
1637 1883 1931 1954 redempta:
1957 1883 2145 1940 Eccle-

545 1975 643 2056 sia:
667 1975 853 2030 lumen
884 1974 1395 2056 administraremus
1423 1973 1762 2041 indeliciens,
1784 1974 2029 2046 profecto
2047 1992 2142 2031 ra-

545 2051 805 2147 tionabile
848 2051 1121 2133 ducimus,
1175 2074 1501 2137 cooperante
1542 2066 1686 2137 ipso,
1735 2066 1803 2122 de
1840 2082 1952 2137 quo
1993 2067 2143 2138 ιο(ιυί

544 2155 956 2227 prmsumimus,
1007 2158 1309 2213 secundum
1345 2157 1596 2229 proprias
1644 2174 1792 2213 vires
1843 2158 2144 2229 unicuique

547 2257 833 2321 acceptum
857 2250 1123 2305 talentum
1153 2249 1504 2316 distribuere,
1536 2265 1604 2305 ne
1635 2258 1931 2321 apparente
1966 2250 2142 2321 ipsius

547 2343 852 2412 majestate,
879 2342 1025 2413 quod
1061 2341 1248 2398 absit!
1289 2343 1409 2397 sine
1454 2342 1725 2413 acquisito
1772 2343 1947 2407 lucro,
1995 2341 2144 2397 velut

548 2433 758 2491 inutilis
781 2446 994 2503 servus,
1025 2434 1308 2491 videamur
1333 2449 1599 2490 remeare.
1639 2432 1796 2502 Quod
1832 2435 2021 2506 utique
2047 2451 2145 2505 per

547 2525 792 2580 divinam
843 2526 1274 2596 miscricordiam
1320 2526 1584 2597 consequi
1622 2541 1783 2597 posse
1832 2541 2141 2596 speramus,

545 2619 594 2681 si
620 2617 881 2676 membris
911 2618 1032 2689 ejus
1072 2619 1252 2675 adhuc
1275 2633 1373 2690 per
1401 2618 1561 2673 fidem
1612 2618 1667 2674 in
1714 2628 1857 2674 terra
1899 2620 2144 2675 coelestia

545 2712 952 2781 anhelantibus,
988 2708 1261 2785 praesidia,
1293 2728 1417 2784 qua:
1439 2728 1760 2786 possumus,
1784 2729 1981 2771 sereno
2008 2714 2142 2771 alib-

544 2810 640 2859 ctu
664 2804 1012 2875 suppeditare
1041 2820 1323 2862 curamus.
1365 2802 1457 2859 Sic
1488 2804 1658 2871 enim,
1692 2805 1772 2861 sic
1800 2803 2062 2876 profecto,
2090 2812 2146 2862 et

547 2911 846 2967 supernum
890 2905 1091 2951 nostrae
1131 2894 1412 2971 fragilitati
1450 2893 1809 2951 conciliamus
1854 2896 2142 2963 auxilium,

544 2995 602 3041 ct
626 3002 765 3057 pura
796 2986 941 3040 intra
977 2985 1160 3041 cordis
1195 2984 1497 3055 hospitium
1526 2996 1780 3042 manente
1821 2986 2142 3054 intentione,

550 3079 833 3159 hominum
868 3092 1270 3147 consequemur
1292 3074 1535 3133 favorem
1558 3077 1870 3143 honestum,
1898 3094 2047 3146 cum,
2075 3079 2109 3133 li
2129 3110 2142 3120 -

548 3179 635 3229 cct
663 3169 936 3226 universis
977 3168 1251 3224 debitores
1275 3169 1451 3226 simus
1478 3170 1734 3241 gentibus
1774 3169 1898 3226 lidci
1936 3172 2146 3228 lumine

550 3259 910 3325 elarentibus,
941 3259 1259 3317 matricibus
1297 3270 1481 3317 tamen
1513 3260 1773 3318 Ecclesiis
1810 3263 2002 3319 sedulo
2030 3280 2146 3321 scr-

552 3350 846 3416 viantibus,
870 3358 926 3405 et
950 3349 1133 3405 divina
1159 3350 1333 3408 oﬂieia
1359 3353 1440 3409 eis
1462 3353 1716 3425 religiose
1738 3354 1984 3425 quotidie
2015 3372 2148 3427 pcr-

552 3443 912 3507 selventibus,
944 3451 998 3498 et
1021 3442 1166 3514 apud
1200 3459 1295 3499 eas
1321 3445 1585 3501 canonice
1620 3446 1950 3513 viventibus,
1976 3448 2145 3504 bene-

549 3536 803 3592 volentia:
824 3535 1004 3591 studio
1038 3534 1304 3605 majorem
1334 3552 1524 3592 curam
1553 3553 1719 3609 quam
1748 3540 1963 3596 cazteris
2014 3540 2146 3597 sub-

544 3624 865 3695 jectioribus
889 3624 1104 3681 clericis
1131 3625 1521 3695 impendimus.
1563 3626 1896 3685 Canonicam
1960 3630 2147 3701 itaque

550 3719 724 3774 sancti
756 3716 901 3773 Petri
924 3719 979 3773 in
1013 3716 1285 3774 Suanensi
1315 3719 1469 3787 urbe,
1493 3721 1770 3792 quondam
1812 3737 1842 3776 a
1886 3721 2146 3779 liainerio

550 3811 796 3883 ejusdem
836 3810 1140 3867 Suanensis
1175 3811 1431 3868 Ecclesia:
1473 3824 1674 3869 sancta:
1713 3816 1990 3872 memoria:
2029 3816 2144 3887 cpi-

550 3920 717 3975 secpo
746 3904 836 3975 pia
867 3904 1130 3977 religione
1151 3892 1498 3973 aedificatam,
1539 3916 1596 3962 et
1639 3915 1829 3978 postea
1868 3924 1898 3963 a
1932 3907 2144 3965 Joanne

551 3982 869 4064 successore
901 3996 1043 4067 ejus,
1069 3997 1466 4054 interveniente
1494 3998 1755 4056 Anselmo
1785 4016 1977 4057 eorum
2011 4018 2143 4058 suc-

551 4102 786 4154 cessere,
828 4089 1126 4153 venerabili
1159 4090 1439 4161 episcopo,
1476 4092 1573 4162 qui
1600 4108 1749 4150 nunc
1783 4095 2141 4164 praelibatam,

552 4178 873 4253 disponente
892 4177 1022 4246 Deo,
1044 4179 1313 4250 gubernat
1334 4179 1656 4250 Ecclesiam,
1683 4184 1738 4238 in
1763 4184 1993 4239 tuitionc
2020 4200 2149 4243 san-

552 4267 623 4320 cti
649 4265 794 4321 Petri
815 4268 918 4322 sub
944 4277 1130 4327 nostra
1161 4279 1589 4342 nostrorumque
1621 4289 2005 4331 successorum
2047 4276 2141 4332 dc-

554 4357 821 4437 ieusione,
865 4373 990 4414 cum
1026 4362 1284 4417 omnibus
1312 4379 1434 4433 qua:
1489 4364 1640 4434 juste
1675 4367 1860 4434 habet,
1888 4378 1941 4423 ct
1976 4370 2030 4423 ln
2055 4367 2144 4423 l'u-

2241 518 2378 570 sua;
2406 512 2599 571 terras,
2630 520 2770 576 quas
2793 505 2989 561 obtulit
3015 505 3119 561 sibi
3149 504 3440 562 Guidoll‘us
3472 506 3532 560 in
3554 504 3836 559 Da'mze’lo

2242 604 2293 651 et
2322 596 2545 663 Uliano;
2582 606 2775 665 terras,
2813 613 2953 670 quas
2991 598 3217 654 donavit
3252 599 3359 653 sibi
3402 597 3728 653 Gotifrezlus
3762 598 3839 651 cis

2244 685 2539 744 Salisinam
2571 688 2826 757 fluvium;
2864 700 3059 757 terras,
3096 706 3234 762 quas
3263 691 3485 747 tradidit
3512 690 3624 745 sibi
3653 688 3842 744 Ausci-

2242 796 2367 835 mus
2401 780 2642 837 Rainerii
2682 783 2828 838 ﬁlius
2858 783 2912 837 in
2942 781 3235 849 Calonico;
3268 790 3468 847 terras,
3505 797 3652 851 quas
3686 780 3840 836 adhic

2242 870 2359 926 buit
2402 872 2507 928 sibi
2547 872 2753 931 Bonizo
2792 874 2848 928 in
2883 872 3143 945 Stipano;
3185 883 3385 939 terras,
3427 891 3572 945 quas
3600 875 3841 930 exhibuit

2242 962 2344 1018 sibi
2373 961 2649 1020 Evrardus
2675 964 2952 1030 notarius;
2984 972 3208 1030 terram,
3239 980 3405 1035 quam
3448 972 3845 1020 concesserunt

2242 1055 2347 1110 sibi
2368 1054 2609 1125 episcopi
2635 1055 2791 1125 juxta
2821 1055 3069 1112 eamdem
3094 1055 3316 1122 urbem;
3337 1055 3637 1111 ecclesiam
3663 1053 3842 1110 Sancti

2243 1145 2465 1201 Martini
2506 1145 2563 1201 in
2594 1145 2921 1201 Coronzano
2970 1146 3154 1212 sitam,
3197 1161 3323 1200 cum
3372 1145 3642 1201 omnibus
3681 1145 3844 1215 perii-

2241 1238 2447 1295 nentiis
2467 1238 2583 1295 suis
2606 1246 2769 1311 atque
2800 1238 3097 1306 reditibus;
3133 1238 3423 1304 ecclesiam
3459 1235 3655 1292 Sancti
3684 1236 3846 1293 Geor-

2243 1329 2317 1401 gii
2346 1329 2405 1384 in
2429 1327 2656 1384 Pertitio
2687 1328 2870 1394 sitam,
2903 1345 3027 1384 cum
3057 1328 3315 1384 omnibus
3370 1343 3501 1398 qua:
3532 1327 3643 1382 sibi
3686 1327 3847 1397 perti-

2245 1429 2404 1491 nent;
2438 1437 2662 1479 mansos
2687 1430 2820 1488 tres,
2855 1422 3062 1477 scilicet
3092 1418 3333 1475 Corbulo
3359 1420 3592 1485 clerico,
3624 1420 3851 1490 presby-

2245 1520 2363 1568 tero
2405 1511 2716 1578 Dominico,
2766 1520 2821 1567 et
2876 1510 3057 1583 Sigizo
3096 1512 3293 1567 ibidem
3323 1511 3681 1582 presbytero,
3723 1510 3847 1565 olim

2245 1612 2438 1659 custos
2456 1604 2523 1660 de
2547 1604 2704 1675 plebe
2737 1603 2792 1659 in
2820 1604 2955 1659 urbe
2978 1603 3183 1674 posita;
3225 1618 3418 1658 omnes
3442 1618 3685 1672 prorsus
3706 1602 3850 1658 dej-

2245 1697 2541 1764 mationes,
2589 1696 2676 1752 his
2721 1695 2964 1767 exceptis
3010 1710 3133 1766 (tute
3179 1694 3514 1765 quibusdam
3582 1694 3853 1749 militibus

2178 1761 2221 1816 Β
2247 1787 2455 1843 dudum
2478 1761 2546 1842 ab
2567 1787 2841 1860 episcopis
2857 1761 2926 1842 in
2956 1761 3219 1841 beneficio
3255 1785 3395 1841 datae
3426 1792 3595 1850 sunt;
3619 1793 3682 1840 et
3704 1784 3855 1841 dimi-

2246 1876 2399 1933 dium
2429 1878 2678 1934 omnium
2702 1876 3065 1944 oblationum,
3103 1885 3158 1930 et
3187 1878 3675 1949 eiecmosynarum
3718 1891 3855 1946 prte-

2246 1970 2426 2025 libatze
2452 1969 2594 2041 plebi
2619 1970 2926 2025 oblatarum
2961 1967 3462 2045 etol'l'eteudarum,
3511 1984 3644 2025 cum
3690 1969 3853 2024 etiam

2245 2061 2470 2117 dimidia
2498 2070 2650 2133 parte
2677 2061 2926 2119 omnium
2963 2070 3231 2117 terrarum
3294 2077 3434 2131 quas
3473 2061 3675 2117 habuit
3728 2060 3854 2116 Giso

2243 2163 2399 2224 pater
2445 2152 2675 2211 Joannis
2710 2155 2973 2226 cpisc0pi,
3017 2155 3112 2225 qui
3151 2154 3402 2211 videlicet
3433 2155 3856 2226 praenomina:

2244 2245 2500 2302 Ecclesia:
2527 2255 2581 2301 et
2606 2248 2888 2303 canonicis
2918 2263 3043 2303 cum
3068 2264 3176 2303 una
3202 2249 3366 2304 domo
3391 2248 3447 2302 in
3484 2248 3627 2302 urbe
3668 2247 3853 2311 dedit;

2245 2337 2451 2393 scilicet
2475 2337 2761 2393 ecclesiam
2788 2337 3002 2397 Sancta
3036 2338 3221 2413 Marim
3251 2339 3306 2396 in
3339 2338 3544 2413 Lapegi
3580 2339 3776 2406 sitam,
3804 2350 3857 2394 ct

2243 2430 2383 2486 duos
2414 2446 2642 2487 mansos
2673 2432 2726 2486 in
2766 2431 2880 2499 llci,
2911 2441 2967 2488 et
3002 2433 3220 2489 vineam
3250 2442 3304 2488 et
3328 2440 3534 2488 terram
3582 2432 3642 2487 in
3689 2432 3858 2503 plano

2246 2518 2540 2577 Suanensi.
2580 2519 2707 2577 Haec
2736 2522 2920 2577 omnia
2949 2532 3003 2578 et
3037 2539 3160 2594 qua:
3189 2538 3332 2593 saepe
3375 2522 3539 2578 dieue
3563 2523 3856 2577 canonica:

2244 2626 2274 2665 a
2314 2610 2563 2666 fidelibus
2606 2612 2809 2679 oblata,
2852 2613 2939 2668 vel
2982 2614 3182 2669 amodo
3219 2612 3498 2668 elici-entia
3533 2620 3696 2678 sunt,
3739 2609 3857 2674 tili,

2249 2697 2440 2756 Vitalis
2470 2701 2667 2757 dilecte
2708 2703 2805 2769 liii,
2848 2702 3065 2774 tuisque
3111 2703 3557 2769 successoribus,
3602 2702 3856 2759 clericis-

2244 2806 2351 2861 quc
2391 2792 2444 2847 in
2484 2808 2547 2847 ca
2581 2794 2846 2850 ordinatis
2869 2804 2925 2850 et
2953 2794 3293 2859 ordinandis,
3324 2804 3380 2849 et
3411 2794 3465 2849 in
3504 2804 3708 2849 sancto
3734 2808 3856 2863 pro-

2246 2880 2424 2951 posito
2457 2885 2834 2962 pcrmansuris
2863 2885 3235 2953 concedimus,
3269 2893 3323 2939 et
3352 2899 3622 2940 concessa
3658 2888 3857 2940 contir-

2245 2986 2482 3027 mamns.
2526 2970 2595 3027 Ut
2627 2974 2809 3030 nullus
2839 2991 3079 3047 unquam
3109 2975 3421 3046 cpiscopus,
3453 2974 3648 3030 nullus
3678 2976 3830 3045 impr:

2248 3070 2416 3130 ratur,
2446 3064 2625 3120 nullus
2650 3081 2765 3132 rex,
2790 3067 2976 3121 nullus
3002 3067 3132 3133 dux,
3159 3068 3341 3122 nullus
3366 3068 3644 3134 marchio,
3672 3069 3859 3124 nullus

2247 3152 2572 3221 vieccomcs,
2605 3157 2788 3214 nullus
2825 3158 3123 3224 castaldus,
3161 3159 3310 3213 nulla
3340 3174 3543 3230 magna
3574 3175 3858 3231 parvaque

2244 3260 2479 3319 persona
2520 3263 2582 3302 ea
2627 3248 2750 3304 inde
2801 3251 2999 3307 audeat
3041 3250 3256 3306 auferre
3307 3251 3393 3306 vel
3438 3253 3722 3317 retollerc,
3766 3263 3860 3308 aut

2247 3356 2342 3397 vos
2395 3335 2720 3409 inquietare,
2771 3351 2867 3395 aut
2913 3340 3195 3397 molestias
3250 3340 3483 3405 inferre;
3529 3342 3629 3397 sed
3674 3342 3858 3412 quiete

2246 3431 2634 3504 permittamiui
2668 3432 2867 3495 vivere,
2899 3440 2954 3486 ct
2987 3430 3094 3486 Deo
3132 3446 3357 3486 servire.
3401 3431 3461 3486 Si
3505 3435 3639 3504 quis
3673 3445 3854 3489 autem

2246 3534 2534 3580 temerario
2558 3539 2695 3579 ausu
2730 3524 2869 3579 hanc
2894 3524 3249 3594 apostolicam
3276 3526 3627 3583 sanctionem
3661 3528 3856 3582 infrin—

2242 3632 2370 3690 gere
2399 3616 2704 3675 tcntavcrit.
2738 3613 2842 3671 nisi
2877 3616 3190 3671 admonitus
3220 3616 3517 3685 rcsipucrit
3561 3628 3619 3672 et
3663 3632 3852 3673 cmen-

2242 3707 2470 3767 daverit,
2504 3703 2685 3778 gladio
2714 3706 3079 3763 anatltentatis
3110 3706 3469 3774 percutiatur,
3519 3716 3577 3764 et
3618 3709 3677 3760 in
3720 3723 3855 3777 pm:-

2243 3799 2383 3857 senti
2411 3814 2575 3854 oarnc
2608 3807 2814 3866 pereat,
2856 3807 2909 3853 ct
2943 3797 3105 3863 Deus,
3156 3799 3285 3853 dum
3330 3798 3592 3867 judicare
3625 3800 3850 3865 venerit,

2243 3891 2436 3963 Spiritu
2461 3905 2575 3946 Ol‘lS
2609 3889 2694 3945 sui
2727 3904 2851 3944 eum
2885 3888 3193 3944 interﬁciat.
3244 3887 3350 3957 Qui
3389 3905 3530 3944 vero
3574 3891 3704 3961 pius
3732 3906 3853 3946 con-

2243 3994 2484 4041 servator
2514 3981 2802 4047 exstiterit,
2834 3984 3007 4037 sancti
3037 3980 3206 4045 Petri,
3235 3992 3602 4053 nostramque
3634 3982 3851 4039 benedi-

2241 4078 2501 4143 ctionem,
2531 4093 2562 4133 a
2590 4075 2818 4130 Dontino
2856 4072 2986 4131 Jesu
3027 4073 3248 4129 Christo
3277 4086 3678 4145 promereatur
3700 4085 3850 4131 mter-

2243 4151 2370 4245 nam
2401 4167 2920 4225 remunerationem.

2315 4259 2513 4317 Datum
2554 4275 2649 4331 per
2688 4274 2885 4313 manus
2929 4256 3215 4313 llumherti
3264 4257 3572 4316 cardinalis
3610 4258 3847 4330 episcopi

2244 4360 2499 4418 Ecclesite
2525 4358 2741 4412 Sancta:
2780 4353 2940 4411 Silva:
2969 4354 3246 4421 Candidzr,
3276 4370 3309 4409 v
3338 4354 3625 4412 Kalendas
3664 4358 3847 4421 Maias,

553 4456 741 4502 turum
768 4458 850 4503 est
875 4448 1149 4516 habitura,
1175 4451 1323 4506 salva
1347 4454 1589 4523 prtedieti
1620 4457 1866 4512 Ansclmi
1901 4459 2142 4529 episcopi
2176 4471 2222 4528 ι)
2248 4467 2394 4508 anno
2424 4452 2495 4507 ab
2523 4448 2905 4505 incarnatione
2943 4447 3160 4503 Domini
3183 4447 3479 4515 mille-imo
3504 4451 3846 4522 sexagesimo

554 4538 881 4605 auctoritate
925 4549 980 4597 et
1023 4543 1348 4610 reverentia,
1404 4546 1780 4617 suscipimus:
1816 4563 1926 4604 non
1964 4560 2146 4607 tamen

552 4642 615 4688 ut
640 4632 765 4702 sibi,
790 4648 913 4706 quae
932 4636 1231 4706 apostolica
1256 4638 1583 4694 auctoritate
1611 4639 1961 4709 roboramus,
1988 4642 2151 4700 liceat

552 4741 792 4794 cassare,
816 4741 918 4782 nec
936 4726 1100 4784 alicui
1124 4744 1351 4784 suorum
1375 4744 1760 4787 successorum
1784 4748 1870 4789 res
1893 4734 2153 4806 przefatas

551 4818 815 4874 canonice
849 4820 1189 4889 venundare,
1218 4820 1304 4877 vel
1324 4822 1513 4893 aliquo
1540 4832 1701 4895 pacto
1722 4825 1982 4895 alienare,
2014 4842 2148 4883 con-

550 4912 788 4980 trahere,
810 4913 895 4969 vel
916 4914 1080 4973 alicui
1104 4914 1156 4970 in
1187 4914 1439 4985 praedicta
1463 4917 1730 4974 canonica
1755 4919 2009 4975 ordinato
2038 4920 2153 4976 ele-

552 5006 665 5057 vim
698 5008 935 5079 aliquam
969 5011 1287 5069 violentiam
1317 5011 1467 5082 juste
1503 5013 1663 5069 liceat
1698 5014 1967 5088 irrogare.
2016 5014 2147 5083 Sed,

550 5106 611 5152 ut
640 5099 943 5158 evidentius
976 5118 1098 5174 quae
1134 5120 1167 5160 a
1203 5105 1617 5175 prtenominatis
1655 5106 1902 5176 ejusdem
1942 5118 2149 5165 sanctae

551 5186 811 5245 Ecclesiae
838 5192 1111 5265 episcopis
1131 5194 1373 5265 praefatis
1407 5198 1672 5254 canonice
1697 5212 1963 5256 concessa
1994 5210 2176 5281 sunt,“

552 5286 605 5326 Pi
651 5292 751 5326 nos
797 5281 900 5326 hac.
947 5285 1119 5326 nnetri
1170 5288 1434 5326 nrivilnaii
1486 5288 1681 5326 ποδοῖιν)
1730 5287 2122 5326 nnnﬂrmnrnnc

2246 4545 2448 4617 primo,
2480 4557 2625 4598 anno
2656 4557 2716 4597 ιιι
2747 4540 3097 4614 pontificatus
3139 4537 3349 4595 Nieolai
3378 4556 3540 4614 patre
3589 4540 3663 4609 ll,
3711 4541 3846 4597 indi-

2246 4638 2429 4696 ctione
2457 4651 2569 4692 ιιιν.
2638 4670 2645 4675 -
2892 4685 2897 4690 ,

2708 4806 2713 4811 .
2928 4744 3147 4811 XXXV.

2252 4845 2514 4901 Nicotaus
2552 4842 2615 4898 11
2665 4840 2918 4898 Ecclesia:
2956 4839 3354 4896 Dorcastrensis
3406 4842 3771 4896 mssasioua
3796 4845 3846 4894 et

2730 4912 3011 4984 privilegia
3047 4912 3349 4982 conﬁrmat.

2846 5004 3029 5077 (Anno
3064 5002 3250 5074 1061.)

2615 5098 2837 5171 (Nam,
2874 5096 3082 5153 Coucil.
3118 5094 3265 5165 XIX,
3315 5093 3473 5168 875.]

2320 5190 2590 5250 NICOLAUS
2621 5191 2935 5261 episcopus,
2978 5205 3174 5245 servus
3207 5203 3499 5246 seuerum
3542 5186 3667 5255 Dei,
3700 5183 3843 5242 Wu-

2250 5299 2394 5326 wnm
2453 5280 2749 5326 νηπιρωῖιίιὶ
2819 5283 3082 5326 ρηίεοηω
3135 5280 3545 5326 Πηνοειςίνρηςί-
3619 5280 3839 5326 animae
