4020 5364
265 248 282 302 l
296 240 398 301 Ϊτῗτ

253 654 406 697 aere.
443 640 614 711 lgitur
654 639 784 710 quia
825 639 1010 708 petisti
1044 653 1075 692 a
1131 635 1313 700 nobis,
1374 632 1702 688 charissime
1754 631 1851 693 ﬁli,

246 748 382 791 num
437 732 689 787 Edwardi
745 733 890 803 regis
945 729 1155 800 legatis,
1208 736 1374 797 atque
1418 724 1616 780 httcris
1677 722 1849 776 nostri

245 826 508 881 videlicet
535 824 698 880 amici
732 867 747 890 ,
788 832 847 878 ut
894 839 993 894 per
1056 820 1231 876 nostri
1280 818 1551 890 privilegii
1596 816 1848 889 paginam

238 926 364 973 tua:
438 916 742 983 Ecclesiae,
802 918 1052 986 tibique,
1094 930 1196 970 nec
1255 929 1368 968 non
1430 910 1849 967 successoribus

248 1011 364 1066 tuis
403 1051 420 1076 ,
488 1009 670 1063 omnia
741 1009 1129 1079 pcrpctualiter
1201 1012 1656 1061 contumax-emus
1727 1018 1850 1073 qnze

246 1099 491 1171 'prtefata:
525 1099 783 1156 Ecclesire
835 1100 983 1169 juste
1049 1105 1105 1153 et
1166 1097 1412 1168 legaliter
1472 1102 1835 1165 competunt;

247 1191 587 1261 suggestioni
651 1201 758 1247 tua:
810 1199 1090 1263 gratanter
1145 1197 1487 1255 annuentcs,
1539 1203 1637 1257 per
1684 1189 1848 1257 hujus

252 1292 464 1338 nostrae
558 1285 965 1340 constitutionis
1043 1285 1323 1341 decretum
1405 1291 1461 1336 et
1518 1282 1846 1352 apostolicae

250 1376 401 1430 sedis
456 1375 681 1431 liberale
754 1377 996 1431 edictum
1069 1375 1468 1440 concedimus,
1527 1384 1581 1429 et
1640 1374 1819 1431 confir

247 1482 468 1522 mamus
524 1469 654 1534 tibi,
710 1469 855 1524 sicut
911 1484 1079 1538 supra
1132 1468 1380 1539 legitur,
1426 1468 1643 1539 tuisque
1713 1484 1815 1539 suc

244 1559 563 1614 cessoribus
586 1559 788 1615 ibidem
839 1562 1101 1617 canonice
1132 1561 1519 1630 promovendis
1552 1561 1604 1615 in
1652 1577 1817 1631 pcrpe

242 1656 425 1716 tuum,
455 1666 684 1723 qumque
714 1651 953 1722 praefatae
978 1652 1235 1708 Ecclesiae
1263 1653 1558 1723 pertinent,
1585 1661 1695 1707 tam
1721 1669 1843 1725 qua:

239 1740 748 1812 impraesentiarum
780 1745 1045 1814 possidet,
1077 1744 1162 1799 vel
1205 1744 1472 1816 possedit,
1514 1753 1568 1799 ct
1605 1761 1843 1800 maxume

243 1835 565 1903 parochiam
596 1835 1239 1908 Lindisi,ccclesiamquc
1261 1836 1415 1892 Stov.
1439 1852 1563 1893 cum
1589 1836 1844 1893 Ncwerca

243 1933 301 1981 et
334 1928 691 1997 appendiciis,
724 1945 861 1999 quas
886 1929 1089 1999 injuste
1116 1929 1368 1986 Alvricus
1397 1930 1844 2000 archiepiscopus

242 2016 615 2076 Eboracensis
656 2022 877 2088 invasit,
923 2023 1004 2077 uti
1035 2038 1132 2091 per
1170 2022 1476 2093 legatorum
1526 2032 1841 2079 nostrorum

241 2112 411 2179 dicta,
461 2123 515 2169 et
566 2130 663 2185 per
708 2123 1121 2171 antecessorum
1168 2117 1487 2172 testimonia
1534 2127 1591 2172 et
1638 2120 1840 2189 scripta

239 2206 589 2275 agnovimus,
646 2223 811 2277 quam
839 2224 963 2278 qua:
994 2208 1046 2262 in
1083 2208 1269 2263 futuro
1319 2223 1649 2279 quocunque
1679 2209 1844 2262 modo

238 2296 445 2352 divinis
477 2308 532 2353 et
565 2298 822 2355 humanis
854 2300 1063 2371 legibus
1114 2302 1400 2372 acquirere
1429 2304 1646 2372 poterit,
1687 2302 1839 2356 scili-

238 2395 330 2442 cet
362 2391 759 2458 pramomiuata
809 2391 1077 2459 Ecclesia,
1117 2410 1243 2449 cum
1292 2395 1549 2450 omnibus
1585 2394 1750 2449 rebus
1787 2402 1843 2449 et

238 2484 689 2553 possessionibus
719 2486 837 2542 suis
874 2503 937 2542 ac
967 2487 1314 2557 pcrtincntiis
1337 2489 1635 2545 mobilibus
1661 2500 1715 2545 et
1736 2489 1839 2543 im-

243 2577 563 2644 mobilibus,
589 2594 821 2649 seseque
860 2581 1229 2646 moventibus,
1262 2582 1459 2636 castris
1486 2581 1711 2647 scilicet,
1747 2596 1838 2636 ca-

228 2666 341 2730 .sis,
385 2667 551 2733 villis,
605 2669 922 2734 territoriis,
970 2670 1251 2735 ccclesiis,
1299 2685 1426 2725 cum
1470 2670 1752 2741 primitiis,
1784 2679 1839 2725 ct

242 2755 721 2825 decimationibus,
753 2774 880 2814 cum
917 2760 1175 2814 omnibus
1212 2775 1433 2831 quoque
1476 2775 1599 2830 quze
1624 2758 1712 2830 pia
1743 2760 1838 2814 de-

242 2851 392 2905 votio
441 2852 682 2907 fidelium
733 2852 908 2907 sacris
956 2851 1189 2907 contulit
1241 2853 1367 2919 sibi,
1405 2852 1490 2907 vel
1543 2853 1836 2907 contulerit

235 2943 634 3011 oblationibus,
657 2960 757 3015 pro
793 2946 970 3000 salute
998 2946 1251 3001 vivorum
1284 2955 1449 3017 atque
1476 2948 1642 3003 etiam
1684 2964 1834 3015 mor-

1405 232 1766 292 [PISTOLJS
1808 234 1892 287 ET
1937 232 2352 293 Di?l.0\l.\T.\.

256 365 393 437 prim
428 360 678 418 ztilitatis
728 359 996 432 stipendia
1028 364 1473 428 consequantur;
1508 355 1631 410 ideo
1662 367 1851 408 conve-
1899 355 1937 410 Α
1972 352 2103 404 miui
2148 352 2302 408 ttlfil.
2331 367 2473 407 anno
2503 353 2661 408 tertio
2684 354 3033 423 pontiﬁcatus

256 460 339 511 nit
371 471 471 511 nos
494 464 605 510 tota
630 456 832 509 mentis
867 454 1177 524 integritate
1204 451 1410 506 eisdem
1450 445 1855 503 vcnerabilihns

257 550 394 605 locis
420 557 481 603 ut
527 565 590 603 ea
630 563 752 617 qua:
773 563 871 603 sua
889 545 1274 601 suntstabilita
1293 549 1653 614 permaneant
1681 538 1857 609 provi‘

3420 241 3557 298 lI-‘L'S

3299 351 3457 425 l‘ap'm
3489 372 3555 429 tt,

1961 445 2149 498 indi'ct.
2184 461 2293 497 κεν.

1962 665 2205 755 Epistula
2236 669 2452 752 δίτοίηὶ
2482 672 2546 755 ,11
2568 681 2641 755 μά
2666 676 3000 755 lfrfu‘arrlum
3032 680 3322 755 Anglorum
3361 698 3554 755 regem,

2030 740 2173 824 {Ejus
2195 745 2443 824 pietatem
2475 747 2529 798 in
2562 746 2621 801 Β.
2659 746 2877 800 Petrum
2910 740 3556 824 lourlatfn:onasterbque

2027 812 2090 891 li.
2130 811 2278 867 Pcm'
2330 815 2909 894 lf’celmonaslerieneis
2941 811 3221 893 privilegia
3259 835 3309 877 ct
3351 811 3557 894 partes}

2025 885 2196 937 siwws
2227 886 2529 947 conﬁrmat.

2537 980 2722 1049 (Anno
2774 980 2959 1052 lOCl.)

2332 1067 2550 1141 [Maxsr,
2588 1070 2792 1126 Concil.
2826 1072 2970 1139 XiX,
3012 1075 3195 1147 1023.1

2020 1176 2292 1235 Nummus
2326 1181 2641 1252 cpiscopus,
2692 1199 2886 1238 servus
2921 1200 3207 1241 servorum
3255 1186 3375 1255 Dei,
3432 1190 3554 1263 glos-

1944 1271 2264 1331 riosnssimo
2291 1290 2355 1329 ae
2374 1275 2648 1345 piissimo,
2671 1278 2937 1349 omnique
2960 1278 3171 1333 honore
3199 1281 3551 1364 dignissimo.

1946 1364 2218 1434 spirituali
2245 1382 2465 1438 quoque
2495 1368 2609 1424 filio
2640 1379 2857 1436 nostro,
2900 1370 3196 1439 Enwsnno,
3243 1365 3550 1447 Anglorum

1945 1457 2080 1528 regi,
2112 1458 2481 1515 visitationem
2510 1464 2909 1529 omnimodam,
2942 1466 3174 1521 salutem
3207 1470 3551 1539 melhfluam.

1944 1557 1992 1603 et
2024 1551 2460 1607 benedictionem
2488 1556 2881 1625 apostolicam.

2017 1640 2390 1714 Omnipotcnti
2426 1645 2538 1703 Deo
2585 1647 2878 1704 referimus
2920 1658 3122 1721 grates,
3154 1651 3250 1723 qui
3301 1664 3547 1714 vestram

1877 1725 1918 1779 Β
1946 1735 2433 1803 prudentissimum
2461 1739 2844 1795 excellentiam
2875 1742 2928 1795 in
2955 1744 3216 1799 omnibus
3248 1749 3469 1802 ornavit
3493 1760 3550 1804 et

1947 1829 2227 1884 decoravit
2254 1845 2383 1902 erga
2414 1831 2634 1886 beatum
2660 1831 2882 1888 Petrum
2923 1837 3294 1905 apostolorum
3335 1840 3550 1908 {)l‘lllClr

1946 1936 2093 1991 pem,
2122 1932 2176 1976 et
2202 1923 2497 1978 uobiscum
2547 1925 2748 1981 habere
2781 1926 3151 1995 dilectionem,
3183 1942 3238 1985 et
3263 1947 3317 1987 ιη
3366 1935 3549 1991 omni.

1949 2020 2055 2075 bus
2084 2022 2405 2090 apostolicis
2438 2026 2753 2081 consentire
2791 2028 3063 2083 censuris.
3087 2028 3334 2085 Litteras
3381 2032 3550 2101 igitur

1945 2123 2144 2170 vestra:
2184 2117 2455 2173 nobilitati
2495 2120 2941 2185 transmittimus,
2969 2129 3023 2175 et
3051 2137 3147 2192 per
3176 2137 3271 2178 eas
3312 2126 3547 2180 societa-

1946 2214 2054 2260 tam
2106 2216 2421 2264 sanctorum
2468 2202 2841 2281 apostolorum
2871 2221 2926 2267 et
2968 2225 3213 2269 nostram
3251 2217 3404 2272 vobis
3447 2217 3548 2271 da-

1945 2312 2089 2363 mus,
2118 2310 2342 2356 orantes
2388 2303 2825 2359 misericordiam
2875 2305 3024 2361 illius
3046 2307 3140 2377 qui
3163 2317 3247 2363 est
3281 2308 3545 2365 Dominus

1945 2392 2218 2458 omnium,
2245 2402 2302 2448 et
2326 2409 2419 2450 rex
2447 2410 2616 2465 super
2642 2398 2827 2451 omnia
2856 2399 3028 2463 solus,
3058 2408 3119 2454 ut
3149 2400 3265 2471 ipse
3299 2417 3398 2456 vos
3424 2418 3546 2472 par.-

1944 2482 2163 2554 tieip'em
2189 2485 2355 2541 faciat
2385 2502 2452 2541 ex
2479 2489 2757 2555 omnibus,
2788 2491 2833 2545 si
2863 2507 2971 2560 qua
3000 2502 3132 2547 sunt
3175 2509 3363 2549 coram
3396 2494 3540 2559 lico,

1942 2572 2105 2628 bonis
2135 2578 2391 2645 operibus
2420 2579 2669 2634 nostris;
2702 2590 2755 2634 et
2794 2580 2993 2636 fratres
3021 2599 3143 2649 nos,
3176 2599 3241 2639 ac
3276 2586 3456 2640 socios
3485 2605 3541 2642 in

1942 2679 2042 2719 sua
2083 2666 2377 2725 dilectione
2399 2671 2704 2725 constituat
2740 2672 2793 2726 in
2819 2675 2970 2728 omni
3000 2684 3248 2744 tempore
3283 2679 3540 2748 amplius,

1941 2767 2006 2808 ac
2040 2770 2151 2810 non
2185 2756 2453 2813 minorem
2494 2769 2704 2829 partem
2739 2751 2914 2816 nostri
2943 2764 3195 2834 obsequii
3238 2768 3399 2823 vobis
3447 2785 3540 2825 res

1943 2852 2234 2922 consignet
2266 2851 2322 2906 in
2344 2868 2446 2907 suo
2471 2868 2662 2923 regno,
2690 2869 2858 2924 quam
2896 2856 3308 2928 nobismetipsis
3338 2874 3540 2930 prove—

1940 2945 2062 3001 nire
2090 2953 2364 3015 optamus.
2391 2944 2796 3001 Erimusetiam
2824 2948 3082 3019 deinceps
3115 2966 3211 3022 pro
3239 2953 3396 3008 vobis
3418 2954 3542 3009 sine

238 3040 480 3090 tuorum.
518 3035 829 3092 Statuentes
856 3053 950 3107 per
981 3037 1147 3107 hujus
1174 3048 1377 3095 nostra:
1406 3040 1719 3110 apostolicae
1741 3057 1829 3096 sc-
1862 3072 1905 3132 ο
1939 3039 2109 3094 dubio
2139 3046 2362 3092 orantes
2404 3039 2644 3132 assidue,
2678 3047 2740 3095 ut
2773 3041 2891 3112 ipse
2928 3042 3076 3098 Deus
3098 3031 3255 3101 vobis
3284 3046 3543 3117 subjiciat

238 3127 347 3193 (iis,
387 3128 499 3193 cui,
548 3127 656 3183 Deo
702 3137 946 3195 auctore,
990 3131 1368 3200 przesidcmns,
1424 3135 1832 3203 auctoritatem,

240 3234 297 3273 et
329 3220 501 3273 nostri
529 3218 693 3275 edicti
722 3220 1090 3275 inviolabilem
1130 3223 1600 3291 constitutionem,
1630 3234 1691 3280 ut
1734 3242 1833 3281 nc-

243 3324 352 3378 quc
387 3324 502 3375 rex,
539 3326 717 3381 neque
745 3312 1216 3384 archiepiscopus,
1244 3315 1361 3371 sive
1387 3317 1520 3381 dux,
1553 3317 1666 3373 sive
1690 3334 1836 3373 mar-

226 3400 390 3465 .chio,
420 3416 520 3456 seu
541 3417 747 3469 comes,
773 3413 868 3459 aut
891 3405 1219 3472 vicecomes,
1240 3423 1342 3462 nec
1364 3408 1469 3463 alia
1494 3408 1608 3464 sive
1635 3426 1835 3482 magna

241 3491 357 3547 sive
416 3508 650 3562 persona
699 3495 1079 3582 cujuscunque
1146 3497 1428 3569 dignitatis
1477 3501 1561 3556 vel
1601 3503 1833 3571 ordinis,

241 3591 432 3637 contra
485 3585 589 3639 hoc
637 3595 887 3641 nostrum
917 3588 1263 3660 privilegium
1299 3601 1602 3661 praesumat
1637 3594 1837 3664 praefa-

244 3682 357 3729 tam
407 3674 729 3743 Ecelesiam,
756 3689 851 3734 aut
869 3686 944 3744 te,
979 3673 1304 3737 cliarissime
1332 3682 1629 3751 confrater,
1675 3692 1832 3741 tuos-

239 3782 351 3837 que
380 3769 432 3822 in
457 3777 779 3839 perpetuum
804 3787 1156 3830 successores
1178 3775 1245 3830 de
1269 3776 1431 3830 bonis
1462 3778 1577 3834 suis
1612 3779 1839 3835 deinre-

240 3861 395 3927 stire,
429 3871 525 3917 aut
548 3864 876 3941 inquietare,
911 3875 1006 3921 aut
1034 3866 1240 3938 aliquid
1287 3868 1363 3923 ibi
1392 3879 1584 3925 contra
1613 3881 1835 3928 sanctos

239 3970 483 4010 canones
505 3957 862 4023 constituere,
886 3960 973 4015 vel
1003 3960 1291 4029 ordinare;
1318 3962 1410 4017 sed
1434 3963 1507 4017 ita
1535 3965 1677 4019 sicut
1697 3981 1835 4036 prm-

238 4046 389 4123 dicta
432 4049 706 4118 Ecclesia,
760 4069 884 4123 quae
930 4054 1119 4109 omnia
1154 4057 1581 4127 prazlibavimus,
1638 4060 1835 4114 melius

243 4140 527 4198 ﬁrmiusve
555 4158 587 4199 a
609 4160 726 4200 suae
758 4145 1169 4200 constitutionis
1208 4146 1366 4201 initio
1402 4150 1596 4216 tenuit,
1622 4152 1832 4219 teneas,

239 4236 658 4308 possideasque,
683 4246 795 4294 tam
823 4247 883 4294 tu
906 4254 1069 4310 quam
1094 4255 1443 4296 successores
1470 4242 1548 4297 tui
1577 4243 1680 4299 sub
1700 4259 1833 4299 con-

243 4325 546 4383 stitutionis
575 4327 741 4398 hujus
765 4328 966 4398 pagina
1009 4338 1065 4385 et
1089 4331 1389 4400 apostolica
1416 4334 1721 4389 sanctione.
1775 4333 1830 4390 Si

1941 3130 2126 3185 hostes
2150 3136 2207 3183 et
2262 3129 2518 3184 inimicos
2542 3130 2638 3199 qui
2681 3140 2870 3186 contra
2897 3148 2995 3187 vos
3038 3135 3319 3190 voluerint
3358 3138 3544 3197 insur—

1937 3235 2082 3291 gere,
2129 3228 2186 3273 et
2229 3219 2515 3275 confirmet
2545 3236 2645 3275 vos
2677 3222 2731 3276 in
2765 3233 2998 3293 paterno
3032 3226 3172 3281 solio
3220 3237 3275 3283 et
3314 3231 3534 3302 propria

1939 3311 2272 3366 haereditate.
2325 3311 2395 3367 At
2424 3312 2619 3367 beatus
2641 3312 2839 3370 Petrus
2863 3316 2935 3371 sit
2954 3318 3115 3374 vobis
3143 3330 3331 3375 custos
3354 3330 3408 3376 et
3432 3321 3534 3376 ad—

1931 3402 2083 3472 jutor
2112 3417 2327 3472 semper
2360 3402 2414 3458 in
2444 3404 2595 3458 omni
2622 3404 2993 3461 tribulatione.
3021 3408 3207 3465 Claret
3237 3411 3384 3466 enim
3414 3413 3530 3471 Any

1937 3492 2155 3563 glorum
2180 3508 2336 3563 reges
2367 3508 2466 3565 pro
2492 3496 2797 3553 reverentia
2818 3505 2872 3553 ct
2901 3498 3190 3556 devotione
3222 3517 3389 3573 quam
3436 3520 3537 3560 ex-

1937 3584 2235 3650 hibuerunt
2256 3585 2417 3648 beato
2434 3584 2619 3652 Petro,
2647 3587 2821 3659 gloria
2849 3598 2904 3644 et
2929 3591 3140 3647 honore
3165 3591 3441 3663 floruisse,
3471 3612 3538 3652 ac

1940 3677 2114 3748 ipsius
2157 3678 2467 3747 patrocinio
2508 3677 2756 3738 famosos
2796 3681 3118 3751 triumphos
3166 3673 3535 3753 obtinuisse;

1935 3767 2096 3837 cujus
2122 3767 2265 3821 beati
2298 3768 2533 3838 apostoli
2568 3769 2801 3834 meritis,
2827 3779 3012 3825 vestro
3038 3773 3313 3842 desiderio
3342 3787 3397 3834 et
3435 3794 3534 3832 vo-

1935 3858 2132 3913 luntati
2161 3859 2510 3929 omnipotens
2536 3857 2680 3916 Deus
2702 3870 2922 3931 prtestet
2943 3863 3219 3932 etl'ectum,
3247 3877 3302 3923 et
3333 3871 3541 3927 confqu

1939 3958 2049 4007 met
2076 3949 2233 4005 vobis
2260 3951 2475 4020 paterni
2506 3952 2659 4021 regni
2699 3953 3012 4022 imperium,
3045 3965 3098 4010 et
3133 3958 3341 4015 tribuat
3383 3963 3536 4033 pacis

1939 4038 2382 4094 incrementum:
2426 4048 2482 4094 et
2534 4046 2660 4109 post
2706 4044 2995 4114 praesentis
3047 4045 3172 4103 vitm
3217 4049 3533 4116 decursum,

1938 4129 2201 4200 perducat
2223 4131 2288 4186 ad
2313 4118 2579 4187 aeternum
2611 4136 2986 4206 permanentis
3008 4137 3196 4208 glorize
3219 4126 3530 4214 imperium,

1942 4220 2293 4280 Renovamus
2318 4239 2474 4295 ergo,
2502 4232 2556 4281 et
2586 4225 2998 4295 confirmamus,
3025 4247 3091 4287 ac
3121 4221 3388 4308 augemus
3429 4251 3533 4291 νο·
3618 4230 3621 4231 ⁷

1937 4314 2024 4373 bis
2073 4316 2357 4391 privilegia
2394 4328 2598 4386 vestra,
2645 4321 2854 4378 scilicet
2906 4334 2966 4380 ut
3007 4326 3244 4385 absoluti
3301 4331 3424 4388 sitis
3464 4333 3535 4387 ab

250 4418 382 4486 quis
403 4418 589 4488 igitur,
613 4421 763 4491 quod
787 4437 897 4477 non
925 4426 1208 4494 amamus!
1234 4434 1421 4482 comm
1453 4427 1559 4485 hoc
1581 4440 1827 4495 nostrum
1850 4432 1911 4490 νυ
1938 4408 2030 4463 illo
2055 4418 2184 4465 voto
2204 4410 2350 4480 quod
2387 4411 2686 4478 timebatis,
2716 4422 2772 4469 et
2800 4416 2869 4470 ab
2903 4418 3162 4477 omnibus
3186 4422 3309 4477 aliis
3331 4439 3535 4494 pecca-

242 4510 592 4582 privilegium
620 4515 812 4570 venire
846 4519 1156 4585 tentaverit,
1180 4528 1235 4575 et
1257 4520 1419 4577 sicuti
1442 4524 1512 4578 ab
1534 4522 1834 4595 apostOlica

244 4605 570 4661 auctoritate
596 4617 928 4678 praeceptum
955 4625 1020 4665 ac
1050 4614 1462 4670 corroboratum
1503 4625 1588 4671 est
1612 4634 1834 4689 perma-

243 4711 377 4752 nere
398 4712 511 4753 non
556 4698 848 4767 dimiserit,
895 4702 1034 4757 sciat
1089 4718 1149 4758 se
1194 4704 1558 4763 anathematis
1613 4710 1836 4765 vinculo

245 4788 590 4857 innodatum,
642 4798 847 4847 etcum
895 4791 1035 4850 Juda
1071 4794 1361 4865 traditore,
1419 4806 1479 4853 et
1527 4797 1740 4857 Dathan
1783 4812 1837 4857 et

244 4878 453 4937 Abiron
478 4890 695 4953 partem
713 4885 937 4950 habere,
963 4886 1074 4942 nisi
1100 4885 1241 4942 forte
1265 4888 1578 4959 resipuerit,
1595 4899 1651 4946 et
1671 4893 1834 4965 digne

246 4972 596 5029 satisfecerit.
631 4973 735 5040 Qui
755 4990 885 5032 vero
907 4976 998 5046 pio
1028 4977 1225 5033 intuitu
1256 4979 1314 5033 in
1341 4981 1599 5036 omnibus
1639 4985 1828 5041 obser-

247 5073 404 5120 vator
455 5067 748 5133 exstiterit,
777 5069 1093 5125 custodiens
1142 5072 1309 5142 hujus
1348 5073 1614 5145 privilegii
1656 5081 1832 5134 nostri

245 5158 544 5192 nnnclhni.
600 5159 668 5192 ενι
694 5161 897 5192 nuli-um
928 5160 1020 5192 nn:
1044 5164 1388 5192 ..Μυκεηζιηιιῖη
1434 5166 1825 5192 k-..-.l:-.:-..!_

1939 4503 2011 4556 tis
2046 4510 2103 4556 et
2143 4502 2531 4574 iniquitatibus
2569 4506 2793 4574 vestris,
2854 4512 3183 4569 auctoritate
3234 4514 3385 4571 illius
3437 4520 3534 4589 qui

1942 4609 2048 4659 me,
2078 4594 2205 4651 licet
2232 4595 2543 4667 indignum,
2581 4614 2696 4671 suae
2735 4608 2942 4656 sanctae
2965 4617 3204 4672 przeesse
3223 4605 3402 4662 voluit
3430 4608 3536 4665 Ec~

1938 4684 2138 4739 clesiaa.
2197 4684 2467 4741 Praeterea
2500 4686 2576 4740 illi
2609 4688 2752 4751 loco,
2780 4704 2945 4758 quem
2999 4693 3106 4748 sub
3136 4693 3363 4761 nomine
3405 4712 3542 4752 satis

1940 4780 2042 4829 etas
2067 4775 2405 4844 poenitentiae
2442 4778 2889 4834 constituendum
2908 4788 2963 4834 et
2988 4782 3403 4848 meliorandum
3418 4802 3547 4842 sus-

1942 4865 2187 4935 cepistis,
2210 4867 2499 4935 quoniam,
2548 4878 2611 4923 ut
2636 4869 2836 4937 fertur,
2863 4871 3055 4942 primo
3084 4858 3391 4950 antiquitus
3413 4892 3552 4940 con-

1937 4959 2301 5013 secrationem
2327 4972 2356 5010 a
2379 4956 2544 5012 beato
2570 4958 2736 5016 Petro
2761 4963 2991 5033 accepit,
3053 4967 3240 5038 cujus,
3259 4960 3389 5015 licet
3413 4965 3564 5021 indi-

1937 5048 2049 5120 gni,
2099 5045 2292 5102 vicarii
2339 5061 2555 5116 sumus,
2584 5059 2638 5107 et
2667 5052 2799 5121 quia
2845 5052 3007 5123 regia
3074 5048 3387 5119 antiquitus
3418 5058 3582 5114 sedes

1935 5149 2039 5192 est.
2086 5158 2150 5192 et
2202 5138 2536 5192 auctoritate
2568 5144 2662 5192 Πρί
2694 5152 3129 5192 etsunt-mm..."
3193 5142 3572 5192 apostolorum
