4020 5364
442 233 597 290 4359

1807 235 2079 291 NICOLAI
2121 235 2161 289 ll
2202 234 2403 289 ΡΑΡᾸΞ

3613 244 3744 301 1360

457 360 589 418 tem,
622 350 926 407 secundum
972 349 1215 422 regulam
1249 357 1426 405 sancti
1455 347 1752 419 Benedicti,
1795 363 1895 420 per
1919 363 2049 403 suc-
2080 352 2121 408 Α
2152 362 2329 417 neque
2357 362 2483 419 cum
2511 346 2589 405 eis
2613 346 2732 405 sine
2762 346 3075 406 testimonio
3099 349 3339 422 legitimo
3360 350 3631 423 habitent,
3651 368 3743 412 aut

456 445 736 500 cessiones
756 443 956 515 eligere
974 457 1043 498 ex
1068 456 1128 497 se
1153 441 1382 497 idoneos
1418 441 1644 496 abbatcs
1686 458 1699 494 :
1738 455 1913 511 neque
1957 440 2046 494 in-

454 537 778 592 troducatur
823 549 933 606 per
961 533 1278 590 violentiam
1341 542 1599 589 extranea
1635 547 1895 603 persona,
1938 531 2046 589 nisi

452 645 620 699 quam
645 643 876 685 concors
913 627 1266 700 congregatio
1291 640 1415 683 esse
1456 626 1811 697 praeelegerit.
1848 624 2046 681 Absol-

444 721 636 779 vimus
675 722 843 778 etiam
870 735 999 776 eum
1028 721 1213 777 locum
1238 720 1308 776 ab
1333 720 1483 776 omni
1524 720 1751 775 servitio
1777 727 1833 774 et
1867 719 2046 774 domi-

451 817 677 872 natione
699 818 1021 889 episcopali,
1058 826 1119 874 ut
1146 817 1332 873 nullus
1363 818 1659 888 episcopus
1698 818 1828 874 illuc
1866 818 2043 875 intro-

450 918 539 965 eat
581 908 961 974 ordinaturus,
998 919 1094 966 aut
1139 917 1516 981 praecepturus
1565 910 1792 981 aliquid,
1825 911 1930 967 nisi
1958 918 2042 967 ‘cx

447 1000 713 1070 petitione
750 1008 809 1056 et
841 1016 1118 1057 consensu
1161 1000 1375 1056 abbatis
1416 1008 1473 1055 et
1510 1001 1929 1056 monachorum.
1976 1000 2044 1056 Et

449 1093 648 1150 habeat
682 1093 827 1149 idem
854 1090 1009 1150 Iocus
1036 1094 1269 1177 liberum
1295 1093 1660 1165 procinctum,
1686 1093 1739 1151 id
1762 1102 1847 1152 est
1866 1095 2043 1151 ambi-

448 1198 570 1244 tum
612 1197 670 1245 et
710 1190 1086 1245 cmmeterium
1127 1197 1476 1245 mortuorum
1514 1188 1662 1245 circa
1710 1204 1789 1257 se,
1833 1191 2043 1262 absque

446 1281 746 1352 episcopali
783 1281 871 1339 vel
913 1280 1211 1351 cujuslibet
1255 1289 1508 1352 respectu
1532 1282 1618 1337 vel
1648 1281 1956 1351 exactione,
1986 1290 2042 1338 et

445 1374 631 1428 omnia
652 1388 777 1443 qua:
804 1373 874 1428 ad
898 1373 1208 1429 libertatem
1239 1382 1297 1429 et
1340 1373 1731 1430 exaltationem
1756 1375 1905 1431 illius
1932 1375 2041 1432 loci

444 1465 514 1521 ad
542 1466 806 1522 honorem
835 1465 934 1522 Dei
957 1448 1286 1537 pertinentia
1329 1482 1426 1537 per
1454 1476 1701 1524 nostram
1738 1469 2040 1524 auctorita-

443 1565 553 1610 tem
600 1556 862 1613 accedere
912 1566 1165 1627 possunt,
1206 1557 1368 1611 hilari
1418 1566 1583 1629 atque
1626 1559 2038 1630 promptissima

2152 437 2455 494 Ecclesiam
2484 455 2612 495 cum
2643 441 2929 496 ordinibus
2953 441 3068 498 suis
3099 442 3372 500 amittant.

2219 529 2309 586 Ν.
2337 530 2409 587 Ut
2457 533 2782 604 presbyteri,
2830 543 2884 589 et
2905 534 3154 603 diaconi,
3201 545 3257 591 et
3306 538 3652 609 subdiaconi,
3694 553 3749 599 et

2147 638 2341 681 omnes
2378 625 2474 697 qui
2502 626 2757 682 canonici
2796 636 2945 695 sunt,
2994 643 3196 684 uxores
3236 645 3348 684 non
3390 631 3650 688 habeant.
3683 634 3749 693 Et

2147 715 2193 771 si
2217 716 2494 784 duxerint,
2526 715 2872 788 deponantur
2899 727 2955 775 et
2981 735 3013 775 a
3042 720 3437 778 canonicorum
3467 728 3747 784 consortio

2147 816 2488 877 separentur.
3252 804 3256 809 “

2221 897 2281 953 ν.
2319 897 2386 954 Ut
2413 900 2660 956 ecclesiae
2680 909 2736 957 et
2764 902 2958 959 altaria
2984 919 3085 960 nec
3107 905 3419 961 vendantur
3442 921 3549 962 nec
3569 923 3751 963 eman.

2144 999 2253 1046 tur.
2287 989 2393 1059 Qui
2423 1001 2605 1049 autem
2630 996 2830 1052 amodo
2852 996 3195 1053 vendiderint
3215 1006 3312 1053 aut
3333 999 3597 1069 emerint,
3625 1018 3750 1056 ana-

2146 1081 2377 1137 themati
2404 1082 2787 1155 subjacebunt.

2216 1169 2303 1225 Vl.
2334 1170 2407 1227 Ut
2430 1174 2674 1245 episcopi
2701 1184 2755 1231 et
2783 1177 2966 1232 clerici
2998 1194 3151 1235 arma
3181 1196 3292 1236 non
3330 1180 3542 1252 ierant,
3572 1199 3747 1258 neque

2142 1264 2362 1319 venatui
2386 1280 2564 1335 neque
2599 1268 2835 1339 aucupio
2881 1271 3157 1340 studeant,
3192 1288 3374 1345 neque
3418 1275 3629 1334 tabulis
3660 1289 3752 1333 aut

2144 1356 2368 1411 tesseris
2394 1357 2606 1414 ludant.

2215 1446 2326 1503 ΥΠ.
2366 1447 2438 1505 Ut
2464 1450 2707 1522 episcopi
2739 1455 3036 1510 canonicas
3067 1456 3149 1512 vel
3174 1456 3349 1513 oﬂicia
3373 1459 3752 1517 ecclesiastica

2143 1555 2254 1596 non
2289 1542 2546 1612 vendant,
2598 1553 2653 1599 et
2702 1545 2770 1600 de
2805 1550 3312 1606 consecrationibus
3350 1552 3752 1620 ecclesiarum,

442 1648 724 1704 voluntate
769 1648 1143 1706 concedimus.
1198 1648 1594 1707 possessiones
1645 1659 1830 1707 autem
1897 1669 2037 1723 quas
2074 1703 2113 1723 η
2142 1640 2237 1688 aut
2262 1634 2705 1694 ordinationibus
2732 1638 3083 1708 clericorum,
3118 1642 3223 1713 ipsi
3251 1652 3306 1698 et
3335 1644 3527 1702 clerici
3557 1662 3752 1701 eorum

441 1742 655 1814 antiqui
677 1758 834 1814 reges
863 1758 962 1799 seu
984 1743 1301 1815 quicunque
1330 1745 1423 1799 alii
1467 1745 1743 1814 homines,
1777 1760 1875 1801 vos
1899 1762 2038 1817 quo—

440 1849 568 1903 que,
604 1842 659 1890 et
704 1836 874 1892 vestri
908 1836 1168 1903 barones,
1216 1837 1282 1891 ad
1320 1837 1574 1893 eumdem
1610 1838 1795 1894 locum
1842 1848 2037 1893 contu-

439 1925 603 1993 listis,
630 1935 685 1982 et
711 1926 933 1984 chartas
980 1942 1104 1998 quae
1152 1943 1219 1983 ex
1254 1927 1337 1984 eis
1379 1927 1539 1985 facta:
1580 1937 1731 1998 sunt,
1754 1928 1941 1985 divina
1980 1937 2037 1985 et

438 2027 629 2073 nostra
658 2019 988 2076 auctoritate
1029 2019 1382 2088 roboramus,
1424 2030 1481 2078 ct
1513 2029 1661 2078 ratas
1700 2037 1768 2078 ac
1807 2023 2033 2079 stabiles

437 2123 560 2164 esse
588 2108 971 2177 decernimus;
1012 2119 1068 2166 et
1096 2111 1425 2168 iniractores
1446 2127 1662 2182 earum,
1690 2114 1778 2170 vel
1815 2130 2034 2171 invaso-

435 2212 548 2259 res.
597 2199 686 2254 vel
731 2200 1113 2270 diminutores,
1165 2212 1264 2259 aut
1308 2204 1670 2276 dispersores,
1720 2207 2034 2264 venditores

435 2290 623 2359 etiam,
645 2300 849 2349 aeterna
874 2294 1256 2352 maledictioue
1275 2312 1403 2353 cum
1417 2296 1557 2355 Juda
1580 2299 1858 2370 proditore
1878 2300 2034 2356 dam-

435 2398 657 2455 namus,
702 2395 764 2442 ut
803 2387 860 2443 in
889 2388 1048 2444 beata
1080 2397 1292 2461 partem
1335 2406 1448 2447 non
1490 2391 1731 2449 habeant
1779 2408 2028 2450 resurre-

435 2476 637 2547 ctione,
684 2480 781 2537 sed
831 2495 863 2536 a
913 2480 1076 2538 beato
1105 2480 1272 2540 Petro
1309 2485 1560 2555 apostolo
1610 2501 1672 2542 se
1699 2485 2032 2557 iudicandos

434 2570 635 2637 sciant,
681 2572 905 2643 quando
948 2573 1159 2630 sedebit
1183 2589 1310 2630 cum
1341 2574 1459 2632 suis
1508 2577 1843 2647 coapostolis
1881 2577 2034 2649 judi-

433 2676 568 2718 cans
596 2662 885 2720 duodecim
913 2665 1092 2722 tribus
1120 2664 1308 2722 Israel.
1338 2664 1510 2723 Vobis
1540 2683 1670 2724 vero
1713 2681 1768 2725 et
1792 2670 2035 2740 posteris

432 2755 633 2812 vestris
659 2756 882 2827 regibus
902 2758 1301 2814 committimus
1316 2758 1730 2816 advocationem
1756 2769 1811 2817 et
1841 2762 2033 2818 tuitio-

432 2862 558 2903 nem
586 2847 831 2918 ejusdem
868 2849 999 2917 loci,
1028 2859 1083 2905 et
1123 2851 1374 2907 omnium
1407 2852 1576 2908 totius
1613 2851 1823 2927 Anglice
1851 2855 2030 2912 cccle-

335 2955 345 2970 ’
432 2939 665 3007 siarum,
714 2948 775 2994 ut
805 2941 923 2996 vice
949 2950 1139 2998 nostra
1188 2959 1315 2999 cum
1363 2944 1597 3001 consilio
1641 2946 2029 3017 episcoporum

2071 1703 2114 1758 Β
2142 1724 2280 1779 nihil
2300 1728 2541 1800 exigant.

2211 1816 2345 1873 Vlll.
2374 1818 2445 1876 Ut
2466 1822 2713 1878 ecclesia:
2737 1838 2834 1894 per
2862 1826 3099 1895 pretium
3129 1843 3161 1882 a
3185 1826 3521 1887 Simoniacis
3550 1846 3753 1888 conse-

2136 1919 2303 1966 cratze
2330 1911 2511 1969 denuo
2539 1924 2953 1973 consecrentur.

2206 2004 2296 2062 lx.
2330 2005 2400 2062 Ut
2420 2009 2725 2081 presbyteri
2747 2019 2801 2065 et
2823 2026 3015 2069 omnes
3036 2029 3067 2069 a
3091 2022 3335 2086 tempore
3356 2015 3571 2072 Νίσοιεὶ
3595 2034 3755 2090 palm

2133 2112 2311 2169 usque
2339 2113 2487 2155 nunc
2511 2108 2567 2155 ct
2595 2101 2851 2173 deinceps
2880 2105 3117 2167 scienter
3138 2108 3375 2162 ordinati
3396 2126 3428 2162 a
3455 2108 3751 2166 Simoni:-

2133 2189 2213 2246 cis
2267 2190 2445 2246 sciant
2486 2207 2546 2249 se
2574 2208 2685 2249 non
2713 2210 2837 2252 esse
2879 2196 3187 2265 ordinatos,
3242 2208 3297 2254 et
3330 2200 3595 2273 deinceps
3636 2219 3756 2259 non

2133 2278 2289 2334 ﬁanL

2204 2371 2273 2428 X.
2313 2372 2383 2429 Ut
2414 2373 2716 2434 Dominicis
2754 2362 2950 2437 diebus
2994 2391 3235 2438 mercata
3282 2398 3393 2440 non
3438 2387 3599 2455 ﬁant,
3649 2405 3753 2445 ex-

2133 2466 2308 2537 ceptis
2338 2468 2540 2524 annuis
2567 2467 2742 2539 feriis,
2775 2480 2832 2528 et
2863 2488 2986 2543 quae
3011 2475 3080 2530 ad
3113 2476 3317 2532 victum
3345 2479 3657 2549 pertinent.

2205 2554 2298 2611 Χιῐ.
2332 2560 2551 2616 bet-mus
2607 2562 2829 2631 quidem
2870 2562 3025 2620 laicis
3067 2566 3332 2623 ecclesias
3359 2578 3594 2626 omnino
3636 2588 3754 2626 non

2132 2658 2462 2720 competere.
2492 2649 2599 2708 Sed
2632 2653 2725 2709 ubi
2755 2655 2833 2709 illi
2857 2671 2925 2711 ex
2964 2663 3078 2712 toto
3102 2657 3306 2715 auferri
3334 2676 3448 2716 non
3481 2675 3753 2733 possunt,

2132 2737 2325 2794 saltem
2358 2740 2666 2799 oblationes
2704 2746 3001 2823 missarum
3038 2756 3092 2804 et
3119 2750 3374 2806 altarium
3412 2751 3579 2808 laicis
3614 2769 3749 2809 om-

2132 2831 2266 2885 nino
2290 2834 2668 2901 prohibemus.

2203 2926 2318 2983 X11.
2354 2927 2431 2985 De
2460 2933 2793 2988 cmmetcriis
2825 2942 3006 2989 autem
3043 2943 3099 2990 et
3143 2935 3425 3007 sepultura
3462 2946 3521 2994 et
3560 2938 3750 3011 bapti-

430 3039 485 3085 et
541 3032 799 3087 abbatum
848 3035 1200 3092 constituatis
1251 3036 1454 3107 ubique
1503 3052 1628 3108 qua:
1672 3037 1825 3108 justa
1874 3049 2024 3108 sunt,

2163 3024 2315 3080 teriis
2340 3027 2680 3082 exactionem
2712 3028 2829 3085 ﬁeri
2859 3030 3087 3086 omnino
3108 3033 3488 3103 prohibemus.

433 3123 638 3178 sciente
694 3140 794 3195 pro
830 3125 910 3198 [al
937 3125 1057 3199 per]
1088 3127 1196 3184 hoc
1235 3140 1336 3183 vos
1365 3136 1680 3199 recepturos
1716 3131 2024 3188 mercedem

433 3212 502 3266 ab
531 3228 597 3267 eo
630 3214 791 3284 cujus
839 3231 1069 3287 regnum
1110 3224 1168 3272 et
1216 3217 1509 3289 imperium
1538 3233 1648 3275 non
1679 3218 1894 3277 desinet
1925 3237 2028 3278 nec

431 3302 711 3358 minuetur
735 3305 790 3359 in
815 3306 1097 3361 saeculum.
1146 3305 1349 3365 Valete»

1093 3414 1360 3475 XXXVII.

433 3506 650 3561 Νίσοιαί
675 3506 742 3562 ΙΙ
767 3525 919 3579 papae
943 3510 1277 3581 privilegium
1309 3528 1405 3582 pro
1428 3512 1664 3568 Aldredo
1700 3512 2023 3573 Eboracensi

1017 3582 1431 3652 archiepiscopo.

894 3670 1135 3745 (Fragm.
1165 3672 1328 3729 Anno
1361 3673 1560 3748 1061.)

426 3760 679 3838 {Stabiis},
707 3762 1065 3838 Agtapontif.
1085 3762 1249 3838 Ehor.
1278 3780 1367 3838 ap.
1400 3765 1698 3838 Twrsnea,
1727 3770 1872 3827 Hist.
1909 3775 2023 3829 An-

567 3832 691 3904 glic.
740 3831 938 3905 Script.
991 3831 1264 3904 Londini,
1290 3831 1466 3904 1.652,
1501 3837 1597 3894 fol.
1624 3831 1878 3917 [£701.]

493 3922 763 3980 NICOLAUS
790 3926 1104 3997 episcopus,
1127 3942 1325 3984 servus
1348 3944 1633 3986 servorum
1663 3930 1781 4002 Dei,
1802 3934 2021 3995 dilecto

427 4015 695 4072 confratri
742 4025 799 4072 et
836 4019 1166 4090 coepiscopo
1192 4019 1472 4091 Atnnnoo,
1489 4020 1824 4083 Eboracensi
1847 4030 2025 4085 archi-

423 4123 699 4177 episcopo,
724 4109 1038 4178 apostolica:
1061 4111 1459 4170 benedictionis
1482 4115 1830 4188 privilegium
1857 4130 1913 4176 et
1938 4138 2023 4178 sa-

426 4198 616 4267 lutem,
640 4207 697 4254 et
722 4214 819 4269 per
837 4216 967 4256 eum
997 4216 1114 4258 suae
1132 4201 1395 4260 Ecclesiae
1415 4207 1644 4278 suisque
1680 4215 2019 4268 successori-

422 4291 527 4347 bus
572 4291 837 4348 canonice
872 4294 1262 4364 promovendis
1297 4296 1356 4351 in
1381 4307 1729 4369 perpetuum.

492 4383 629 4450 Quia
653 4383 956 4443 divinitatis
975 4386 1188 4465 occulta
1207 4387 1569 4463 dispensatio,
1583 4401 1688 4452 etc.

1068 4478 1363 4542 XXXVIII.

824 4569 1050 4627 Decreta
1073 4571 1292 4633 Niwlai
1322 4576 1388 4634 ΙΙ
1437 4597 1608 4653 papa.
1676 4628 1679 4631 .

442 4734 447 4735 γ
770 4663 1009 4738 [Μλπεῃ
1052 4668 1259 4729 Concil.
1300 4672 1453 4743 XIX,
1493 4676 1598 4733 875
1615 4676 1660 4752 ].

492 4756 649 4821 Anno
684 4757 868 4832 primo
912 4761 1151 4837 Philippi
1191 4768 1376 4840 regis.-
1415 4766 1541 4826 Haec
1584 4782 1714 4829 sunt
1745 4786 2015 4847 praecepta

414 4847 624 4911 fiicolai
663 4871 817 4928 papa:
849 4856 908 4912 in
951 4859 1256 4916 canonibus
1281 4861 1456 4919 sacris
1482 4863 1727 4920 vicissim
1774 4878 2006 4938 reperta,

418 4963 539 5004 (tua:
568 4947 815 5004 Romana
843 4946 1089 5004 Ecclesia
1115 4952 1387 5004 nimione
1413 4953 1611 5004 asserit
1632 4963 1834 5004 tenere-

2200 3112 2340 3169 Xlll.
2372 3114 2429 3169 Si
2451 3116 2576 3188 quis
2602 3117 2747 3175 infra
2777 3122 3069 3191 septimum
3092 3124 3593 3197 consanguinitatis
3619 3146 3749 3200 gra-

2127 3207 2260 3263 dum
2300 3224 2530 3264 uxorem
2570 3209 2753 3278 habet,
2791 3221 2888 3267 aut
2925 3213 3181 3286 deinceps
3218 3216 3458 3286 duxerit,
3503 3221 3580 3275 ab
3617 3225 3745 3293 cpi-

2128 3314 2296 3369 scopo
2344 3315 2446 3356 suo
2494 3317 2616 3357 eam
2647 3303 2926 3379 dimittere
2955 3308 3219 3362 canonice
3260 3311 3653 3382 compellatur.
3686 3316 3749 3370 Si

2128 3407 2256 3447 vero
2292 3393 2513 3451 obedire
2538 3396 2794 3463 noluerit,
2825 3401 3353 3458 excommunicetur.

2196 3483 2337 3541 XIV.
2386 3486 2457 3543 Ut
2492 3490 2675 3546 nullus
2717 3490 2888 3546 abbas
2939 3493 3281 3551 obedientias
3320 3512 3456 3554 suas
3500 3500 3743 3574 vendat,

2127 3591 2304 3647 neque
2344 3578 2529 3635 nullus
2576 3582 2884 3638 monachus
2912 3593 3061 3639 emat
3089 3585 3445 3644 obedientias.
3493 3589 3656 3655 Quod
3692 3594 3742 3645 si

2125 3671 2599 3740 prtesumpserint,
2641 3673 2862 3743 utrique
2914 3675 3105 3731 ordine
3145 3675 3436 3749 oliicioque
3482 3694 3739 3748 careant,

2123 3765 2254 3837 quia
2302 3765 2617 3824 Simoniace
2652 3778 2841 3841 agunt.
2883 3770 2948 3826 Et
2989 3774 3247 3829 monachi
3286 3778 3579 3848 praprium
3612 3796 3739 3836 om-

2123 3858 2256 3913 nino
2278 3874 2387 3914 non
2418 3861 2676 3917 habeant.
2864 3932 2869 3937 δ

2192 3949 2310 4007 XV.
2336 3952 2660 4022 Abbatibus,
2686 3957 3042 4030 presbyteris,
3075 3962 3459 4035 ministrisque
3490 3968 3629 4039 quid
3660 3970 3739 4025 de

2121 4042 2287 4098 rebus
2312 4045 2701 4104 ecclesiasticis
2729 4049 2813 4105 vel
2841 4066 3004 4108 sacro
3031 4053 3337 4113 ministerio
3367 4060 3621 4117 alienare
3647 4065 3733 4117 vel

2120 4136 2362 4209 obligare
2385 4140 2593 4212 absque
2618 4144 2891 4213 permissu
2911 4155 2966 4203 et
2990 4149 3396 4223 subscriptione
3418 4169 3732 4214 conventas

2122 4230 2210 4283 sui
2236 4230 2376 4285 nihil
2401 4231 2579 4288 liceat.
2607 4233 2762 4302 Quod
2791 4238 2880 4309 qui
2911 4245 3340 4314 praesumpserit,
3365 4247 3725 4320 degradetur,

2119 4321 2509 4379 communione
2527 4338 2821 4397 concessa;
2848 4337 2905 4387 et
2927 4333 3074 4404 quod
3096 4342 3301 4393 temere
3320 4352 3724 4412 pratsamptum

2037 4401 2087 4461 D
2116 4423 2202 4469 est
2228 4425 2282 4470 et
2316 4415 2613 4473 alienatum
2644 4401 2988 4479 ordinatione
3021 4426 3110 4482 sui
3138 4401 3381 4502 episcopi
3407 4401 3719 4491 revocetur.

2791 4511 3034 4571 XXXIX.

2125 4596 2692 4681 (Ic-rvasii'pemorum
2729 4605 3377 4681 arrliiepiacopicpistola
3424 4619 3500 4671 ad
3559 4617 3721 4672 Nico.

2190 4667 3019 4769 ’31}?liffi’ﬂl';:£’i'i€?‘
3051 4667 3160 4769 ἐφη
3179 4667 3253 4764 '46
3264 4667 3624 4769 ,θεηίρθέέιιίὶέ
3635 4667 3721 4743 '13-

2189 4740 2328 4826 gitti:
2354 4741 2464 4826 suis
2486 4740 2750 4826 ettthibitq2
2769 4744 2849 4800 De
2876 4748 3022 4826 obitu
3052 4740 3276 4826 ligni'ici
3301 4740 3439 4826 regis
3461 4740 3718 4815 dolerem

2189 4810 2437 4895 ostendit,
2473 4828 2536 4895 ac
2562 4815 2886 4884 pontiﬁcem,
2918 4819 2965 4872 si
2993 4821 3049 4875 in
3088 4819 3323 4877 Galliam
3357 4810 3595 4895 {uenerit—,7
3616 4810 3715 4883 de;

2187 4879 2296 4932 bito
2318 4896 2437 4934 cum
2466 4879 2659 4938 honore
2686 4879 3070 4957 suscepturum.

2513 4973 2706 5004 fu”.-.
2764 4976 2949 5004 0--.-“
2991 4980 3107 5004 νιν
3159 4984 3255 5004 n-n
3289 4984 3309 5004 τ
