4020 5364
236 388 362 446 Ιζϐι
1396 385 1761 445 EPISTOLzE
1801 387 1890 443 ET
1931 387 2345 446 DlPLOMATA.
2870 394 2875 403 '
3371 388 3510 443 l363

229 523 389 579 quem
437 522 548 562 non
584 504 701 562 sine
732 502 1030 561 multorum
1065 500 1428 559 admiratione
1474 510 1685 557 tantum
1730 502 1817 557 in-
1848 506 1895 563 Α
1919 514 2243 575 cooperator
2277 506 2529 561 existam.
2564 504 2756 563 Dicam
2787 504 3088 562 adversarii
3112 504 3510 575 quantumlibet

228 600 534 656 horruerat.
575 596 792 655 Gratias
826 597 1187 652 nihilominus
1216 612 1319 669 ago
1355 604 1548 652 vestrm
1590 596 1814 651 humili-
1918 600 2291 655 meinlidelem
2320 608 2374 655 et
2390 601 2642 656 rebellem
2660 599 3003 672 magistratui
3024 607 3244 666 vestro;
3269 613 3370 671 ego
3385 598 3511 654 sub-

228 689 324 745 tati
352 688 567 763 [Forte,
603 687 947 743 humanitati.
980 684 1184 760 ﬂuam]
1219 706 1232 741 :
1260 702 1384 758 quae
1416 695 1623 759 quanta
1664 686 1817 758 prin-
1913 690 2207 764 jectionem
2242 708 2421 749 meam
2457 694 2613 750 vobis
2643 692 2932 765 proﬁteor;
2957 700 3013 748 et
3046 691 3361 763 quicunque
3385 704 3508 747 eam

226 783 397 853 cipem
428 790 484 837 et
507 788 784 852 pastorem
813 787 1017 837 sancta:
1058 779 1318 836 Romana:
1345 778 1602 837 Ecclesiae
1636 780 1818 837 decuit

225 873 577 945 benignitate,
605 882 825 930 nostros
852 872 1062 944 legatos
1087 888 1254 928 sanos
1285 874 1514 943 accepit,
1566 872 1815 930 inﬁrmos

222 964 480 1034 visitavit,
524 974 772 1021 mortuos
805 963 1069 1035 sepelivit.
1108 962 1225 1019 Etsi
1273 964 1417 1019 enim
1452 963 1548 1018 uni
1599 973 1812 1020 tantum

223 1057 362 1127 apud
400 1072 498 1113 vos
520 1056 797 1113 inﬁrmato
822 1066 875 1112 et
913 1064 1130 1114 mortuo
1152 1057 1271 1111 haec
1294 1056 1626 1111 visitationis
1649 1042 1705 1113 et
1723 1073 1782 1112 se
1806 1088 1813 1099 -

222 1151 452 1221 pulturze
488 1150 683 1206 solatia
728 1148 1094 1221 impendistis,
1124 1148 1179 1202 in
1220 1163 1332 1203 uno
1377 1156 1561 1203 tamen
1585 1156 1814 1205 cazteros

221 1242 503 1310 visitastis,
534 1251 760 1317 caeteros
805 1241 1095 1312 sepelistis.
1136 1239 1238 1295 Cui
1285 1256 1395 1295 non
1421 1255 1521 1311 ego
1552 1240 1645 1310 qui
1676 1240 1813 1297 nihil

221 1351 362 1401 sum,
396 1335 492 1390 sed
522 1343 633 1390 tota
659 1333 949 1391 Remensis
968 1333 1223 1401 ecclesia,
1251 1333 1410 1388 bonas
1438 1333 1813 1390 conversatio-

218 1428 305 1481 nis
327 1426 703 1482 testimonium
725 1427 991 1498 perhibet.
1019 1426 1191 1497 Cujus
1211 1424 1443 1493 obitum,
1468 1432 1815 1481 caeterorum-

219 1535 342 1589 que,
375 1520 469 1590 qui
503 1536 642 1591 pene
676 1535 868 1576 omnes
906 1519 1181 1587 obierunt,
1218 1519 1467 1585 audiens,
1502 1518 1811 1575 incredibili

218 1612 441 1667 tristitia
471 1629 592 1668 sum
613 1612 863 1677 allectus,
899 1628 1001 1668 nec
1033 1628 1278 1684 unquam
1303 1628 1412 1667 non
1438 1612 1621 1667 odisse
1654 1612 1810 1668 valeo

218 1702 370 1758 illum
423 1704 584 1774 cujus
608 1706 862 1776 superbia
895 1705 948 1759 id
980 1704 1158 1760 eﬂ'ecit
1217 1712 1276 1758 ut
1314 1704 1405 1760 isti
1438 1704 1804 1760 mitterentur.

217 1795 276 1851 Si
311 1797 457 1852 enim
502 1798 718 1869 qualem
754 1798 1064 1856 existimavi
1106 1798 1345 1868 legatum
1388 1798 1685 1865 misissem,
1718 1798 1808 1854 isti

216 1903 315 1943 nec
340 1888 705 1958 mitterentur,
730 1904 830 1945 nec
859 1888 1092 1946 fortasse
1118 1898 1464 1946 morerentur
1498 1907 1512 1946 :
1537 1891 1685 1962 quod
1716 1906 1809 1946 ve-

215 1989 326 2033 stra
357 1982 645 2049 prudentia
676 1982 881 2051 optime
923 1984 1286 2056 recognoscit.
1325 1982 1594 2039 Praeterea
1635 1984 1809 2040 multo

214 2074 433 2142 gravior
451 2075 599 2146 angit
626 2090 713 2130 me
733 2076 954 2133 tristitia
971 2075 1038 2133 de
1054 2077 1208 2133 obitu
1230 2078 1436 2133 domini
1462 2078 1627 2150 regis,
1660 2079 1806 2151 quod

210 2165 374 2223 ctiam
412 2175 650 2222 vestram
696 2183 807 2224 non
855 2169 988 2225 latet
1043 2170 1408 2241 prudentiam.
1459 2168 1624 2227 Scitis
1658 2171 1806 2226 enim

211 2266 482 2326 quantum
525 2258 766 2316 infrenes
805 2270 862 2316 tt
895 2262 1147 2317 indomiti
1177 2271 1308 2320 sunt
1335 2271 1632 2331 nostrates,
1663 2279 1805 2334 quo-

212 2362 332 2404 rum
385 2350 709 2407 divisionem
749 2353 914 2409 timeo
946 2355 1100 2427 regni
1136 2356 1310 2411 nostri
1362 2355 1481 2411 fore
1514 2356 1807 2413 desolatio-

210 2458 354 2496 nem.
383 2442 465 2498 Ad
496 2460 663 2515 quam
692 2446 1025 2515 evitandum,
1070 2454 1314 2503 vestrum
1350 2448 1487 2503 mihi
1513 2447 1805 2505 consilium

208 2543 262 2588 ct
284 2535 549 2592 auxilium
572 2536 778 2609 ﬂagito,
802 2555 927 2609 qua:
948 2540 1084 2595 nulli
1113 2555 1284 2612 regno
1309 2548 1497 2611 utpote
1517 2549 1672 2611 pater
1692 2555 1806 2597 om-

208 2626 382 2694 nium,
398 2643 597 2701 negare
619 2631 885 2701 poteritis,
911 2633 1215 2702 praesertim
1238 2648 1364 2689 cum
1384 2641 1576 2688 nostro
1590 2647 1805 2704 semper

206 2716 450 2776 debeatis
478 2723 625 2792 quod
654 2724 845 2794 optimi
871 2724 974 2779 viri
1001 2724 1191 2795 patriae
1225 2725 1410 2781 deberi
1448 2733 1799 2781 censuerunt.

207 2808 284 2866 De
312 2820 498 2868 vestro
534 2815 769 2871 adventu
813 2816 871 2872 in
901 2825 1151 2873 nostram
1190 2816 1423 2873 Galliam
1461 2817 1594 2889 quid
1631 2817 1800 2889 animi

207 2901 513 2971 habuerim,
546 2907 762 2963 vivente
784 2908 1010 2964 domino
1032 2926 1176 2982 rege,
1202 2911 1330 2966 licet
1355 2909 1670 2966 diﬂ'amatus
1696 2912 1803 2966 sim

208 2993 260 3048 id
284 2996 548 3068 noluisse,
585 3000 742 3067 satis,
768 3008 827 3054 ut
851 3010 1003 3071 puto,
1027 3002 1329 3075 signiﬁcavi
1355 3004 1670 3076 paternitati
1704 3019 1800 3059 ve-

206 3094 362 3154 stne;
392 3096 447 3153 et
476 3104 625 3144 nunc
666 3090 723 3145 in
770 3106 837 3146 eo
898 3092 946 3148 is
990 3092 1125 3147 mihi
1165 3094 1384 3151 animus
1431 3103 1535 3162 est,
1567 3093 1679 3150 Deo
1724 3103 1801 3148 te-

204 3188 403 3248 stante,
436 3189 496 3236 ut
519 3197 629 3238 non
654 3190 869 3240 tantum
895 3200 1022 3240 eum
1043 3186 1371 3255 desiderem,
1401 3187 1495 3242 sed
1516 3196 1571 3242 et
1590 3187 1793 3253 sitiam,
1823 3201 1869 3265 ρ

205 3270 277 3325 ita
319 3281 379 3327 ut
425 3273 732 3329 venientem
786 3275 1167 3333 auctoritatem
1202 3288 1438 3334 vestram
1484 3294 1608 3334 cum
1644 3286 1797 3335 tanto

203 3365 405 3434 gaudio
432 3375 486 3422 et
524 3366 727 3422 honore.
760 3368 1078 3439 suscipiam,
1117 3379 1326 3441 quanto
1360 3372 1514 3427 decet.
1544 3370 1691 3428 Petri
1712 3370 1796 3425 vi—

202 3456 416 3511 carium
464 3459 690 3531 suscipi,
733 3469 789 3515 et
838 3463 1152 3534 apostolicae
1196 3478 1442 3519 censurae
1487 3479 1584 3535 per
1613 3464 1799 3519 omnia

1916 785 2072 842 vobis
2102 786 2439 858 negaverint,
2469 787 2760 856 cujuslibet
2789 785 2999 841 ordinis
3022 785 3152 852 sint,
3180 781 3316 838 mihi
3349 796 3505 838 com-

1916 879 2198 934 municare
2235 894 2344 934 non
2371 886 2646 950 poterunt.
2683 875 3010 948 Obloquitur
3042 876 3205 932 etiam
3245 874 3504 930 adversa-

1915 971 2013 1028 riis
2036 972 2124 1026 illa
2141 970 2468 1037 obedientia,
2493 986 2659 1040 quam
2682 970 2802 1025 sine
2823 969 2983 1027 omni,
2996 977 3249 1038 respectu
3269 980 3504 1037 suspen-

1915 1063 2088 1120 sionis
2111 1072 2166 1117 et
2191 1062 2467 1119 interdicti
2482 1062 2647 1117 vestri
2676 1068 3022 1126 conservant,
3047 1075 3157 1114 non
3174 1058 3292 1115 sine
3305 1072 3506 1129 magno

1914 1155 2116 1210 damno
2155 1153 2524 1211 Ecclesiarum
2558 1162 2874 1209 nostrarum
2900 1160 2956 1207 et
2984 1158 3195 1206 nostro.
3220 1148 3505 1220 Impedivit

1914 1261 2134 1316 quoque
2175 1260 2357 1302 meum
2401 1260 2531 1317 erga
2559 1233 2656 1300 vos
2693 1242 3019 1306 famuhtum
3064 1241 3157 1295 illa
3193 1239 3498 1309 suspensio.

1912 1336 1995 1392 Ad
2033 1336 2183 1407 quod
2218 1336 2636 1393 restaurandum
2658 1378 2673 1403 ,
2707 1336 2850 1390 sicut
2886 1346 3212 1404 recuperare
3247 1331 3495 1402 possibile

1911 1436 2023 1495 est,
2062 1428 2109 1483 si
2156 1426 2230 1483 ita
2278 1428 2346 1482 ad
2374 1434 2570 1483 caetera
2618 1424 3040 1498 redintegranda
3085 1424 3278 1481 saltem
3321 1423 3504 1498 aliqua

1912 1533 2038 1589 spes
2068 1525 2315 1585 restaret,
2344 1518 2410 1573 de
2432 1526 2584 1572 tanto
2613 1517 2822 1585 dolore,
2838 1494 3007 1587 quasi
3035 1516 3104 1571 de
3125 1514 3277 1586 gravi
3308 1494 3506 1569 somno

1911 1624 2273 1680 resurgerem.
2310 1607 2409 1664 Est
2432 1607 2577 1663 enim
2615 1605 2751 1662 mihi
2785 1606 3026 1673 animus,
3064 1619 3167 1660 nec
3195 1605 3427 1675 despero
3449 1604 3521 1659 id.

1911 1700 2157 1757 futurum
2177 1744 2192 1769 ,
2225 1718 2352 1758 cum
2401 1701 2600 1773 gaudio
2640 1708 2805 1770 atque
2839 1698 3144 1755 reverentia
3173 1698 3504 1770 quandoque

1911 1795 2279 1865 apostolatum
2312 1802 2557 1848 vestrum
2585 1792 2888 1863 suscipere,
2923 1799 3248 1861 tantumque
3276 1790 3504 1846 honoris

1840 1856 1882 1917 Β
1913 1886 2068 1942 vobis
2103 1885 2438 1957 impendere,
2464 1892 2730 1955 quantum
2759 1898 3007 1954 personae
3036 1890 3091 1938 et
3116 1880 3294 1937 ollicio
3319 1889 3503 1937 vestro

1909 1980 2203 2036 convenire
2234 1977 2590 2033 manifestum
2633 1984 2735 2033 est.
2782 1975 2894 2032 Nec
2920 1976 3126 2032 nostris
3167 1974 3503 2045 temporibus

1909 2071 2102 2140 fuisse,
2145 2072 2232 2127 vel
2276 2069 2524 2126 futurum
2568 2085 2692 2126 esse
2739 2071 2798 2125 in
2847 2078 3031 2125 vestra
3084 2068 3213 2125 sede
3263 2068 3489 2138 aliquent

1908 2165 2093 2232 credo,
2151 2180 2315 2236 quem
2347 2163 2624 2234 c0piosius
2665 2163 2941 2217 honorare
2991 2160 3315 2217 desiderem.
3363 2157 3483 2215 Nan

1908 2258 2002 2329 qui
2026 2273 2129 2313 nos
2159 2258 2240 2313 sic
2264 2256 2581 2313 honorastis
2601 2254 2889 2326 prudentia
2911 2262 2967 2309 et
2987 2253 3275 2308 sanctitate
3295 2260 3498 2317 vestra,

1908 2359 1969 2405 ut
1989 2350 2057 2405 de
2080 2364 2248 2421 regno
2273 2357 2466 2404 nostro
2488 2346 2664 2403 Roma
2685 2346 2928 2417 eligeret,
2950 2360 3115 2416 quem
3138 2344 3244 2400 sibi
3268 2352 3324 2400 et
3350 2358 3506 2398 mun-

1906 2440 1977 2497 do
2021 2449 2185 2511 caput
2226 2440 2547 2496 ordinaret:
2578 2453 2679 2496 nos
2708 2451 2929 2509 quoque
2970 2444 3125 2491 tanto
3157 2436 3367 2491 honore
3404 2449 3504 2490 vos

1905 2534 2216 2605 dignamur,
2262 2540 2470 2604 quanto
2511 2530 2778 2586 Dominus
2823 2536 3013 2584 noster
3056 2527 3219 2583 Jesus
3247 2527 3504 2582 Christus

1905 2626 2129 2682 Petrum
2148 2626 2447 2691 decoravit,
2481 2623 2576 2678 ubi
2604 2621 2864 2679 Ecclesia:
2884 2619 3193 2691 principatu
3223 2618 3376 2673 illum
3403 2634 3507 2674 su-

1907 2711 2170 2767 blimavit.
2201 2710 2467 2765 Dominus
2505 2708 2855 2778 omnipotens
2889 2707 3236 2761 sanctitatem
3259 2711 3500 2760 vestram

1905 2806 1973 2861 ad
2014 2804 2300 2860 utilitatem
2334 2809 2536 2858 sanctae
2565 2798 2825 2855 Ecclesiae
2854 2798 3166 2854 diutissime
3193 2804 3498 2862 conservet,

1905 2907 1959 2953 et
1976 2905 2187 2953 avertat
2207 2911 2239 2950 a
2269 2893 2557 2965 prudentia
2578 2898 2783 2960 vestra,
2807 2905 2876 2946 ne
2897 2888 3132 2960 alicujus
3153 2888 3290 2944 levis
3314 2901 3500 2943 sermo

1905 2988 2136 3061 gratiam
2157 2994 2397 3042 vestram
2419 2984 2575 3053 mihi,
2605 2999 2742 3041 neve
2786 2982 3072 3040 servitium
3099 2990 3157 3037 et
3184 2980 3497 3037 ﬁdelitatem

1906 3095 2083 3137 meam
2109 3079 2268 3136 vobis
2293 3076 2526 3134 auferat.

2642 3235 2755 3291 XL.

2009 3347 2268 3420 Epistolw
2294 3346 2351 3404 S.
2388 3346 2538 3403 Petri
2577 3346 2831 3401 Damiani
2864 3347 2936 3402 ad
2975 3346 3263 3401 Nicolaum
3297 3344 3384 3399 ΙΙ.
3460 3346 3465 3351 “

2069 3463 2227 3532 (Vide
2255 3462 2580 3535 Patrologia:
2604 3470 2738 3518 tom.
2769 3460 3001 3529 CXLIV,
3038 3462 3141 3517 col.
3180 3460 3331 3532 ειο.)

258 3576 3484 3611 W

1455 3684 2216 3799 APPENDIX.

530 3934 922 3997 EPISTOLA
968 3937 1112 4040 SUB
1153 3939 1395 4003 FICTO
1439 3941 1707 4005 ULRICI
1749 3942 2066 4005 NOMINE
2108 3939 2218 4000 AD
2259 3935 2678 3998 NICOLAUM
2722 3933 2778 3994 ll
2822 3933 3122 3995 PAPAM.

1181 4059 1266 4131 (Ι).
1294 4059 1579 4132 Murena,
1616 4064 1962 4136 Amplissima
1986 4061 2232 4127 Collect.,
2254 4056 2299 4126 Ι,
2338 4057 2489 4127 449.)

1631 4213 2014 4279 MONlTU-M
2023 4261 2037 4276 .

268 4311 654 4396 llzec‘epistola
675 4328 741 4371 ex
764 4331 957 4373 e‘oem
984 4317 1133 4396 fonte
1157 4318 1430 4396 prodiisse
1452 4318 1629 4396 potuit
1650 4332 1715 4373 ac
1744 4315 1836 4371 illa
1863 4314 2395 4396 quam_i_n__eumdum
2420 4314 2586 4396 ﬁnem
2619 4319 2883 4396 sc_riptam
2921 4314 3485 4396 edidimus_Thesauri

187 4385 371 4466 nostri
395 4383 824 4466 hnecdptorum.
852 4388 1061 4466 tom._l,
1098 4383 1219 4461 pa'g.
1255 4390 1382 4466 230,
1407 4383 1569 4466 cujus
1613 4383 1897 4443 auctorem
1930 4386 2267 4443 credidimus
2285 4385 2629 4466 Cncnricum
2656 4383 3040 4466 Trévirensem
3067 4386 3482 4453 scholasticum,

186 4455 375 4531 virum
404 4455 961 4525 impudentissimum.
994 4454 1127 4515 Eam
1152 4454 1334 4516 a'utem
1365 4454 1455 4517 hic
1478 4454 1721 4531 'damus,
1767 4466 1829 4531 ut
1858 4473 2025 4531 quam
2056 4454 2535 4531 corrupt_i_l:uerint
2569 4460 2664 4515 illo
2691 4475 2808 4516 aevo
2834 4459 3278 4531 presbyterorum
3305 4473 3485 4531 mores

186 4525 657 4603 demonstremus,
682 4537 740 4583 et
768 4545 934 4603 quam
960 4531 1097 4603 bene
1121 4532 1189 4586 de
1216 4531 1459 4587 Ecclesia
1492 4525 2073 4603 merueritGre'gorius
2099 4525 2241 4600 papa
2272 4528 2384 4596 Vll,
2413 4528 2510 4598 qui
2538 4525 2985 4603 presbyterorum
3002 4525 3363 4584 matrimonia
3387 4544 3484 4584 seu

187 4596 379 4664 potius
406 4596 835 4654 concubinatum
863 4601 1165 4657 incredibili
1192 4618 1332 4673 pene
1358 4602 1545 4659 labore
1567 4602 1813 4658 abstulit.

187 4684 327 4776 [hec
380 4691 786 4776 estmreslcript‘io
830 4694 1004 4776 sancti
1055 4692 1226 4776 _l_llric.i
1273 4696 1503 4776 episcopi
1532 4737 1547 4762 ,
1589 4695 1791 4776 imqua
1822 4696 1870 4754 D
1897 4703 2038 4747 stam
2062 4693 2447 4776 conculcantes
2474 4694 2666 4776 libere,
2692 4706 2949 4776 onerosa,
2975 4688 3481 4776 impnimportalgili,

259 4775 415 4833 papa:
440 4757 684 4833 Nicolao'
703 4762 767 4816 de
796 4765 1123 4817 continentia
1160 4757 1471 4818 clericorurn
1508 4757 1610 4817 non
1646 4757 1793 4833 juste

262 4830 357 4884 sed
380 4831 560 4901 impie,
588 4848 691 4886 non
712 4835 963 4888 canonice
984 4834 1075 4888 sed
1105 4835 1391 4888 indiscrete
1427 4830 1685 4888 tractanti
1712 4835 1791 4887 ita

263 4902 561 4971 respondet.
1477 4922 1483 4927 '

260 4967 506 5047 Niceno
547 4972 771 5047 domino
811 4983 865 5047 et
916 4974 1089 5047 Patri,
1120 4973 1389 5047 pervigili
1420 4973 1477 5029 S.
1528 4972 1791 5029 Romana:

185 5034 469 5116 Ecclesiae
481 5044 765 5116 ‘provisori
776 5086 790 5111 ,
815 5043 882 5100 U.
893 5089 908 5113 ,
923 5046 1043 5101 solo
1063 5034 1619 5116 utimine'episcopus,
1633 5058 1789 5101 amo-

183 5125 307 5190 rem
333 5120 387 5168 ut
418 5112 588 5180 tilias,
613 5114 865 5190 timorem
896 5112 968 5190 ut
1002 5131 1215 5173 servus.

1896 4763 2135 4832 pastoris
2163 4764 2625 4833 praevaricatione
2644 4757 2898 4831 praecepti
2927 4775 2987 4816 se
3010 4757 3334 4833 obligarent.
3363 4757 3485 4833 ’ξι-ἰ·-

1896 4830 2043 4888 ὲιίιίε
2078 4830 2209 4887 vero
2243 4834 2324 4888 vel
2356 4832 2689 4904 compassio,
2716 4846 2786 4887 ne
2820 4830 2933 4902 qua
2979 4830 3484 4904 ratione_me_m_bra

1893 4912 2117 4973 possent
2126 4917 2332 4982 sarcre
2352 4897 2530 4982 capite
2573 4897 2681 4982 suo
2718 4897 2860 4956 tam'
2887 4899 3039 4982 gravi
3070 4897 3283 4982 inorbo
3326 4899 3486 4982 lano.
3532 4925 3555 4947 .

1891 4966 2067 5029 rante.
2120 4971 2263 5046 Quid
2314 4966 2459 5046 enim
2520 4971 2765 5046 gravius,
2822 4966 2957 5042 quid
3008 4966 3488 5046 totiusnEcclesige

1893 5036 2278 5116 compassione
2310 5036 2553 5116 dignius:
2583 5036 3094 5116 quamte'summa:
3113 5036 3261 5095 sedis
3300 5036 3481 5110 ponti;

1895 5109 2052 5171 licem
2083 5113 2158 5190 ad
2193 5109 2582 5190 quem'totius.
2600 5109 2880 5190 Ecclesiae
2927 5118 3427 5190 specta_t_examep.,
3460 5130 3487 5173 ε
