4020 5364
562 212 697 274 1371

1034 220 1343 311 ’WlL‘RlCl
1383 180 1678 278 ABliATlS
1721 224 1778 278 S.
1821 223 2145 280 GiilSLENl
2210 217 2552 281 EPISTOLA
2588 225 2679 279 AD
2720 195 3077 282 HENlilCUM
3119 225 3185 280 lli
3225 226 3362 280 1MP.

3706 228 3849 283 εὸτι

559 330 706 388 Deus
751 333 884 388 mibi
921 336 1092 389 vitam
1136 353 1262 391 cum
1306 324 1849 408 sospitateservarit,
1874 348 1934 394 ut
1959 332 2158 410 oppor—
2187 332 2239 406 Α
2264 334 2354 396 tur
2381 357 2671 413 suggerere
2695 354 2967 413 quatenus
3003 344 3357 414 peccatricem
3390 360 3569 399 meam
3598 338 3846 403 animum

559 426 766 480 tunitas
791 424 860 481 ad
882 436 934 481 te
966 428 1099 482 mihi
1136 429 1401 489 veniendi
1434 440 1602 497 esset,
1637 447 1920 502 nunquam
1962 432 2151 488 dimit-

560 533 757 591 terem,
801 525 936 595 quin
983 526 1076 580 diu
1127 537 1451 599 conceptum
1497 530 1829 585 desiderium
1886 532 1962 585 tui
1993 533 2061 586 ad
2098 540 2153 587 te

557 616 869 672 accedendo
896 618 1275 689 adimplerem,
1305 622 1436 692 quia
1460 622 1590 677 illud
1619 639 1729 678 non
1757 624 2015 678 auderem
2061 624 2149 679 di-

555 724 701 776 cere,
742 719 803 764 ut
826 719 882 765 tu
905 711 972 765 ad
1005 721 1227 768 nostras
1259 722 1443 783 partes
1470 714 1554 769 vel
1593 715 1648 770 in
1681 715 1784 771 liae
1828 714 2147 787 Quadrage-
2174 750 2189 757 ο

555 802 695 857 sima
750 804 944 858 orandi
999 806 1173 877 gratia
1229 808 1536 879 dignareris
1566 810 1843 865 advenire.
1890 810 2046 877 Quod
2101 812 2149 866 si

557 903 709 949 tanta
760 895 1164 968 circumseptus
1209 897 1363 955 fuero
1398 900 1736 968 infelicitate,
1783 902 1931 973 quod
1976 918 2153 973 neque

557 986 673 1044 huc
720 1004 847 1059 ego,
889 1006 1069 1062 neque
1116 1002 1176 1048 tu
1234 992 1303 1047 ad
1359 1009 1446 1051 me
1502 995 1689 1053 valeas
1729 996 1958 1063 venire;
2001 1004 2058 1051 et
2103 996 2153 1052 si

555 1092 972 1152 prteoccupatus
1035 1094 1212 1140 morte
1276 1085 1455 1154 fuero,
1502 1089 1743 1143 animam
1811 1106 1989 1145 meam
2054 1092 2151 1145 tibi

553 1172 860 1228 committo.
892 1174 1041 1230 Mitte
1092 1193 1191 1245 pro
1225 1193 1288 1233 ea
1325 1179 1390 1234 ad
1416 1182 1695 1236 caelestem
1732 1182 1943 1237 curiam
1986 1183 2148 1239 obse-

555 1265 832 1320 crationes
856 1269 1099 1335 nuntias,
1130 1286 1261 1341 roga
1294 1275 1751 1345 arcixangelorum
1782 1285 1835 1332 et
1870 1277 2151 1355 apostolo-

555 1371 678 1410 rum
704 1358 1000 1429 principes,
1027 1371 1081 1417 et
1117 1374 1348 1421 caeteros
1397 1366 1548 1424 illius
1591 1370 1731 1426 aula:
1771 1370 2144 1438 centuriones,

550 1448 645 1517 qui
676 1457 828 1506 tanto
854 1451 985 1525 Regi
1012 1456 1283 1513 assistunt
1302 1457 1711 1530 familiariores,
1734 1471 1795 1518 ut
1825 1463 1901 1518 ilﬁ
1924 1463 2150 1535 dignen-

2260 435 2482 491 liberari
2532 437 2811 507 praecipiat
2835 438 2903 493 de
2954 438 3148 495 mortis
3187 453 3445 494 carcere:
3480 439 3593 495 imo
3644 449 3704 494 tu
3736 441 3849 511 ipse

2256 526 2432 583 fultus
2461 527 2730 583 orationis
2763 543 3011 595 munere,
3047 529 3317 584 interdum
3353 538 3409 584 et
3435 531 3641 601 saepius
3665 532 3849 601 piissi-

2261 632 2413 671 mum
2436 625 2490 671 ct
2516 617 2971 689 benignissimum
3013 617 3236 687 Regem,
3269 629 3330 675 ut
3354 635 3457 689 pro
3505 621 3633 677 aliis
3683 622 3848 685 soles.

2257 724 2362 777 pro
2392 722 2479 762 me
2505 710 2801 780 aggredere
2823 730 2842 764 ς
2876 718 2930 764 et
2952 726 3048 781 per
3087 719 3138 765 te
3160 711 3488 766 fiducialiter
3533 712 3765 766 obsecra
3793 722 3849 766 ut

2255 801 2510 872 dignetur
2562 801 2698 855 mihi
2747 818 2990 873 parcere.
3043 802 3333 858 Dominum
3386 803 3454 859 Β.
3500 804 3763 859 abbatem
3798 816 3849 862 et

2252 903 2478 949 cancros
2508 893 2765 948 dominos
2790 902 2844 949 et
2878 894 3094 961 fratres,
3131 912 3271 967 quos
3306 897 3445 950 mihi
3481 902 3575 950 tua
3622 898 3847 952 diledio

2252 984 2567 1054 acquisivit,
2592 984 2696 1039 sub
2722 1000 2843 1039 meo
2868 984 3090 1039 nomine
3114 986 3309 1051 saluta,
3339 996 3391 1041 et
3416 987 3473 1040 in
3500 989 3848 1044 orationibus

2252 1076 2370 1131 suis
2397 1084 2455 1130 ut
2478 1076 2585 1129 mei
2608 1075 2957 1130 meminerint
2992 1076 3237 1131 obsecra.
3271 1076 3557 1147 Quidquid
3586 1078 3687 1132 tibi
3733 1058 3843 1149 plad'

2250 1168 2468 1232 cuerit,
2509 1166 2645 1221 mibi
2690 1166 2969 1221 remanda.
3016 1165 3151 1221 Illud
3204 1168 3329 1222 volo
3384 1166 3715 1222 fraternitas
3757 1178 3849 1221 tua

2258 1261 2472 1315 noverit
2495 1259 2643 1330 quod
2666 1259 2899 1314 multum
2930 1259 3160 1315 ﬁrmiter
3182 1260 3457 1330 acquisivi
3482 1260 3588 1314 tibi
3615 1261 3849 1330 gratiam

2252 1350 2467 1408 domini
2502 1350 2610 1405 mei
2639 1351 2801 1422 regis.
2835 1351 2984 1416 Vale,
3013 1359 3064 1406 et
3108 1352 3361 1422 quamvis
3406 1352 3691 1406 monitore
3744 1365 3852 1405 non

2255 1459 2440 1516 egeas,
2469 1453 2528 1498 ut
2550 1444 2660 1498 mei
2686 1443 3005 1500 memineris
3029 1444 3271 1500 attende.

551 1612 3372 1665 Μ

3112 1624 3833 1668 m

1809 1756 1970 1799 CIBCA
1984 1755 2191 1796 nam
2206 1754 2595 1797 DOIINI‘ILXV.

1517 1927 2971 2129 WIDRICUS“

708 2189 1069 2284 ABBAS
1138 2193 1891 2288 MONASTERII
1972 2198 2065 2286 S.
2146 2198 2721 2287 GHISLENI
2803 2199 2929 2288 IN
3003 2195 3699 2290 HANNONIA.

1776 2414 2117 2478 NOTITIA
2157 2416 2620 2479 HISTORICA.

622 2672 900 2752 πεζικῷ
928 2696 1025 2735 seu
1051 2678 1357 2747 Guidricus,
1386 2682 1556 2737 abbas
1592 2681 1649 2737 S.
1678 2682 1925 2738 Ghislcni
1953 2683 2010 2738 in
2050 2681 2340 2738 Harmonia
2363 2684 2509 2740 circa
2534 2699 2739 2738 annum
2768 2682 2925 2737 1065.
2962 2674 3296 2752 Exstat‘ej'us
3334 2678 3678 2752 epistolaad
3714 2677 3857 2731 lien-

547 2748 727 2804 ricum
763 2749 840 2823 μ)
877 2750 1263 2821 imperatorem
1312 2762 1503 2809 contra
1534 2753 1886 2821 Balduinum,
1933 2752 2236 2810 Harmonia:
2265 2756 2524 2811 comitem
2547 2798 2561 2823 ,
2593 2754 2689 2826 qui
2718 2754 3111 2810 monasterium
3149 2748 3218 2807 Si
3242 2748 3495 2807 Ghisleni
3538 2750 3660 2806 dire
3680 2752 3853 2805 V8-3—

542 2829 720 2877 verat.

624 2933 699 3009 β)
737 2932 982 3009 Tertium
1026 2935 1253 3002 scilicet,
1278 2947 1640 3006 cognomento
1690 2936 1916 3009 Nigrum
1942 2980 1957 3002 ,
1997 2953 2144 3009 anno

553 3001 691 3057 1056
719 3003 1058 3072 defunctum,
1103 3022 1213 3061 non
1244 3001 1432 3062 autem
1472 3017 1729 3078 quartum
1761 3001 1875 3079 "qui
1923 3001 2144 3063 nonnisi

586 3131 1441 3146 -——_-———-—_—_‘—

562 3129 1516 3159 ,_____________.__

2250 2952 2397 2991 anno
2423 2934 3250 3006 1084'Augustusrrenuntiatus
3277 2942 3378 3006 est
3421 2949 3560 3006 cum
3598 2932 3851 3002 pluribus

2246 3007 2363 3078 jam
2391 3008 2460 3063 ab
2485 3006 2609 3060 inde
2633 3004 2793 3062 annis
2828 3005 3108 3062 Widricus
3127 3020 3159 3060 e
3182 3004 3321 3060 vivis
3343 3004 3706 3060 excessisset.

1338 3274 2136 3388 WIDBICI
2208 3272 3032 3385 ABBATIS

1902 3480 2491 3575 EPISTOLA

1182 3656 1275 3711 AD
1313 3655 1676 3714 HENRILUM
1716 3657 1784 3712 Ill
1820 3655 2347 3725 iMPERATOREM,
2387 3653 2861 3713 COGNOMENTO
2902 3647 3219 3714 NICRUM:

1437 3793 1644 3865 (Edidit
1668 3793 1804 3849 Dom
1836 3793 2065 3848 MAEILL.
2105 3790 2302 3847 Annal.
2333 3790 2532 3846 Bened.
2564 3800 2605 3847 t.
2634 3790 2701 3860 ν,
2732 3808 2787 3863 p.
2816 3792 2934 3863 26.)

624 3991 858 4047 Domino
907 3994 1144 4061 glorioso
1181 3993 1555 4050 Romanorum
1594 3997 1915 4067 imperatori
1940 3996 2146 4052 Caesari
2179 4000 2223 4060 Β
2250 3996 2536 4052 obtendas.
2562 3993 2750 4065 Neque
2776 4010 2878 4049 nos
2912 3992 3118 4048 frustra
3148 3994 3411 4063 conqueri
3432 3993 3651 4063 iudicet
3677 3998 3849 4066 pietas

557 4080 805 4155 Augusto
830 4084 894 4139 ll.
922 4084 1036 4152 W.,
1067 4086 1334 4141 Ceilensis
1354 4089 1589 4143 cmuobii
1620 4090 1810 4156 abbas,
1840 4107 1964 4145 cum
1991 4105 2151 4163 grege

556 4175 659 4230 sibi
690 4178 1009 4245 commisso,
1049 4178 1388 4254 triump‘zare
1420 4179 1649 4236 feliciter
1688 4192 1741 4236 et
1765 4199 1995 4255 regnare
2023 4200 2150 4239 cum

555 4267 799 4321 Christo.

629 4359 857 4415 Summe
882 4360 1130 4430 priorum
1154 4362 1428 4434 princeps,
1464 4366 1554 4420 cui
1577 4365 1719 4423 Deus
1746 4369 1894 4435 regni
1920 4370 2150 4422 commi-

556 4444 628 4506 sit
668 4451 931 4517 habenas,
966 4461 1023 4508 ut
1058 4454 1326 4525 judicium
1366 4473 1664 4527 pauperum
1702 4475 1918 4528 quarras
1952 4468 2006 4515 et
2048 4478 2149 4532 op-

560 4559 876 4612 presserun
914 4536 1143 4601 causam
1168 4548 1463 4615 discutias,
1516 4550 1611 4605 tibi
1646 4552 1994 4607 miseriarum
2043 4570 2147 4608 no—

542 4647 794 4699 strarum
839 4646 892 4692 et
941 4641 1316 4708 oppressionis
1359 4644 1659 4713 tyrannicae
1702 4660 1870 4713 quam
1910 4646 2153 4714 patimur

555 4730 847 4783 clamorem
872 4730 1194 4801 dirignnus;
1230 4749 1260 4786 a
1286 4742 1340 4787 te
1371 4734 1671 4803 gemituum
1717 4744 2033 4790 nostrorum
2059 4753 2150 4790 so-

556 4821 733 4875 lamen
757 4821 1136 4891 impioramus.
1176 4818 1478 4881 Balduinus
1509 4842 1715 4892 comes,
1754 4827 1807 4881 in
1831 4828 1991 4899 cujus
2027 4828 2149 4881 exi-

553 4912 726 4967 tiabili
775 4914 1041 4969 comitatu
1090 4927 1277 4971 nostra
1308 4907 1517 4987 pridem
1569 4921 1798 4976 ecclesia
1842 4921 1897 4974 in
1940 4920 2148 4975 honore

556 5005 818 5074 principis
847 5011 1219 5077 apostolorum
1249 5019 1302 5065 et
1334 5013 1508 5066 sancti
1536 5012 1714 5068 Patris
1744 5014 1916 5068 nostri
1939 5011 2146 5068 Gisleni

559 5094 931 5150 muniﬁcentia
977 5098 1145 5168 regali
1187 5096 1415 5153 fundata
1462 5109 1515 5154 et
1562 5100 1760 5171 regalis
1800 5101 2145 5171 eleemosyna

560 5195 889 5255 nuncupata,
922 5190 1086 5243 modo
1116 5207 1246 5245 vero
1282 5192 1370 5245 vix
1398 5192 1667 5257 subsistit,
1702 5208 1803 5248 nos
1834 5208 1930 5262 per
1957 5202 2065 5247 tres
2094 5202 2148 5246 et

558 5290 626 5329 eo
660 5277 896 5345 amplius
926 5293 1100 5335 annos
1130 5281 1207 5335 ita
1250 5282 1514 5347 vastavit,
1557 5282 1767 5336 attrivit
1810 5291 1866 5336 et
1894 5282 2142 5350 diripuit,
2184 5359 2212 5364 _

2255 4096 2368 4143 tua.
2396 4085 2518 4142 Non
2559 4086 2706 4141 enim
2738 4094 3031 4157 tyrannum
3076 4083 3341 4139 miracula
3371 4096 3497 4154 quae
3522 4100 3624 4154 per
3661 4096 3848 4157 patro-

2253 4195 2385 4235 num
2412 4186 2685 4243 nostrum,
2726 4187 2981 4232 sanctum
3013 4174 3262 4231 videlicet
3307 4172 3623 4241 Gislenum,
3662 4176 3845 4231 Domi-

2252 4284 2360 4325 nus
2398 4267 2677 4322 multoties
2707 4275 2986 4336 Operatur,
3031 4264 3252 4336 quando
3282 4280 3383 4335 pro
3410 4268 3748 4335 perpetratis
3789 4270 3841 4322 in

2254 4379 2354 4417 nos
2383 4361 2592 4431 rapinis
2620 4368 2675 4415 et
2694 4359 2990 4423 violentiis,
3028 4367 3088 4413 ut
3107 4358 3231 4428 ejus
3249 4367 3497 4428 tepescat
3518 4358 3700 4425 furor,
3728 4377 3846 4416 san-

2252 4462 2400 4507 ctum
2448 4448 2553 4507 sibi
2584 4466 2785 4519 corpus
2812 4457 3203 4520 praesentatur,
3250 4449 3321 4504 ab
3353 4449 3601 4521 incoepta
3644 4451 3840 4506 scelere

2252 4552 2549 4611 revocant;
2579 4560 2691 4598 non
2708 4542 3067 4617 dominorum
3096 4542 3489 4612 imperatorum
3515 4541 3737 4597 demta
3758 4558 3843 4596 co-

2252 4637 2468 4701 hibent;
2502 4651 2614 4692 non
2645 4635 2961 4705 maje’states
2989 4633 3182 4705 sigillis
3217 4634 3499 4703 impressae
3526 4633 3836 4695 deterrent;

2252 4744 2361 4783 non
2404 4728 2677 4782 bonorum
2709 4728 2955 4781 virorum
2990 4725 3325 4792 dehortatio,
3354 4741 3464 4779 non
3502 4725 3656 4779 illata
3685 4722 3840 4779 Chri-

2252 4820 2552 4876 stianitatis
2582 4819 3009 4884 animadversio,
3036 4832 3145 4872 non
3168 4816 3485 4873 uestrorum
3513 4817 3834 4877 solidorum,

2251 4912 2538 4979 librarum,
2572 4927 2885 4967 marearum
2923 4902 3275 4965 multiformis
3311 4908 3603 4977 impensio.
3630 4908 3715 4962 Ad
3745 4923 3838 4961 (uo

2250 5005 2460 5059 mulum
2508 5018 2673 5074 quam
2711 5003 3027 5073 frequenter
3066 5002 3118 5055 in
3161 5000 3337 5067 villis,
3380 4999 3436 5053 in
3487 4999 3734 5063 mansis,
3786 4997 3835 5050 in

2248 5096 2722 5166 possessionibus,
2749 5096 2819 5150 ob
2851 5109 3093 5149 amorem
3118 5092 3212 5146 Dei
3236 5102 3669 5159 sanctorumque
3695 5087 3835 5142 Peti

2250 5198 2414 5259 atque
2455 5190 2683 5256 Gisleni,
2716 5190 2967 5261 largitate
3001 5202 3188 5259 regum
3208 5228 3222 5250 ,
3250 5186 3450 5240 ducum
3470 5226 3485 5248 ,
3514 5184 3835 5253 pontificum

2250 5290 2684 5352 ceterorumque
2714 5282 2956 5337 ﬁdelium
2990 5280 3104 5344 Dei,
3128 5278 3287 5333 nobis
3305 5276 3542 5339 collatis,
3574 5272 3834 5344 imperiali
