4020 5364
603 189 743 251 1575
1636 192 1695 249 Β.
1736 191 2047 249 MAURILII
2086 190 2186 246 AR!

2289 191 2402 246 lEP.
2447 190 2839 249 ROTHOMAG.
2884 276 2887 281 Α
3734 196 3844 255 £376

601 316 745 362 ctus.
771 303 1095 377 Quanquam
1128 320 1249 376 ego,
1280 306 1325 360 si
1350 305 1621 375 ejusmodi
1652 324 1837 362 rerum
1855 304 2189 363 abundantia
2220 310 2267 368 Α
2298 306 2444 361 niam
2483 308 2722 363 edictum
2754 316 2837 364 est
2863 348 2877 373 ,
2919 314 2969 360 te
3002 306 3069 361 ad
3097 305 3273 363 studia
3301 322 3402 362 uos
3424 308 3706 365 beneﬁciis
3726 311 3843 365 iuvi-

600 398 886 470 pollerem,
917 397 1063 453 haud
1100 414 1342 469 unquam
1393 399 1447 453 in
1493 398 1736 455 animum
1768 401 2061 469 subrepere
2091 415 2189 454 au—
2291 405 2460 466 tante,
2508 399 2732 455 alterius
2777 414 2915 470 Opus
2966 398 3075 454 nisi
3120 407 3275 454 tuum
3318 414 3441 455 esse
3488 415 3605 455 non
3652 404 3844 471 poterit.

601 493 754 547 deret
781 500 951 567 tanta:
974 494 1246 550 nobilitati
1279 503 1554 567 tantaeque
1589 494 1841 567 dignitati
1886 514 1952 551 ex
1984 496 2187 551 eisdem
2291 489 2661 558 Quamobrem
2698 500 2882 547 certus
2922 498 3041 546 esto
3083 505 3301 546 omnem
3339 491 3459 561 ejus
3492 491 3843 565 diligentiam,

602 585 930 639 munuscula
960 581 1176 640 offerre.
1213 584 1339 641 Haec
1368 587 1512 641 enim
1543 602 1669 642 cum
1689 586 2000 657 principum
2025 586 2190 658 largi-

601 674 749 729 tione
777 675 1183 731 distribuuntur
1211 677 1264 730 in
1286 676 1504 750 vulgus,
1534 676 1845 750 indigentire
1869 687 1922 733 et
1950 677 2190 734 necessi-

600 754 699 821 tati
734 767 1090 835 subvenitur;
1115 784 1241 822 cum
1263 784 1393 825 vero
1423 785 1613 824 eorum
1636 769 1912 826 oblatione
1941 771 2187 841 ipsorum

600 858 911 930 principum
964 860 1331 916 benivolentia
1371 871 1750 933 comparatur,
1781 864 1973 933 procul
2020 864 2188 920 dubio

600 952 832 1007 avaritia
862 951 1085 1008 illorum
1124 954 1338 1010 occulto
1387 953 1626 1024 quodam
1677 955 1854 1026 elogio
1891 956 2189 1028 exprobra-

600 1050 729 1110 tur;
772 1058 949 1114 neque
971 1044 1116 1101 enim
1155 1045 1348 1100 redimi
1372 1046 1690 1102 muneribus
1717 1057 1968 1118 possent,
2001 1048 2047 1103 sl
2074 1064 2185 1104 non

600 1132 720 1201 eos,
745 1135 891 1204 quod
915 1135 1174 1189 nimirum
1202 1136 1418 1201 accidit,
1449 1151 1516 1191 ex
1539 1135 1632 1192 illo
1661 1138 1907 1194 avaritia:
1937 1149 2187 1196 monstro

594 1223 716 1305 ipsa
745 1242 970 1282 munera
1005 1227 1355 1296 delectarent,
1386 1237 1491 1284 etc.
1523 1228 1715 1301 Itaque
1750 1230 1856 1287 hac
1885 1231 1968 1286 via
2013 1233 2185 1291 addu—

599 1324 722 1371 ctus
753 1332 874 1372 sum
910 1326 968 1373 ut
997 1319 1214 1374 ederem
1246 1319 1489 1375 libellum
1518 1320 1584 1377 de
1609 1321 1798 1377 circuli
1827 1323 2184 1393 quadratura,

600 1407 871 1477 imperitia
901 1410 1199 1480 plurimum
1239 1412 1508 1467 renitente
1531 1455 1547 1481 ,
1612 1413 1705 1469 sed
1743 1413 1811 1469 ad
1860 1416 2187 1473 temerarios

600 1515 769 1557 ausus
820 1511 1143 1574 perurgente
1188 1504 1495 1559 devotione.
1528 1503 1643 1560 Hoc
1674 1504 1840 1577 igitur
1869 1522 2008 1577 opus
2042 1524 2183 1580 quo-

2292 584 2407 640 sive
2434 584 2655 655 penitus
2680 583 3083 655 reprobandum
3124 582 3224 650 sit,
3265 583 3380 639 sive
3415 585 3470 638 in
3511 595 3672 655 parte
3708 589 3843 641 corri-

2291 675 2526 745 gendum
2544 718 2559 743 ,
2584 676 2697 731 sive
2723 692 2789 731 ex
2816 683 2929 731 toto
2957 675 3387 747 provehendum,
3426 676 3479 730 id
3513 686 3611 732 tua
3640 679 3847 735 maxime

2288 768 2572 824 interesse.
2614 766 2795 823 IIabes
2825 767 2970 823 enim
2994 766 3345 838 quamplures
3368 776 3423 823 et
3457 767 3676 824 Tuccas
3701 780 3751 823 et
3772 769 3843 823 Va-

2284 876 2398 928 ros,
2445 861 2646 931 quibus
2673 859 2899 915 minime
2941 860 3013 915 sit
3042 859 3212 916 moris
3250 860 3446 916 alienis
3487 861 3688 916 studiis
3732 862 3846 915 invi-

2283 950 2431 1005 dere.
2461 948 2669 1005 Horum
2693 949 2838 1017 ﬁdei,
2855 950 3049 1004 horum
3074 949 3324 1004 cbaritati
3350 950 3599 1004 laborem
3628 958 3842 1004 nostrum

2283 1042 2611 1109 committes,
2653 1050 2859 1098 utnon
2907 1050 3116 1097 tantum
3163 1042 3437 1112 superﬂua
3476 1049 3745 1106 resecent,
3772 1042 3845 1095 sed

2286 1139 2483 1195 erratis
2510 1153 2729 1209 quoque
2773 1135 3096 1204 adhibeant,
3140 1146 3192 1191 te
3226 1134 3531 1206 probante,
3585 1135 3845 1189 correctio-

2288 1247 2433 1288 nem.
2461 1230 2648 1303 Itaque
2672 1230 2776 1286 hoc
2803 1246 2940 1300 opus
2963 1244 3077 1285 sua:
3100 1227 3501 1284 emendationis
3523 1241 3690 1297 opera
3712 1226 3846 1280 casti—

2287 1333 2434 1398 gent,
2478 1332 2676 1380 utnon
2708 1324 2779 1380 sit
2807 1322 3086 1393 indignum
3130 1321 3275 1391 quod
3308 1328 3403 1374 tuo
3447 1316 3687 1380 nomini,
3710 1318 3844 1372 velati

2286 1404 2503 1474 euidam
2539 1415 2753 1473 numini
2770 1457 2786 1483 ,
2812 1415 3004 1471 debeat
3031 1412 3364 1468 consecrari.

824 1595 1087 1657 DOMNI
1131 1597 1579 1660 FRANCONIS
1621 1598 1857 1660 LIBER
1897 1600 2191 1663 PRIMUS
2231 1598 2529 1663 INCIPIT
2574 1594 2678 1656 DE
2717 1590 3261 1667 QUADRATURA
3300 1587 3651 1651 CIRCULI.

668 1696 1018 1765 Quadratura
1055 1698 1247 1754 circuli
1282 1699 1424 1754 inter
1459 1700 1705 1756 occultas
1733 1716 1917 1757 rerum
1941 1702 2078 1758 adeo
2102 1710 2190 1761 est
2218 1708 2261 1767 Β
2290 1700 2623 1765 Gerbertus,
2682 1694 2950 1765 multique
2994 1691 3088 1746 alii
3145 1690 3392 1747 studiose
3431 1691 3841 1762 investigarunt;

599 1791 855 1846 abstrusa
890 1797 1116 1846 naturas
1144 1800 1204 1846 ut
1229 1791 1298 1847 de
1325 1791 1447 1862 ejus
1475 1792 1689 1848 ratione
1719 1809 1880 1849 nemo
1905 1794 2067 1851 hodie
2098 1797 2186 1853 vel

598 1882 896 1949 dubitaret,
914 1882 1019 1938 nisi
1048 1881 1368 1940 Aristotcles
1391 1925 1407 1950 ,
1447 1898 1609 1955 quem
1642 1884 1807 1939 etiam
1843 1885 2185 1943 inventorem

599 1974 803 2040 ferunt,
832 1974 1008 2044 ipsius
1035 1976 1368 2030 mentionem
1397 1975 1835 2045 praedicamcntis
1883 1978 2001 2034 suis
2040 1979 2186 2035 indi-

599 2066 789 2121 disset.
823 2065 955 2136 Ejus
995 2068 1181 2138 itaque
1215 2067 1499 2123 scientiam
1537 2069 1683 2124 haud
1727 2069 1951 2125 dubiam
2002 2070 2189 2127 ferunt

600 2172 777 2227 usque
817 2159 885 2213 ad
913 2157 1199 2213 Boethium
1226 2158 1585 2229 perdurasse;
1621 2160 1715 2215 illo
1740 2169 1921 2216 autem
1944 2163 2183 2233 sublato,

601 2248 720 2318 ipsa
747 2264 967 2321 quoque
996 2251 1176 2305 omnis
1199 2251 1364 2306 simul
1404 2251 1631 2318 interiit,
1657 2262 1854 2322 prazter
1882 2256 2056 2313 solam
2086 2258 2185 2312 du-

600 2341 920 2396 bitationem
952 2358 1073 2413 qua:
1102 2343 1227 2398 talis
1268 2358 1333 2398 ac
1379 2351 1528 2398 tanta
1580 2353 1667 2400 est
1706 2353 1767 2399 ut
1791 2346 1844 2399 in
1882 2359 1949 2403 ea
1992 2362 2184 2406 omnes

600 2432 788 2498 Italiae,
821 2433 1030 2501 Galliae,
1056 2444 1219 2506 atque
1241 2436 1547 2491 Germaniae
1566 2435 1867 2493 defecerint
1888 2440 2181 2510 sapientes.

603 2524 886 2595 Siquidem
911 2525 1055 2580 hanc
1091 2534 1278 2582 noster
1299 2525 1634 2581 Adclboldus
1658 2568 1673 2593 ,
1719 2527 1863 2583 hanc
1908 2531 2185 2589 maximus

600 2616 886 2671 doctorum
935 2613 1106 2670 Wazo
1136 2658 1151 2683 ,
1202 2616 1344 2671 banc
1383 2616 1497 2686 ipse
1543 2617 1849 2673 studiorum
1904 2630 2188 2695 reparator

2289 1792 2382 1863 qui
2417 1791 2465 1846 si
2492 1789 2683 1845 cﬂectu
2721 1783 2878 1857 potiti
2928 1781 3197 1848 fuissent,
3229 1796 3360 1834 num
3406 1780 3456 1834 id
3496 1779 3572 1834 ab
3612 1779 3714 1835 illis
3741 1796 3842 1849 pro—

2289 1886 2482 1951 fectos,
2515 1896 2750 1955 quorum
2780 1877 2947 1948 aliqui
2989 1875 3167 1931 adhuc
3203 1881 3501 1944 supersunt
3528 1915 3543 1940 ,
3593 1873 3844 1926 universos

2287 1977 2512 2035 lateret?
2564 1974 2630 2029 Et
2688 1968 2935 2028 Gerherti
2983 1967 3204 2039 quidem
3252 1964 3631 2037 gcouictrieus
3663 1962 3842 2017 libellus

2289 2054 2521 2127 habetur
2546 2065 2648 2141 (ι),
2683 2064 2896 2135 aliaque
2921 2060 3164 2132 ejusdem
3214 2056 3413 2128 scripta
3436 2098 3451 2122 ,
3485 2073 3520 2110 a
3551 2056 3744 2126 quibus
3764 2098 3776 2120 ,
3803 2056 3843 2107 ni

2288 2165 2467 2231 fallor,
2504 2174 2788 2231 nunquam
2815 2154 3159 2219 exclusisset,
3192 2150 3462 2221 siquidem
3496 2148 3626 2219 ejus
3646 2148 3841 2218 diligen-

2289 2256 2379 2311 tiae
2404 2269 2567 2323 super
2592 2251 2694 2306 hac
2720 2246 2945 2304 scientia
2969 2252 3305 2314 compertum
3335 2240 3554 2296 fuisset.
3584 2238 3723 2292 Nihil
3742 2254 3844 2308 ergo

2287 2347 2543 2402 volumus
2574 2341 2911 2414 promittere,
2956 2345 3153 2408 praeter
3198 2334 3440 2390 studium
3497 2342 3558 2388 ct
3598 2331 3839 2393 laborem,

2290 2438 2383 2510 qui
2419 2438 2595 2508 primo
2642 2433 2859 2490 sudabit
2888 2431 2943 2485 in
2974 2430 3065 2484 illa
3090 2427 3413 2501 quaestione,
3431 2441 3563 2496 quae
3582 2423 3842 2495 plurimum

2290 2532 2454 2587 etiam
2493 2527 2744 2600 fatigavit
2795 2525 3033 2595 majores
3082 2531 3318 2589 nostros,
3350 2519 3417 2574 de
3462 2515 3844 2587 compara‘dom

2288 2622 2542 2685 videlicet
2564 2619 2911 2690 angulorum,
2935 2624 3039 2670 etc.

1730 2711 2150 2777 PROLOGUS
2194 2696 2465 2777 TERTII
2516 2701 2749 2774 mea].

670 2807 726 2862 Si
767 2818 823 2863 tu
861 2808 908 2865 is
942 2823 1092 2864 esses
1115 2849 1129 2875 ,
1171 2808 1372 2878 praesul
1396 2808 1615 2877 eximie,
1656 2811 1818 2882 cujus
1842 2828 1957 2867 sua:
1991 2812 2180 2871 laudes
2207 2821 2252 2883 C
2284 2832 2409 2872 mus
2449 2812 2725 2886 regnavit;
2769 2808 2915 2865 ﬁlius
2939 2806 3083 2878 apud
3114 2806 3263 2876 ipsos
3307 2803 3527 2874 primus
3569 2798 3839 2870 imperavit.

600 2900 846 2956 animum
880 2900 1215 2955 delectarent
1249 2908 1303 2955 et
1346 2911 1674 2971 pascereut,
1732 2903 1880 2960 nulla
1931 2903 2185 2961 facundia

600 2993 733 3049 satis
773 3001 919 3048 esset
943 2992 1033 3048 bis
1055 3009 1178 3064 quae
1204 3001 1317 3048 tum
1345 2993 1411 3048 de
1436 3002 1485 3047 te
1516 2994 1668 3064 ipso,
1704 3003 1822 3050 tum
1849 2997 1917 3053 de
1942 2998 2080 3066 avis,
2121 2998 2188 3054 de

598 3086 821 3154 proavis
846 3086 1022 3156 deque
1057 3087 1332 3142 universis
1359 3087 1662 3157 majoribus
1691 3088 1833 3156 tuis,
1882 3106 1992 3145 non
2024 3092 2189 3167 modo

600 3176 975 3232 Romanorum
1035 3179 1128 3234 sed
1165 3178 1457 3236 Graiorum
1506 3196 1726 3252 quoque
1770 3182 2080 3254 principum
2117 3184 2188 3239 il-

601 3269 985 3335 lustrissimis,
1018 3270 1084 3324 de
1109 3270 1307 3325 horum
1350 3272 1664 3340 nobilitate,
1693 3273 1759 3327 de
1798 3273 2083 3345 dignitate,
2118 3275 2186 3332 de

601 3359 794 3430 gloria,
838 3360 905 3414 de
953 3361 1223 3430 potentia,
1265 3362 1332 3418 de
1362 3363 1555 3433 copiis,
1592 3363 1660 3418 de
1695 3365 2052 3434 amplitudine
2100 3382 2186 3421 re—

601 3467 744 3515 rum,
769 3451 835 3507 de
856 3452 1291 3521 praeclarissimis
1325 3452 1514 3521 factis,
1551 3455 1617 3509 de
1639 3455 1858 3523 virtute,
1883 3457 1950 3511 de
1976 3457 2189 3529 sapien-

602 3544 697 3606 tia,
729 3544 795 3599 de
822 3545 1031 3619 meritis
1069 3544 1314 3617 ipsorum
1357 3546 1554 3617 jactari
1599 3548 1859 3623 valerent.
1912 3547 2173 3621 Virgilius

600 3654 827 3707 cupiens
854 3655 883 3693 a
911 3640 1230 3709 parentibus
1260 3640 1610 3711 magnificare
1634 3642 1964 3712 Augustum,
2004 3642 2190 3698 Aiaci-

601 3731 670 3785 da
704 3730 797 3785 XII
861 3730 1017 3787 libris
1066 3733 1427 3804 conscripsit;
1494 3743 1701 3805 quanto
1759 3735 2009 3805 pluribus
2050 3751 2190 3805 opus

601 3830 779 3891 esset,
814 3823 859 3877 si
888 3822 1013 3894 quis
1036 3824 1195 3878 vellet
1218 3814 1472 3897 colligere
1502 3840 1626 3895 quae
1653 3825 1883 3894 primus,
1928 3842 2053 3897 quae
2097 3840 2186 3880 se-

602 3912 834 3979 cundus,
872 3929 995 3984 qua:
1023 3914 1221 3970 tertius
1248 3916 1417 3987 gessit
1448 3914 1757 3971 Octonum?
1795 3932 2030 3988 quorum
2072 3917 2188 3986 pri-

602 4020 727 4062 mus
777 4005 849 4062 ab
898 4004 1135 4063 Henrico
1168 4015 1325 4078 patre
1373 4023 1475 4064 suo
1514 4008 1756 4078 suscepit
1800 4025 2052 4080 regnum,
2093 4009 2187 4066 sed

602 4096 714 4151 filio
748 4098 969 4168 reliquit
1010 4100 1341 4170 imperium;
1378 4107 1532 4171 pater
1553 4101 1695 4172 apud
1732 4099 2047 4157 Theutones
2076 4101 2189 4173 pri-

675 4232 753 4303 (l)
777 4232 1268 4309 Gerbertiquidem
1297 4244 1354 4309 et
1376 4234 1659 4309 Adelboldi
1698 4234 1930 4309 legimus
1983 4236 2186 4305 scripta

605 4305 927 4376 geometrica
984 4304 1125 4376 aptid
1186 4305 1407 4361 Pezium
1457 4304 1704 4361 auecdot.
1742 4311 1779 4376 t.
1816 4304 1912 4371 Ill,
1948 4304 2185 4376 parun,

604 4387 655 4448 p_.
697 4373 843 4448 6,__et
874 4391 927 4446 p.
955 4373 1033 4431 82‘
1060 4392 1144 4448 sq.
1177 4377 1457 4432 Adelboldi
1505 4385 1685 4431 autem
1726 4375 1801 4448 _de
1852 4373 2185 4448 quadratum

603 4444 794 4499 circuli
824 4444 1150 4516 opusculum
1179 4458 1264 4504 est
1290 4448 1433 4518 apud
1463 4463 1550 4502 me
1581 4462 1684 4501 rus.
1724 4444 1970 4518 Denique
1987 4447 2187 4502 Wazo-

2288 2907 2361 2964 Et
2393 2907 2616 2979 quibus,
2661 2904 2767 2963 nisi
2810 2902 2938 2969 illis,
2986 2897 3275 2957 Germania
3317 2895 3522 2959 debet,
3581 2892 3721 2962 quod
3761 2889 3843 2943 sibi

2291 3016 2416 3057 cum
2447 3006 2647 3054 cuncto
2671 2996 2803 3051 orbe
2826 2995 2945 3065 ipsa
2978 2989 3209 3048 exsolvit
3238 2988 3503 3043 trihu‘um
3548 2984 3731 3039 Italia?
3762 2980 3842 3035 Per

2290 3107 2431 3164 quos
2456 3090 2593 3145 alios
2621 3087 2796 3143 nostri
2840 3087 3195 3155 imperatores
3223 3077 3453 3134 Romani
3502 3074 3703 3147 sceptri
3743 3071 3841 3127 facti

2291 3193 2421 3242 sunt
2451 3180 2842 3240 successores?
2880 3176 3086 3233 Vellem
3142 3173 3277 3229 mihi
3333 3171 3556 3227 diceres
3636 3184 3668 3222 ο
3702 3165 3839 3225 Maro,

2289 3277 2423 3350 quid
2458 3273 2819 3332 taleeontulit
2847 3280 3030 3327 vestro
3062 3268 3219 3322 Latio
3266 3265 3356 3320 ille
3405 3272 3572 3328 tuus,
3608 3262 3694 3315 ille
3725 3258 3838 3328 pius.

2291 3371 2382 3426 ille
2406 3384 2658 3439 magnus,
2685 3365 2775 3419 ille
2801 3364 2902 3418 dea
2936 3371 3097 3416 natus
3128 3357 3350 3414 Encas.
3390 3354 3667 3425 Agnosce,
3691 3350 3841 3418 Augu-

2290 3471 2393 3527 ste,
2427 3466 2632 3530 quauto
2659 3457 2732 3511 sit
2763 3454 2907 3510 infra
2928 3462 3082 3508 tuum
3107 3464 3296 3522 genus,
3350 3446 3456 3516 piis
3498 3453 3559 3499 et
3606 3440 3841 3514 praeclaris

2291 3551 2593 3609 Octonibus
2622 3554 3021 3619 comparatum.
3060 3540 3166 3597 Sed
3185 3547 3305 3595 esto
3328 3538 3495 3593 faerit
3518 3537 3646 3592 talis
3674 3533 3842 3589 Encas

2293 3646 2402 3712 ille,
2430 3643 2563 3715 quid
2605 3650 2699 3697 tua
2749 3624 2967 3695 referti
3001 3628 3082 3690 Tu
3125 3634 3270 3689 enim
3304 3628 3542 3686 .‘Eneam
3572 3629 3663 3682 vix
3702 3624 3839 3679 mille

2294 3738 2468 3794 simus
2487 3736 2726 3806 attingas
2746 3747 2935 3802 nepos.
2954 3728 3195 3784 Putasne
3217 3724 3381 3796 igitur
3394 3721 3666 3778 Octonum
3688 3731 3839 3786 nepos

2295 3830 2342 3889 si
2372 3829 2591 3905 qualem
2625 3835 2680 3881 tu
2711 3823 2997 3895 Virgilium
3028 3818 3271 3883 haberet,
3295 3815 3392 3886 qui
3421 3830 3552 3869 eum
3598 3809 3840 3905 extolleret

2293 3939 2323 3978 a
2356 3899 2513 3977 laude
2535 3926 2843 3990 parentum,
2862 3923 3024 3986 putas
3044 3927 3112 3966 ne
3137 3918 3286 3965 tuam
3312 3906 3521 3962 famam
3540 3912 3733 3977 quanta
3752 3899 3840 3971 glo-

2293 4015 2377 4071 ria
2402 4010 2729 4070 oll‘uscaret?
2761 4018 2864 4065 etc.

2300 4235 2386 4291 nis
2413 4234 2531 4301 (seu
2555 4227 2955 4301 Wasonis)_qui
2982 4223 3089 4301 fuit
3110 4219 3839 4301 Francouis‘cozetancusgfrr

2295 4279 3144 4370 ἔίεῐι“ἶῶἷίιίζᾶῥὶὶξῖιηηέὦτίάιῳιι
3169 4289 3485 4370 Ιξξωκιέειιη
3519 4286 3656 4370 med.
3678 4292 3725 4337 et
3744 4279 3836 4335 ut.

2298 4361 2341 4433 t.
2373 4375 2463 4443 Vl,
2491 4375 2621 4430 edit.
2663 4361 2850 4425 P'atav.
2882 4383 3009 4424 cum
3039 4363 3236 4420 Mansii
3264 4361 3666 4416 additamentis.

1964 4593 2137 4600 -ς

1940 4658 2076 4698 ANNO
2114 4657 2299 4698 ῡοωΝι
2334 4654 2539 4697 κιιγιι.

1050 4980 1055 4987 .
1168 4646 3402 5013 ΒΕΑἙΕέἓΪΧῖΣΕΞΕΙΠΒ

1614 4995 2212 5090 ARCHIEPISCOPIIS
2245 4989 2853 5054 ROTHOMAGENSIS.

2023 5097 2421 5113 ﬂ

1360 5186 1755 5331 VITA
1810 5185 2288 5315 BEATI
2348 5178 3138 5314 MAUBILII.
