4020 5364
132 293 264 355 l577

1678 289 1836 347 “TA
1846 334 1859 348 .

3260 297 3399 356 l5?!

126 431 272 481 tueu,
301 412 447 485 quod
481 413 704 484 quidem
733 412 926 481 sciam,
951 408 1135 468 Vitam
1168 409 1290 481 ejus
1316 408 1514 466 litteris
1554 384 1711 464 man-
1743 420 1785 475 Λ
1815 408 2109 464 educatum
2154 407 2325 466 fuisse
2372 426 2481 467 non
2541 411 2719 467 solum
2774 411 3105 468 recentiores
3153 412 3403 471 historici

122 505 290 561 davit.
316 502 425 559 Nec
451 504 634 559 obstat
658 501 947 558 Trithemii
973 500 1301 569 auctoritas,
1345 500 1439 571 qui
1484 499 1538 554 in
1563 514 1706 554 nova

121 596 381 663 Chronici
411 594 819 667 llirsaugiensis
850 593 1194 665 Sangallensi
1219 593 1463 651 editione
1516 591 1583 647 ad
1609 608 1704 646 an-

124 705 256 745 num
298 688 437 743 1064
465 689 609 743 beati
656 686 894 742 Maurilii
925 686 1087 740 Gesta
1122 686 1425 756 conscripta
1458 699 1582 739 esse
1616 698 1707 739 re-

123 783 247 836 lert.
297 780 508 848 Quibus
537 772 719 836 verbis
760 778 897 834 nihil
940 778 1088 833 aliud
1138 776 1372 832 fortasse
1421 777 1710 848 designare

121 876 296 929 voluit
327 874 417 928 ille
462 881 676 938 auctor,
712 879 909 942 praeter
937 870 1087 925 Varia
1122 870 1298 941 elegia
1332 868 1567 924 Maurilii
1603 883 1708 923 no-

124 968 265 1033 stri,
306 981 429 1038 quae
457 966 513 1020 in
561 965 719 1021 istius
768 963 1033 1033 temporis
1086 961 1446 1032 scriptoribus
1501 961 1707 1033 passim

125 1068 445 1118 occurrunt.
490 1058 629 1114 Huic
676 1057 1007 1127 conjectura:
1044 1054 1188 1111 favet
1217 1055 1333 1126 ipse
1373 1053 1709 1110 Trithemius

126 1154 181 1208 in
219 1154 385 1208 altera
410 1153 656 1223 ejusdem
691 1150 957 1206 Chroniei
984 1149 1245 1215 editione,
1276 1148 1369 1203 ubi
1393 1147 1536 1203 facta
1556 1146 1710 1202 Mau-

123 1247 232 1302 rilii
275 1246 492 1319 egregia
531 1243 831 1311 mentione,
867 1244 983 1299 haec
1024 1242 1186 1297 verba
1230 1240 1512 1312 subjungit
1572 1259 1586 1295 :
1633 1238 1710 1295 De

122 1339 273 1410 cujus
308 1349 496 1393 sancta
529 1336 925 1391 conversatione
951 1332 1204 1405 prartelsa
1230 1333 1452 1387 laudum
1507 1348 1710 1399 prwco-

124 1435 216 1487 nia
253 1434 515 1503 feruntur.
552 1430 618 1485 Et
657 1429 799 1485 libro
839 1437 1038 1500 quarto
1088 1426 1165 1482 De
1212 1426 1347 1482 viris
1404 1425 1709 1482 illustribus

124 1524 333 1579 ordinis
367 1520 542 1579 nostri
575 1535 697 1591 cap.
731 1518 856 1574 120.
892 1516 1247 1572 Maurilius...
1301 1517 1366 1570 de
1394 1531 1496 1587 quo
1540 1513 1710 1569 multa

125 1616 260 1670 bona
303 1623 613 1668 narrantur.
639 1612 747 1668 Sed
771 1620 825 1666 et
848 1610 1052 1665 frustra
1082 1610 1151 1665 de
1176 1610 1280 1665 hac
1308 1624 1367 1663 re
1395 1607 1574 1664 fusius
1597 1607 1709 1663 dis-

123 1725 391 1775 seremus,
419 1723 545 1764 cum
576 1705 812 1761 Maurilii
852 1703 973 1760 Vita
1000 1745 1017 1771 ,
1062 1704 1109 1759 si
1142 1717 1384 1773 unquam
1415 1700 1705 1769 exstiterit,

116 1801 236 1872 jam
274 1801 434 1870 plane
458 1800 531 1855 sit
570 1799 776 1869 ignota.
806 1796 989 1863 Quare
1021 1796 1185 1851 breve
1209 1795 1332 1866 ejus
1355 1794 1612 1866 elogium,
1641 1809 1709 1849 ex

121 1893 291 1948 variis
319 1891 413 1963 qui
440 1891 506 1946 de
534 1905 600 1945 eo
625 1897 857 1960 egerunt
877 1903 979 1960 pro
1000 1888 1126 1944 data
1153 1888 1446 1944 occasione
1472 1886 1713 1942 auctori-

123 1986 250 2051 bus,
284 2000 384 2055 pro
428 1998 582 2038 more
609 1993 802 2037 nostro
835 1982 1214 2037 conﬁciemus.

197 2078 252 2132 2.
284 2075 598 2131 Maurilium
643 2072 831 2129 Remis
871 2081 1061 2129 natum
1092 2072 1413 2128 diﬂiteretur
1436 2086 1630 2138 nemo,
1665 2072 1712 2127 si

124 2167 415 2225 Orderieus
452 2166 649 2223 Vitalis
679 2165 781 2221 sibi
804 2165 909 2237 ipsi
948 2166 1305 2222 constitisset.
1338 2164 1409 2220 At
1456 2180 1582 2219 cum
1640 2165 1711 2220 li-

133 2264 237 2316 bro
290 2276 344 2317 tv
387 2258 643 2316 Historiae
667 2273 781 2315 sua:
801 2257 1187 2313 ecclesiasticae
1232 2256 1452 2312 beatum
1498 2257 1713 2312 antisti—

126 2361 238 2408 tem
263 2351 450 2409 Remis
472 2359 655 2407 ortum
682 2366 749 2407 ex
779 2349 955 2420 ipsius
981 2348 1260 2420 epitaphio
1281 2347 1501 2415 dixerit,
1529 2348 1711 2401 aliun-

125 2445 302 2516 deque
323 2445 464 2501 libro
495 2460 530 2500 ν
554 2442 839 2516 scripserit
854 2442 1108 2499 eumdem
1133 2456 1317 2514 genere
1340 2438 1712 2512 Maguntinum

126 2537 327 2606 fuisse;
360 2539 453 2610 qui
488 2536 838 2610 postmodum
881 2533 1057 2592 secuti
1086 2543 1215 2590 sunt
1256 2542 1507 2589 auctores
1530 2532 1713 2587 varias

128 2630 186 2684 in
231 2629 527 2686 sententias
555 2628 828 2683 abierunt.
876 2624 1030 2681 Viam
1075 2624 1312 2680 mediam
1344 2624 1469 2679 iniit
1494 2621 1712 2678 Menar-

124 2722 233 2777 dus
253 2729 440 2776 noster
458 2720 513 2775 in
539 2720 686 2775 notis
707 2718 775 2775 ad
801 2716 1247 2789 Martyrologium
1274 2713 1711 2783 Benedictinum,

130 2815 224 2869 ubi
254 2813 568 2869 Maurilium
604 2812 793 2868 Remis
841 2811 1065 2883 quidem
1125 2816 1318 2865 natum
1353 2807 1573 2875 fatetur,
1619 2807 1713 2863 sed

124 2923 196 2962 ex
220 2905 534 2977 parentibus
566 2904 900 2977 Maguntinis
935 2922 949 2959 :
986 2918 1153 2974 quam
1193 2890 1417 2974 quidem
1452 2901 1714 2957 dirimen-

125 3000 214 3054 dae
240 2999 353 3053 litis
373 2997 643 3053 rationem
676 2995 834 3052 multi
864 3004 988 3067 post
1013 3011 1076 3051 ea
1103 2994 1395 3064 amplexati
1427 3000 1572 3049 sunt.
1600 2991 1714 3064 Ego

124 3107 259 3147 vero
280 3091 347 3146 de
372 3089 610 3145 Maurilii
631 3087 952 3160 parentibus
978 3086 1116 3142 nihil
1140 3086 1317 3141 habeo
1338 3085 1483 3156 quod
1508 3084 1710 3149 dicam,

123 3200 254 3239 cum
284 3182 351 3238 ad
388 3181 444 3238 id
478 3181 626 3237 nulla
671 3189 961 3252 suppetant
1004 3179 1390 3244 instrumenta,
1419 3172 1523 3233 nisi
1572 3176 1719 3247 quod

122 3291 253 3331 eum
291 3273 800 3349 generisnobilitate
822 3271 1195 3346 praeeelluisse
1219 3277 1471 3327 asserant
1499 3269 1723 3327 Guillel-

125 3384 254 3424 mus
289 3367 671 3434 Pietaviensis,
714 3374 770 3422 et
825 3364 1134 3422 monachus
1188 3378 1497 3436 anonymus
1545 3363 1720 3419 sancti

123 3460 378 3516 Audoeni
403 3457 894 3531 Rothomagensis,
922 3466 1114 3513 auctor
1134 3454 1424 3511 Gestorum
1449 3455 1722 3526 archiepi-

123 3567 424 3623 scoporum
445 3551 967 3625 Rothomagensium
995 3549 1098 3621 ipsi
1120 3548 1373 3605 Maurilio
1396 3548 1724 3621 mqualis,ex

121 3651 472 3722 autographo
494 3651 675 3706 editus
701 3634 859 3705 tomo
879 3647 924 3702 ll
976 3646 1386 3715 Analeetorum,
1410 3647 1505 3719 qui
1531 3648 1723 3719 paucis

120 3742 312 3797 verbis
339 3743 603 3813 pneclara
634 3743 701 3799 de
723 3750 915 3797 sancto
938 3739 1191 3799 Maurilio
1235 3739 1458 3811 scripsit
1500 3740 1558 3795 in
1605 3739 1725 3810 ejus

121 3832 267 3889 Vita:
290 3834 638 3907 compendio.
664 3831 765 3889 Hic
796 3842 979 3889 autem
1001 3875 1016 3900 ,
1053 3832 1214 3903 cujus
1253 3833 1435 3888 locum
1494 3831 1725 3888 inferius

122 3925 408 3996 integrum
464 3926 869 3995 exhibebimus,
918 3924 1121 3982 diserte
1157 3925 1359 3981 asserit
1408 3923 1725 3979 Maurilium

119 4017 301 4072 nobili
332 4018 586 4089 prosapia
626 4032 693 4073 ex
739 4015 997 4072 Remensi
1036 4031 1177 4088 pago
1220 4024 1471 4072 exortum
1526 4006 1723 4070 fuisse.

120 4109 297 4165 Certe
337 4109 486 4166 hunc
520 4111 702 4182 ipsum
736 4108 926 4165 Remis
960 4117 1150 4164 natum
1176 4106 1363 4179 negari
1410 4123 1520 4162 non
1562 4120 1725 4178 posse

118 4199 408 4268 existimo,
438 4216 564 4257 eum
600 4200 653 4256 id
694 4200 749 4255 in
784 4199 1063 4270 epitaphio
1106 4198 1358 4268 sepulcro
1383 4197 1505 4267 ejus
1550 4211 1724 4267 appo-

121 4292 237 4345 sito
287 4290 512 4347 disertis
533 4305 855 4362 expressum
890 4289 1072 4345 verbis
1098 4280 1384 4344 habeatur.
1418 4287 1575 4355 Quod
1601 4285 1724 4358 qui-

120 4381 255 4436 dem
286 4381 635 4452 epitaphium
678 4396 789 4437 non
818 4381 890 4437 ab
926 4381 1152 4437 homine
1183 4380 1371 4454 ignoto
1390 4422 1405 4450 ,
1437 4387 1532 4435 aut
1558 4379 1724 4451 longo

1812 500 2175 571 scripserunt,
2202 517 2391 557 verum
2414 502 2578 557 etiam
2606 502 2748 559 idem
2778 510 3059 560 attestatur
3093 520 3402 579 anouymus

1810 600 1998 648 noster
2027 608 2195 664 supra
2234 593 2509 663 laudatus,
2537 610 2604 651 ex
2633 611 2744 668 quo
2768 598 2932 653 etiam
2977 598 3244 654 discimus
3273 614 3399 655 eum

1810 695 1933 754 post
1958 694 2210 739 navatam
2241 686 2603 757 philosophice
2627 690 2932 751 ediscenda!
2959 692 3103 761 apud
3128 690 3398 749 Leodium

1811 790 2055 847 operam,
2083 774 2544 835 Halberstatensis
2576 778 2837 837 Ecclesia:
2874 784 3187 839 scholastici
3218 786 3402 858 digni-

1810 876 1977 922 tatem
2006 868 2329 924 obtinuisse.
2366 867 2471 949 Sed
2502 871 2619 927 inec
2651 872 2836 927 omnia
2860 872 3093 929 Maurilii
3128 874 3400 943 animum,

1809 960 1904 1031 qui
1960 959 2289 1031 perfectiora
2341 961 2675 1019 charismata
2720 966 3112 1036 aemulabatur,
3158 969 3404 1024 detinere

1818 1066 1928 1106 non
1975 1060 2289 1121 potuerunt.
2322 1051 2504 1119 Quare
2558 1054 2611 1108 in
2642 1052 3033 1111 Fiscamnense
3064 1054 3402 1126 coanobium,

1810 1145 1919 1212 cui,
1957 1153 2017 1199 ut
2055 1146 2276 1217 quidem
2312 1148 2448 1202 mihi
2481 1148 2717 1215 videtur,
2768 1158 3001 1220 praeerat
3044 1159 3176 1207 tunc
3209 1153 3406 1209 beatus

1810 1237 2141 1306 Willelmus,
2170 1240 2431 1308 secessit;
2459 1257 2697 1313 cumque
2731 1242 2934 1298 multos
2968 1242 3042 1297 ibi
3072 1261 3249 1301 annos
3275 1261 3427 1315 exe:

1809 1332 1996 1402 gisset,
2026 1333 2245 1387 obtenta
2276 1335 2511 1390 exeundi
2537 1335 2775 1402 licentia,
2813 1336 2865 1390 in
2897 1334 3105 1391 Italiam
3133 1337 3286 1404 abiit,
3312 1338 3407 1395 ubi

1810 1442 1935 1483 cum
1981 1426 2245 1483 Gerberto
2290 1444 2395 1485 suo
2440 1430 2613 1497 socio,
2669 1431 2764 1502 qui
2824 1432 3173 1501 postmodum
3234 1433 3408 1489 abbas

1810 1520 1986 1574 sancti
2020 1519 2417 1592 Wandregesili
2448 1523 2674 1579 ellectus
2712 1532 2816 1590 est,
2841 1524 3287 1580 anachoreticam
3320 1526 3407 1582 vi-

1813 1620 1921 1666 tam
1950 1612 2123 1667 duxit.
2153 1611 2451 1685 Utriusque
2478 1626 2723 1671 sanctam
2756 1617 2809 1669 in
2847 1615 2953 1672 illis
2990 1617 3238 1686 partibus
3270 1631 3406 1672 con-

1814 1706 2187 1760 versationem
2243 1706 2554 1777 magnilicis
2607 1706 2789 1763 verbis
2832 1708 3043 1763 extollit
3086 1706 3409 1764 Guillelmus

1743 1784 1783 1844 Β
1812 1795 2192 1863 Pictaviensis,
2227 1807 2420 1853 auctor
2448 1798 2697 1876 aequalis,
2726 1798 2780 1852 in
2808 1798 2949 1853 libro
2972 1796 3047 1853 De
3071 1799 3241 1871 gestis
3255 1798 3410 1853 Guil-

1812 1889 1961 1944 lelmt
1991 1889 2169 1957 ducis,
2218 1899 2405 1960 postea
2436 1890 2645 1962 Anglia:
2678 1892 2844 1964 regis,
2889 1891 2982 1945 ubi
3010 1891 3091 1947 sic
3116 1891 3362 1962 loquitur
3392 1911 3405 1946 :

1810 1981 1980 2035 Ambo
2000 1982 2055 2035 hi
2078 1983 2133 2035 in
2168 1992 2324 2037 aetate
2363 1984 2746 2053 florentissima
2786 1984 3143 2052 divinitatem,
3169 1995 3219 2039 et
3244 2001 3408 2056 quam

1812 2073 2071 2128 divinitas
2110 2073 2345 2145 largitur
2377 2075 2759 2130 beatitudinem
2799 2076 3084 2147 speculati,
3131 2077 3241 2131 alio
3274 2076 3412 2130 mal-

1814 2176 1967 2237 toque
1987 2167 2369 2237 perspicaciori
2395 2170 2585 2222 mentis
2607 2170 2847 2223 acumine
2868 2187 3026 2241 quam
3057 2168 3236 2236 Plato,
3264 2170 3412 2225 nuda

1812 2258 2139 2329 professione
2175 2259 2551 2328 impedimenta
2576 2276 2749 2314 rerum
2773 2260 3149 2330 temporalium
3176 2277 3408 2326 evasere,

1811 2349 2140 2421 despicantes
2169 2350 2454 2405 mandante
2490 2351 2835 2423 philosophia
2857 2352 3146 2408 vehementi
3171 2353 3412 2424 applica—

1814 2434 1954 2498 tione
1981 2460 2014 2497 ιι
2041 2459 2095 2498 se
2130 2452 2312 2497 amata
2341 2445 2642 2514 gymnasia,
2685 2447 2850 2516 patrii
2873 2447 2975 2501 soli
3014 2447 3220 2501 dulcem
3263 2448 3410 2501 arri-

1812 2551 1950 2601 sum,
1977 2534 2163 2605 opibus
2198 2551 2261 2588 ac
2290 2536 2642 2607 generositate
2668 2535 2873 2590 claram
2892 2537 3241 2608 parentelam,
3267 2554 3412 2609 spem

1812 2624 2123 2679 sublimium
2170 2636 2524 2697 provectuum.
2561 2626 2654 2681 Sic
2702 2629 2881 2682 animo
2917 2630 3113 2684 victore
3152 2631 3408 2701 expediti,

1814 2732 1951 2769 nunc
2004 2716 2099 2770 sub
2139 2716 2270 2787 jugo
2306 2718 2682 2786 coenobiorum,
2735 2736 2873 2773 nunc
2931 2721 2988 2775 in
3030 2722 3191 2775 eremi
3239 2721 3408 2793 lucta,

1814 2805 2022 2861 aemulis
2081 2806 2513 2862 Machaba’orum
2563 2808 2905 2864 decertabant
2956 2812 3262 2883 sudoribus,
3312 2830 3409 2884 pro

1812 2896 2198 2951 interminabili
2230 2907 2281 2951 et
2307 2897 2632 2953 liberalitate
2661 2908 2712 2955 et
2761 2901 2956 2972 quiete,
2994 2918 3199 2956 onmem
3236 2913 3410 2958 θέειν-ε·
3438 2890 3441 2895 ’

1814 2986 2077 3053 mitatem,
2107 2985 2313 3041 nullam
2343 2976 2711 3058 praelationem
2742 2991 2797 3044 in
2832 2992 3024 3047 exsilio
3055 2994 3237 3047 mundi
3263 3010 3408 3068 prce—

1821 3080 2074 3133 tereuntis
2097 3080 2407 3136 ambientes.

1893 3173 1948 3227 4.
1974 3171 2147 3228 Tanta
2186 3173 2422 3230 Maurilii
2461 3176 2638 3233 virtus
2666 3178 2877 3236 diutius
2907 3180 3010 3236 sub
3055 3183 3241 3238 modio
3272 3183 3413 3240 deli—

1824 3272 2034 3321 tescere
2063 3281 2172 3320 non
2203 3269 2398 3337 potuit.
2425 3267 2563 3326 Hinc
2601 3279 2659 3325 ut
2701 3272 2826 3328 aliis
2858 3273 3024 3328 etiam
3056 3275 3205 3331 utilis
3240 3287 3408 3343 esset,

1823 3359 2157 3413 monasterio
2184 3360 2401 3416 cuidam
2432 3361 2488 3417 in
2511 3364 2704 3419 eadem
2728 3366 2951 3437 regione
2972 3355 3272 3438 ‘prml‘ectus
3302 3380 3408 3426 est.

1823 3448 1942 3517 Qua
1973 3452 2027 3506 in
2057 3452 2338 3524 dignitate,
2380 3465 2438 3510 ut
2473 3452 2840 3514 asserit‘idcm
2866 3457 3212 3529 Guillelmus,
3248 3479 3412 3533 supra

1823 3550 2038 3596 crateras
2074 3541 2289 3597 abbates
2328 3545 2553 3599 eximius
2594 3548 2832 3602 emicuit.
2878 3548 3291 3617 Monasterium,
3321 3555 3411 3609 cui

1824 3630 2114 3689 Maurilius
2131 3634 2368 3705 przefuit,
2395 3638 2448 3691 in
2466 3638 2582 3707 ipsa
2605 3638 2741 3695 urbe
2760 3639 3037 3697 Florentia
3057 3644 3222 3699 situm
3243 3645 3414 3701 fuisse

1824 3726 2013 3783 scribit
2039 3725 2335 3784 Ordericus
2365 3728 2556 3786 Vitalis
2585 3731 2725 3786 libro
2748 3749 2797 3798 v,
2824 3734 2919 3789 sed
2942 3750 3141 3790 nomen
3172 3737 3292 3805 ejus
3318 3753 3405 3792 ex-

1823 3819 2013 3888 primit
2043 3828 2229 3875 noster
2259 3836 2587 3895 anonymus,
2626 3824 2720 3894 qui
2749 3824 2913 3879 etiam
2962 3826 3147 3882 laudat
3186 3827 3412 3883 Bonifa-

1824 3911 1971 3965 cium
2018 3911 2425 3980 marchionem,
2469 3929 2580 3983 quo
2627 3923 2820 3986 agente
2866 3915 3152 3973 Maurilius
3199 3918 3413 3975 abbatis

1823 4002 2143 4072 dignitatem
2188 4005 2447 4075 suscepit.
2483 4005 2765 4075 Defuncto,
2811 4008 3008 4078 inquit,
3047 4009 3234 4065 abbate
3282 4009 3415 4065 Flo-

1825 4099 2139 4152 rentinensis
2174 4097 2447 4168 Ecclesia’,
2476 4118 2594 4172 qua:
2618 4102 2672 4156 in
2704 4102 2899 4157 honore
2927 4103 3093 4161 beatte
3124 4104 3409 4162 Maria...

1824 4197 2127 4243 constructa
2161 4200 2259 4257 est,
2301 4190 2454 4263 elegit
2476 4209 2593 4246 eum
2644 4191 2885 4248 Marc/tio
2919 4195 3256 4266 Bonifacius,
3304 4207 3410 4254 etc.

1823 4279 2216 4337 Monasterium
2252 4281 2465 4340 Sancta:
2492 4284 2695 4352 Marize,
2722 4288 2887 4358 vulgo
2919 4287 3185 4356 Lebadia,
3218 4290 3412 4346 hodie-

1823 4386 1931 4443 que
1982 4383 2297 4444 perseverat
2343 4377 2555 4432 celebre
2606 4378 2752 4449 apud
2803 4378 3134 4435 Florentiam
3162 4421 3178 4448 ,
3234 4383 3412 4437 ordini

118 4481 257 4544 post
299 4473 449 4530 beati
497 4474 763 4531 antistitis
809 4475 1020 4531 obitum
1071 4468 1314 4545 tempore
1355 4473 1721 4560 compositum
1755 4502 1803 4560 Ι)
1826 4474 2019 4519 nostro
2042 4465 2338 4532 addictum,
2364 4467 2467 4522 sub
2486 4466 2775 4525 Casinensi
2798 4471 3242 4542 congregatione,
3269 4472 3413 4527 haud

119 4564 256 4633 fuit,
269 4566 367 4622 sed
389 4580 420 4621 a
432 4566 552 4622 viro
575 4565 794 4635 illustri,
807 4565 1268 4639 Rothomagensis
1288 4548 1545 4623 Ecclesia:
1560 4578 1728 4622 cano-

118 4656 280 4724 nico,
338 4664 400 4713 ut
443 4673 608 4729 super
645 4658 819 4728 ipsius
867 4673 1068 4728 corpus
1105 4666 1438 4729 poneretur,
1494 4658 1729 4727 ipsomet

117 4757 429 4806 attestante
452 4733 719 4807 Orderico
743 4749 927 4807 Vitali.
957 4750 1134 4806 Porro
1161 4748 1456 4806 Orderieus
1506 4750 1649 4804 libro
1693 4765 1727 4801 ν

1831 4556 2024 4626 procul
2073 4572 2105 4613 a
2156 4559 2577 4629 metropolitana
2637 4561 2869 4618 ecclesia
2920 4564 3122 4629 situm,
3186 4564 3254 4618 de
3302 4580 3415 4632 quo

1832 4647 2093 4720 Ughellus
2116 4648 2283 4705 Italiae
2312 4656 2483 4706 sacrae
2512 4660 2663 4707 torno
2687 4650 2755 4722 ll,
2780 4661 2835 4709 et
2855 4650 3102 4710 Lubinus
3134 4654 3188 4708 in
3211 4651 3413 4709 Notitia

1831 4740 2174 4794 abbatiarum
2216 4738 2383 4795 italim
2404 4741 2702 4796 disserunt.
2748 4740 2819 4797 At
2842 4750 2973 4798 tunc
2997 4751 3174 4809 erant,
3196 4742 3417 4812 quando

1831 4829 1881 4884 ei
1910 4829 2204 4903 praefectus
2233 4838 2318 4885 est
2359 4830 2669 4899 Maurilius,
2706 4834 2827 4905 ejus
2872 4833 2978 4889 loci
3018 4834 3413 4889 monachorum

1834 4925 2080 4997 corrupti
2101 4938 2308 4991 mores,
2337 4924 2430 4995 qui
2457 4940 2524 4982 eo
2554 4928 2838 4985 devenisse
2860 4926 3140 4993 dicuntur,
3161 4933 3221 4980 ut
3239 4928 3417 4980 sancti

115 4838 446 4895 Mamilium
470 4857 668 4913 genere
696 4841 1078 4915 Moguntinum
1108 4840 1345 4898 fortasse
1383 4841 1541 4909 dixit,
1580 4840 1727 4911 quod
1756 4830 1761 4837 ’

116 4932 435 4989 Gerbertus
461 4934 582 5006 ejus
608 4936 792 4992 socius
821 4933 1115 5007 Moguntiae
1143 4944 1301 4993 ortus
1326 4934 1526 5002 fuerit,
1568 4942 1627 4989 ut
1652 4949 1719 4990 ex

114 5026 252 5095 ejus
278 5025 567 5098 epitaphio
609 5035 776 5097 patet,
802 5028 885 5083 vel
924 5026 1088 5081 etiam
1121 5026 1273 5103 quod
1315 5025 1631 5097 aliquandiu
1664 5026 1719 5082 in
1824 5017 1928 5073 viri
1964 5016 2271 5091 disciplinae
2291 5015 2557 5074 fervorem
2582 5017 2727 5076 ferre
2760 5035 2869 5077 non
2897 5021 3142 5077 valentes
3165 5017 3420 5076 eumdem

114 5115 453 5190 Moguntina
508 5119 785 5191 provincia
839 5131 1217 5180 commoratus
1269 5117 1386 5188 ipse
1439 5116 1723 5176 Mamilius
1825 5124 2038 5168 veneno
2086 5124 2322 5169 enecare
2369 5112 2549 5167 conati
2598 5109 2822 5169 fuerint.
2868 5109 2999 5170 “‘th
3054 5112 3161 5169 fuit
3204 5110 3431 5167 occasio

114 5208 318 5265 fuerit.
350 5208 467 5267 Hoc
487 5209 633 5266 enim
669 5218 826 5283 pacto
851 5209 985 5265 idem
1025 5223 1232 5275 θῃςεερεν
1261 5206 1527 5264 Joannem
1552 5209 1721 5269 abba-
1827 5201 2078 5265 Maurilio
2115 5206 2172 5261 in
2222 5198 2423 5259 Gallias
2459 5205 2745 5264 redeundi.
2791 5214 2855 5262 ut
2882 5217 3077 5265 narrat
3104 5202 3428 5262 Orderieus.

2354 5293 2399 5308 ΊὝ
