4020 5364
558 292 694 348 ωῖο
776 348 781 351 ,

1597 281 1658 338 Β.
1700 280 2017 338 MAURILII
2051 278 2370 336 ARGiiiEP.
2410 274 2814 338 ΒΟΤΒΟΒΔΕ

3717 284 3854 341 138‘)

552 404 779 459 Joannis
824 403 1031 461 abbatis
1064 402 1432 475 compatriota:
1476 400 1561 455 sui
1613 399 1939 455 Fiscannum
1992 398 2154 462 venit,
2189 412 2228 457 .\
2261 396 2511 467 appetiit;
2545 396 2722 469 sicque
2759 395 3135 455 Pium
3161 395 3455 455 nubium
3495 398 3689 455 adiens
3744 417 3857 454 αο-

555 499 731 569 ibique
755 495 999 551 stabilem
1022 497 1091 550 ad
1120 495 1325 550 cultum
1364 509 1585 548 summa:
1621 500 1671 546 et
1708 490 1999 546 individure
2033 490 2152 544 Tri-

556 592 743 646 nitatis
790 591 1173 644 habitationem
1223 589 1327 641 sibi
1372 587 1548 657 elegit.
1596 585 1803 640 Eadem
1848 585 1960 640 fere
1991 583 2155 639 habet

558 700 889 756 anonymus.

642 779 697 833 5.
734 777 969 847 [legebat
1022 775 1110 831 his
1152 773 1494 846 temporibus
1529 770 1831 827 Ecclesium
1855 769 2155 825 Rothoma-

556 850 777 940 gensem
826 867 1119 939 Malgcrius
1169 867 1637 936 archiepiscopus,
1693 863 1968 920 Gniilelmi
1997 861 2156 917 ducis

555 967 806 1028 patruus,
834 959 928 1028 qui
958 958 1028 1013 ob
1057 958 1204 1012 varia
1231 958 1462 1013 crimina
1491 958 1547 1011 in
1576 956 1810 1012 concilio
1833 953 2156 1009 Lexoviensi

556 1067 702 1106 anno
756 1051 892 1106 1055
927 1059 1324 1106 exauctoratus
1369 1057 1472 1105 est.
1506 1047 1618 1103 Nec
1664 1049 1758 1103 diu
1790 1047 2153 1102 deliberatum

556 1141 660 1198 fuit
687 1144 753 1198 de
784 1159 1106 1199 successore
1140 1144 1190 1198 ei
1216 1141 1622 1197 substituendo.
1642 1140 1929 1201 Maurilius
1960 1154 2156 1211 nempe

558 1232 808 1287 omnium
844 1242 952 1286 tam
980 1234 1366 1302 episcoporum
1393 1230 1962 1301 comprovincialium,
1987 1246 2153 1300 quam

554 1321 749 1381 vicarii
799 1322 943 1377 sedis
1000 1323 1318 1392 apostolica:
1367 1322 1462 1396 qui
1512 1322 1749 1381 concilio
1800 1328 2053 1391 praeerat,
2101 1328 2156 1375 et

558 1410 849 1479 ipsiusmet
888 1411 1044 1466 ducis
1074 1426 1347 1467 consensu
1391 1413 1458 1466 ad
1490 1412 1631 1474 hanc
1676 1412 1997 1482 dignitatem
2024 1427 2152 1466 cve-

556 1511 679 1556 ctns
700 1511 811 1567 est;
842 1502 921 1557 sic
943 1518 1006 1561 ea
1031 1504 1097 1557 de
1121 1520 1177 1557 re
1203 1505 1448 1574 loquitur
1471 1502 2153 1560 GuillelmusPictavensis

556 1596 676 1650 loco
700 1595 815 1665 jam
845 1597 1086 1655 laudato.
1120 1596 1399 1669 Princeps,
1438 1614 1632 1668 nempe
1662 1596 1987 1652 Guill‘elmus
2020 1597 2150 1663 dus,

556 1688 978 1743 animadvertam
1001 1690 1120 1760 jam
1144 1706 1247 1743 non
1279 1690 1493 1744 morutis
1529 1693 1617 1761 agi
1643 1699 1880 1760 oportere
1910 1691 1965 1743 in
1987 1707 2153 1744 causa

555 1780 837 1849 prwcipua:
872 1783 1178 1851 grauitatis,
1228 1799 1291 1836 ne
1336 1781 1479 1835 ultra
1516 1783 1767 1854 patiendo
1818 1784 2032 1854 superni
2055 1782 2152 1852 ju-
2185 1755 2229 1813 η

555 1870 692 1927 dicis
725 1873 860 1926 iram
886 1874 1123 1930 irritaret
1141 1874 1195 1929 in
1216 1892 1286 1943 se,
1317 1874 1557 1945 deposuit
1578 1883 1831 1946 patruum
1867 1877 1922 1933 in
1944 1876 2154 1947 publica

556 1975 757 2020 sancta:
802 1968 1012 2038 synodi,
1058 1969 1339 2041 apostolici
1383 1971 1603 2036 vicario,
1645 1971 1951 2042 cunctisque
1986 1970 2155 2024 Nort-

557 2059 787 2113 mannia:
842 2061 1098 2132 episcopis
1125 2062 1289 2132 juxta
1338 2079 1599 2117 canonum
1636 2065 2013 2119 auctoritatem
2035 2081 2155 2118 sen-

557 2153 779 2205 tentiam
809 2152 1062 2208 danfibus
1102 2157 1341 2210 unanimi
1369 2174 1644 2211 consensu.
1687 2157 2004 2211 Maurilium
2036 2175 2153 2212 vero

557 2243 822 2297 cathedra:
862 2244 1101 2301 liberata:
1151 2249 1472 2317 proridit....
1525 2249 1897 2320 dignissimum
1947 2267 2152 2304 summo

558 2333 793 2385 omnium
843 2335 1316 2405 arc.’riprtesulatu,
1367 2338 1555 2390 merito
1603 2340 1842 2407 generis,
1893 2355 2151 2408 personat,

559 2419 833 2489 virtutum,
866 2425 1143 2482 doctrinm.
1178 2426 1464 2483 Conscntit
1492 2427 1818 2484 Cuillelmns
1858 2430 2153 2487 Gemmcti-

558 2517 740 2572 censis
783 2518 922 2572 libro
972 2521 1204 2589 septimo
1253 2519 1509 2576 Historiae
1540 2521 2003 2580 Nortmannorum
2027 2540 2149 2597 cap.

556 2608 645 2673 Si,
684 2610 777 2665 ubi
822 2614 1010 2681 synodi
1048 2613 1254 2667 decreto
1293 2614 1753 2685 metropolitanum
1790 2617 1964 2670 sedem
1990 2616 2151 2672 Mau—

558 2701 684 2754 rilio
731 2702 1081 2759 Fiscmmensi
1124 2705 1400 2771 monac/ro,
1440 2706 1625 2760 multis
1665 2707 1948 2762 virtutibus
1975 2707 2151 2761 excel-

554 2792 685 2847 lenti
728 2803 808 2850 tra
830 2796 981 2854 litarn
1016 2794 1185 2852 fuisse
1220 2798 1430 2853 scribit.
1486 2796 1866 2853 Ecclesiastica
1898 2798 2151 2853 electione

557 2897 886 2956 assumptum
932 2888 1102 2943 fuisse
1139 2890 1206 2943 ad
1242 2889 1385 2946 hanc
1412 2891 1734 2961 dignitatem
1766 2893 2023 2948 observat
2049 2890 2149 2947 Or»

556 2980 775 3036 dericus
799 2982 941 3035 libro
955 2999 1005 3035 γ.
1027 2983 1272 3053 Denique
1293 2984 1408 3053 ipse
1429 2983 1755 3039 Guillelmus
1780 2986 1944 3039 morti
1970 2985 2152 3054 proxi-

2257 493 2453 547 nachus
2478 494 2553 547 ibi
2586 494 2804 562 effectus
2831 502 2930 558 est,
2963 494 3021 547 in
3053 510 3157 565 quo
3180 503 3387 550 sancte
3412 493 3586 548 ..ιω
3629 502 3858 562 tempore

2255 585 2408 646 risit,
2448 585 2756 655 ueterisque
2790 582 3087 654 exemplum
3112 586 3425 640 sanctitatis
3452 585 3721 639 cohibuit.
3752 584 3861 639 De-

2257 677 2413 747 nique
2447 678 2566 748 igne
2593 677 2759 730 divini
2795 678 2995 730 amoris
3039 686 3363 741 extestuans,
3393 679 3667 731 acriorem
3697 677 3861 733 vim

2255 768 2471 840 eligens,
2516 768 2735 823 licentia
2788 770 2855 822 ab
2908 769 3117 834 abbate,
3173 769 3265 839 qui
3316 768 3563 823 ecclesic
3608 778 3859 837 precem,

2257 868 2494 928 accepta,
2545 857 2771 911 Italiam
2805 859 2984 929 petiit;
3015 859 3275 931 ercmique
3309 859 3508 922 cultor,
3555 858 3860 916 solitariam

2257 952 2419 1006 vitam
2465 952 2686 1018 ducens,
2716 968 2867 1022 Opere
2895 968 3145 1014 manuum
3173 952 3326 1009 vixit.
3375 952 3647 1021 Defuncto
3689 962 3861 1022 itaque

2256 1045 2445 1099 abbate
2471 1043 2891 1099 Florentincnsis
2922 1042 3199 1110 Ecclesiae,
3236 1059 3355 1115 quae
3382 1044 3440 1097 in
3468 1044 3672 1098 honore
3688 1043 3854 1098 bruta

2259 1138 2449 1198 Maria!
2487 1156 2691 1209 semper
2738 1139 2959 1208 uirginis
3006 1147 3311 1191 constructa
3364 1147 3465 1203 est,
3525 1136 3692 1206 elegit
3740 1154 3855 1191 eum

2256 1231 2493 1285 marcbio
2524 1229 2864 1301 Bonefacius,
2900 1233 2981 1284 rir
3018 1229 3209 1284 nobilis
3245 1237 3295 1283 et
3332 1230 3860 1299 potentissimum:

2256 1323 2353 1381 ita.
2376 1321 2504 1377 licet
2531 1324 2752 1390 invitus,
2780 1322 3036 1376 bonorum
3058 1331 3233 1376 tamen
3263 1321 3501 1375 uirorum
3525 1320 3861 1376 admonitio—

2256 1413 2409 1471 nibus
2449 1422 2752 1485 superatus,
2799 1412 2961 1468 abbas
2989 1412 3227 1482 ejusdem
3269 1411 3379 1466 loci
3424 1411 3719 1465 ordinatus
3744 1420 3858 1477 cst;

2256 1504 2345 1558 ubi
2372 1504 2542 1561 multo
2576 1514 2804 1575 tempore
2832 1503 3072 1559 subditos
3114 1519 3210 1573 pro
3256 1520 3407 1573 posse
3447 1519 3551 1558 suo
3601 1511 3863 1563 sanctast

2259 1596 2576 1667 regulariter
2615 1598 2772 1655 rexit.
2809 1594 2911 1651 Sed
2944 1597 3081 1667 quia
3110 1597 3220 1649 vita
3252 1596 3533 1665 justomm
3581 1604 3665 1649 est
3696 1596 3867 1650 detri-

2258 1698 2489 1749 mentum
2511 1690 2879 1759 pessimorum,
2908 1688 3150 1747 monac/ti
3187 1689 3277 1760 qui
3305 1700 3540 1758 tempore
3556 1688 3862 1758 predeces-

2257 1783 2394 1837 soris
2421 1781 2504 1834 sui
2531 1779 2929 1849 indisciplinate
2965 1780 3229 1847 vixerant,
3251 1780 3630 1833 constantiam
3664 1779 3863 1849 regula

2256 1870 2444 1925 Patris
2480 1870 2777 1934 Benedicti,
2817 1887 2923 1941 qua
2956 1887 3045 1925 eos
3094 1869 3410 1941 regulariter
3437 1871 3869 1940 constrinxerat,

2256 1962 2393 2032 ferre
2418 1962 2674 2027 nolentes,
2704 1961 2794 2015 sed
2817 1963 2873 2014 in
2901 1961 3142 2015 omnibus
3166 1961 3315 2016 bonis
3349 1962 3601 2032 operibus
3642 1963 3751 2016 sibi
3782 1980 3866 2016 re-

2254 2056 2520 2120 sistentes,
2563 2054 2942 2108 detrimentum
2994 2055 3116 2108 vita:
3152 2055 3201 2108 ei
3251 2054 3551 2108 machinati
3591 2063 3745 2107 sunt.
3794 2053 3867 2107 Et

2254 2148 2380 2219 quia
2414 2147 2653 2218 pluribus
2682 2147 2835 2202 anuis
2864 2146 2919 2199 in
2945 2146 3041 2200 hoc
3066 2145 3338 2211 laborans,
3368 2145 3687 2203 nullomodo
3721 2163 3779 2201 se
3810 2146 3867 2199 in

2255 2242 2329 2295 eis
2353 2241 2481 2294 vidit
2504 2240 2776 2310 pro/icere,
2796 2238 2961 2297 saluti
2982 2239 3212 2310 proprite
3232 2240 3565 2310 prospiciam
3588 2239 3866 2292 abbatissa

2255 2336 2504 2399 deseruit,
2527 2343 2668 2389 etaa
2691 2334 2968 2404 proprium
3010 2333 3205 2399 locum,
3244 2333 3448 2388 scilicet
3482 2332 3863 2396 Fiscammul,

2256 2428 2435 2492 rediit,
2469 2427 2525 2481 in
2558 2442 2661 2497 quo
2687 2435 2889 2491 sancte,
2926 2442 3189 2497 usquequo
3216 2426 3274 2479 in
3300 2426 3620 2495 episcopatu
3654 2425 3869 2478 intlsro-

2255 2519 2466 2572 nizatus
2498 2525 2593 2584 est,
2619 2518 2772 2573 vixit.
2808 2515 2913 2571 Hic
2936 2516 3214 2572 ecclesiam
3238 2534 3270 2570 a
3296 2516 3552 2571 Rotberto
3588 2516 3861 2586 archiepi-

2253 2626 2408 2680 scopo
2430 2610 2712 2680 incaeptum
2738 2608 3048 2679 complerit;
3079 2618 3128 2663 et
3158 2617 3371 2663 astante
3387 2607 3672 2662 Willelmo
3698 2607 3867 2662 Nort-

2254 2718 2569 2761 mannorum
2597 2701 2750 2767 duce,
2781 2711 2964 2772 postea
2987 2700 3279 2772 Anglorum
3297 2717 3434 2772 rege,
3463 2718 3590 2755 cum
3613 2703 3863 2757 omnibus

2252 2794 2603 2867 su/i’raganeis
2628 2794 2760 2859 suis,
2778 2790 3063 2848 concilium
3086 2795 3145 2847 in
3167 2792 3587 2866 Rptltornagensi
3610 2793 3861 2849 Ecclesia

2252 2884 2317 2939 de
2361 2887 2610 2940 castitate
2656 2884 3036 2950 conservanda,
3066 2892 3116 2938 et
3150 2886 3357 2939 ueteris
3387 2896 3706 2939 καπρίου-ατη
3744 2884 3865 2942 Pa-

2255 2987 2396 3032 trum
2441 2978 2891 3043 institutionibus,
2938 2986 3217 3048 pastorum
3262 2977 3478 3030 incuria
3535 2977 3868 3048 negligenter

556 3063 701 3136 mus,
735 3075 877 3143 apud
916 3073 1238 3130 Ortlericnm
1273 3070 1419 3132 libro
1458 3093 1555 3141 vn,
1586 3093 1651 3133 ea
1695 3079 1882 3133 omnia
1925 3095 2050 3148 qua:
2092 3079 2148 3133 in

2255 3071 2584 3140 postpositis,
2610 3070 2839 3125 viriliter
2880 3068 3237 3136 restituendis,
3269 3068 3518 3139 religiose
3549 3068 3865 3131 celebrant.

558 3176 783 3222 suorum
811 3165 1134 3232 populorum
1162 3167 1391 3236 gratiam
1418 3175 1562 3221 recte
1599 3167 1803 3223 fecerat
1833 3183 2145 3233 recensens,

560 3264 827 3308 mensorat
875 3255 1109 3310 Maurilii
1167 3258 1488 3315 electonem
1518 3280 1531 3319 ;
1561 3260 1901 3327 Proterrum,
1950 3262 2148 3331 inquit,

557 3344 856 3412 pranulem,
889 3348 980 3414 qui
1017 3363 1107 3401 nec
1143 3348 1245 3402 Deo
1275 3350 1510 3416 devotus,
1550 3367 1640 3409 nec
1671 3353 1801 3407 mihi
1826 3352 1966 3422 ﬁdus
2011 3361 2147 3421 erat,

560 3433 625 3486 de
668 3436 967 3503 pontiﬁcali
1015 3443 1134 3492 sede
1183 3457 1275 3509 per
1308 3441 1577 3496 decretum
1621 3459 1774 3513 papa:
1828 3444 2067 3513 deposui,
2100 3452 2151 3498 et

565 3523 880 3579 Maurilium
922 3530 1267 3585 venerabilem
1300 3534 1633 3600 ccenobitam,
1665 3551 1815 3606 quem
1849 3536 1978 3589 milii
2014 3536 2149 3590 Deus

559 3618 624 3671 de
652 3617 925 3673 Florentia
949 3622 1164 3676 civitate
1196 3621 1381 3682 Italia:
1402 3628 1795 3690 transmiserat,
1823 3628 1877 3681 in
1898 3628 2011 3697 ejus
2035 3627 2149 3681 loco

563 3709 835 3765 subszirui.
856 3711 1349 3786 llothomagensem
1376 3717 1634 3771 thronum
1655 3719 1966 3772 conscendit
1994 3717 2150 3771 Mau—

561 3802 720 3859 rilius
749 3818 895 3858 anno
934 3805 1086 3871 i053,
1123 3817 1182 3860 ut
1212 3825 1277 3863 ex
1322 3810 1558 3867 concilio
1603 3808 1926 3869 Lexoviensi
1984 3825 2151 3880 supra

562 3898 648 3950 Ian
672 3899 780 3951 lato
811 3899 1104 3969 colligitur.
1126 3898 1276 3959 idem
1319 3901 1550 3959 habetur
1575 3902 1627 3955 in
1652 3901 1926 3958 Chronico
1946 3900 2153 3956 Rotho—

562 3990 808 4060 magensi
833 3992 974 4061 apud
1016 3991 1293 4047 Labbcum
1332 4001 1483 4047 tomo
1523 3992 1542 4045 Ι
1586 3992 1752 4048 Novas
1786 3994 2148 4061 bibliothecm,

560 4083 617 4131 et
666 4078 720 4131 in
762 4078 1038 4135 Chronico
1082 4081 1411 4137 Calomensi
1451 4084 1594 4153 apud
1649 4081 2050 4149 Quercetanum
2097 4085 2150 4139 in

566 4164 806 4223 Historia
840 4168 1325 4229 Nortmannorum.
1372 4173 1483 4228 Nec
1510 4191 1572 4230 ea
1608 4176 1674 4229 de
1700 4190 1759 4229 rc
1784 4177 2001 4231 videtur
2031 4192 2154 4232 esse

566 4259 709 4312 inter
752 4270 1004 4317 auctores
1051 4266 1232 4334 aliqua
1281 4267 1584 4333 dissensio;
1623 4267 1914 4336 quietiam
1960 4285 2154 4325 omnes

561 4356 690 4403 enm
722 4364 787 4403 ex
827 4354 1098 4406 monacho
1151 4353 1508 4412 Fiscannensi
1556 4358 1624 4411 aJ
1662 4358 1804 4417 hanc
1832 4358 2153 4429 dignitatem

560 4448 811 4495 evectum
837 4439 1010 4496 fuisse
1044 4446 1415 4501 consentiunt.

634 4532 687 4587 6.
720 4532 827 4589 Sed
858 4536 1182 4607 priusquam
1209 4539 1439 4594 ulterius
1479 4540 1534 4596 in
1557 4544 1896 4611 exponendis
1915 4543 2152 4603 Maurilii

556 4622 746 4682 Gestis
793 4629 1230 4700 progrediamur,
1281 4632 1653 4687 exhibendum
1716 4644 1800 4690 est
1858 4634 1978 4706 ejus
2027 4637 2153 4691 vita:

554 4718 949 4786 compendium
972 4734 1040 4777 ex
1067 4735 1341 4794 anonymo
1382 4738 1525 4792 saepe
1568 4722 1788 4779 laudato
1829 4728 2151 4783 monasterii

562 4809 740 4863 sancti
763 4808 1011 4865 Audoeni
1035 4812 1087 4866 in
1111 4813 1277 4882 gestis
1296 4815 1828 4886 archiepiscoporum
1853 4816 2153 4877 Rothoma-

560 4902 815 4971 gensium
861 4902 956 4971 qui
980 4904 1060 4959 sic
1083 4905 1243 4959 habet
1262 4904 1651 4962 Analectorum
1681 4917 1830 4965 torno
1854 4909 1919 4974 ll,
1940 4927 1993 4980 p.
2014 4911 2147 4967 biit):

560 4988 826 5063 Malgerro
873 4992 1145 5061 destituto,
1188 4994 1343 5066 elegit
1388 4997 1497 5051 dua:
1524 4996 1825 5053 Willelmus
1873 5002 2151 5072 quemdam

2251 3161 2449 3215 Postea
2474 3163 2707 3232 perfecta
2731 3161 2977 3227 ecclesia,
3001 3161 3267 3215 dedicarit
3295 3177 3438 3226 eam,
3465 3170 3690 3214 astante
3720 3159 3865 3212 Wil~

2251 3252 2409 3307 lelmo
2458 3252 2917 3313 Nortmaunorum
2969 3253 3122 3317 duce,
3167 3269 3308 3315 anno
3356 3252 3520 3315 {003.
3562 3252 3866 3307 Dominira:

2254 3343 2685 3411 Incarnationis,
2746 3353 2996 3419 regnante
3047 3343 3279 3399 Henrico
3330 3344 3677 3398 nobilissimo
3746 3361 3861 3415 rege

2254 3437 2587 3492 Francorum
2605 3479 2620 3501 ,
2655 3438 2957 3492 astantibus
2980 3439 3142 3491 etiam
3183 3438 3733 3508 comprovincialibus
3757 3440 3869 3507 cpio

2251 3532 2446 3601 scopis,
2473 3531 2674 3585 scilicet
2717 3530 2897 3585 Odone
2926 3530 3228 3601 Bajocensi,
3255 3529 3469 3584 Joanne
3519 3530 3863 3596 Abriucenés,

2254 3621 2476 3693 Hugone
2522 3621 2865 3689 Lexoeiensi,
2921 3622 3205 3677 Guillelmo
3252 3622 3590 3677 Ebroacensi
3616 3667 3632 3689 ,
3696 3623 3865 3678 Tune

2255 3713 2515 3786 Sagiensi,
2549 3715 2811 3787 Caufrido
2856 3715 3332 3781 Constantiniensi,
3357 3719 3681 3788 ueterisque
3711 3734 3861 3771 reac-

2254 3809 2512 3863 rabilibns
2535 3809 2835 3877 abbatibus,
2871 3811 3190 3881 prtesidente
3213 3810 3379 3863 etiam
3400 3810 3518 3863 sedi
3551 3810 3862 3880 apostolica:

2253 3918 2392 3977 papa
2427 3900 2632 3955 Victore
2681 3899 2766 3956 ΙΙ.
2816 3901 2987 3961 Multo
3030 3904 3193 3956 etiam
3237 3910 3375 3955 bona
3417 3902 3485 3955 de
3532 3901 3857 3959 Christiane

2253 3986 2383 4063 legis
2418 4001 2468 4046 et
2500 3992 2875 4048 ecclesiastica:
2914 3992 3185 4064 religionis
3226 3994 3565 4048 restitutione
3586 3995 3741 4062 fecit.
3770 3993 3859 4047 Je-

2245 4080 2417 4154 juniis
2466 4094 2516 4137 ct
2548 4085 2877 4145 orationibus
2914 4094 2964 4139 et
3012 4086 3353 4155 eleemosynis
3396 4103 3565 4156 usque
3621 4089 3698 4141 ad
3735 4088 3859 4147 ulti-

2256 4192 2400 4229 mum
2438 4176 2579 4229 diem
2614 4177 2884 4242 insistens,
2934 4193 2966 4231 v
3010 4175 3143 4230 Idus
3184 4177 3413 4247 Augusti
3461 4179 3713 4232 animam
3754 4178 3858 4235 Deo

2258 4268 2505 4323 reddidit.
2542 4268 2807 4339 Defuncto
2841 4269 3131 4323 venerabili
3158 4271 3400 4324 antistite
3429 4269 3706 4325 Manrilio
3724 4287 3857 4342 pre-

2258 4361 2402 4431 fatus
2420 4361 2744 4427 Willelmus,
2760 4371 2864 4417 etc.
2878 4360 3078 4416 Narrat
3094 4376 3403 4433 anonymus
3418 4361 3590 4417 Gesta
3605 4361 3855 4427 Joannis,

2188 4444 2229 4501 ῐ)
2258 4454 2351 4523 qui
2375 4454 2534 4509 beato
2556 4455 2673 4509 viro
2701 4455 3034 4517 substitutus
3061 4463 3167 4510 est.
3193 4454 3306 4511 Nos
3327 4469 3460 4510 vero
3489 4456 3676 4525 ipsius
3706 4455 3853 4510 Mau-

2260 4546 2367 4600 rilii
2392 4545 2627 4618 elogium
2670 4561 2738 4603 ex
2779 4547 2903 4605 aliis
2943 4546 3282 4614 auctoribus,
3308 4547 3391 4605 uti
3424 4546 3851 4617 increpet-ames,

2256 4654 2676 4710 prosequamur.

2330 4731 2379 4785 7.
2419 4730 2619 4789 Factus
2654 4734 2837 4805 itaque
2872 4731 3041 4789 totius
3081 4731 3453 4788 Nortmannia:
3475 4732 3699 4802 primus
3718 4731 3851 4788 actio

2258 4830 2393 4888 stes,
2417 4823 2557 4877 nihil
2580 4824 2756 4894 magis
2779 4824 2832 4878 in
2863 4824 3048 4879 animo
3074 4823 3283 4885 habuit,
3306 4838 3474 4892 quam
3498 4833 3559 4877 ut
3595 4824 3848 4877 decesso-

2259 4916 2335 4970 ris
2360 4915 2445 4970 sui
2476 4915 2674 4985 probra
2697 4915 2945 4980 dilueret,
2972 4925 3026 4970 et
3056 4915 3345 4969 resarciret
3377 4914 3581 4967 damna
3620 4929 3749 4983 qua:
3768 4914 3845 4982 ip.

2255 5008 2370 5063 sius
2395 5008 2718 5074 negligentia
2762 5006 3017 5062 Ecclesia:
3045 5007 3455 5062 illats't'uerant.
3488 5004 3568 5059 Ea
3596 5006 3667 5060 de
3688 5020 3845 5060 causa
