4020 5364
190 277 310 332 1531

1749 264 1929 320 ἰ’ἶΤᾹ.

3326 268 3463 323 13θὶ

184 394 381 450 lcbrior
409 391 511 447 fuit
533 390 773 463 synodus
796 404 892 444 seu
913 388 1097 459 potius
1124 396 1426 445 conventus
1455 385 1766 440 Cudumen-
1799 396 1840 443 Α
1872 391 2041 436 autem
2079 398 2295 437 sacram
2328 384 2591 441 translata
2628 384 2820 450 fuisse,
2852 384 2944 455 qui
2971 384 3231 454 priorem,
3268 403 3461 443 nomne

183 484 390 549 s‘s,cui
418 496 529 539 non
570 482 750 536 solum
797 479 1040 549 episcopi
1063 486 1119 531 et
1156 478 1405 542 abbates,
1461 476 1555 530 sed
1598 475 1761 530 etiam

182 575 349 631 totius
367 573 665 643 provinciae
692 571 984 641 optimates
1003 572 1165 640 jussu
1203 568 1477 623 Guillelmi
1500 567 1657 622 ducis
1681 568 1765 621 in-

181 665 484 721 terfuerunt
519 679 667 719 anno
708 662 837 716 1061
890 671 947 717 ut
986 662 1217 732 publica
1244 660 1526 716 securitati
1558 660 1765 715 utilita—

177 769 326 828 tique
350 769 467 813 tum
492 756 880 813 ecclesiasticre
906 765 1021 811 tum
1049 754 1298 810 saeculari
1335 754 1612 810 communi
1633 769 1768 809 con-

180 849 307 905 silio
352 848 744 918 provideretur.
808 845 924 902 llue
950 847 1113 902 etiam
1157 862 1225 901 ex
1251 846 1484 901 diversis
1517 846 1766 901 ecclesiis

180 955 349 997 saeta:
372 940 618 1010 reliquiae
637 947 934 1009 apportata:
950 946 1079 993 sunt
1097 938 1253 1006 juxta
1282 938 1437 992 ducis
1453 937 1765 1006 imperium,

181 1034 341 1103 idque
363 1042 423 1088 ut
442 1032 618 1101 major
642 1048 709 1087 ex
746 1031 1009 1103 religione
1045 1030 1332 1086 celebritas
1360 1030 1651 1085 convcntui
1676 1044 1767 1084 ae-

179 1124 413 1189 cederet,
449 1124 871 1193 religiosiusquc
917 1122 1187 1178 decretaa
1238 1122 1473 1193 singulis
1514 1122 1769 1178 observa-

182 1225 388 1283 rentur,
419 1232 541 1287 quas
568 1217 622 1271 in
643 1225 957 1272 sanctorum
970 1215 1264 1286 provinciae
1286 1215 1597 1271 tutelarium
1627 1232 1771 1286 prte-

180 1313 355 1368 sentia
387 1313 601 1367 sancita
642 1310 896 1367 fuissent.
925 1309 1396 1381 Rothomagenses
1448 1318 1766 1366 sanctorum

181 1405 413 1460 Humani
461 1412 519 1459 et
554 1403 804 1458 Audoeni
831 1418 1084 1474 corpora,
1113 1404 1208 1457 alii
1267 1404 1406 1458 alias
1445 1412 1765 1458 sanctorum

176 1496 419 1551 detulere
452 1496 733 1565 reliquias.
769 1492 941 1548 Porro
986 1495 1061 1549 ibi
1104 1493 1376 1549 indultum
1424 1502 1508 1549 est
1554 1509 1585 1548 a
1622 1494 1768 1564 prin-

178 1590 318 1658 cipe,
342 1599 402 1642 ut
423 1588 657 1642 inducite.
677 1586 899 1641 cuilibet
916 1586 1180 1643 darentur
1203 1587 1436 1657 singulis
1470 1587 1769 1642 hebdoma-

178 1680 340 1734 dibus
372 1695 406 1735 a
447 1693 673 1745 vespera
716 1677 866 1734 feria:
918 1688 1127 1747 quartae
1148 1679 1215 1733 ad
1243 1678 1433 1733 feriam
1467 1680 1764 1734 secundam

179 1775 534 1834 hebdomadre
555 1774 857 1843 sequentis,
889 1788 1013 1843 quae
1039 1773 1277 1828 inducite
1322 1772 1637 1827 Treviri-Dei
1669 1788 1767 1844 apo

179 1870 389 1941 pellatze
412 1865 673 1922 fuerunt:
709 1864 858 1935 quod
904 1865 1183 1920 decretum
1240 1873 1301 1919 ut
1334 1864 1549 1941 ﬁrmius
1578 1874 1766 1933 staret,

178 1961 420 2032 episcopi
442 1961 497 2014 in
525 1960 740 2015 violatze
790 1959 946 2029 pacis
968 1973 1096 2015 reos
1131 1960 1421 2015 anathema
1452 1960 1772 2030 pronuntia-

179 2063 327 2109 runt.
366 2051 509 2107 Inter
553 2051 659 2105 alia
703 2051 895 2117 multa,
927 2066 1163 2122 quorum
1220 2052 1518 2106 maximam
1557 2061 1768 2122 partem

179 2143 416 2199 abolevit
448 2151 758 2211 temporum
781 2140 1005 2211 injuria,
1038 2141 1311 2196 sancitum
1334 2149 1419 2196 est
1445 2150 1507 2196 ut
1543 2142 1769 2197 abbates

179 2244 233 2288 at
256 2233 349 2289 alii
388 2232 597 2303 praelati
648 2231 749 2285 lmc
775 2230 1006 2293 illucque
1045 2248 1147 2285 non
1186 2242 1506 2299 vagarentur
1530 2248 1647 2285 cum
1669 2248 1771 2302 pu-

179 2324 316 2377 blica
338 2304 812 2391 o/fensioneJtem,
836 2330 894 2374 ut
919 2321 1155 2391 quotidie
1201 2337 1316 2375 sero
1350 2338 1443 2390 per
1488 2322 1626 2392 signi
1650 2325 1770 2391 pul-

178 2430 295 2468 sum
315 2413 387 2467 ad
408 2430 583 2484 preces
606 2412 715 2466 Deo
739 2412 1035 2481 fundendus
1079 2414 1297 2483 quisque
1321 2413 1655 2479 invitaretur,
1683 2423 1770 2467 ata

179 2521 278 2575 qua
301 2505 527 2559 occlusis
574 2503 778 2574 foribus
828 2503 1105 2557 domorum
1153 2503 1301 2558 ultra
1330 2505 1513 2575 vagari
1538 2504 1767 2575 amplius

180 2596 397 2649 uetitum
421 2594 810 2649 adtnoneretnr.

146 2711 155 2719 -
250 2685 304 2739 8.
346 2684 505 2740 llaud
530 2684 712 2739 minus
732 2684 945 2739 celebre
974 2682 1077 2739 fuit
1106 2684 1401 2740 concilium
1437 2684 1768 2758 Rothorsagi

180 2777 427 2834 habitum
450 2777 520 2833 ad
546 2776 906 2832 dedicandam
948 2777 1215 2846 majorem
1258 2777 1567 2844 ecclesiam,
1600 2795 1767 2848 quam

181 2871 299 2940 ipse
319 2869 607 2925 Maurilius
648 2869 974 2924 absolverat.
1022 2867 1099 2924 Ea
1121 2869 1189 2925 de
1206 2885 1268 2924 re
1288 2871 1368 2925 sic
1402 2870 1644 2940 loquitur
1667 2868 1770 2925 Or-

180 2960 399 3017 dericus
430 2959 622 3016 Vitalis
646 2961 786 3014 libro
814 2977 846 3014 v
873 2979 885 3014 :
920 2960 1089 3025 Anno,
1122 2960 1319 3031 inquit.
1349 2960 1643 3016 Dominij
1678 2960 1770 3016 ln—

179 3052 507 3107 carnationis
535 3051 691 3116 1085,
720 3052 1008 3108 indictione
1032 3069 1092 3117 ιι.
1132 3055 1594 3122 metropolitanum
1618 3053 1767 3108 basi—

179 3142 341 3201 licam
365 3142 420 3197 in
450 3143 577 3197 urbe
598 3141 1027 3213 Rotlmmagensi,
1051 3160 1210 3214 quam
1228 3143 1519 3198 Radbertus
1550 3145 1767 3198 inchoa-

176 3235 274 3299 uit,
315 3233 602 3289 Maurilms
640 3235 1061 3304 archiepiscopus
1105 3236 1161 3289 in
1202 3235 1396 3290 honore
1439 3246 1639 3291 sanctte
1673 3235 1769 3291 Dei

177 3326 455 3395 genitricis
480 3325 671 3381 Maria:
694 3342 811 3379 cum
833 3326 1034 3395 ingenti
1062 3326 1295 3396 tripudio
1334 3343 1506 3381 mense
1552 3325 1768 3380 Octobri

175 3420 467 3480 dedicavit.
495 3418 754 3474 Ecclesia:
780 3418 1239 3490 Rothomngensis
1261 3418 1656 3475 dedicationem
1674 3435 1771 3489 pa-

174 3511 311 3569 riter
331 3526 479 3567 anno
514 3510 654 3566 1065
681 3512 965 3583 consignat
994 3512 1249 3569 laudatus
1270 3512 1771 3585 anonymus.Certc

176 3603 288 3658 hoc
326 3603 446 3673 ipso
489 3618 638 3657 anno
683 3603 830 3658 locat
868 3611 1055 3658 noster
1086 3602 1420 3674 Pomerayus
1477 3604 1771 3658 concilium

176 3692 646 3765 R'itbomageuse,
676 3693 745 3748 ad
773 3694 920 3763 quod
953 3692 1148 3749 referri
1185 3693 1385 3749 debere
1410 3703 1598 3750 censet
1624 3694 1771 3765 quod

175 3786 491 3841 Willelmus
533 3786 929 3842 Gemeticensis
961 3793 1016 3840 et
1049 3784 1346 3841 Ordericus
1370 3786 1509 3841 libro
1556 3803 1617 3841 ιιι
1645 3802 1776 3841 nar-

176 3889 307 3935 rant
323 3879 393 3935 de
422 3878 693 3944 Osberno,
732 3879 827 3949 qui
880 3888 1004 3948 post
1068 3877 1293 3933 Roberti
1332 3878 1547 3935 abbatis
1584 3878 1773 3935 deser-

172 3975 384 4029 tionetn
437 3972 769 4028 monasterio
815 3969 1058 4025 Uticensi
1092 3968 1382 4041 prtefectus
1410 3969 1532 4036 fuit,
1575 3971 1771 4026 tradita

172 4065 284 4119 sibi
309 4080 341 4119 a
370 4062 624 4119 Mamilio
659 4061 1071 4131 archiepiscopo
1104 4062 1350 4116 cambuta
1380 4061 1663 4131 pastorali.
1702 4060 1774 4116 At

172 4156 456 4213 Robertus
488 4154 763 4211 Uticensis
789 4154 959 4210 abbas
982 4153 1165 4221 fugam
1180 4152 1774 4208 inicratoceasioncdi-

171 4250 503 4305 seusionum
553 4263 678 4319 qua:
734 4246 874 4302 inter
908 4245 1257 4302 Guillelmum
1305 4254 1359 4301 et
1401 4243 1779 4325 Nortmannize

168 4354 437 4409 proceres
466 4338 683 4392 fuerant
712 4345 915 4392 exorta:
960 4353 1097 4409 quas
1128 4335 1350 4407 quidem
1397 4336 1773 4391 dissensiones

1864 489 2023 542 prope
2044 475 2591 540 austrumjaustralc,
2637 474 2985 530 Guillclmum
3028 489 3158 530 vero
3195 493 3342 530 secus
3370 494 3463 532 oso

1869 566 1999 618 tium
2030 564 2337 635 aquilonale
2380 568 2694 633 tumulavit,
2726 578 2776 622 et
2801 568 3072 639 epitaphii!
3102 586 3282 623 corum
3308 577 3464 640 super

1866 657 1987 710 iilos
2009 656 2203 710 litteris
2242 659 2419 711 aureis
2464 660 2757 715 adnotavit.
2799 660 2926 716 Hinc
2972 662 3247 732 cpitapbia
3297 663 3464 719 refert

1867 746 1910 799 Ο
1936 747 2182 808 dcricus,
2208 763 2331 817 qua:
2372 747 2607 803 Maurilii
2637 766 2776 820 opus
2800 767 2923 807 csse
2961 753 3209 807 nonnulli
3241 762 3459 823 putant.

1871 834 2113 890 Sndiciat
2143 836 2351 905 aliquot
2381 852 2447 891 ex
2473 836 2555 891 eis
2595 854 2786 893 versus
2841 840 2949 896 huc
2974 840 3220 911 proferre
3265 844 3360 912 qui
3393 845 3463 898 ad

1868 929 2040 984 nostri
2079 930 2286 983 ordinis
2320 930 2611 986 historiam
2634 932 2923 1001 pertinent.
2957 932 3084 989 lude
3119 938 3266 990 enim
3292 937 3462 992 disc:-

1868 1036 1994 1075 mus
2019 1018 2371 1075 Guillelmum
2423 1020 2498 1076 ita
2532 1036 2659 1091 erga
2723 1024 3088 1078 monasticam
3127 1026 3294 1081 vitam
3328 1043 3461 1096 pro-

1868 1129 2099 1184 pensum
2132 1112 2325 1180 fuisse,
2355 1121 2417 1168 ut
2438 1129 2557 1168 eam
2608 1113 2807 1170 fuisset
2852 1117 3137 1187 amplexus
3171 1118 3225 1174 in
3270 1135 3464 1175 mona-

1868 1204 2038 1260 sterio
2061 1204 2447 1272 Gemeticensi,
2481 1206 2599 1259 sici
2630 1222 2729 1276 per
2776 1207 3030 1265 abbatem
3075 1206 3368 1266 Martinam
3394 1210 3462 1264 ti-

1867 1294 2096 1350 cuisset.

2084 1386 2391 1443 Cenobium
2422 1388 2640 1460 pulchre
2667 1390 2930 1460 reparavit
2956 1389 3363 1447 Gcmmcticemc

2161 1480 2233 1535 Et
2260 1482 2486 1536 decrevit
2508 1483 2583 1538 ibi
2606 1483 2747 1552 ferre
2763 1482 2954 1554 jugum
2976 1486 3242 1539 monachi.

2082 1572 2344 1629 Ferridus
2373 1575 2557 1629 invicti
2587 1574 2753 1629 coluit
2776 1591 3017 1630 normam
3047 1574 3342 1631 Benedicti.

2153 1665 2254 1723 Cui
2274 1667 2426 1737 petiit
2452 1667 2628 1734 subdi,
2654 1666 2841 1737 plenus
2871 1683 3049 1722 amore
3074 1667 3190 1724 Dei.

2080 1758 2307 1814 Distulit
2333 1760 2429 1813 hoc
2450 1760 2613 1814 abbas
2643 1760 2933 1825 Martinus,
2957 1760 3079 1813 dira
3107 1768 3340 1827 potestas

2156 1853 2309 1911 Srcva
2340 1872 2433 1927 per
2467 1872 2619 1910 arma
2647 1872 2780 1910 mort
2802 1855 3040 1926 prmtulit
3075 1872 3227 1911 omen
3256 1857 3331 1911 ci.

1871 1946 1947 2003 De
1968 1948 2074 2004 hoc
2100 1946 2402 2003 ,Guillelmo
2423 1956 2477 2003 et
2500 1948 2620 2018 ejus
2648 1948 2943 2004 monastici
2958 1950 3222 2019 propositi
3258 1950 3466 2020 ample—

1871 2038 2052 2095 ctendi
2085 2039 2382 2107 desiderio,
2419 2040 2576 2110 plura
2635 2041 2800 2094 habet
2852 2038 3174 2097 Guillelmus
3225 2042 3467 2098 Gemetio

1870 2130 2053 2185 censis
2083 2130 2407 2195 monachus,
2435 2146 2558 2200 qua:
2588 2131 2695 2185 huc
2711 2129 2917 2186 referre
2940 2146 3052 2186 non
3080 2140 3256 2189 vacat.

1944 2221 2030 2275 10.
2070 2220 2341 2277 Caeterum
2386 2222 2573 2276 habita
2625 2230 2710 2277 est
2754 2222 2883 2277 item
2913 2224 3142 2280 celebris
3171 2223 3467 2283 Nortman~

1870 2316 1974 2372 nite
2013 2308 2398 2386 episcoporum
2429 2315 2672 2387 synodus
2706 2330 2854 2371 anno
2883 2317 3017 2371 1067
3048 2319 3338 2374 occasione
3381 2321 3467 2375 al-

1869 2410 2040 2465 terius
2065 2408 2452 2475 dedicationis,
2502 2409 2715 2465 scilicet
2751 2410 2999 2467 ecclcsirc
3052 2410 3227 2467 beatae
3281 2411 3469 2468 Marias

1869 2500 2286 2567 Gemetieensis,
2325 2516 2493 2571 quam
2527 2500 2816 2558 Maurilius
2868 2518 2995 2558 cum
3027 2504 3145 2559 suis
3194 2504 3465 2575 suffraga-

1868 2595 2007 2659 ncis,
2038 2603 2309 2665 praesente
2329 2594 2639 2660 Guillelmo,
2657 2595 2773 2664 jam
2799 2604 2933 2651 tunc
2959 2596 3170 2667 Anglia:
3187 2612 3335 2668 rege,
3364 2598 3471 2677 htt—

1871 2687 2071 2740 militcr
2089 2695 2138 2739 et
2163 2686 2345 2740 devote
2364 2687 2685 2757 perpetravit
2716 2685 2976 2743 Kalendis
3003 2686 3156 2754 Julii,
3172 2698 3234 2744 ut
3259 2698 3468 2757 testan-

1869 2783 1961 2828 tur
2003 2773 2331 2830 Guillclmus
2377 2774 2778 2830 Gcmeticensis
2837 2776 3145 2833 monachus
3192 2778 3335 2832 libro
3368 2793 3465 2844 vn,

1870 2881 1989 2935 cap.
2029 2866 2097 2921 37
2122 2908 2137 2932 ,
2162 2864 2462 2922 Ordericus
2511 2866 2705 2924 Vitalis
2736 2867 2878 2923 libro
2910 2884 2964 2922 ιν
2985 2877 3037 2923 ct
3075 2869 3191 2925 alii.
3230 2869 3469 2926 Dedica-

1871 2956 2037 3010 tionis
2058 2954 2224 3024 hujus
2282 2956 2544 3011 memoria
2580 2956 2636 3012 in
2694 2955 3083 3028 Martyrologio
3112 2957 3471 3014 Benedictum

1870 3048 2175 3103 celebratur
2196 3046 2334 3115 ipsis
2362 3045 2621 3103 Kalendis
2641 3045 2791 3103 Julii.
2816 3047 2886 3105 At
2941 3064 3089 3103 anno
3140 3050 3468 3119 praecedenti

1822 3139 1837 3157 ‘
1870 3137 2033 3192 iidem
2071 3138 2345 3194 antistites
2366 3154 2490 3193 cum
2538 3139 2835 3209 provincia:
2879 3140 3208 3210 primatibus
3265 3156 3295 3195 a
3326 3142 3471 3197 duco

1870 3230 2031 3286 acciti
2084 3230 2226 3299 apud
2267 3228 2615 3285 Juliobonam
2682 3239 3072 3297 convenerant,
3125 3232 3193 3287 de
3240 3232 3471 3304 expedi-

1869 3324 2014 3379 tione
2039 3323 2337 3394 Anglicana
2368 3323 2718 3390 collocuturi;
2752 3324 2845 3378 sed
2875 3340 2999 3378 cum
3024 3324 3294 3393 ejusmodi
3331 3340 3467 3380 con-

1868 3425 2067 3471 ventus
2096 3416 2280 3486 potius
2315 3416 2540 3472 comitia
2581 3415 2881 3485 provincia:
2908 3416 3143 3472 debeant
3183 3417 3469 3487 appellari.

1870 3524 2037 3580 quam
2067 3509 2322 3574 concilia,
2354 3509 2421 3564 de
2452 3508 2541 3563 his
2585 3509 2767 3563 dicere
2809 3509 3252 3578 supersedemus.
3287 3508 3346 3563 In
3381 3509 3473 3563 his

1870 3600 2017 3657 enim
2044 3615 2335 3671 procerum
2363 3598 2679 3669 colloquiis,
2732 3599 2799 3654 de
2838 3599 3192 3657 szecularibus
3243 3600 3468 3669 potissi—

1872 3713 2024 3751 mum
2055 3696 2289 3767 negotiis
2314 3696 2598 3765 agebatur,
2629 3708 2754 3765 qua:
2792 3702 2928 3748 tunc
2952 3694 3214 3761 temporis
3262 3694 3473 3763 absque

1873 3791 2255 3860 episcoporum
2286 3789 2538 3853 consilio,
2570 3788 2618 3843 si
2648 3787 2867 3857 quidem
2892 3787 3075 3858 magni
3106 3785 3477 3843 luisseutmo-o

1873 3882 2063 3947 menti,
2096 3880 2322 3935 minime
2348 3880 2742 3937 tractabantur.

1947 3973 2033 4027 11.
2079 3971 2276 4027 Verum
2306 3987 2368 4025 cx
2400 3980 2512 4025 tam
2537 3969 2806 4040 frequenti
2834 3970 3193 4027 conciliorum
3226 3971 3475 4027 celebra—

1873 4065 2021 4120 tione
2056 4064 2310 4135 colligere
2328 4063 2456 4119 licet
2506 4062 2819 4117 Maurilium
2849 4063 3253 4135 vigilantissimi
3284 4056 3473 4134 pasto—

1874 4156 1952 4209 ris
1978 4163 2161 4224 partes
2187 4164 2405 4210 strenue
2448 4152 2852 4223 adimplevisse,
2883 4155 3186 4225 meritoque
3230 4155 3351 4225 ejus
3371 4155 3471 4212 teri

1875 4245 2171 4314 scriptorcs
2205 4244 2546 4315 negligentia:
2573 4245 2845 4310 accusari,
2903 4245 2995 4315 qui
3027 4245 3327 4311 decretajn
3352 4246 3472 4303 istis

1875 4336 2099 4407 synodis
2128 4336 2336 4391 sant-ita
2371 4335 2676 4405 posteritati
2709 4351 2819 4390 non
2850 4334 3285 4392 transfoderunt.
3314 4337 3475 4393 Certo

170 4429 363 4486 fusius
388 4428 613 4500 exponit
640 4426 935 4484 Ordericus
983 4428 1050 4483 ad
1078 4443 1283 4485 annum
1320 4427 1476 4494 1065,
1500 4443 1622 4498 qua:
1646 4443 1767 4483 om-
1804 4455 1844 4511 ι)
1875 4436 2080 4499 quanta
2104 4428 2177 4484 sit
2228 4429 2342 4483 brec
2365 4427 2579 4497 jactura
2610 4427 2884 4497 conjicere
2921 4444 3216 4499 possumus
3243 4444 3308 4484 ex
3339 4444 3473 4499 pro-

170 4522 268 4583 nia
304 4522 444 4576 satis
497 4535 771 4589 superque
803 4520 1035 4589 probare
1070 4519 1323 4576 videntur
1367 4518 1766 4575 dedicationem

171 4609 441 4666 Ecclesia:
464 4609 928 4680 Rothomagensis
959 4624 1105 4663 anno
1154 4608 1289 4664 1053
1338 4609 1768 4679 consignandam

170 4718 325 4770 esse,
346 4701 601 4773 quamvis
631 4700 855 4756 indictio
885 4717 922 4755 ιι
951 4700 1020 4755 ab
1053 4698 1314 4756 Orderico
1346 4702 1627 4771 assignata
1647 4716 1771 4757 ioco

1873 4520 2117 4577 fossione
2173 4520 2295 4576 ﬁdei
2323 4521 2391 4576 de
2438 4520 2802 4577 Eucharistize
2837 4528 3201 4584 sacramento,
3232 4536 3356 4590 qua:
3404 4522 3476 4578 ad

1874 4629 1979 4670 nos
2019 4613 2283 4683 pervenit,
2315 4613 2370 4668 in
2405 4628 2513 4683 qua
2554 4622 2665 4667 tam
2698 4612 2975 4667 evidenter
3004 4620 3057 4666 et
3078 4612 3249 4667 nitide
3278 4612 3462 4667 catbo.

1873 4706 1981 4767 lica
2007 4705 2211 4761 veritas
2235 4704 2543 4774 exponitur,
2578 4712 2639 4758 ut
2676 4704 2862 4761 nullus
2890 4702 3073 4775 cﬂugii
3104 4703 3260 4758 locus
3286 4703 3467 4761 hmo-

172 4806 351 4867 supra
384 4792 605 4849 laudato
638 4805 844 4846 annum
876 4799 1189 4859 sequentem
1216 4788 1468 4844 videatur
1505 4788 1766 4845 indicare.
1877 4795 2002 4851 ﬁcis
2030 4795 2256 4850 relictus
2283 4793 2374 4848 sit.
2402 4792 2558 4850 Hanc
2578 4793 2701 4849 ideo
2726 4792 2992 4863 integram
3034 4790 3386 4863 proferimus,
3409 4812 3485 4858 ex

172 4880 386 4939 Verum
410 4898 537 4941 cum
573 4883 691 4939 lucc
711 4882 985 4939 dedicatio
1009 4881 1097 4938 die
1119 4900 1136 4938 ι
1159 4880 1431 4948 Octobris,
1458 4891 1519 4938 ut
1539 4897 1606 4937 ex
1628 4880 1777 4938 Μειν-
1878 4889 2050 4944 veteri
2099 4884 2407 4942 Pontificali
2442 4884 2704 4944 Ecclesia:
2726 4883 3189 4956 Rothomagensis
3219 4897 3248 4936 a
3285 4897 3491 4949 nostro

173 4960 451 5049 tjrologio
483 4974 731 5045 ejusdem
783 4975 1040 5031 Ecclesiae
1082 4976 1374 5040 discimus,
1409 4984 1627 5047 peracta
1678 4975 1773 5041 sit,
1878 4979 2242 5050 Pommerayo
2265 4977 2620 5048 descriptam,
2654 4977 2709 5031 in
2734 4990 2847 5048 quo
2870 4974 3014 5030 inter
3042 4975 3181 5030 alias
3202 4974 3325 5029 fidei
3355 4992 3479 5047 pro
3502 5018 3513 5049 ._

171 5067 322 5127 forte
341 5070 434 5127 htc
452 5065 747 5126 Ordericus
773 5066 1126 5128 indictionem
1155 5085 1188 5126 a
1220 5082 1410 5123 mense
1447 5067 1777 5139 Septembri,
1882 5070 2154 5129 fessiones
2179 5067 2413 5126 habetur
2436 5069 2493 5126 in
2518 5053 2713 5129 ordine
2737 5066 2930 5140 synodi
2976 5066 3335 5145 celebrandas.
3371 5070 3527 5141 Mm,

1887 5165 2026 5190 -..Ξ-«ιι
2059 5163 2249 5190 -..:...L.
2275 5160 2375 5190 fui.
2421 5172 2481 5190 II.
2511 5164 2577 5190 ..ιι
2603 5171 2941 5190 "non-unane)
2966 5161 3226 5190 nn:nnn'\n
3256 5156 3308 5190 ἶη
3327 5157 3426 5190 κ..

1102 5158 1381 5188 s..-t......-:s
1465 5159 1597 5188 Νη...
1632 5163 1775 5188 :1...“
1887 5165 2026 5190 -..:....
2059 5163 2249 5190 -..:...L.
2275 5160 2375 5190 ("is

793 5158 1035 5186 ,ΑΒ-ινιτ..

282 5181 295 5184 -
327 5179 411 5184 -4“
423 5161 519 5184 --ηε
564 5158 613 5186 1³..
624 5175 740 5186 ουκ...-
