  <div class='ocr_page' id='page_1' title='image "/cluster/home/n/w/nwhite01/storage/ocr_20150623/143/hvd.32044015471816/693.png"; bbox 0 0 4020 5364; ppageno 0'>
   <div class='ocr_carea' id='block_1_1' title="bbox 520 297 661 353">
    <p class='ocr_par' dir='ltr' id='par_1_1' title="bbox 520 297 661 353">
     <span class='ocr_line' id='line_1_1' title="bbox 520 297 661 353; baseline -0.014 0"><span class='ocrx_word' id='word_1_1' title='bbox 520 297 661 353; x_wconf 67' lang='grc'><strong><em>1533</em></strong></span> 
     </span>
    </p>
   </div>
   <div class='ocr_carea' id='block_1_2' title="bbox 1552 288 2774 353">
    <p class='ocr_par' dir='ltr' id='par_1_2' title="bbox 1552 288 2774 353">
     <span class='ocr_line' id='line_1_2' title="bbox 1552 288 2774 353; baseline 0.003 -5"><span class='ocrx_word' id='word_1_2' title='bbox 1552 294 1613 351; x_wconf 82' lang='grc' dir='ltr'><strong>Β.</strong></span> <span class='ocrx_word' id='word_1_3' title='bbox 1656 293 1971 350; x_wconf 63' lang='grc' dir='ltr'><strong><em>Μυιὶιιιι</em></strong></span> <span class='ocrx_word' id='word_1_4' title='bbox 2010 288 2330 350; x_wconf 78' lang='lat' dir='ltr'><strong><em>ARCHIEP.</em></strong></span> <span class='ocrx_word' id='word_1_5' title='bbox 2370 292 2774 353; x_wconf 74' lang='lat' dir='ltr'><strong><em>ROTIIOMAG.</em></strong></span> 
     </span>
    </p>
   </div>
   <div class='ocr_carea' id='block_1_3' title="bbox 3677 304 3808 362">
    <p class='ocr_par' dir='ltr' id='par_1_3' title="bbox 3677 304 3808 362">
     <span class='ocr_line' id='line_1_3' title="bbox 3677 304 3808 362; baseline 0.015 -3"><span class='ocrx_word' id='word_1_6' title='bbox 3677 304 3808 362; x_wconf 72' lang='grc' dir='ltr'><strong><em>ωε</em></strong></span> 
     </span>
    </p>
   </div>
   <div class='ocr_carea' id='block_1_4' title="bbox 519 400 3812 484">
    <p class='ocr_par' dir='ltr' id='par_1_4' title="bbox 519 400 3812 484">
     <span class='ocr_line' id='line_1_4' title="bbox 519 400 3812 484; baseline 0.004 -20"><span class='ocrx_word' id='word_1_7' title='bbox 519 415 639 478; x_wconf 88' lang='lat' dir='ltr'><strong><em>stis,</em></strong></span> <span class='ocrx_word' id='word_1_8' title='bbox 663 415 856 466; x_wconf 89' lang='lat' dir='ltr'><strong><em>iterum</em></strong></span> <span class='ocrx_word' id='word_1_9' title='bbox 891 411 1160 466; x_wconf 71' lang='lat' dir='ltr'><strong><em>recitatur.</em></strong></span> <span class='ocrx_word' id='word_1_10' title='bbox 1185 400 1356 467; x_wconf 79' lang='lat' dir='ltr'><strong><em>Corde</em></strong></span> <span class='ocrx_word' id='word_1_11' title='bbox 1387 402 1652 466; x_wconf 90' lang='lat' dir='ltr'><strong><em>credimus</em></strong></span> <span class='ocrx_word' id='word_1_12' title='bbox 1676 419 1727 466; x_wconf 87' lang='lat' dir='ltr'><strong><em>et</em></strong></span> <span class='ocrx_word' id='word_1_13' title='bbox 1762 427 1851 467; x_wconf 91' lang='lat' dir='ltr'><strong><em>ore</em></strong></span> <span class='ocrx_word' id='word_1_14' title='bbox 1892 411 2114 482; x_wconf 77' lang='lat' dir='ltr'><strong><em>proﬁte-</em></strong></span> <span class='ocrx_word' id='word_1_15' title='bbox 2145 418 2187 475; x_wconf 86' lang='grc' dir='ltr'><strong>Α</strong></span> <span class='ocrx_word' id='word_1_16' title='bbox 2217 414 2496 484; x_wconf 75' lang='lat' dir='ltr'><strong><em>corrigere.</em></strong></span> <span class='ocrx_word' id='word_1_17' title='bbox 2523 413 2678 479; x_wconf 84' lang='lat' dir='ltr'><strong><em>Quod</em></strong></span> <span class='ocrx_word' id='word_1_18' title='bbox 2698 417 2746 469; x_wconf 87' lang='lat' dir='ltr'><strong><em>si</em></strong></span> <span class='ocrx_word' id='word_1_19' title='bbox 2777 414 2907 471; x_wconf 86' lang='lat' dir='ltr'><strong><em>utile</em></strong></span> <span class='ocrx_word' id='word_1_20' title='bbox 2942 423 2995 472; x_wconf 78' lang='lat' dir='ltr'><strong><em>et</em></strong></span> <span class='ocrx_word' id='word_1_21' title='bbox 3020 423 3194 472; x_wconf 78' lang='lat' dir='ltr'><strong><em>ratum</em></strong></span> <span class='ocrx_word' id='word_1_22' title='bbox 3219 425 3310 472; x_wconf 81' lang='lat' dir='ltr'><strong><em>tua</em></strong></span> <span class='ocrx_word' id='word_1_23' title='bbox 3336 421 3668 475; x_wconf 69' lang='lat' dir='ltr'><strong><em>auctoritate</em></strong></span> <span class='ocrx_word' id='word_1_24' title='bbox 3699 439 3812 477; x_wconf 65' lang='lat' dir='ltr'><strong><em>oen-</em></strong></span> 
     </span>
    </p>
   </div>
   <div class='ocr_carea' id='block_1_5' title="bbox 518 502 2117 575">
    <p class='ocr_par' dir='ltr' id='par_1_5' title="bbox 518 502 2117 575">
     <span class='ocr_line' id='line_1_5' title="bbox 518 502 2117 575; baseline 0 -17"><span class='ocrx_word' id='word_1_25' title='bbox 518 520 659 571; x_wconf 82' lang='lat' dir='ltr'><strong><em>nrur,</em></strong></span> <span class='ocrx_word' id='word_1_26' title='bbox 690 520 878 575; x_wconf 89' lang='lat' dir='ltr'><strong><em>panem</em></strong></span> <span class='ocrx_word' id='word_1_27' title='bbox 903 505 959 557; x_wconf 90' lang='lat' dir='ltr'><strong><em>in</em></strong></span> <span class='ocrx_word' id='word_1_28' title='bbox 988 520 1169 558; x_wconf 85' lang='lat' dir='ltr'><strong><em>mensa</em></strong></span> <span class='ocrx_word' id='word_1_29' title='bbox 1222 502 1506 557; x_wconf 88' lang='lat' dir='ltr'><strong><em>Dominica</em></strong></span> <span class='ocrx_word' id='word_1_30' title='bbox 1545 504 1895 574; x_wconf 81' lang='lat' dir='ltr'><strong><em>propositum,</em></strong></span> <span class='ocrx_word' id='word_1_31' title='bbox 1927 520 2117 574; x_wconf 87' lang='lat' dir='ltr'><strong><em>panem</em></strong></span> 
     </span>
    </p>
   </div>
   <div class='ocr_carea' id='block_1_6' title="bbox 520 595 2114 666">
    <p class='ocr_par' dir='ltr' id='par_1_6' title="bbox 520 595 2114 666">
     <span class='ocr_line' id='line_1_6' title="bbox 520 595 2114 666; baseline -0.001 -17"><span class='ocrx_word' id='word_1_32' title='bbox 520 595 886 649; x_wconf 79' lang='lat' dir='ltr'><strong><em>tantummodo</em></strong></span> <span class='ocrx_word' id='word_1_33' title='bbox 934 611 1045 649; x_wconf 91' lang='lat' dir='ltr'><strong><em>esse</em></strong></span> <span class='ocrx_word' id='word_1_34' title='bbox 1090 604 1213 649; x_wconf 86' lang='lat' dir='ltr'><strong><em>ante</em></strong></span> <span class='ocrx_word' id='word_1_35' title='bbox 1259 595 1707 650; x_wconf 77' lang='lat' dir='ltr'><strong><em>consecrationem</em></strong></span> <span class='ocrx_word' id='word_1_36' title='bbox 1735 595 1866 649; x_wconf 83' lang='lat' dir='ltr'><strong><em>:sed</em></strong></span> <span class='ocrx_word' id='word_1_37' title='bbox 1897 596 1953 648; x_wconf 88' lang='lat' dir='ltr'><strong><em>in</em></strong></span> <span class='ocrx_word' id='word_1_38' title='bbox 1995 595 2114 666; x_wconf 85' lang='lat' dir='ltr'><strong><em>ipsa</em></strong></span> 
     </span>
    </p>
   </div>
   <div class='ocr_carea' id='block_1_7' title="bbox 517 686 2115 759">
    <p class='ocr_par' dir='ltr' id='par_1_7' title="bbox 517 686 2115 759">
     <span class='ocr_line' id='line_1_7' title="bbox 517 686 2115 759; baseline 0.001 -19"><span class='ocrx_word' id='word_1_39' title='bbox 517 688 910 742; x_wconf 84' lang='lat' dir='ltr'><strong><em>consecratione</em></strong></span> <span class='ocrx_word' id='word_1_40' title='bbox 959 686 1221 757; x_wconf 75' lang='lat' dir='ltr'><strong><em>ine/fabili</em></strong></span> <span class='ocrx_word' id='word_1_41' title='bbox 1264 686 1504 759; x_wconf 88' lang='lat' dir='ltr'><strong><em>potentia</em></strong></span> <span class='ocrx_word' id='word_1_42' title='bbox 1550 687 1844 742; x_wconf 78' lang='lat' dir='ltr'><strong><em>divinitatis</em></strong></span> <span class='ocrx_word' id='word_1_43' title='bbox 1886 688 2115 742; x_wconf 85' lang='lat' dir='ltr'><strong><em>converti</em></strong></span> 
     </span>
    </p>
   </div>
   <div class='ocr_carea' id='block_1_8' title="bbox 517 779 2114 852">
    <p class='ocr_par' dir='ltr' id='par_1_8' title="bbox 517 779 2114 852">
     <span class='ocr_line' id='line_1_8' title="bbox 517 779 2114 852; baseline 0.001 -19"><span class='ocrx_word' id='word_1_44' title='bbox 517 790 766 833; x_wconf 81' lang='lat' dir='ltr'><strong><em>naturam</em></strong></span> <span class='ocrx_word' id='word_1_45' title='bbox 782 789 832 834; x_wconf 92' lang='lat' dir='ltr'><strong><em>et</em></strong></span> <span class='ocrx_word' id='word_1_46' title='bbox 854 779 1213 834; x_wconf 75' lang='lat' dir='ltr'><strong><em>substantiam</em></strong></span> <span class='ocrx_word' id='word_1_47' title='bbox 1238 781 1393 852; x_wconf 89' lang='lat' dir='ltr'><strong><em>panis</em></strong></span> <span class='ocrx_word' id='word_1_48' title='bbox 1435 780 1491 834; x_wconf 90' lang='lat' dir='ltr'><strong><em>in</em></strong></span> <span class='ocrx_word' id='word_1_49' title='bbox 1514 788 1764 834; x_wconf 89' lang='lat' dir='ltr'><strong><em>naturam</em></strong></span> <span class='ocrx_word' id='word_1_50' title='bbox 1785 788 1835 834; x_wconf 93' lang='lat' dir='ltr'><strong><em>et</em></strong></span> <span class='ocrx_word' id='word_1_51' title='bbox 1863 779 2114 835; x_wconf 82' lang='lat' dir='ltr'><strong><em>substan--</em></strong></span> 
     </span>
    </p>
   </div>
   <div class='ocr_carea' id='block_1_9' title="bbox 517 871 2117 940">
    <p class='ocr_par' dir='ltr' id='par_1_9' title="bbox 517 871 2117 940">
     <span class='ocr_line' id='line_1_9' title="bbox 517 871 2117 940; baseline -0.001 -13"><span class='ocrx_word' id='word_1_52' title='bbox 517 874 647 927; x_wconf 91' lang='lat' dir='ltr'><strong><em>tiam</em></strong></span> <span class='ocrx_word' id='word_1_53' title='bbox 671 875 888 940; x_wconf 88' lang='lat' dir='ltr'><strong><em>carnis;</em></strong></span> <span class='ocrx_word' id='word_1_54' title='bbox 927 875 1105 928; x_wconf 88' lang='lat' dir='ltr'><strong><em>carnis</em></strong></span> <span class='ocrx_word' id='word_1_55' title='bbox 1152 889 1270 928; x_wconf 86' lang='lat' dir='ltr'><strong><em>vero</em></strong></span> <span class='ocrx_word' id='word_1_56' title='bbox 1300 890 1405 927; x_wconf 89' lang='lat' dir='ltr'><strong><em>non</em></strong></span> <span class='ocrx_word' id='word_1_57' title='bbox 1442 871 1628 937; x_wconf 80' lang='lat' dir='ltr'><strong><em>ullius,</em></strong></span> <span class='ocrx_word' id='word_1_58' title='bbox 1654 872 1899 939; x_wconf 88' lang='lat' dir='ltr'><strong><em>alterius,</em></strong></span> <span class='ocrx_word' id='word_1_59' title='bbox 1927 872 2017 927; x_wconf 88' lang='lat' dir='ltr'><strong><em>sed</em></strong></span> <span class='ocrx_word' id='word_1_60' title='bbox 2051 871 2117 926; x_wconf 83' lang='lat' dir='ltr'><strong><em>il-</em></strong></span> 
     </span>
    </p>
   </div>
   <div class='ocr_carea' id='block_1_10' title="bbox 513 964 2111 1038">
    <p class='ocr_par' dir='ltr' id='par_1_10' title="bbox 513 964 2111 1038">
     <span class='ocr_line' id='line_1_10' title="bbox 513 964 2111 1038; baseline 0.001 -20"><span class='ocrx_word' id='word_1_61' title='bbox 513 966 620 1019; x_wconf 88' lang='lat' dir='ltr'><strong><em>lius</em></strong></span> <span class='ocrx_word' id='word_1_62' title='bbox 650 982 769 1037; x_wconf 72' lang='lat' dir='ltr'><strong><em>qua:</em></strong></span> <span class='ocrx_word' id='word_1_63' title='bbox 790 974 1040 1038; x_wconf 79' lang='lat' dir='ltr'><strong><em>concepta</em></strong></span> <span class='ocrx_word' id='word_1_64' title='bbox 1087 975 1167 1021; x_wconf 88' lang='lat' dir='ltr'><strong><em>est</em></strong></span> <span class='ocrx_word' id='word_1_65' title='bbox 1196 966 1261 1021; x_wconf 86' lang='lat' dir='ltr'><strong><em>de</em></strong></span> <span class='ocrx_word' id='word_1_66' title='bbox 1283 964 1491 1037; x_wconf 86' lang='lat' dir='ltr'><strong><em>Spiritu</em></strong></span> <span class='ocrx_word' id='word_1_67' title='bbox 1513 973 1717 1031; x_wconf 89' lang='lat' dir='ltr'><strong><em>sancto,</em></strong></span> <span class='ocrx_word' id='word_1_68' title='bbox 1744 975 1872 1020; x_wconf 90' lang='lat' dir='ltr'><strong><em>nata</em></strong></span> <span class='ocrx_word' id='word_1_69' title='bbox 1896 981 1960 1019; x_wconf 73' lang='lat' dir='ltr'><strong><em>ea:</em></strong></span> <span class='ocrx_word' id='word_1_70' title='bbox 1987 964 2111 1019; x_wconf 78' lang='lat' dir='ltr'><strong><em>Ma-</em></strong></span> 
     </span>
    </p>
   </div>
   <div class='ocr_carea' id='block_1_11' title="bbox 512 1053 2111 1131">
    <p class='ocr_par' dir='ltr' id='par_1_11' title="bbox 512 1053 2111 1131">
     <span class='ocr_line' id='line_1_11' title="bbox 512 1053 2111 1131; baseline -0.001 -20"><span class='ocrx_word' id='word_1_71' title='bbox 512 1053 598 1112; x_wconf 84' lang='lat' dir='ltr'><strong><em>ria</em></strong></span> <span class='ocrx_word' id='word_1_72' title='bbox 624 1059 842 1130; x_wconf 86' lang='lat' dir='ltr'><strong><em>virgine,</em></strong></span> <span class='ocrx_word' id='word_1_73' title='bbox 873 1075 991 1131; x_wconf 74' lang='lat' dir='ltr'><strong><em>quae</em></strong></span> <span class='ocrx_word' id='word_1_74' title='bbox 1014 1059 1179 1113; x_wconf 88' lang='lat' dir='ltr'><strong><em>etiam</em></strong></span> <span class='ocrx_word' id='word_1_75' title='bbox 1199 1067 1412 1129; x_wconf 85' lang='lat' dir='ltr'><strong><em>propter</em></strong></span> <span class='ocrx_word' id='word_1_76' title='bbox 1437 1073 1531 1111; x_wconf 92' lang='lat' dir='ltr'><strong><em>nos</em></strong></span> <span class='ocrx_word' id='word_1_77' title='bbox 1573 1064 1624 1110; x_wconf 90' lang='lat' dir='ltr'><strong><em>et</em></strong></span> <span class='ocrx_word' id='word_1_78' title='bbox 1644 1068 1856 1127; x_wconf 87' lang='lat' dir='ltr'><strong><em>propter</em></strong></span> <span class='ocrx_word' id='word_1_79' title='bbox 1877 1064 2111 1111; x_wconf 87' lang='lat' dir='ltr'><strong><em>nostram</em></strong></span> 
     </span>
    </p>
   </div>
   <div class='ocr_carea' id='block_1_12' title="bbox 512 1144 2111 1221">
    <p class='ocr_par' dir='ltr' id='par_1_12' title="bbox 512 1144 2111 1221">
     <span class='ocr_line' id='line_1_12' title="bbox 512 1144 2111 1221; baseline 0 -19"><span class='ocrx_word' id='word_1_80' title='bbox 512 1149 740 1204; x_wconf 83' lang='lat' dir='ltr'><strong><em>salutem</em></strong></span> <span class='ocrx_word' id='word_1_81' title='bbox 760 1144 994 1221; x_wconf 68' lang='lat' dir='ltr'><strong><em>ﬂagellis</em></strong></span> <span class='ocrx_word' id='word_1_82' title='bbox 1025 1167 1184 1216; x_wconf 68' lang='lat' dir='ltr'><strong><em>casa,</em></strong></span> <span class='ocrx_word' id='word_1_83' title='bbox 1205 1157 1255 1204; x_wconf 91' lang='lat' dir='ltr'><strong><em>et</em></strong></span> <span class='ocrx_word' id='word_1_84' title='bbox 1284 1151 1339 1203; x_wconf 93' lang='lat' dir='ltr'><strong><em>in</em></strong></span> <span class='ocrx_word' id='word_1_85' title='bbox 1370 1148 1515 1221; x_wconf 89' lang='lat' dir='ltr'><strong><em>ligno</em></strong></span> <span class='ocrx_word' id='word_1_86' title='bbox 1542 1165 1823 1219; x_wconf 86' lang='lat' dir='ltr'><strong><em>suspensa,</em></strong></span> <span class='ocrx_word' id='word_1_87' title='bbox 1853 1148 2030 1218; x_wconf 88' lang='lat' dir='ltr'><strong><em>jacuit</em></strong></span> <span class='ocrx_word' id='word_1_88' title='bbox 2054 1149 2111 1202; x_wconf 90' lang='lat' dir='ltr'><strong><em>in</em></strong></span> 
     </span>
    </p>
   </div>
   <div class='ocr_carea' id='block_1_13' title="bbox 510 1237 2108 1310">
    <p class='ocr_par' dir='ltr' id='par_1_13' title="bbox 510 1237 2108 1310">
     <span class='ocr_line' id='line_1_13' title="bbox 510 1237 2108 1310; baseline -0.001 -16"><span class='ocrx_word' id='word_1_89' title='bbox 510 1239 773 1310; x_wconf 86' lang='lat' dir='ltr'><strong><em>sepulcro,</em></strong></span> <span class='ocrx_word' id='word_1_90' title='bbox 800 1240 960 1295; x_wconf 89' lang='lat' dir='ltr'><strong><em>tertia</em></strong></span> <span class='ocrx_word' id='word_1_91' title='bbox 988 1240 1392 1309; x_wconf 74' lang='lat' dir='ltr'><strong><em>dieresurrexit</em></strong></span> <span class='ocrx_word' id='word_1_92' title='bbox 1417 1257 1451 1293; x_wconf 91' lang='lat' dir='ltr'><strong><em>a</em></strong></span> <span class='ocrx_word' id='word_1_93' title='bbox 1492 1239 1739 1305; x_wconf 85' lang='lat' dir='ltr'><strong><em>mortuis,</em></strong></span> <span class='ocrx_word' id='word_1_94' title='bbox 1767 1247 1818 1293; x_wconf 90' lang='lat' dir='ltr'><strong><em>et</em></strong></span> <span class='ocrx_word' id='word_1_95' title='bbox 1864 1237 2007 1293; x_wconf 83' lang='lat' dir='ltr'><strong><em>sedet</em></strong></span> <span class='ocrx_word' id='word_1_96' title='bbox 2038 1237 2108 1292; x_wconf 93' lang='lat' dir='ltr'><strong><em>ad</em></strong></span> 
     </span>
    </p>
   </div>
   <div class='ocr_carea' id='block_1_14' title="bbox 513 1330 2110 1404">
    <p class='ocr_par' dir='ltr' id='par_1_14' title="bbox 513 1330 2110 1404">
     <span class='ocr_line' id='line_1_14' title="bbox 513 1330 2110 1404; baseline 0.001 -19"><span class='ocrx_word' id='word_1_97' title='bbox 513 1332 788 1386; x_wconf 74' lang='lat' dir='ltr'><strong><em>dexteram</em></strong></span> <span class='ocrx_word' id='word_1_98' title='bbox 820 1331 917 1386; x_wconf 88' lang='lat' dir='ltr'><strong><em>Dei</em></strong></span> <span class='ocrx_word' id='word_1_99' title='bbox 948 1331 1153 1385; x_wconf 86' lang='lat' dir='ltr'><strong><em>Patris.</em></strong></span> <span class='ocrx_word' id='word_1_100' title='bbox 1209 1330 1472 1387; x_wconf 81' lang='lat' dir='ltr'><strong><em>Similiter</em></strong></span> <span class='ocrx_word' id='word_1_101' title='bbox 1514 1331 1714 1399; x_wconf 88' lang='lat' dir='ltr'><strong><em>vinum,</em></strong></span> <span class='ocrx_word' id='word_1_102' title='bbox 1764 1331 1903 1403; x_wconf 90' lang='lat' dir='ltr'><strong><em>quod</em></strong></span> <span class='ocrx_word' id='word_1_103' title='bbox 1955 1347 2110 1404; x_wconf 79' lang='lat' dir='ltr'><strong><em>aqute</em></strong></span> 
     </span>
    </p>
   </div>
   <div class='ocr_carea' id='block_1_15' title="bbox 512 1424 2106 1494">
    <p class='ocr_par' dir='ltr' id='par_1_15' title="bbox 512 1424 2106 1494">
     <span class='ocr_line' id='line_1_15' title="bbox 512 1424 2106 1494; baseline 0 -17"><span class='ocrx_word' id='word_1_104' title='bbox 512 1425 728 1478; x_wconf 85' lang='lat' dir='ltr'><strong><em>mistum</em></strong></span> <span class='ocrx_word' id='word_1_105' title='bbox 752 1426 809 1478; x_wconf 89' lang='lat' dir='ltr'><strong><em>in</em></strong></span> <span class='ocrx_word' id='word_1_106' title='bbox 829 1425 995 1478; x_wconf 86' lang='lat' dir='ltr'><strong><em>calice</em></strong></span> <span class='ocrx_word' id='word_1_107' title='bbox 1040 1424 1489 1494; x_wconf 80' lang='lat' dir='ltr'><strong><em>sanctiﬁcandum</em></strong></span> <span class='ocrx_word' id='word_1_108' title='bbox 1538 1424 1872 1494; x_wconf 87' lang='lat' dir='ltr'><strong><em>proponitur,</em></strong></span> <span class='ocrx_word' id='word_1_109' title='bbox 1915 1440 2030 1478; x_wconf 89' lang='lat' dir='ltr'><strong><em>vere</em></strong></span> <span class='ocrx_word' id='word_1_110' title='bbox 2056 1432 2106 1479; x_wconf 92' lang='lat' dir='ltr'><strong><em>et</em></strong></span> 
     </span>
    </p>
   </div>
   <div class='ocr_carea' id='block_1_16' title="bbox 510 1515 2108 1587">
    <p class='ocr_par' dir='ltr' id='par_1_16' title="bbox 510 1515 2108 1587">
     <span class='ocr_line' id='line_1_16' title="bbox 510 1515 2108 1587; baseline -0.001 -16"><span class='ocrx_word' id='word_1_111' title='bbox 510 1517 864 1571; x_wconf 86' lang='lat' dir='ltr'><strong><em>essentialiter</em></strong></span> <span class='ocrx_word' id='word_1_112' title='bbox 885 1518 1115 1571; x_wconf 85' lang='lat' dir='ltr'><strong><em>converti</em></strong></span> <span class='ocrx_word' id='word_1_113' title='bbox 1146 1518 1201 1573; x_wconf 89' lang='lat' dir='ltr'><strong><em>in</em></strong></span> <span class='ocrx_word' id='word_1_114' title='bbox 1233 1533 1351 1571; x_wconf 87' lang='lat' dir='ltr'><strong><em>eum</em></strong></span> <span class='ocrx_word' id='word_1_115' title='bbox 1380 1516 1689 1587; x_wconf 86' lang='lat' dir='ltr'><strong><em>sanguinem</em></strong></span> <span class='ocrx_word' id='word_1_116' title='bbox 1731 1517 1822 1587; x_wconf 91' lang='lat' dir='ltr'><strong><em>qui</em></strong></span> <span class='ocrx_word' id='word_1_117' title='bbox 1847 1533 1939 1587; x_wconf 85' lang='lat' dir='ltr'><strong><em>per</em></strong></span> <span class='ocrx_word' id='word_1_118' title='bbox 1987 1515 2108 1570; x_wconf 88' lang='lat' dir='ltr'><strong><em>lan-</em></strong></span> 
     </span>
    </p>
   </div>
   <div class='ocr_carea' id='block_1_17' title="bbox 509 1606 2108 1665">
    <p class='ocr_par' dir='ltr' id='par_1_17' title="bbox 509 1606 2108 1665">
     <span class='ocr_line' id='line_1_17' title="bbox 509 1606 2108 1665; baseline -0.001 -1"><span class='ocrx_word' id='word_1_119' title='bbox 509 1626 657 1665; x_wconf 88' lang='lat' dir='ltr'><strong><em>ceam</em></strong></span> <span class='ocrx_word' id='word_1_120' title='bbox 711 1608 899 1663; x_wconf 86' lang='lat' dir='ltr'><strong><em>militis</em></strong></span> <span class='ocrx_word' id='word_1_121' title='bbox 947 1609 1008 1663; x_wconf 90' lang='lat' dir='ltr'><strong><em>de</em></strong></span> <span class='ocrx_word' id='word_1_122' title='bbox 1034 1607 1246 1662; x_wconf 84' lang='lat' dir='ltr'><strong><em>vulnere</em></strong></span> <span class='ocrx_word' id='word_1_123' title='bbox 1292 1606 1563 1661; x_wconf 89' lang='lat' dir='ltr'><strong><em>Dominici</em></strong></span> <span class='ocrx_word' id='word_1_124' title='bbox 1599 1606 1784 1661; x_wconf 88' lang='lat' dir='ltr'><strong><em>lateris</em></strong></span> <span class='ocrx_word' id='word_1_125' title='bbox 1812 1608 1868 1661; x_wconf 90' lang='lat' dir='ltr'><strong><em>in</em></strong></span> <span class='ocrx_word' id='word_1_126' title='bbox 1910 1608 2108 1663; x_wconf 90' lang='lat' dir='ltr'><strong><em>redem-</em></strong></span> 
     </span>
    </p>
   </div>
   <div class='ocr_carea' id='block_1_18' title="bbox 2216 508 3810 579">
    <p class='ocr_par' dir='ltr' id='par_1_18' title="bbox 2216 508 3810 579">
     <span class='ocr_line' id='line_1_18' title="bbox 2216 508 3810 579; baseline 0.005 -19"><span class='ocrx_word' id='word_1_127' title='bbox 2216 515 2386 573; x_wconf 89' lang='lat' dir='ltr'><strong><em>setur,</em></strong></span> <span class='ocrx_word' id='word_1_128' title='bbox 2407 517 2685 578; x_wconf 82' lang='lat' dir='ltr'><strong><em>postquam</em></strong></span> <span class='ocrx_word' id='word_1_129' title='bbox 2723 508 2788 563; x_wconf 89' lang='lat' dir='ltr'><strong><em>de</em></strong></span> <span class='ocrx_word' id='word_1_130' title='bbox 2818 509 3227 579; x_wconf 76' lang='lat' dir='ltr'><strong><em>metwpolitana</em></strong></span> <span class='ocrx_word' id='word_1_131' title='bbox 3259 512 3383 565; x_wconf 84' lang='lat' dir='ltr'><strong><em>sede</em></strong></span> <span class='ocrx_word' id='word_1_132' title='bbox 3415 512 3633 566; x_wconf 75' lang='lat' dir='ltr'><strong><em>stillare</em></strong></span> <span class='ocrx_word' id='word_1_133' title='bbox 3664 514 3810 568; x_wconf 65' lang='lat' dir='ltr'><strong><em>ride-</em></strong></span> 
     </span>
    </p>
   </div>
   <div class='ocr_carea' id='block_1_19' title="bbox 2217 597 3814 675">
    <p class='ocr_par' dir='ltr' id='par_1_19' title="bbox 2217 597 3814 675">
     <span class='ocr_line' id='line_1_19' title="bbox 2217 597 3814 675; baseline 0.004 -23"><span class='ocrx_word' id='word_1_134' title='bbox 2217 597 2270 653; x_wconf 84' lang='lat' dir='ltr'><strong><em>bi</em></strong></span> <span class='ocrx_word' id='word_1_135' title='bbox 2290 615 2411 664; x_wconf 88' lang='lat' dir='ltr'><strong><em>nus,</em></strong></span> <span class='ocrx_word' id='word_1_136' title='bbox 2440 616 2704 655; x_wconf 85' lang='lat' dir='ltr'><strong><em>canonum</em></strong></span> <span class='ocrx_word' id='word_1_137' title='bbox 2737 610 2944 656; x_wconf 85' lang='lat' dir='ltr'><strong><em>statuta</em></strong></span> <span class='ocrx_word' id='word_1_138' title='bbox 2989 613 3278 675; x_wconf 77' lang='lat' dir='ltr'><strong><em>sequentes,</em></strong></span> <span class='ocrx_word' id='word_1_139' title='bbox 3306 614 3504 659; x_wconf 71' lang='lat' dir='ltr'><strong><em>nostra</em></strong></span> <span class='ocrx_word' id='word_1_140' title='bbox 3524 605 3814 675; x_wconf 68' lang='lat' dir='ltr'><strong><em>propinare</em></strong></span> 
     </span>
    </p>
   </div>
   <div class='ocr_carea' id='block_1_20' title="bbox 2214 688 2566 745">
    <p class='ocr_par' dir='ltr' id='par_1_20' title="bbox 2214 688 2566 745">
     <span class='ocr_line' id='line_1_20' title="bbox 2214 688 2566 745; baseline 0.011 -4"><span class='ocrx_word' id='word_1_141' title='bbox 2214 688 2566 745; x_wconf 81' lang='lat' dir='ltr'><strong><em>studebimus.</em></strong></span> 
     </span>
    </p>
   </div>
   <div class='ocr_carea' id='block_1_21' title="bbox 2288 774 3813 841">
    <p class='ocr_par' dir='ltr' id='par_1_21' title="bbox 2288 774 3813 841">
     <span class='ocr_line' id='line_1_21' title="bbox 2288 774 3813 841; baseline 0.005 -7"><span class='ocrx_word' id='word_1_142' title='bbox 2288 780 2377 835; x_wconf 79' lang='grc'><strong><em>15.</em></strong></span> <span class='ocrx_word' id='word_1_143' title='bbox 2438 780 2584 838; x_wconf 73' lang='lat' dir='ltr'><strong><em>Loca</em></strong></span> <span class='ocrx_word' id='word_1_144' title='bbox 2627 780 2792 838; x_wconf 88' lang='lat' dir='ltr'><strong><em>etiam</em></strong></span> <span class='ocrx_word' id='word_1_145' title='bbox 2841 798 2997 840; x_wconf 87' lang='lat' dir='ltr'><strong><em>sacra</em></strong></span> <span class='ocrx_word' id='word_1_146' title='bbox 3042 782 3254 839; x_wconf 87' lang='lat' dir='ltr'><strong><em>colebat</em></strong></span> <span class='ocrx_word' id='word_1_147' title='bbox 3299 774 3593 840; x_wconf 75' lang='lat' dir='ltr'><strong><em>Mam-ilius</em></strong></span> <span class='ocrx_word' id='word_1_148' title='bbox 3630 801 3645 839; x_wconf 89' lang='lat'><strong>:</strong></span> <span class='ocrx_word' id='word_1_149' title='bbox 3686 799 3813 841; x_wconf 70' lang='lat' dir='ltr'><strong><em>nam</em></strong></span> 
     </span>
    </p>
   </div>
   <div class='ocr_carea' id='block_1_22' title="bbox 2212 872 3811 945">
    <p class='ocr_par' dir='ltr' id='par_1_22' title="bbox 2212 872 3811 945">
     <span class='ocr_line' id='line_1_22' title="bbox 2212 872 3811 945; baseline 0.004 -20"><span class='ocrx_word' id='word_1_150' title='bbox 2212 878 2413 940; x_wconf 70' lang='lat' dir='ltr'><strong><em>praeter</em></strong></span> <span class='ocrx_word' id='word_1_151' title='bbox 2432 872 2720 929; x_wconf 84' lang='lat' dir='ltr'><strong><em>ecclesiam</em></strong></span> <span class='ocrx_word' id='word_1_152' title='bbox 2760 874 3256 944; x_wconf 87' lang='lat' dir='ltr'><strong><em>metropolitanam,</em></strong></span> <span class='ocrx_word' id='word_1_153' title='bbox 3285 891 3453 945; x_wconf 86' lang='lat' dir='ltr'><strong><em>quam</em></strong></span> <span class='ocrx_word' id='word_1_154' title='bbox 3485 876 3560 931; x_wconf 86' lang='lat' dir='ltr'><strong><em>ab</em></strong></span> <span class='ocrx_word' id='word_1_155' title='bbox 3580 890 3654 931; x_wconf 84' lang='lat' dir='ltr'><strong><em>eo</em></strong></span> <span class='ocrx_word' id='word_1_156' title='bbox 3676 891 3811 932; x_wconf 75' lang='lat' dir='ltr'><strong><em>can-</em></strong></span> 
     </span>
    </p>
   </div>
   <div class='ocr_carea' id='block_1_23' title="bbox 2213 966 3812 1037">
    <p class='ocr_par' dir='ltr' id='par_1_23' title="bbox 2213 966 3812 1037">
     <span class='ocr_line' id='line_1_23' title="bbox 2213 966 3812 1037; baseline 0.003 -19"><span class='ocrx_word' id='word_1_157' title='bbox 2213 972 2541 1020; x_wconf 81' lang='lat' dir='ltr'><strong><em>summatam</em></strong></span> <span class='ocrx_word' id='word_1_158' title='bbox 2564 974 2620 1021; x_wconf 88' lang='lat' dir='ltr'><strong><em>et</em></strong></span> <span class='ocrx_word' id='word_1_159' title='bbox 2639 967 2957 1021; x_wconf 87' lang='lat' dir='ltr'><strong><em>solemniter</em></strong></span> <span class='ocrx_word' id='word_1_160' title='bbox 2987 977 3364 1023; x_wconf 81' lang='lat' dir='ltr'><strong><em>consecratam</em></strong></span> <span class='ocrx_word' id='word_1_161' title='bbox 3400 966 3678 1037; x_wconf 77' lang='lat' dir='ltr'><strong><em>diximus,</em></strong></span> <span class='ocrx_word' id='word_1_162' title='bbox 3704 968 3812 1023; x_wconf 77' lang='lat' dir='ltr'><strong><em>Ro-</em></strong></span> 
     </span>
    </p>
   </div>
   <div class='ocr_carea' id='block_1_24' title="bbox 2211 1048 3809 1116">
    <p class='ocr_par' dir='ltr' id='par_1_24' title="bbox 2211 1048 3809 1116">
     <span class='ocr_line' id='line_1_24' title="bbox 2211 1048 3809 1116; baseline 0.005 -8"><span class='ocrx_word' id='word_1_163' title='bbox 2211 1052 2400 1110; x_wconf 88' lang='lat' dir='ltr'><strong><em>bertus</em></strong></span> <span class='ocrx_word' id='word_1_164' title='bbox 2425 1070 2612 1111; x_wconf 90' lang='lat' dir='ltr'><strong><em>comes</em></strong></span> <span class='ocrx_word' id='word_1_165' title='bbox 2647 1057 2920 1112; x_wconf 78' lang='lat' dir='ltr'><strong><em>Aucensis</em></strong></span> <span class='ocrx_word' id='word_1_166' title='bbox 2955 1057 3010 1112; x_wconf 89' lang='lat' dir='ltr'><strong><em>in</em></strong></span> <span class='ocrx_word' id='word_1_167' title='bbox 3034 1058 3231 1112; x_wconf 87' lang='lat' dir='ltr'><strong><em>charta-</em></strong></span> <span class='ocrx_word' id='word_1_168' title='bbox 3253 1056 3607 1115; x_wconf 79' lang='lat' dir='ltr'><strong><em>fundatiouis</em></strong></span> <span class='ocrx_word' id='word_1_169' title='bbox 3633 1048 3809 1116; x_wconf 79' lang='lat' dir='ltr'><strong><em>sancti</em></strong></span> 
     </span>
    </p>
   </div>
   <div class='ocr_carea' id='block_1_25' title="bbox 2208 1139 3811 1217">
    <p class='ocr_par' dir='ltr' id='par_1_25' title="bbox 2208 1139 3811 1217">
     <span class='ocr_line' id='line_1_25' title="bbox 2208 1139 3811 1217; baseline 0.005 -21"><span class='ocrx_word' id='word_1_170' title='bbox 2208 1139 2491 1201; x_wconf 77' lang='lat' dir='ltr'><strong><em>Michaelis</em></strong></span> <span class='ocrx_word' id='word_1_171' title='bbox 2536 1147 2603 1200; x_wconf 90' lang='lat' dir='ltr'><strong><em>de</em></strong></span> <span class='ocrx_word' id='word_1_172' title='bbox 2644 1144 3122 1217; x_wconf 87' lang='lat' dir='ltr'><strong><em>Ulteriori-portu,</em></strong></span> <span class='ocrx_word' id='word_1_173' title='bbox 3166 1148 3273 1202; x_wconf 89' lang='lat' dir='ltr'><strong><em>hoc</em></strong></span> <span class='ocrx_word' id='word_1_174' title='bbox 3315 1150 3729 1204; x_wconf 77' lang='lat' dir='ltr'><strong><em>monasterium</em></strong></span> <span class='ocrx_word' id='word_1_175' title='bbox 3776 1167 3811 1204; x_wconf 80' lang='lat' dir='ltr'><strong><em>a</em></strong></span> 
     </span>
    </p>
   </div>
   <div class='ocr_carea' id='block_1_26' title="bbox 2210 1237 3807 1311">
    <p class='ocr_par' dir='ltr' id='par_1_26' title="bbox 2210 1237 3807 1311">
     <span class='ocr_line' id='line_1_26' title="bbox 2210 1237 3807 1311; baseline 0.004 -20"><span class='ocrx_word' id='word_1_176' title='bbox 2210 1249 2271 1291; x_wconf 81' lang='lat' dir='ltr'><strong><em>se</em></strong></span> <span class='ocrx_word' id='word_1_177' title='bbox 2310 1237 2590 1293; x_wconf 88' lang='lat' dir='ltr'><strong><em>conditum</em></strong></span> <span class='ocrx_word' id='word_1_178' title='bbox 2640 1237 2812 1295; x_wconf 79' lang='lat' dir='ltr'><strong><em>fuisse</em></strong></span> <span class='ocrx_word' id='word_1_179' title='bbox 2848 1246 3084 1295; x_wconf 82' lang='lat' dir='ltr'><strong><em>testatur</em></strong></span> <span class='ocrx_word' id='word_1_180' title='bbox 3136 1241 3387 1296; x_wconf 83' lang='lat' dir='ltr'><strong><em>consiliis</em></strong></span> <span class='ocrx_word' id='word_1_181' title='bbox 3445 1242 3807 1311; x_wconf 64' lang='lat' dir='ltr'><strong><em>pitissimum</em></strong></span> 
     </span>
    </p>
   </div>
   <div class='ocr_carea' id='block_1_27' title="bbox 2209 1324 3807 1402">
    <p class='ocr_par' dir='ltr' id='par_1_27' title="bbox 2209 1324 3807 1402">
     <span class='ocr_line' id='line_1_27' title="bbox 2209 1324 3807 1402; baseline 0.006 -21"><span class='ocrx_word' id='word_1_182' title='bbox 2209 1324 2445 1384; x_wconf 76' lang='lat' dir='ltr'><strong><em>Maurilii</em></strong></span> <span class='ocrx_word' id='word_1_183' title='bbox 2466 1331 2863 1401; x_wconf 84' lang='lat' dir='ltr'><strong><em>archiepiscopi</em></strong></span> <span class='ocrx_word' id='word_1_184' title='bbox 2884 1330 3361 1402; x_wconf 79' lang='lat' dir='ltr'><strong><em>Rothomagensis.</em></strong></span> <span class='ocrx_word' id='word_1_185' title='bbox 3385 1330 3539 1389; x_wconf 84' lang='lat' dir='ltr'><strong><em>Idem</em></strong></span> <span class='ocrx_word' id='word_1_186' title='bbox 3570 1335 3807 1390; x_wconf 77' lang='lat' dir='ltr'><strong><em>antistes</em></strong></span> 
     </span>
    </p>
   </div>
   <div class='ocr_carea' id='block_1_28' title="bbox 2208 1419 3806 1496">
    <p class='ocr_par' dir='ltr' id='par_1_28' title="bbox 2208 1419 3806 1496">
     <span class='ocr_line' id='line_1_28' title="bbox 2208 1419 3806 1496; baseline 0.003 -21"><span class='ocrx_word' id='word_1_187' title='bbox 2208 1419 2411 1476; x_wconf 65' lang='lat' dir='ltr'><strong><em>charta</em></strong></span> <span class='ocrx_word' id='word_1_188' title='bbox 2435 1419 2657 1476; x_wconf 85' lang='lat' dir='ltr'><strong><em>Roberti</em></strong></span> <span class='ocrx_word' id='word_1_189' title='bbox 2689 1420 3038 1481; x_wconf 84' lang='lat' dir='ltr'><strong><em>Ehroicensis</em></strong></span> <span class='ocrx_word' id='word_1_190' title='bbox 3073 1423 3296 1478; x_wconf 88' lang='lat' dir='ltr'><strong><em>comitis</em></strong></span> <span class='ocrx_word' id='word_1_191' title='bbox 3337 1425 3679 1494; x_wconf 75' lang='lat' dir='ltr'><strong><em>subscripsit</em></strong></span> <span class='ocrx_word' id='word_1_192' title='bbox 3707 1442 3806 1496; x_wconf 70' lang='lat' dir='ltr'><strong><em>pro</em></strong></span> 
     </span>
    </p>
   </div>
   <div class='ocr_carea' id='block_1_29' title="bbox 2207 1511 3805 1572">
    <p class='ocr_par' dir='ltr' id='par_1_29' title="bbox 2207 1511 3805 1572">
     <span class='ocr_line' id='line_1_29' title="bbox 2207 1511 3805 1572; baseline 0.004 -6"><span class='ocrx_word' id='word_1_193' title='bbox 2207 1513 2544 1569; x_wconf 85' lang='lat' dir='ltr'><strong><em>monasterio</em></strong></span> <span class='ocrx_word' id='word_1_194' title='bbox 2569 1513 2755 1569; x_wconf 86' lang='lat' dir='ltr'><strong><em>Sancti</em></strong></span> <span class='ocrx_word' id='word_1_195' title='bbox 2779 1511 3080 1570; x_wconf 76' lang='lat' dir='ltr'><strong><em>Salvatoris</em></strong></span> <span class='ocrx_word' id='word_1_196' title='bbox 3106 1512 3461 1571; x_wconf 84' lang='lat' dir='ltr'><strong><em>Ebroiecnsis</em></strong></span> <span class='ocrx_word' id='word_1_197' title='bbox 3490 1520 3805 1572; x_wconf 76' lang='lat' dir='ltr'><strong><em>sanctimo-</em></strong></span> 
     </span>
    </p>
   </div>
   <div class='ocr_carea' id='block_1_30' title="bbox 2206 1605 3805 1677">
    <p class='ocr_par' dir='ltr' id='par_1_30' title="bbox 2206 1605 3805 1677">
     <span class='ocr_line' id='line_1_30' title="bbox 2206 1605 3805 1677; baseline 0.004 -18"><span class='ocrx_word' id='word_1_198' title='bbox 2206 1605 2438 1660; x_wconf 90' lang='lat' dir='ltr'><strong><em>nialium</em></strong></span> <span class='ocrx_word' id='word_1_199' title='bbox 2469 1606 2682 1661; x_wconf 77' lang='lat' dir='ltr'><strong><em>ordinis</em></strong></span> <span class='ocrx_word' id='word_1_200' title='bbox 2712 1606 2911 1674; x_wconf 90' lang='lat' dir='ltr'><strong><em>nostri,</em></strong></span> <span class='ocrx_word' id='word_1_201' title='bbox 2951 1607 3099 1677; x_wconf 88' lang='lat' dir='ltr'><strong><em>quod</em></strong></span> <span class='ocrx_word' id='word_1_202' title='bbox 3136 1606 3206 1661; x_wconf 93' lang='lat' dir='ltr'><strong><em>ab</em></strong></span> <span class='ocrx_word' id='word_1_203' title='bbox 3252 1607 3447 1662; x_wconf 88' lang='lat' dir='ltr'><strong><em>eodem</em></strong></span> <span class='ocrx_word' id='word_1_204' title='bbox 3470 1609 3679 1664; x_wconf 79' lang='lat' dir='ltr'><strong><em>comite</em></strong></span> <span class='ocrx_word' id='word_1_205' title='bbox 3714 1624 3805 1664; x_wconf 83' lang='lat' dir='ltr'><strong><em>sc-</em></strong></span> 
     </span>
    </p>
   </div>
   <div class='ocr_carea' id='block_1_31' title="bbox 507 1697 3807 1773">
    <p class='ocr_par' dir='ltr' id='par_1_31' title="bbox 507 1697 3807 1773">
     <span class='ocr_line' id='line_1_31' title="bbox 507 1697 3807 1773; baseline -0 -17"><span class='ocrx_word' id='word_1_206' title='bbox 507 1704 739 1773; x_wconf 88' lang='lat' dir='ltr'><strong><em>ptionem</em></strong></span> <span class='ocrx_word' id='word_1_207' title='bbox 766 1701 950 1755; x_wconf 87' lang='lat' dir='ltr'><strong><em>mundi</em></strong></span> <span class='ocrx_word' id='word_1_208' title='bbox 985 1700 1216 1771; x_wconf 80' lang='lat' dir='ltr'><strong><em>feliciter</em></strong></span> <span class='ocrx_word' id='word_1_209' title='bbox 1250 1700 1535 1754; x_wconf 82' lang='lat' dir='ltr'><strong><em>emanarit.</em></strong></span> <span class='ocrx_word' id='word_1_210' title='bbox 1568 1698 2097 1754; x_wconf 79' lang='lat' dir='ltr'><strong><em>Anathematizamus</em></strong></span> <span class='ocrx_word' id='word_1_211' title='bbox 2135 1765 2173 1773; x_wconf 80' lang='lat'><strong>_</strong></span> <span class='ocrx_word' id='word_1_212' title='bbox 2205 1697 2366 1753; x_wconf 87' lang='lat' dir='ltr'><strong><em>dente</em></strong></span> <span class='ocrx_word' id='word_1_213' title='bbox 2392 1697 2645 1753; x_wconf 85' lang='lat' dir='ltr'><strong><em>Maurilio</em></strong></span> <span class='ocrx_word' id='word_1_214' title='bbox 2672 1700 2956 1755; x_wconf 88' lang='lat' dir='ltr'><strong><em>conditum</em></strong></span> <span class='ocrx_word' id='word_1_215' title='bbox 2988 1706 3092 1755; x_wconf 88' lang='lat' dir='ltr'><strong><em>est.</em></strong></span> <span class='ocrx_word' id='word_1_216' title='bbox 3123 1697 3480 1753; x_wconf 79' lang='lat' dir='ltr'><strong><em>Contendant</em></strong></span> <span class='ocrx_word' id='word_1_217' title='bbox 3507 1700 3679 1754; x_wconf 74' lang='lat' dir='ltr'><strong><em>etiam</em></strong></span> <span class='ocrx_word' id='word_1_218' title='bbox 3704 1717 3807 1755; x_wconf 89' lang='lat' dir='ltr'><strong><em>no-</em></strong></span> 
     </span>
    </p>
   </div>
   <div class='ocr_carea' id='block_1_32' title="bbox 508 1765 3804 1863">
    <p class='ocr_par' dir='ltr' id='par_1_32' title="bbox 508 1765 3804 1863">
     <span class='ocr_line' id='line_1_32' title="bbox 508 1765 3804 1863; baseline 0 -15"><span class='ocrx_word' id='word_1_219' title='bbox 508 1765 685 1848; x_wconf 81' lang='lat' dir='ltr'><strong><em>autem</em></strong></span> <span class='ocrx_word' id='word_1_220' title='bbox 714 1802 898 1847; x_wconf 89' lang='lat' dir='ltr'><strong><em>contra</em></strong></span> <span class='ocrx_word' id='word_1_221' title='bbox 925 1765 1063 1846; x_wconf 81' lang='lat' dir='ltr'><strong><em>lianc</em></strong></span> <span class='ocrx_word' id='word_1_222' title='bbox 1090 1798 1331 1847; x_wconf 88' lang='lat' dir='ltr'><strong><em>sanctam</em></strong></span> <span class='ocrx_word' id='word_1_223' title='bbox 1352 1798 1405 1847; x_wconf 90' lang='lat' dir='ltr'><strong><em>et</em></strong></span> <span class='ocrx_word' id='word_1_224' title='bbox 1447 1792 1796 1863; x_wconf 85' lang='lat' dir='ltr'><strong><em>apostolicam</em></strong></span> <span class='ocrx_word' id='word_1_225' title='bbox 1827 1792 1986 1862; x_wconf 83' lang='lat' dir='ltr'><strong><em>ﬁdem</em></strong></span> <span class='ocrx_word' id='word_1_226' title='bbox 2011 1809 2103 1845; x_wconf 86' lang='lat' dir='ltr'><strong><em>su-</em></strong></span> <span class='ocrx_word' id='word_1_227' title='bbox 2135 1765 2177 1825; x_wconf 68' lang='grc' dir='ltr'><strong>Β</strong></span> <span class='ocrx_word' id='word_1_228' title='bbox 2205 1791 2304 1845; x_wconf 89' lang='lat' dir='ltr'><strong><em>stri</em></strong></span> <span class='ocrx_word' id='word_1_229' title='bbox 2324 1790 2585 1846; x_wconf 83' lang='lat' dir='ltr'><strong><em>Divenses</em></strong></span> <span class='ocrx_word' id='word_1_230' title='bbox 2597 1793 2916 1846; x_wconf 79' lang='lat' dir='ltr'><strong><em>monasterii</em></strong></span> <span class='ocrx_word' id='word_1_231' title='bbox 2936 1794 3023 1847; x_wconf 88' lang='lat' dir='ltr'><strong><em>sui</em></strong></span> <span class='ocrx_word' id='word_1_232' title='bbox 3041 1793 3804 1857; x_wconf 71' lang='lat' dir='ltr'><strong><em>ecclesiam,sanaaescilicet</em></strong></span> 
     </span>
    </p>
   </div>
   <div class='ocr_carea' id='block_1_33' title="bbox 503 1884 2102 1958">
    <p class='ocr_par' dir='ltr' id='par_1_33' title="bbox 503 1884 2102 1958">
     <span class='ocr_line' id='line_1_33' title="bbox 503 1884 2102 1958; baseline -0.001 -17"><span class='ocrx_word' id='word_1_233' title='bbox 503 1887 659 1957; x_wconf 88' lang='lat' dir='ltr'><strong><em>perbe</em></strong></span> <span class='ocrx_word' id='word_1_234' title='bbox 699 1895 856 1958; x_wconf 87' lang='lat' dir='ltr'><strong><em>atque</em></strong></span> <span class='ocrx_word' id='word_1_235' title='bbox 895 1884 1138 1941; x_wconf 76' lang='lat' dir='ltr'><strong><em>Itwretice</em></strong></span> <span class='ocrx_word' id='word_1_236' title='bbox 1178 1885 1489 1953; x_wconf 86' lang='lat' dir='ltr'><strong><em>sentientes,</em></strong></span> <span class='ocrx_word' id='word_1_237' title='bbox 1520 1892 1570 1940; x_wconf 90' lang='lat' dir='ltr'><strong><em>et</em></strong></span> <span class='ocrx_word' id='word_1_238' title='bbox 1603 1884 1770 1956; x_wconf 88' lang='lat' dir='ltr'><strong><em>impia</em></strong></span> <span class='ocrx_word' id='word_1_239' title='bbox 1809 1885 2102 1940; x_wconf 87' lang='lat' dir='ltr'><strong><em>temeritate</em></strong></span> 
     </span>
    </p>
   </div>
   <div class='ocr_carea' id='block_1_34' title="bbox 505 1976 2101 2050">
    <p class='ocr_par' dir='ltr' id='par_1_34' title="bbox 505 1976 2101 2050">
     <span class='ocr_line' id='line_1_34' title="bbox 505 1976 2101 2050; baseline -0.001 -18"><span class='ocrx_word' id='word_1_240' title='bbox 505 1979 818 2050; x_wconf 87' lang='lat' dir='ltr'><strong><em>garrientes.</em></strong></span> <span class='ocrx_word' id='word_1_241' title='bbox 841 1976 993 2035; x_wconf 85' lang='lat' dir='ltr'><strong><em>llanc</em></strong></span> <span class='ocrx_word' id='word_1_242' title='bbox 1022 1978 1145 2034; x_wconf 76' lang='lat' dir='ltr'><strong><em>fidei</em></strong></span> <span class='ocrx_word' id='word_1_243' title='bbox 1171 1977 1593 2050; x_wconf 81' lang='lat' dir='ltr'><strong><em>professionem,</em></strong></span> <span class='ocrx_word' id='word_1_244' title='bbox 1631 1993 1756 2047; x_wconf 68' lang='lat' dir='ltr'><strong><em>qua:</em></strong></span> <span class='ocrx_word' id='word_1_245' title='bbox 1787 1977 1843 2031; x_wconf 89' lang='lat' dir='ltr'><strong><em>in</em></strong></span> <span class='ocrx_word' id='word_1_246' title='bbox 1870 1976 2101 2033; x_wconf 90' lang='lat' dir='ltr'><strong><em>concilio</em></strong></span> 
     </span>
    </p>
   </div>
   <div class='ocr_carea' id='block_1_35' title="bbox 504 2067 2101 2137">
    <p class='ocr_par' dir='ltr' id='par_1_35' title="bbox 504 2067 2101 2137">
     <span class='ocr_line' id='line_1_35' title="bbox 504 2067 2101 2137; baseline -0.001 -13"><span class='ocrx_word' id='word_1_247' title='bbox 504 2086 651 2125; x_wconf 89' lang='lat' dir='ltr'><strong><em>anno</em></strong></span> <span class='ocrx_word' id='word_1_248' title='bbox 688 2070 828 2125; x_wconf 78' lang='grc'><strong><em>1065</em></strong></span> <span class='ocrx_word' id='word_1_249' title='bbox 862 2071 1049 2126; x_wconf 86' lang='lat' dir='ltr'><strong><em>habito</em></strong></span> <span class='ocrx_word' id='word_1_250' title='bbox 1070 2071 1288 2126; x_wconf 87' lang='lat' dir='ltr'><strong><em>decreta</em></strong></span> <span class='ocrx_word' id='word_1_251' title='bbox 1317 2068 1490 2126; x_wconf 79' lang='lat' dir='ltr'><strong><em>fuisse</em></strong></span> <span class='ocrx_word' id='word_1_252' title='bbox 1512 2070 1749 2137; x_wconf 86' lang='lat' dir='ltr'><strong><em>videtur,</em></strong></span> <span class='ocrx_word' id='word_1_253' title='bbox 1775 2077 1964 2125; x_wconf 89' lang='lat' dir='ltr'><strong><em>contra</em></strong></span> <span class='ocrx_word' id='word_1_254' title='bbox 1999 2067 2101 2123; x_wconf 79' lang='lat' dir='ltr'><strong><em>Be-</em></strong></span> 
     </span>
    </p>
   </div>
   <div class='ocr_carea' id='block_1_36' title="bbox 503 2161 2097 2236">
    <p class='ocr_par' dir='ltr' id='par_1_36' title="bbox 503 2161 2097 2236">
     <span class='ocr_line' id='line_1_36' title="bbox 503 2161 2097 2236; baseline -0.002 -19"><span class='ocrx_word' id='word_1_255' title='bbox 503 2163 743 2236; x_wconf 82' lang='lat' dir='ltr'><strong><em>rengarii</em></strong></span> <span class='ocrx_word' id='word_1_256' title='bbox 772 2178 990 2217; x_wconf 88' lang='lat' dir='ltr'><strong><em>errores</em></strong></span> <span class='ocrx_word' id='word_1_257' title='bbox 1018 2162 1263 2218; x_wconf 79' lang='lat' dir='ltr'><strong><em>ediderat</em></strong></span> <span class='ocrx_word' id='word_1_258' title='bbox 1320 2162 1628 2229; x_wconf 76' lang='lat' dir='ltr'><strong><em>Mamilius,</em></strong></span> <span class='ocrx_word' id='word_1_259' title='bbox 1664 2177 1731 2217; x_wconf 87' lang='lat' dir='ltr'><strong><em>ne</em></strong></span> <span class='ocrx_word' id='word_1_260' title='bbox 1769 2162 1895 2232; x_wconf 83' lang='lat' dir='ltr'><strong><em>quis</em></strong></span> <span class='ocrx_word' id='word_1_261' title='bbox 1933 2177 1966 2217; x_wconf 87' lang='lat' dir='ltr'><strong><em>e</em></strong></span> <span class='ocrx_word' id='word_1_262' title='bbox 1992 2161 2097 2216; x_wconf 85' lang='lat' dir='ltr'><strong><em>sibi</em></strong></span> 
     </span>
    </p>
   </div>
   <div class='ocr_carea' id='block_1_37' title="bbox 503 2253 2093 2325">
    <p class='ocr_par' dir='ltr' id='par_1_37' title="bbox 503 2253 2093 2325">
     <span class='ocr_line' id='line_1_37' title="bbox 503 2253 2093 2325; baseline -0.001 -17"><span class='ocrx_word' id='word_1_263' title='bbox 503 2254 802 2308; x_wconf 80' lang='lat' dir='ltr'><strong><em>commisso</em></strong></span> <span class='ocrx_word' id='word_1_264' title='bbox 830 2268 992 2325; x_wconf 79' lang='lat' dir='ltr'><strong><em>grege</em></strong></span> <span class='ocrx_word' id='word_1_265' title='bbox 1026 2254 1408 2309; x_wconf 62' lang='lat' dir='ltr'><strong><em>haeresuarcha:</em></strong></span> <span class='ocrx_word' id='word_1_266' title='bbox 1438 2253 1646 2325; x_wconf 81' lang='lat' dir='ltr'><strong><em>laqueis</em></strong></span> <span class='ocrx_word' id='word_1_267' title='bbox 1670 2268 1789 2307; x_wconf 87' lang='lat' dir='ltr'><strong><em>sese</em></strong></span> <span class='ocrx_word' id='word_1_268' title='bbox 1839 2253 2093 2308; x_wconf 88' lang='lat' dir='ltr'><strong><em>irretiret.</em></strong></span> 
     </span>
    </p>
   </div>
   <div class='ocr_carea' id='block_1_38' title="bbox 502 2343 2098 2417">
    <p class='ocr_par' dir='ltr' id='par_1_38' title="bbox 502 2343 2098 2417">
     <span class='ocr_line' id='line_1_38' title="bbox 502 2343 2098 2417; baseline 0 -18"><span class='ocrx_word' id='word_1_269' title='bbox 502 2343 864 2415; x_wconf 81' lang='lat' dir='ltr'><strong><em>Berengarius</em></strong></span> <span class='ocrx_word' id='word_1_270' title='bbox 896 2345 1096 2417; x_wconf 87' lang='lat' dir='ltr'><strong><em>quippe</em></strong></span> <span class='ocrx_word' id='word_1_271' title='bbox 1137 2343 1506 2400; x_wconf 84' lang='lat' dir='ltr'><strong><em>Nortmannos</em></strong></span> <span class='ocrx_word' id='word_1_272' title='bbox 1545 2360 1645 2399; x_wconf 89' lang='lat' dir='ltr'><strong><em>sua</em></strong></span> <span class='ocrx_word' id='word_1_273' title='bbox 1670 2345 2098 2399; x_wconf 62' lang='lat' dir='ltr'><strong><em>haeresiinllcere</em></strong></span> 
     </span>
    </p>
   </div>
   <div class='ocr_carea' id='block_1_39' title="bbox 500 2435 2094 2509">
    <p class='ocr_par' dir='ltr' id='par_1_39' title="bbox 500 2435 2094 2509">
     <span class='ocr_line' id='line_1_39' title="bbox 500 2435 2094 2509; baseline 0 -18"><span class='ocrx_word' id='word_1_274' title='bbox 500 2445 735 2492; x_wconf 88' lang='lat' dir='ltr'><strong><em>conatus</em></strong></span> <span class='ocrx_word' id='word_1_275' title='bbox 791 2435 991 2505; x_wconf 81' lang='lat' dir='ltr'><strong><em>fuerat,</em></strong></span> <span class='ocrx_word' id='word_1_276' title='bbox 1030 2445 1089 2492; x_wconf 93' lang='lat' dir='ltr'><strong><em>ut</em></strong></span> <span class='ocrx_word' id='word_1_277' title='bbox 1129 2452 1196 2492; x_wconf 83' lang='lat' dir='ltr'><strong><em>ex</em></strong></span> <span class='ocrx_word' id='word_1_278' title='bbox 1251 2437 1337 2493; x_wconf 78' lang='lat' dir='ltr'><strong><em>liis</em></strong></span> <span class='ocrx_word' id='word_1_279' title='bbox 1374 2444 1523 2508; x_wconf 83' lang='lat' dir='ltr'><strong><em>patet</em></strong></span> <span class='ocrx_word' id='word_1_280' title='bbox 1572 2451 1696 2509; x_wconf 63' lang='lat' dir='ltr'><strong><em>qua?</em></strong></span> <span class='ocrx_word' id='word_1_281' title='bbox 1731 2438 1798 2492; x_wconf 89' lang='lat' dir='ltr'><strong><em>de</em></strong></span> <span class='ocrx_word' id='word_1_282' title='bbox 1823 2445 2094 2493; x_wconf 85' lang='lat' dir='ltr'><strong><em>conventu</em></strong></span> 
     </span>
    </p>
   </div>
   <div class='ocr_carea' id='block_1_40' title="bbox 501 2525 2097 2598">
    <p class='ocr_par' dir='ltr' id='par_1_40' title="bbox 501 2525 2097 2598">
     <span class='ocr_line' id='line_1_40' title="bbox 501 2525 2097 2598; baseline 0.001 -19"><span class='ocrx_word' id='word_1_283' title='bbox 501 2526 789 2582; x_wconf 82' lang='lat' dir='ltr'><strong><em>Brionensl</em></strong></span> <span class='ocrx_word' id='word_1_284' title='bbox 847 2528 991 2598; x_wconf 86' lang='lat' dir='ltr'><strong><em>apud</em></strong></span> <span class='ocrx_word' id='word_1_285' title='bbox 1022 2526 1340 2583; x_wconf 88' lang='lat' dir='ltr'><strong><em>Durandum</em></strong></span> <span class='ocrx_word' id='word_1_286' title='bbox 1376 2525 1779 2581; x_wconf 83' lang='lat' dir='ltr'><strong><em>Troarnensem</em></strong></span> <span class='ocrx_word' id='word_1_287' title='bbox 1825 2526 2097 2582; x_wconf 85' lang='lat' dir='ltr'><strong><em>habentur</em></strong></span> 
     </span>
    </p>
   </div>
   <div class='ocr_carea' id='block_1_41' title="bbox 500 2617 1861 2688">
    <p class='ocr_par' dir='ltr' id='par_1_41' title="bbox 500 2617 1861 2688">
     <span class='ocr_line' id='line_1_41' title="bbox 500 2617 1861 2688; baseline 0 -16"><span class='ocrx_word' id='word_1_288' title='bbox 500 2617 555 2679; x_wconf 89' lang='lat' dir='ltr'><strong><em>in</em></strong></span> <span class='ocrx_word' id='word_1_289' title='bbox 583 2619 705 2686; x_wconf 90' lang='lat' dir='ltr'><strong><em>ejus</em></strong></span> <span class='ocrx_word' id='word_1_290' title='bbox 735 2619 875 2673; x_wconf 84' lang='lat' dir='ltr'><strong><em>libro</em></strong></span> <span class='ocrx_word' id='word_1_291' title='bbox 901 2619 977 2674; x_wconf 86' lang='lat' dir='ltr'><strong><em>De</em></strong></span> <span class='ocrx_word' id='word_1_292' title='bbox 999 2633 1228 2688; x_wconf 88' lang='lat' dir='ltr'><strong><em>corpore</em></strong></span> <span class='ocrx_word' id='word_1_293' title='bbox 1247 2627 1303 2673; x_wconf 91' lang='lat' dir='ltr'><strong><em>et</em></strong></span> <span class='ocrx_word' id='word_1_294' title='bbox 1329 2617 1594 2687; x_wconf 78' lang='lat' dir='ltr'><strong><em>sanguine</em></strong></span> <span class='ocrx_word' id='word_1_295' title='bbox 1623 2617 1861 2672; x_wconf 83' lang='lat' dir='ltr'><strong><em>Domini.</em></strong></span> 
     </span>
    </p>
   </div>
   <div class='ocr_carea' id='block_1_42' title="bbox 570 2710 2091 2781">
    <p class='ocr_par' dir='ltr' id='par_1_42' title="bbox 570 2710 2091 2781">
     <span class='ocr_line' id='line_1_42' title="bbox 570 2710 2091 2781; baseline 0 -17"><span class='ocrx_word' id='word_1_296' title='bbox 570 2712 658 2765; x_wconf 70' lang='lat'><strong><em>12.</em></strong></span> <span class='ocrx_word' id='word_1_297' title='bbox 699 2713 975 2780; x_wconf 84' lang='lat' dir='ltr'><strong><em>Quantum</em></strong></span> <span class='ocrx_word' id='word_1_298' title='bbox 1016 2726 1146 2766; x_wconf 82' lang='lat' dir='ltr'><strong><em>vero</em></strong></span> <span class='ocrx_word' id='word_1_299' title='bbox 1183 2711 1349 2767; x_wconf 80' lang='lat' dir='ltr'><strong><em>fuerit</em></strong></span> <span class='ocrx_word' id='word_1_300' title='bbox 1391 2710 1625 2765; x_wconf 83' lang='lat' dir='ltr'><strong><em>Maurilii</em></strong></span> <span class='ocrx_word' id='word_1_301' title='bbox 1671 2712 1919 2766; x_wconf 75' lang='lat' dir='ltr'><strong><em>studium</em></strong></span> <span class='ocrx_word' id='word_1_302' title='bbox 1960 2725 2091 2781; x_wconf 76' lang='lat' dir='ltr'><strong><em>erga</em></strong></span> 
     </span>
    </p>
   </div>
   <div class='ocr_carea' id='block_1_43' title="bbox 494 2799 2081 2875">
    <p class='ocr_par' dir='ltr' id='par_1_43' title="bbox 494 2799 2081 2875">
     <span class='ocr_line' id='line_1_43' title="bbox 494 2799 2081 2875; baseline -0.001 -20"><span class='ocrx_word' id='word_1_303' title='bbox 494 2815 589 2857; x_wconf 85' lang='lat' dir='ltr'><strong><em>res</em></strong></span> <span class='ocrx_word' id='word_1_304' title='bbox 625 2800 859 2869; x_wconf 84' lang='lat' dir='ltr'><strong><em>divinas,</em></strong></span> <span class='ocrx_word' id='word_1_305' title='bbox 884 2801 1186 2875; x_wconf 77' lang='lat' dir='ltr'><strong><em>intelligere</em></strong></span> <span class='ocrx_word' id='word_1_306' title='bbox 1220 2816 1515 2871; x_wconf 79' lang='lat' dir='ltr'><strong><em>possumus</em></strong></span> <span class='ocrx_word' id='word_1_307' title='bbox 1538 2817 1604 2856; x_wconf 78' lang='lat' dir='ltr'><strong><em>ex</em></strong></span> <span class='ocrx_word' id='word_1_308' title='bbox 1628 2799 1860 2856; x_wconf 72' lang='lat' dir='ltr'><strong><em>Joannis</em></strong></span> <span class='ocrx_word' id='word_1_309' title='bbox 1888 2799 2081 2855; x_wconf 86' lang='lat' dir='ltr'><strong><em>Abrin-</em></strong></span> 
     </span>
    </p>
   </div>
   <div class='ocr_carea' id='block_1_44' title="bbox 496 2891 2089 2966">
    <p class='ocr_par' dir='ltr' id='par_1_44' title="bbox 496 2891 2089 2966">
     <span class='ocr_line' id='line_1_44' title="bbox 496 2891 2089 2966; baseline -0.002 -16"><span class='ocrx_word' id='word_1_310' title='bbox 496 2895 681 2950; x_wconf 88' lang='lat' dir='ltr'><strong><em>censis</em></strong></span> <span class='ocrx_word' id='word_1_311' title='bbox 730 2894 971 2966; x_wconf 89' lang='lat' dir='ltr'><strong><em>episcopi</em></strong></span> <span class='ocrx_word' id='word_1_312' title='bbox 1027 2895 1259 2966; x_wconf 89' lang='lat' dir='ltr'><strong><em>epistola</em></strong></span> <span class='ocrx_word' id='word_1_313' title='bbox 1307 2894 1448 2949; x_wconf 91' lang='lat' dir='ltr'><strong><em>libro</em></strong></span> <span class='ocrx_word' id='word_1_314' title='bbox 1496 2891 1574 2948; x_wconf 88' lang='lat' dir='ltr'><strong><em>De</em></strong></span> <span class='ocrx_word' id='word_1_315' title='bbox 1625 2893 1825 2951; x_wconf 81' lang='lat' dir='ltr'><strong><em>divinis</em></strong></span> <span class='ocrx_word' id='word_1_316' title='bbox 1878 2892 2089 2960; x_wconf 81' lang='lat' dir='ltr'><strong><em>ciliciis,</em></strong></span> 
     </span>
    </p>
   </div>
   <div class='ocr_carea' id='block_1_45' title="bbox 496 2983 2092 3057">
    <p class='ocr_par' dir='ltr' id='par_1_45' title="bbox 496 2983 2092 3057">
     <span class='ocr_line' id='line_1_45' title="bbox 496 2983 2092 3057; baseline -0.002 -16"><span class='ocrx_word' id='word_1_317' title='bbox 496 3001 659 3057; x_wconf 84' lang='lat' dir='ltr'><strong><em>quem</em></strong></span> <span class='ocrx_word' id='word_1_318' title='bbox 692 2985 941 3041; x_wconf 70' lang='lat' dir='ltr'><strong><em>llaurilio</em></strong></span> <span class='ocrx_word' id='word_1_319' title='bbox 972 2986 1328 3056; x_wconf 77' lang='lat' dir='ltr'><strong><em>nuncupavit,</em></strong></span> <span class='ocrx_word' id='word_1_320' title='bbox 1360 2983 1601 3056; x_wconf 67' lang='lat' dir='ltr'><strong><em>praefixa.</em></strong></span> <span class='ocrx_word' id='word_1_321' title='bbox 1641 2983 1776 3038; x_wconf 86' lang='lat' dir='ltr'><strong><em>Eam</em></strong></span> <span class='ocrx_word' id='word_1_322' title='bbox 1813 2984 1921 3040; x_wconf 87' lang='lat' dir='ltr'><strong><em>huc</em></strong></span> <span class='ocrx_word' id='word_1_323' title='bbox 1952 2986 2092 3039; x_wconf 90' lang='lat' dir='ltr'><strong><em>inte-</em></strong></span> 
     </span>
    </p>
   </div>
   <div class='ocr_carea' id='block_1_46' title="bbox 494 3078 2156 3174">
    <p class='ocr_par' dir='ltr' id='par_1_46' title="bbox 494 3078 2156 3174">
     <span class='ocr_line' id='line_1_46' title="bbox 494 3078 2156 3174; baseline -0.001 -41"><span class='ocrx_word' id='word_1_324' title='bbox 494 3092 648 3150; x_wconf 71' lang='lat' dir='ltr'><strong><em>grani</em></strong></span> <span class='ocrx_word' id='word_1_325' title='bbox 684 3080 901 3146; x_wconf 88' lang='lat' dir='ltr'><strong><em>damus,</em></strong></span> <span class='ocrx_word' id='word_1_326' title='bbox 948 3086 1114 3150; x_wconf 87' lang='lat' dir='ltr'><strong><em>prout</em></strong></span> <span class='ocrx_word' id='word_1_327' title='bbox 1147 3079 1314 3135; x_wconf 89' lang='lat' dir='ltr'><strong><em>simul</em></strong></span> <span class='ocrx_word' id='word_1_328' title='bbox 1355 3095 1481 3135; x_wconf 92' lang='lat' dir='ltr'><strong><em>cum</em></strong></span> <span class='ocrx_word' id='word_1_329' title='bbox 1532 3078 1655 3149; x_wconf 84' lang='lat' dir='ltr'><strong><em>ipso</em></strong></span> <span class='ocrx_word' id='word_1_330' title='bbox 1686 3078 1828 3133; x_wconf 82' lang='lat' dir='ltr'><strong><em>libro</em></strong></span> <span class='ocrx_word' id='word_1_331' title='bbox 1863 3094 1928 3133; x_wconf 82' lang='lat' dir='ltr'><strong><em>ex</em></strong></span> <span class='ocrx_word' id='word_1_332' title='bbox 1974 3095 2080 3133; x_wconf 91' lang='lat' dir='ltr'><strong><em>ms.</em></strong></span> <span class='ocrx_word' id='word_1_333' title='bbox 2112 3112 2156 3174; x_wconf 77' lang='lat' dir='ltr'><strong>C</strong></span> 
     </span>
    </p>
   </div>
   <div class='ocr_carea' id='block_1_47' title="bbox 496 3170 2087 3229">
    <p class='ocr_par' dir='ltr' id='par_1_47' title="bbox 496 3170 2087 3229">
     <span class='ocr_line' id='line_1_47' title="bbox 496 3170 2087 3229; baseline -0.002 0"><span class='ocrx_word' id='word_1_334' title='bbox 496 3174 684 3229; x_wconf 88' lang='lat' dir='ltr'><strong><em>codice</em></strong></span> <span class='ocrx_word' id='word_1_335' title='bbox 729 3174 1051 3229; x_wconf 85' lang='lat' dir='ltr'><strong><em>monasterii</em></strong></span> <span class='ocrx_word' id='word_1_336' title='bbox 1084 3170 1391 3229; x_wconf 80' lang='lat' dir='ltr'><strong><em>Salicosani</em></strong></span> <span class='ocrx_word' id='word_1_337' title='bbox 1436 3172 1583 3228; x_wconf 88' lang='lat' dir='ltr'><strong><em>edita</em></strong></span> <span class='ocrx_word' id='word_1_338' title='bbox 1604 3180 1689 3229; x_wconf 82' lang='lat' dir='ltr'><strong><em>est</em></strong></span> <span class='ocrx_word' id='word_1_339' title='bbox 1736 3186 1767 3226; x_wconf 87' lang='lat' dir='ltr'><strong><em>a</em></strong></span> <span class='ocrx_word' id='word_1_340' title='bbox 1806 3172 2087 3226; x_wconf 86' lang='lat' dir='ltr'><strong><em>nonnullis</em></strong></span> 
     </span>
    </p>
   </div>
   <div class='ocr_carea' id='block_1_48' title="bbox 497 3258 2086 3337">
    <p class='ocr_par' dir='ltr' id='par_1_48' title="bbox 497 3258 2086 3337">
     <span class='ocr_line' id='line_1_48' title="bbox 497 3258 2086 3337; baseline -0.001 -19"><span class='ocrx_word' id='word_1_341' title='bbox 497 3264 957 3337; x_wconf 79' lang='lat' dir='ltr'><strong><em>Rothomagcnsis</em></strong></span> <span class='ocrx_word' id='word_1_342' title='bbox 1012 3258 1270 3321; x_wconf 62' lang='lat' dir='ltr'><strong><em>Ecclesiae</em></strong></span> <span class='ocrx_word' id='word_1_343' title='bbox 1318 3264 1641 3319; x_wconf 88' lang='lat' dir='ltr'><strong><em>canonicis:</em></strong></span> <span class='ocrx_word' id='word_1_344' title='bbox 1695 3262 1922 3317; x_wconf 88' lang='lat' dir='ltr'><strong><em>Domino</em></strong></span> <span class='ocrx_word' id='word_1_345' title='bbox 1972 3279 2017 3315; x_wconf 77' lang='grc' dir='ltr'><strong><em>υ.</em></strong></span> <span class='ocrx_word' id='word_1_346' title='bbox 2034 3279 2086 3317; x_wconf 91' lang='lat' dir='ltr'><strong><em>re</em></strong></span> 
     </span>
    </p>
   </div>
   <div class='ocr_carea' id='block_1_49' title="bbox 491 3356 2085 3425">
    <p class='ocr_par' dir='ltr' id='par_1_49' title="bbox 491 3356 2085 3425">
     <span class='ocr_line' id='line_1_49' title="bbox 491 3356 2085 3425; baseline -0.002 -13"><span class='ocrx_word' id='word_1_347' title='bbox 491 3369 682 3413; x_wconf 82' lang='lat' dir='ltr'><strong><em>sancto</em></strong></span> <span class='ocrx_word' id='word_1_348' title='bbox 722 3368 774 3412; x_wconf 93' lang='lat' dir='ltr'><strong><em>et</em></strong></span> <span class='ocrx_word' id='word_1_349' title='bbox 831 3359 1037 3412; x_wconf 88' lang='lat' dir='ltr'><strong><em>meritis</em></strong></span> <span class='ocrx_word' id='word_1_350' title='bbox 1092 3358 1400 3411; x_wconf 87' lang='lat' dir='ltr'><strong><em>honorando</em></strong></span> <span class='ocrx_word' id='word_1_351' title='bbox 1454 3356 1736 3425; x_wconf 75' lang='lat' dir='ltr'><strong><em>Maurilio,</em></strong></span> <span class='ocrx_word' id='word_1_352' title='bbox 1801 3356 2085 3411; x_wconf 82' lang='lat' dir='ltr'><strong><em>venerabili</em></strong></span> 
     </span>
    </p>
   </div>
   <div class='ocr_carea' id='block_1_50' title="bbox 496 3446 2084 3519">
    <p class='ocr_par' dir='ltr' id='par_1_50' title="bbox 496 3446 2084 3519">
     <span class='ocr_line' id='line_1_50' title="bbox 496 3446 2084 3519; baseline -0.002 -15"><span class='ocrx_word' id='word_1_353' title='bbox 496 3459 697 3504; x_wconf 83' lang='lat' dir='ltr'><strong><em>sancta:</em></strong></span> <span class='ocrx_word' id='word_1_354' title='bbox 722 3449 1158 3519; x_wconf 83' lang='lat' dir='ltr'><strong><em>Rothomagensis</em></strong></span> <span class='ocrx_word' id='word_1_355' title='bbox 1199 3447 1455 3503; x_wconf 80' lang='lat' dir='ltr'><strong><em>Ecclesia:</em></strong></span> <span class='ocrx_word' id='word_1_356' title='bbox 1490 3448 1881 3519; x_wconf 78' lang='lat' dir='ltr'><strong><em>archiepiscopo</em></strong></span> <span class='ocrx_word' id='word_1_357' title='bbox 1914 3446 2084 3501; x_wconf 82' lang='lat' dir='ltr'><strong><em>Joan-</em></strong></span> 
     </span>
    </p>
   </div>
   <div class='ocr_carea' id='block_1_51' title="bbox 494 3538 2084 3608">
    <p class='ocr_par' dir='ltr' id='par_1_51' title="bbox 494 3538 2084 3608">
     <span class='ocr_line' id='line_1_51' title="bbox 494 3538 2084 3608; baseline -0.003 -15"><span class='ocrx_word' id='word_1_358' title='bbox 494 3556 587 3594; x_wconf 85' lang='lat' dir='ltr'><strong><em>nes</em></strong></span> <span class='ocrx_word' id='word_1_359' title='bbox 612 3539 1039 3604; x_wconf 78' lang='lat' dir='ltr'><strong><em>Abrincacensis,</em></strong></span> <span class='ocrx_word' id='word_1_360' title='bbox 1067 3538 1304 3592; x_wconf 90' lang='lat' dir='ltr'><strong><em>omnium</em></strong></span> <span class='ocrx_word' id='word_1_361' title='bbox 1340 3538 1703 3608; x_wconf 80' lang='lat' dir='ltr'><strong><em>episcoporum</em></strong></span> <span class='ocrx_word' id='word_1_362' title='bbox 1732 3538 1934 3591; x_wconf 90' lang='lat' dir='ltr'><strong><em>meritis</em></strong></span> <span class='ocrx_word' id='word_1_363' title='bbox 1957 3538 2084 3607; x_wconf 85' lang='lat' dir='ltr'><strong><em>iu/i-</em></strong></span> 
     </span>
    </p>
   </div>
   <div class='ocr_carea' id='block_1_52' title="bbox 494 3629 2077 3701">
    <p class='ocr_par' dir='ltr' id='par_1_52' title="bbox 494 3629 2077 3701">
     <span class='ocr_line' id='line_1_52' title="bbox 494 3629 2077 3701; baseline 0 -19"><span class='ocrx_word' id='word_1_364' title='bbox 494 3645 895 3701; x_wconf 85' lang='lat' dir='ltr'><strong><em>mus,.corpore</em></strong></span> <span class='ocrx_word' id='word_1_365' title='bbox 934 3636 984 3684; x_wconf 88' lang='lat' dir='ltr'><strong><em>et</em></strong></span> <span class='ocrx_word' id='word_1_366' title='bbox 1033 3630 1233 3699; x_wconf 87' lang='lat' dir='ltr'><strong><em>spiritu</em></strong></span> <span class='ocrx_word' id='word_1_367' title='bbox 1289 3630 1453 3683; x_wconf 88' lang='lat' dir='ltr'><strong><em>totius</em></strong></span> <span class='ocrx_word' id='word_1_368' title='bbox 1512 3629 1822 3684; x_wconf 78' lang='lat' dir='ltr'><strong><em>obedientia:</em></strong></span> <span class='ocrx_word' id='word_1_369' title='bbox 1866 3644 2077 3682; x_wconf 86' lang='lat' dir='ltr'><strong><em>munus.</em></strong></span> 
     </span>
    </p>
   </div>
   <div class='ocr_carea' id='block_1_53' title="bbox 496 3717 2079 3791">
    <p class='ocr_par' dir='ltr' id='par_1_53' title="bbox 496 3717 2079 3791">
     <span class='ocr_line' id='line_1_53' title="bbox 496 3717 2079 3791; baseline 0.001 -19"><span class='ocrx_word' id='word_1_370' title='bbox 496 3719 761 3784; x_wconf 84' lang='lat' dir='ltr'><strong><em>Quoniam</em></strong></span> <span class='ocrx_word' id='word_1_371' title='bbox 806 3729 912 3775; x_wconf 71' lang='lat' dir='ltr'><strong><em>tua:</em></strong></span> <span class='ocrx_word' id='word_1_372' title='bbox 946 3720 1289 3791; x_wconf 84' lang='lat' dir='ltr'><strong><em>paternitatis</em></strong></span> <span class='ocrx_word' id='word_1_373' title='bbox 1333 3720 1674 3774; x_wconf 84' lang='lat' dir='ltr'><strong><em>sanctitatem</em></strong></span> <span class='ocrx_word' id='word_1_374' title='bbox 1721 3717 1786 3773; x_wconf 81' lang='lat' dir='ltr'><strong><em>de</em></strong></span> <span class='ocrx_word' id='word_1_375' title='bbox 1826 3719 2079 3773; x_wconf 87' lang='lat' dir='ltr'><strong><em>ecclesia-</em></strong></span> 
     </span>
    </p>
   </div>
   <div class='ocr_carea' id='block_1_54' title="bbox 491 3811 2080 3884">
    <p class='ocr_par' dir='ltr' id='par_1_54' title="bbox 491 3811 2080 3884">
     <span class='ocr_line' id='line_1_54' title="bbox 491 3811 2080 3884; baseline -0.001 -19"><span class='ocrx_word' id='word_1_376' title='bbox 491 3813 641 3867; x_wconf 79' lang='lat' dir='ltr'><strong><em>stica:</em></strong></span> <span class='ocrx_word' id='word_1_377' title='bbox 671 3813 951 3884; x_wconf 85' lang='lat' dir='ltr'><strong><em>dignitatis</em></strong></span> <span class='ocrx_word' id='word_1_378' title='bbox 984 3814 1228 3883; x_wconf 79' lang='lat' dir='ltr'><strong><em>profectu</em></strong></span> <span class='ocrx_word' id='word_1_379' title='bbox 1267 3828 1471 3882; x_wconf 86' lang='lat' dir='ltr'><strong><em>semper</em></strong></span> <span class='ocrx_word' id='word_1_380' title='bbox 1510 3812 1821 3878; x_wconf 83' lang='lat' dir='ltr'><strong><em>sollicitam,</em></strong></span> <span class='ocrx_word' id='word_1_381' title='bbox 1848 3811 1962 3882; x_wconf 85' lang='lat' dir='ltr'><strong><em>ejus</em></strong></span> <span class='ocrx_word' id='word_1_382' title='bbox 1996 3811 2080 3865; x_wconf 91' lang='lat' dir='ltr'><strong><em>la-</em></strong></span> 
     </span>
    </p>
   </div>
   <div class='ocr_carea' id='block_1_55' title="bbox 486 3904 2076 3977">
    <p class='ocr_par' dir='ltr' id='par_1_55' title="bbox 486 3904 2076 3977">
     <span class='ocr_line' id='line_1_55' title="bbox 486 3904 2076 3977; baseline 0.001 -20"><span class='ocrx_word' id='word_1_383' title='bbox 486 3921 589 3974; x_wconf 81' lang='lat' dir='ltr'><strong><em>psu</em></strong></span> <span class='ocrx_word' id='word_1_384' title='bbox 628 3906 791 3960; x_wconf 87' lang='lat' dir='ltr'><strong><em>nimio</em></strong></span> <span class='ocrx_word' id='word_1_385' title='bbox 825 3922 1002 3961; x_wconf 80' lang='lat' dir='ltr'><strong><em>errore</em></strong></span> <span class='ocrx_word' id='word_1_386' title='bbox 1043 3907 1199 3977; x_wconf 68' lang='lat' dir='ltr'><strong><em>allici,</em></strong></span> <span class='ocrx_word' id='word_1_387' title='bbox 1236 3904 1548 3977; x_wconf 72' lang='lat' dir='ltr'><strong><em>swpissimis</em></strong></span> <span class='ocrx_word' id='word_1_388' title='bbox 1582 3904 1703 3959; x_wconf 88' lang='lat' dir='ltr'><strong><em>inde</em></strong></span> <span class='ocrx_word' id='word_1_389' title='bbox 1740 3922 1942 3960; x_wconf 89' lang='lat' dir='ltr'><strong><em>mecum</em></strong></span> <span class='ocrx_word' id='word_1_390' title='bbox 1976 3906 2076 3958; x_wconf 76' lang='lat' dir='ltr'><strong><em>Ita-</em></strong></span> 
     </span>
    </p>
   </div>
   <div class='ocr_carea' id='block_1_56' title="bbox 493 3999 2077 4071">
    <p class='ocr_par' dir='ltr' id='par_1_56' title="bbox 493 3999 2077 4071">
     <span class='ocr_line' id='line_1_56' title="bbox 493 3999 2077 4071; baseline 0.001 -20"><span class='ocrx_word' id='word_1_391' title='bbox 493 3999 617 4053; x_wconf 82' lang='lat' dir='ltr'><strong><em>bitis</em></strong></span> <span class='ocrx_word' id='word_1_392' title='bbox 666 4001 1043 4071; x_wconf 67' lang='lat' dir='ltr'><strong><em>quaestionibus</em></strong></span> <span class='ocrx_word' id='word_1_393' title='bbox 1107 4000 1389 4071; x_wconf 89' lang='lat' dir='ltr'><strong><em>comperi:</em></strong></span> <span class='ocrx_word' id='word_1_394' title='bbox 1447 4000 1644 4071; x_wconf 84' lang='lat' dir='ltr'><strong><em>hocque</em></strong></span> <span class='ocrx_word' id='word_1_395' title='bbox 1692 4000 1926 4054; x_wconf 85' lang='lat' dir='ltr'><strong><em>dolorem</em></strong></span> <span class='ocrx_word' id='word_1_396' title='bbox 1979 4000 2077 4053; x_wconf 86' lang='lat' dir='ltr'><strong><em>tibi</em></strong></span> 
     </span>
    </p>
   </div>
   <div class='ocr_carea' id='block_1_57' title="bbox 492 4086 2076 4162">
    <p class='ocr_par' dir='ltr' id='par_1_57' title="bbox 492 4086 2076 4162">
     <span class='ocr_line' id='line_1_57' title="bbox 492 4086 2076 4162; baseline 0 -18"><span class='ocrx_word' id='word_1_397' title='bbox 492 4086 832 4162; x_wconf 85' lang='lat' dir='ltr'><strong><em>augmentare</em></strong></span> <span class='ocrx_word' id='word_1_398' title='bbox 860 4093 973 4162; x_wconf 86' lang='lat' dir='ltr'><strong><em>ejus</em></strong></span> <span class='ocrx_word' id='word_1_399' title='bbox 1009 4094 1395 4162; x_wconf 89' lang='lat' dir='ltr'><strong><em>reparationem</em></strong></span> <span class='ocrx_word' id='word_1_400' title='bbox 1442 4091 1712 4162; x_wconf 65' lang='lat' dir='ltr'><strong><em>ﬂagranti,</em></strong></span> <span class='ocrx_word' id='word_1_401' title='bbox 1750 4091 1888 4161; x_wconf 91' lang='lat' dir='ltr'><strong><em>quod</em></strong></span> <span class='ocrx_word' id='word_1_402' title='bbox 1939 4092 2076 4145; x_wconf 84' lang='lat' dir='ltr'><strong><em>vires</em></strong></span> 
     </span>
    </p>
   </div>
   <div class='ocr_carea' id='block_1_58' title="bbox 490 4183 2073 4254">
    <p class='ocr_par' dir='ltr' id='par_1_58' title="bbox 490 4183 2073 4254">
     <span class='ocr_line' id='line_1_58' title="bbox 490 4183 2073 4254; baseline 0.003 -19"><span class='ocrx_word' id='word_1_403' title='bbox 490 4184 562 4236; x_wconf 91' lang='lat' dir='ltr'><strong><em>ad</em></strong></span> <span class='ocrx_word' id='word_1_404' title='bbox 614 4183 709 4237; x_wconf 84' lang='lat' dir='ltr'><strong><em>hoc</em></strong></span> <span class='ocrx_word' id='word_1_405' title='bbox 758 4194 863 4239; x_wconf 79' lang='lat' dir='ltr'><strong><em>tua:</em></strong></span> <span class='ocrx_word' id='word_1_406' title='bbox 910 4186 1248 4239; x_wconf 75' lang='lat' dir='ltr'><strong><em>subtraxerat</em></strong></span> <span class='ocrx_word' id='word_1_407' title='bbox 1316 4184 1657 4239; x_wconf 88' lang='lat' dir='ltr'><strong><em>imbecillitas</em></strong></span> <span class='ocrx_word' id='word_1_408' title='bbox 1715 4183 2073 4254; x_wconf 67' lang='lat' dir='ltr'><strong><em>aegritudinis.</em></strong></span> 
     </span>
    </p>
   </div>
   <div class='ocr_carea' id='block_1_59' title="bbox 492 4274 2071 4346">
    <p class='ocr_par' dir='ltr' id='par_1_59' title="bbox 492 4274 2071 4346">
     <span class='ocr_line' id='line_1_59' title="bbox 492 4274 2071 4346; baseline -0.001 -18"><span class='ocrx_word' id='word_1_409' title='bbox 492 4274 743 4329; x_wconf 87' lang='lat' dir='ltr'><strong><em>Parvitas</em></strong></span> <span class='ocrx_word' id='word_1_410' title='bbox 799 4292 914 4329; x_wconf 87' lang='lat' dir='ltr'><strong><em>mea</em></strong></span> <span class='ocrx_word' id='word_1_411' title='bbox 957 4284 1062 4329; x_wconf 79' lang='lat' dir='ltr'><strong><em>ture</em></strong></span> <span class='ocrx_word' id='word_1_412' title='bbox 1118 4277 1471 4331; x_wconf 73' lang='lat' dir='ltr'><strong><em>sanctissima:</em></strong></span> <span class='ocrx_word' id='word_1_413' title='bbox 1511 4276 1716 4346; x_wconf 89' lang='lat' dir='ltr'><strong><em>optioni</em></strong></span> <span class='ocrx_word' id='word_1_414' title='bbox 1761 4275 2071 4346; x_wconf 72' lang='lat' dir='ltr'><strong><em>sit/fragori,</em></strong></span> 
     </span>
    </p>
   </div>
   <div class='ocr_carea' id='block_1_60' title="bbox 483 4366 2072 4437">
    <p class='ocr_par' dir='ltr' id='par_1_60' title="bbox 483 4366 2072 4437">
     <span class='ocr_line' id='line_1_60' title="bbox 483 4366 2072 4437; baseline -0.001 -18"><span class='ocrx_word' id='word_1_415' title='bbox 483 4382 596 4420; x_wconf 83' lang='lat' dir='ltr'><strong><em>non</em></strong></span> <span class='ocrx_word' id='word_1_416' title='bbox 630 4367 808 4437; x_wconf 85' lang='lat' dir='ltr'><strong><em>aliquo</em></strong></span> <span class='ocrx_word' id='word_1_417' title='bbox 842 4367 985 4437; x_wconf 86' lang='lat' dir='ltr'><strong><em>fastu</em></strong></span> <span class='ocrx_word' id='word_1_418' title='bbox 1007 4383 1279 4434; x_wconf 88' lang='lat' dir='ltr'><strong><em>succensa,</em></strong></span> <span class='ocrx_word' id='word_1_419' title='bbox 1304 4367 1394 4420; x_wconf 87' lang='lat' dir='ltr'><strong><em>sed</em></strong></span> <span class='ocrx_word' id='word_1_420' title='bbox 1416 4367 1508 4435; x_wconf 89' lang='lat' dir='ltr'><strong><em>pia</em></strong></span> <span class='ocrx_word' id='word_1_421' title='bbox 1545 4366 1907 4435; x_wconf 87' lang='lat' dir='ltr'><strong><em>compassione</em></strong></span> <span class='ocrx_word' id='word_1_422' title='bbox 1928 4382 2072 4418; x_wconf 88' lang='lat' dir='ltr'><strong><em>com-</em></strong></span> 
     </span>
    </p>
   </div>
   <div class='ocr_carea' id='block_1_61' title="bbox 2203 1880 3805 1952">
    <p class='ocr_par' dir='ltr' id='par_1_61' title="bbox 2203 1880 3805 1952">
     <span class='ocr_line' id='line_1_61' title="bbox 2203 1880 3805 1952; baseline 0.004 -17"><span class='ocrx_word' id='word_1_423' title='bbox 2203 1880 2387 1937; x_wconf 73' lang='lat' dir='ltr'><strong><em>Mariaa</em></strong></span> <span class='ocrx_word' id='word_1_424' title='bbox 2416 1898 2579 1952; x_wconf 88' lang='lat' dir='ltr'><strong><em>supra</em></strong></span> <span class='ocrx_word' id='word_1_425' title='bbox 2618 1882 2831 1950; x_wconf 85' lang='lat' dir='ltr'><strong><em>Divam,</em></strong></span> <span class='ocrx_word' id='word_1_426' title='bbox 2855 1885 2925 1939; x_wconf 90' lang='lat' dir='ltr'><strong><em>ah</em></strong></span> <span class='ocrx_word' id='word_1_427' title='bbox 2951 1884 3141 1939; x_wconf 85' lang='lat' dir='ltr'><strong><em>eodem</em></strong></span> <span class='ocrx_word' id='word_1_428' title='bbox 3170 1885 3330 1940; x_wconf 77' lang='lat' dir='ltr'><strong><em>beato</em></strong></span> <span class='ocrx_word' id='word_1_429' title='bbox 3351 1886 3605 1941; x_wconf 84' lang='lat' dir='ltr'><strong><em>antistite</em></strong></span> <span class='ocrx_word' id='word_1_430' title='bbox 3625 1884 3805 1941; x_wconf 67' lang='grc' dir='ltr'><strong><em>ΐυίεεο</em></strong></span> 
     </span>
    </p>
   </div>
   <div class='ocr_carea' id='block_1_62' title="bbox 2203 1973 3799 2045">
    <p class='ocr_par' dir='ltr' id='par_1_62' title="bbox 2203 1973 3799 2045">
     <span class='ocr_line' id='line_1_62' title="bbox 2203 1973 3799 2045; baseline 0.003 -17"><span class='ocrx_word' id='word_1_431' title='bbox 2203 1982 2622 2029; x_wconf 86' lang='lat' dir='ltr'><strong><em>consecratam:</em></strong></span> <span class='ocrx_word' id='word_1_432' title='bbox 2666 1975 2813 2045; x_wconf 86' lang='lat' dir='ltr'><strong><em>quod</em></strong></span> <span class='ocrx_word' id='word_1_433' title='bbox 2853 1975 3079 2031; x_wconf 90' lang='lat' dir='ltr'><strong><em>innuere</em></strong></span> <span class='ocrx_word' id='word_1_434' title='bbox 3115 1976 3333 2036; x_wconf 75' lang='lat' dir='ltr'><strong><em>videtur</em></strong></span> <span class='ocrx_word' id='word_1_435' title='bbox 3361 1973 3670 2033; x_wconf 80' lang='lat' dir='ltr'><strong><em>0rdericus</em></strong></span> <span class='ocrx_word' id='word_1_436' title='bbox 3702 1976 3799 2032; x_wconf 66' lang='grc' dir='ltr'><strong><em>Υἱ-</em></strong></span> 
     </span>
    </p>
   </div>
   <div class='ocr_carea' id='block_1_63' title="bbox 2204 2062 3801 2136">
    <p class='ocr_par' dir='ltr' id='par_1_63' title="bbox 2204 2062 3801 2136">
     <span class='ocr_line' id='line_1_63' title="bbox 2204 2062 3801 2136; baseline 0.003 -20"><span class='ocrx_word' id='word_1_437' title='bbox 2204 2062 2327 2118; x_wconf 88' lang='lat' dir='ltr'><strong><em>talis</em></strong></span> <span class='ocrx_word' id='word_1_438' title='bbox 2348 2063 2489 2118; x_wconf 90' lang='lat' dir='ltr'><strong><em>libro</em></strong></span> <span class='ocrx_word' id='word_1_439' title='bbox 2514 2080 2585 2118; x_wconf 72' lang='grc' dir='ltr'><strong><em>ιν.</em></strong></span> <span class='ocrx_word' id='word_1_440' title='bbox 2613 2063 2759 2119; x_wconf 86' lang='lat' dir='ltr'><strong><em>Idem</em></strong></span> <span class='ocrx_word' id='word_1_441' title='bbox 2805 2064 3007 2119; x_wconf 86' lang='lat' dir='ltr'><strong><em>telonei</em></strong></span> <span class='ocrx_word' id='word_1_442' title='bbox 3061 2064 3206 2135; x_wconf 88' lang='lat' dir='ltr'><strong><em>apud</em></strong></span> <span class='ocrx_word' id='word_1_443' title='bbox 3249 2064 3606 2133; x_wconf 77' lang='lat' dir='ltr'><strong><em>Andeleium,</em></strong></span> <span class='ocrx_word' id='word_1_444' title='bbox 3653 2068 3801 2136; x_wconf 77' lang='lat' dir='ltr'><strong><em>juris</em></strong></span> 
     </span>
    </p>
   </div>
   <div class='ocr_carea' id='block_1_64' title="bbox 2200 2144 3799 2224">
    <p class='ocr_par' dir='ltr' id='par_1_64' title="bbox 2200 2144 3799 2224">
     <span class='ocr_line' id='line_1_64' title="bbox 2200 2144 3799 2224; baseline 0.001 -13"><span class='ocrx_word' id='word_1_445' title='bbox 2200 2156 2287 2211; x_wconf 86' lang='lat' dir='ltr'><strong><em>sui</em></strong></span> <span class='ocrx_word' id='word_1_446' title='bbox 2332 2156 2659 2224; x_wconf 89' lang='lat' dir='ltr'><strong><em>dominium,</em></strong></span> <span class='ocrx_word' id='word_1_447' title='bbox 2716 2144 3117 2214; x_wconf 84' lang='lat' dir='ltr'><strong><em>immunitatem</em></strong></span> <span class='ocrx_word' id='word_1_448' title='bbox 3176 2158 3456 2213; x_wconf 76' lang='lat' dir='ltr'><strong><em>concessit</em></strong></span> <span class='ocrx_word' id='word_1_449' title='bbox 3503 2160 3799 2215; x_wconf 67' lang='lat' dir='ltr'><strong><em>monachis</em></strong></span> 
     </span>
    </p>
   </div>
   <div class='ocr_carea' id='block_1_65' title="bbox 2202 2245 3803 2322">
    <p class='ocr_par' dir='ltr' id='par_1_65' title="bbox 2202 2245 3803 2322">
     <span class='ocr_line' id='line_1_65' title="bbox 2202 2245 3803 2322; baseline 0.004 -21"><span class='ocrx_word' id='word_1_450' title='bbox 2202 2245 2387 2303; x_wconf 90' lang='lat' dir='ltr'><strong><em>Sancti</em></strong></span> <span class='ocrx_word' id='word_1_451' title='bbox 2410 2246 2556 2303; x_wconf 85' lang='lat' dir='ltr'><strong><em>Petri</em></strong></span> <span class='ocrx_word' id='word_1_452' title='bbox 2585 2246 3039 2316; x_wconf 77' lang='lat' dir='ltr'><strong><em>Carnoténsibus,</em></strong></span> <span class='ocrx_word' id='word_1_453' title='bbox 3075 2256 3134 2304; x_wconf 91' lang='lat' dir='ltr'><strong><em>ut</em></strong></span> <span class='ocrx_word' id='word_1_454' title='bbox 3172 2264 3238 2303; x_wconf 80' lang='lat' dir='ltr'><strong><em>ex</em></strong></span> <span class='ocrx_word' id='word_1_455' title='bbox 3271 2248 3392 2319; x_wconf 87' lang='lat' dir='ltr'><strong><em>ejus</em></strong></span> <span class='ocrx_word' id='word_1_456' title='bbox 3416 2250 3613 2307; x_wconf 84' lang='lat' dir='ltr'><strong><em>charta</em></strong></span> <span class='ocrx_word' id='word_1_457' title='bbox 3646 2261 3803 2322; x_wconf 78' lang='lat' dir='ltr'><strong><em>patet</em></strong></span> 
     </span>
    </p>
   </div>
   <div class='ocr_carea' id='block_1_66' title="bbox 2198 2342 3030 2411">
    <p class='ocr_par' dir='ltr' id='par_1_66' title="bbox 2198 2342 3030 2411">
     <span class='ocr_line' id='line_1_66' title="bbox 2198 2342 3030 2411; baseline 0.004 -16"><span class='ocrx_word' id='word_1_458' title='bbox 2198 2342 2342 2411; x_wconf 73' lang='lat' dir='ltr'><strong><em>apud</em></strong></span> <span class='ocrx_word' id='word_1_459' title='bbox 2379 2342 2833 2398; x_wconf 75' lang='lat' dir='ltr'><strong><em>Sammartlianos</em></strong></span> <span class='ocrx_word' id='word_1_460' title='bbox 2865 2342 3030 2397; x_wconf 82' lang='lat' dir='ltr'><strong><em>edita.</em></strong></span> 
     </span>
    </p>
   </div>
   <div class='ocr_carea' id='block_1_67' title="bbox 2270 2433 3796 2506">
    <p class='ocr_par' dir='ltr' id='par_1_67' title="bbox 2270 2433 3796 2506">
     <span class='ocr_line' id='line_1_67' title="bbox 2270 2433 3796 2506; baseline 0.001 -17"><span class='ocrx_word' id='word_1_461' title='bbox 2270 2435 2358 2490; x_wconf 78' lang='grc' dir='ltr'><strong><em>Η.</em></strong></span> <span class='ocrx_word' id='word_1_462' title='bbox 2397 2433 2509 2490; x_wconf 84' lang='lat' dir='ltr'><strong><em>Nec</em></strong></span> <span class='ocrx_word' id='word_1_463' title='bbox 2537 2435 2721 2491; x_wconf 82' lang='lat' dir='ltr'><strong><em>minus</em></strong></span> <span class='ocrx_word' id='word_1_464' title='bbox 2759 2436 2989 2491; x_wconf 85' lang='lat' dir='ltr'><strong><em>curabat</em></strong></span> <span class='ocrx_word' id='word_1_465' title='bbox 3016 2443 3077 2491; x_wconf 90' lang='lat' dir='ltr'><strong><em>ut</em></strong></span> <span class='ocrx_word' id='word_1_466' title='bbox 3104 2435 3211 2490; x_wconf 80' lang='lat' dir='ltr'><strong><em>viri</em></strong></span> <span class='ocrx_word' id='word_1_467' title='bbox 3242 2434 3317 2506; x_wconf 88' lang='lat' dir='ltr'><strong><em>pii</em></strong></span> <span class='ocrx_word' id='word_1_468' title='bbox 3339 2442 3397 2491; x_wconf 85' lang='lat' dir='ltr'><strong><em>et</em></strong></span> <span class='ocrx_word' id='word_1_469' title='bbox 3417 2435 3490 2491; x_wconf 83' lang='lat' dir='ltr'><strong><em>ad</em></strong></span> <span class='ocrx_word' id='word_1_470' title='bbox 3529 2436 3796 2492; x_wconf 78' lang='lat' dir='ltr'><strong><em>ministe-</em></strong></span> 
     </span>
    </p>
   </div>
   <div class='ocr_carea' id='block_1_68' title="bbox 2196 2525 3794 2597">
    <p class='ocr_par' dir='ltr' id='par_1_68' title="bbox 2196 2525 3794 2597">
     <span class='ocr_line' id='line_1_68' title="bbox 2196 2525 3794 2597; baseline 0.001 -16"><span class='ocrx_word' id='word_1_471' title='bbox 2196 2527 2342 2581; x_wconf 90' lang='lat' dir='ltr'><strong><em>rium</em></strong></span> <span class='ocrx_word' id='word_1_472' title='bbox 2365 2536 2590 2582; x_wconf 76' lang='lat' dir='ltr'><strong><em>“sacrum</em></strong></span> <span class='ocrx_word' id='word_1_473' title='bbox 2634 2526 2819 2581; x_wconf 87' lang='lat' dir='ltr'><strong><em>idonei</em></strong></span> <span class='ocrx_word' id='word_1_474' title='bbox 2869 2526 3120 2583; x_wconf 89' lang='lat' dir='ltr'><strong><em>ccclesiis</em></strong></span> <span class='ocrx_word' id='word_1_475' title='bbox 3155 2525 3588 2597; x_wconf 67' lang='lat' dir='ltr'><strong><em>praeficerentur.</em></strong></span> <span class='ocrx_word' id='word_1_476' title='bbox 3632 2526 3794 2583; x_wconf 72' lang='lat' dir='ltr'><strong><em>Wal-</em></strong></span> 
     </span>
    </p>
   </div>
   <div class='ocr_carea' id='block_1_69' title="bbox 2194 2617 3793 2690">
    <p class='ocr_par' dir='ltr' id='par_1_69' title="bbox 2194 2617 3793 2690">
     <span class='ocr_line' id='line_1_69' title="bbox 2194 2617 3793 2690; baseline 0.001 -17"><span class='ocrx_word' id='word_1_477' title='bbox 2194 2618 2436 2674; x_wconf 82' lang='lat' dir='ltr'><strong><em>kelinum</em></strong></span> <span class='ocrx_word' id='word_1_478' title='bbox 2484 2635 2513 2673; x_wconf 93' lang='lat' dir='ltr'><strong><em>a</em></strong></span> <span class='ocrx_word' id='word_1_479' title='bbox 2556 2619 2847 2676; x_wconf 87' lang='lat' dir='ltr'><strong><em>Guillelmo</em></strong></span> <span class='ocrx_word' id='word_1_480' title='bbox 2893 2619 3193 2688; x_wconf 75' lang='lat' dir='ltr'><strong><em>Anglorum</em></strong></span> <span class='ocrx_word' id='word_1_481' title='bbox 3227 2634 3354 2690; x_wconf 72' lang='lat' dir='ltr'><strong><em>rege</em></strong></span> <span class='ocrx_word' id='word_1_482' title='bbox 3402 2617 3793 2675; x_wconf 78' lang='lat' dir='ltr'><strong><em>Wintoniensi</em></strong></span> 
     </span>
    </p>
   </div>
   <div class='ocr_carea' id='block_1_70' title="bbox 2195 2710 3789 2782">
    <p class='ocr_par' dir='ltr' id='par_1_70' title="bbox 2195 2710 3789 2782">
     <span class='ocr_line' id='line_1_70' title="bbox 2195 2710 3789 2782; baseline -0.001 -14"><span class='ocrx_word' id='word_1_483' title='bbox 2195 2712 2310 2768; x_wconf 83' lang='lat' dir='ltr'><strong><em>sedi</em></strong></span> <span class='ocrx_word' id='word_1_484' title='bbox 2338 2712 2457 2782; x_wconf 88' lang='lat' dir='ltr'><strong><em>ejus</em></strong></span> <span class='ocrx_word' id='word_1_485' title='bbox 2494 2726 2656 2782; x_wconf 80' lang='lat' dir='ltr'><strong><em>opera</em></strong></span> <span class='ocrx_word' id='word_1_486' title='bbox 2705 2712 3022 2781; x_wconf 62' lang='lat' dir='ltr'><strong><em>praefectum</em></strong></span> <span class='ocrx_word' id='word_1_487' title='bbox 3074 2710 3244 2766; x_wconf 82' lang='lat' dir='ltr'><strong><em>fuisse</em></strong></span> <span class='ocrx_word' id='word_1_488' title='bbox 3286 2719 3568 2777; x_wconf 85' lang='lat' dir='ltr'><strong><em>asserunt,</em></strong></span> <span class='ocrx_word' id='word_1_489' title='bbox 3620 2727 3789 2782; x_wconf 85' lang='lat' dir='ltr'><strong><em>quem</em></strong></span> 
     </span>
    </p>
   </div>
   <div class='ocr_carea' id='block_1_71' title="bbox 2194 2802 3789 2875">
    <p class='ocr_par' dir='ltr' id='par_1_71' title="bbox 2194 2802 3789 2875">
     <span class='ocr_line' id='line_1_71' title="bbox 2194 2802 3789 2875; baseline -0.001 -16"><span class='ocrx_word' id='word_1_490' title='bbox 2194 2806 2494 2861; x_wconf 89' lang='lat' dir='ltr'><strong><em>antistitem</em></strong></span> <span class='ocrx_word' id='word_1_491' title='bbox 2525 2803 2659 2858; x_wconf 86' lang='lat' dir='ltr'><strong><em>tanti</em></strong></span> <span class='ocrx_word' id='word_1_492' title='bbox 2692 2803 2798 2858; x_wconf 83' lang='lat' dir='ltr'><strong><em>viri</em></strong></span> <span class='ocrx_word' id='word_1_493' title='bbox 2820 2802 3295 2859; x_wconf 88' lang='lat' dir='ltr'><strong><em>commendatione</em></strong></span> <span class='ocrx_word' id='word_1_494' title='bbox 3320 2802 3467 2857; x_wconf 83' lang='lat' dir='ltr'><strong><em>haud</em></strong></span> <span class='ocrx_word' id='word_1_495' title='bbox 3489 2802 3789 2875; x_wconf 70' lang='lat' dir='ltr'><strong><em>indiguu-</em></strong></span> 
     </span>
    </p>
   </div>
   <div class='ocr_carea' id='block_1_72' title="bbox 2194 2893 3789 2951">
    <p class='ocr_par' dir='ltr' id='par_1_72' title="bbox 2194 2893 3789 2951">
     <span class='ocr_line' id='line_1_72' title="bbox 2194 2893 3789 2951; baseline 0 -1"><span class='ocrx_word' id='word_1_496' title='bbox 2194 2896 2367 2951; x_wconf 78' lang='lat' dir='ltr'><strong><em>fuisse</em></strong></span> <span class='ocrx_word' id='word_1_497' title='bbox 2407 2902 2641 2950; x_wconf 83' lang='lat' dir='ltr'><strong><em>testatur</em></strong></span> <span class='ocrx_word' id='word_1_498' title='bbox 2666 2893 2976 2951; x_wconf 85' lang='lat' dir='ltr'><strong><em>Willelmus</em></strong></span> <span class='ocrx_word' id='word_1_499' title='bbox 3004 2894 3516 2951; x_wconf 61' lang='lat' dir='ltr'><strong><em>Malmesbt’riensis</em></strong></span> <span class='ocrx_word' id='word_1_500' title='bbox 3542 2896 3695 2950; x_wconf 86' lang='lat' dir='ltr'><strong><em>libro</em></strong></span> <span class='ocrx_word' id='word_1_501' title='bbox 3728 2911 3789 2950; x_wconf 80' lang='lat' dir='ltr'><strong><em>ut</em></strong></span> 
     </span>
    </p>
   </div>
   <div class='ocr_carea' id='block_1_73' title="bbox 2192 2987 3790 3058">
    <p class='ocr_par' dir='ltr' id='par_1_73' title="bbox 2192 2987 3790 3058">
     <span class='ocr_line' id='line_1_73' title="bbox 2192 2987 3790 3058; baseline -0.001 -16"><span class='ocrx_word' id='word_1_502' title='bbox 2192 2989 2287 3043; x_wconf 84' lang='lat' dir='ltr'><strong><em>ubi</em></strong></span> <span class='ocrx_word' id='word_1_503' title='bbox 2308 2989 2375 3043; x_wconf 89' lang='lat' dir='ltr'><strong><em>de</em></strong></span> <span class='ocrx_word' id='word_1_504' title='bbox 2408 3003 2475 3043; x_wconf 88' lang='lat' dir='ltr'><strong><em>eo</em></strong></span> <span class='ocrx_word' id='word_1_505' title='bbox 2499 2989 2576 3044; x_wconf 88' lang='lat' dir='ltr'><strong><em>ait</em></strong></span> <span class='ocrx_word' id='word_1_506' title='bbox 2608 3007 2621 3043; x_wconf 88' lang='lat'><strong>:</strong></span> <span class='ocrx_word' id='word_1_507' title='bbox 2676 2987 3010 3044; x_wconf 78' lang='lat' dir='ltr'><strong><em>Walkelinus</em></strong></span> <span class='ocrx_word' id='word_1_508' title='bbox 3037 3028 3050 3042; x_wconf 95' lang='lat'><strong><em>.</em></strong></span> <span class='ocrx_word' id='word_1_509' title='bbox 3104 3028 3117 3041; x_wconf 93' lang='lat'><strong><em>.</em></strong></span> <span class='ocrx_word' id='word_1_510' title='bbox 3147 3027 3193 3052; x_wconf 92' lang='lat'><strong><em>.,</em></strong></span> <span class='ocrx_word' id='word_1_511' title='bbox 3240 3003 3394 3058; x_wconf 65' lang='lat' dir='ltr'><strong><em>(ilth</em></strong></span> <span class='ocrx_word' id='word_1_512' title='bbox 3439 2988 3582 3041; x_wconf 86' lang='lat' dir='ltr'><strong><em>bona</em></strong></span> <span class='ocrx_word' id='word_1_513' title='bbox 3624 3003 3790 3056; x_wconf 70' lang='lat' dir='ltr'><strong><em>opera</em></strong></span> 
     </span>
    </p>
   </div>
   <div class='ocr_carea' id='block_1_74' title="bbox 2192 3082 3786 3153">
    <p class='ocr_par' dir='ltr' id='par_1_74' title="bbox 2192 3082 3786 3153">
     <span class='ocr_line' id='line_1_74' title="bbox 2192 3082 3786 3153; baseline -0.003 -17"><span class='ocrx_word' id='word_1_514' title='bbox 2192 3083 2395 3153; x_wconf 81' lang='lat' dir='ltr'><strong><em>famam</em></strong></span> <span class='ocrx_word' id='word_1_515' title='bbox 2447 3083 2735 3151; x_wconf 83' lang='lat' dir='ltr'><strong><em>vincentia,</em></strong></span> <span class='ocrx_word' id='word_1_516' title='bbox 2779 3091 3089 3138; x_wconf 86' lang='lat' dir='ltr'><strong><em>vetustatem</em></strong></span> <span class='ocrx_word' id='word_1_517' title='bbox 3119 3082 3398 3136; x_wconf 54' lang='lat' dir='ltr'><strong><em>oblivio-ri,</em></strong></span> <span class='ocrx_word' id='word_1_518' title='bbox 3443 3099 3478 3135; x_wconf 92' lang='lat' dir='ltr'><strong><em>a</em></strong></span> <span class='ocrx_word' id='word_1_519' title='bbox 3510 3098 3569 3135; x_wconf 88' lang='lat' dir='ltr'><strong><em>se</em></strong></span> <span class='ocrx_word' id='word_1_520' title='bbox 3617 3082 3786 3152; x_wconf 77' lang='lat' dir='ltr'><strong><em>repel-</em></strong></span> 
     </span>
    </p>
   </div>
   <div class='ocr_carea' id='block_1_75' title="bbox 2187 3174 3780 3246">
    <p class='ocr_par' dir='ltr' id='par_1_75' title="bbox 2187 3174 3780 3246">
     <span class='ocr_line' id='line_1_75' title="bbox 2187 3174 3780 3246; baseline -0.001 -17"><span class='ocrx_word' id='word_1_521' title='bbox 2187 3175 2316 3239; x_wconf 88' lang='lat' dir='ltr'><strong><em>len&#39;,</em></strong></span> <span class='ocrx_word' id='word_1_522' title='bbox 2339 3176 2576 3246; x_wconf 88' lang='lat' dir='ltr'><strong><em>quandiu</em></strong></span> <span class='ocrx_word' id='word_1_523' title='bbox 2591 3176 2738 3230; x_wconf 88' lang='lat' dir='ltr'><strong><em>sedes</em></strong></span> <span class='ocrx_word' id='word_1_524' title='bbox 2760 3174 3073 3246; x_wconf 85' lang='lat' dir='ltr'><strong><em>episcopalis</em></strong></span> <span class='ocrx_word' id='word_1_525' title='bbox 3101 3174 3390 3229; x_wconf 80' lang='lat' dir='ltr'><strong><em>Wintonia:</em></strong></span> <span class='ocrx_word' id='word_1_526' title='bbox 3410 3175 3657 3239; x_wconf 80' lang='lat' dir='ltr'><strong><em>durabit,</em></strong></span> <span class='ocrx_word' id='word_1_527' title='bbox 3671 3184 3780 3228; x_wconf 80' lang='lat' dir='ltr'><strong><em>etc.</em></strong></span> 
     </span>
    </p>
   </div>
   <div class='ocr_carea' id='block_1_76' title="bbox 2187 3263 3785 3336">
    <p class='ocr_par' dir='ltr' id='par_1_76' title="bbox 2187 3263 3785 3336">
     <span class='ocr_line' id='line_1_76' title="bbox 2187 3263 3785 3336; baseline 0.002 -17"><span class='ocrx_word' id='word_1_528' title='bbox 2187 3263 2584 3323; x_wconf 84' lang='lat' dir='ltr'><strong><em>Theodericum</em></strong></span> <span class='ocrx_word' id='word_1_529' title='bbox 2615 3282 2747 3323; x_wconf 88' lang='lat' dir='ltr'><strong><em>vero</em></strong></span> <span class='ocrx_word' id='word_1_530' title='bbox 2787 3266 3094 3323; x_wconf 86' lang='lat' dir='ltr'><strong><em>Uticensem</em></strong></span> <span class='ocrx_word' id='word_1_531' title='bbox 3138 3265 3412 3334; x_wconf 70' lang='lat' dir='ltr'><strong><em>abbatem,</em></strong></span> <span class='ocrx_word' id='word_1_532' title='bbox 3457 3267 3630 3336; x_wconf 72' lang='lat' dir='ltr'><strong><em>cujus</em></strong></span> <span class='ocrx_word' id='word_1_533' title='bbox 3674 3266 3785 3322; x_wconf 84' lang='lat' dir='ltr'><strong><em>elo-</em></strong></span> 
     </span>
    </p>
   </div>
   <div class='ocr_carea' id='block_1_77' title="bbox 2184 3358 3780 3431">
    <p class='ocr_par' dir='ltr' id='par_1_77' title="bbox 2184 3358 3780 3431">
     <span class='ocr_line' id='line_1_77' title="bbox 2184 3358 3780 3431; baseline 0 -18"><span class='ocrx_word' id='word_1_534' title='bbox 2184 3360 2333 3431; x_wconf 80' lang='lat' dir='ltr'><strong><em>gium</em></strong></span> <span class='ocrx_word' id='word_1_535' title='bbox 2357 3375 2521 3428; x_wconf 89' lang='lat' dir='ltr'><strong><em>supra</em></strong></span> <span class='ocrx_word' id='word_1_536' title='bbox 2549 3361 2799 3416; x_wconf 83' lang='lat' dir='ltr'><strong><em>dedimus</em></strong></span> <span class='ocrx_word' id='word_1_537' title='bbox 2823 3360 2888 3414; x_wconf 88' lang='lat' dir='ltr'><strong><em>ad</em></strong></span> <span class='ocrx_word' id='word_1_538' title='bbox 2915 3375 3120 3415; x_wconf 91' lang='lat' dir='ltr'><strong><em>annum</em></strong></span> <span class='ocrx_word' id='word_1_539' title='bbox 3154 3358 3296 3413; x_wconf 67' lang='lat'><strong><em>1038</em></strong></span> <span class='ocrx_word' id='word_1_540' title='bbox 3330 3358 3663 3414; x_wconf 76' lang='lat' dir='ltr'><strong><em>monasterii</em></strong></span> <span class='ocrx_word' id='word_1_541' title='bbox 3692 3372 3780 3413; x_wconf 57' lang='lat' dir='ltr'><strong><em>ne.</em></strong></span> 
     </span>
    </p>
   </div>
   <div class='ocr_carea' id='block_1_78' title="bbox 2183 3450 3776 3524">
    <p class='ocr_par' dir='ltr' id='par_1_78' title="bbox 2183 3450 3776 3524">
     <span class='ocr_line' id='line_1_78' title="bbox 2183 3450 3776 3524; baseline -0.001 -18"><span class='ocrx_word' id='word_1_542' title='bbox 2183 3452 2362 3523; x_wconf 78' lang='lat' dir='ltr'><strong><em>gimen</em></strong></span> <span class='ocrx_word' id='word_1_543' title='bbox 2388 3452 2659 3507; x_wconf 87' lang='lat' dir='ltr'><strong><em>dimittere</em></strong></span> <span class='ocrx_word' id='word_1_544' title='bbox 2694 3452 3045 3524; x_wconf 78' lang='lat' dir='ltr'><strong><em>cogitantem,</em></strong></span> <span class='ocrx_word' id='word_1_545' title='bbox 3095 3450 3416 3522; x_wconf 86' lang='lat' dir='ltr'><strong><em>aliquandiu</em></strong></span> <span class='ocrx_word' id='word_1_546' title='bbox 3465 3450 3776 3522; x_wconf 79' lang='lat' dir='ltr'><strong><em>impedivit.</em></strong></span> 
     </span>
    </p>
   </div>
   <div class='ocr_carea' id='block_1_79' title="bbox 2180 3543 3779 3614">
    <p class='ocr_par' dir='ltr' id='par_1_79' title="bbox 2180 3543 3779 3614">
     <span class='ocr_line' id='line_1_79' title="bbox 2180 3543 3779 3614; baseline 0 -16"><span class='ocrx_word' id='word_1_547' title='bbox 2180 3543 2319 3598; x_wconf 87' lang='lat' dir='ltr'><strong><em>Cum</em></strong></span> <span class='ocrx_word' id='word_1_548' title='bbox 2344 3545 2488 3599; x_wconf 90' lang='lat' dir='ltr'><strong><em>enim</em></strong></span> <span class='ocrx_word' id='word_1_549' title='bbox 2520 3545 2644 3614; x_wconf 92' lang='lat' dir='ltr'><strong><em>pius</em></strong></span> <span class='ocrx_word' id='word_1_550' title='bbox 2686 3545 2777 3599; x_wconf 90' lang='lat' dir='ltr'><strong><em>ille</em></strong></span> <span class='ocrx_word' id='word_1_551' title='bbox 2799 3546 2972 3600; x_wconf 88' lang='lat' dir='ltr'><strong><em>abbas</em></strong></span> <span class='ocrx_word' id='word_1_552' title='bbox 3013 3544 3083 3599; x_wconf 94' lang='lat' dir='ltr'><strong><em>ob</em></strong></span> <span class='ocrx_word' id='word_1_553' title='bbox 3109 3545 3300 3598; x_wconf 87' lang='lat' dir='ltr'><strong><em>turbas</em></strong></span> <span class='ocrx_word' id='word_1_554' title='bbox 3336 3543 3392 3597; x_wconf 92' lang='lat' dir='ltr'><strong><em>in</em></strong></span> <span class='ocrx_word' id='word_1_555' title='bbox 3431 3545 3779 3601; x_wconf 74' lang='lat' dir='ltr'><strong><em>monasterio</em></strong></span> 
     </span>
    </p>
   </div>
   <div class='ocr_carea' id='block_1_80' title="bbox 2182 3636 3780 3709">
    <p class='ocr_par' dir='ltr' id='par_1_80' title="bbox 2182 3636 3780 3709">
     <span class='ocr_line' id='line_1_80' title="bbox 2182 3636 3780 3709; baseline 0 -16"><span class='ocrx_word' id='word_1_556' title='bbox 2182 3653 2284 3694; x_wconf 88' lang='lat' dir='ltr'><strong><em>suo</em></strong></span> <span class='ocrx_word' id='word_1_557' title='bbox 2304 3647 2525 3693; x_wconf 77' lang='lat' dir='ltr'><strong><em>exortus</em></strong></span> <span class='ocrx_word' id='word_1_558' title='bbox 2551 3639 2807 3694; x_wconf 90' lang='lat' dir='ltr'><strong><em>baculum</em></strong></span> <span class='ocrx_word' id='word_1_559' title='bbox 2830 3638 3157 3709; x_wconf 84' lang='lat' dir='ltr'><strong><em>pastoralem</em></strong></span> <span class='ocrx_word' id='word_1_560' title='bbox 3190 3636 3470 3692; x_wconf 83' lang='lat' dir='ltr'><strong><em>Willclmo</em></strong></span> <span class='ocrx_word' id='word_1_561' title='bbox 3496 3638 3632 3693; x_wconf 88' lang='lat' dir='ltr'><strong><em>duci</em></strong></span> <span class='ocrx_word' id='word_1_562' title='bbox 3658 3637 3780 3692; x_wconf 79' lang='lat' dir='ltr'><strong><em>red-</em></strong></span> 
     </span>
    </p>
   </div>
   <div class='ocr_carea' id='block_1_81' title="bbox 2179 3729 3779 3802">
    <p class='ocr_par' dir='ltr' id='par_1_81' title="bbox 2179 3729 3779 3802">
     <span class='ocr_line' id='line_1_81' title="bbox 2179 3729 3779 3802; baseline -0.001 -18"><span class='ocrx_word' id='word_1_563' title='bbox 2179 3729 2426 3797; x_wconf 89' lang='lat' dir='ltr'><strong><em>didisset,</em></strong></span> <span class='ocrx_word' id='word_1_564' title='bbox 2465 3731 2573 3787; x_wconf 79' lang='lat' dir='ltr'><strong><em>dux</em></strong></span> <span class='ocrx_word' id='word_1_565' title='bbox 2605 3747 2831 3787; x_wconf 89' lang='lat' dir='ltr'><strong><em>causam</em></strong></span> <span class='ocrx_word' id='word_1_566' title='bbox 2861 3732 3103 3787; x_wconf 87' lang='lat' dir='ltr'><strong><em>scandali</em></strong></span> <span class='ocrx_word' id='word_1_567' title='bbox 3129 3730 3380 3786; x_wconf 83' lang='lat' dir='ltr'><strong><em>Maurilio</em></strong></span> <span class='ocrx_word' id='word_1_568' title='bbox 3400 3731 3779 3802; x_wconf 81' lang='lat' dir='ltr'><strong><em>indagandam</em></strong></span> 
     </span>
    </p>
   </div>
   <div class='ocr_carea' id='block_1_82' title="bbox 2179 3821 3781 3891">
    <p class='ocr_par' dir='ltr' id='par_1_82' title="bbox 2179 3821 3781 3891">
     <span class='ocr_line' id='line_1_82' title="bbox 2179 3821 3781 3891; baseline 0.001 -15"><span class='ocrx_word' id='word_1_569' title='bbox 2179 3824 2473 3879; x_wconf 88' lang='lat' dir='ltr'><strong><em>commisit.</em></strong></span> <span class='ocrx_word' id='word_1_570' title='bbox 2522 3822 2703 3891; x_wconf 82' lang='lat' dir='ltr'><strong><em>Quare</em></strong></span> <span class='ocrx_word' id='word_1_571' title='bbox 2734 3839 2878 3878; x_wconf 88' lang='lat' dir='ltr'><strong><em>anno</em></strong></span> <span class='ocrx_word' id='word_1_572' title='bbox 2916 3821 3076 3890; x_wconf 72' lang='lat'><strong><em>1056,</em></strong></span> <span class='ocrx_word' id='word_1_573' title='bbox 3132 3831 3193 3878; x_wconf 89' lang='lat' dir='ltr'><strong><em>ut</em></strong></span> <span class='ocrx_word' id='word_1_574' title='bbox 3231 3833 3419 3878; x_wconf 87' lang='lat' dir='ltr'><strong><em>narrat</em></strong></span> <span class='ocrx_word' id='word_1_575' title='bbox 3466 3822 3781 3879; x_wconf 85' lang='lat' dir='ltr'><strong><em>0rdericus</em></strong></span> 
     </span>
    </p>
   </div>
   <div class='ocr_carea' id='block_1_83' title="bbox 2179 3913 3776 3987">
    <p class='ocr_par' dir='ltr' id='par_1_83' title="bbox 2179 3913 3776 3987">
     <span class='ocr_line' id='line_1_83' title="bbox 2179 3913 3776 3987; baseline 0.001 -19"><span class='ocrx_word' id='word_1_576' title='bbox 2179 3913 2271 3969; x_wconf 86' lang='lat' dir='ltr'><strong><em>lib.</em></strong></span> <span class='ocrx_word' id='word_1_577' title='bbox 2321 3931 2413 3983; x_wconf 83' lang='grc' dir='ltr'>ιιι,</span> <span class='ocrx_word' id='word_1_578' title='bbox 2448 3913 2753 3983; x_wconf 84' lang='lat' dir='ltr'><strong><em>Maurilius,</em></strong></span> <span class='ocrx_word' id='word_1_579' title='bbox 2804 3914 2968 3987; x_wconf 81' lang='lat' dir='ltr'><strong><em>Hugo</em></strong></span> <span class='ocrx_word' id='word_1_580' title='bbox 3021 3915 3379 3971; x_wconf 79' lang='lat' dir='ltr'><strong><em>Lexoviensis</em></strong></span> <span class='ocrx_word' id='word_1_581' title='bbox 3429 3916 3776 3985; x_wconf 80' lang='lat' dir='ltr'><strong><em>episcopus,</em></strong></span> 
     </span>
    </p>
   </div>
   <div class='ocr_carea' id='block_1_84' title="bbox 2176 4006 3781 4065">
    <p class='ocr_par' dir='ltr' id='par_1_84' title="bbox 2176 4006 3781 4065">
     <span class='ocr_line' id='line_1_84' title="bbox 2176 4006 3781 4065; baseline 0.001 -5"><span class='ocrx_word' id='word_1_582' title='bbox 2176 4006 2469 4064; x_wconf 81' lang='lat' dir='ltr'><strong><em>Ansfridus</em></strong></span> <span class='ocrx_word' id='word_1_583' title='bbox 2516 4008 2869 4065; x_wconf 88' lang='lat' dir='ltr'><strong><em>Pratellensis</em></strong></span> <span class='ocrx_word' id='word_1_584' title='bbox 2911 4009 3081 4064; x_wconf 89' lang='lat' dir='ltr'><strong><em>abbas</em></strong></span> <span class='ocrx_word' id='word_1_585' title='bbox 3115 4016 3170 4063; x_wconf 90' lang='lat' dir='ltr'><strong><em>et</em></strong></span> <span class='ocrx_word' id='word_1_586' title='bbox 3214 4006 3563 4064; x_wconf 80' lang='lat' dir='ltr'><strong><em>Lanirancus</em></strong></span> <span class='ocrx_word' id='word_1_587' title='bbox 3617 4007 3781 4063; x_wconf 77' lang='lat' dir='ltr'><strong><em>Becci</em></strong></span> 
     </span>
    </p>
   </div>
   <div class='ocr_carea' id='block_1_85' title="bbox 2177 4099 3777 4171">
    <p class='ocr_par' dir='ltr' id='par_1_85' title="bbox 2177 4099 3777 4171">
     <span class='ocr_line' id='line_1_85' title="bbox 2177 4099 3777 4171; baseline 0.001 -18"><span class='ocrx_word' id='word_1_588' title='bbox 2177 4099 2345 4169; x_wconf 90' lang='lat' dir='ltr'><strong><em>prior,</em></strong></span> <span class='ocrx_word' id='word_1_589' title='bbox 2377 4100 2581 4171; x_wconf 86' lang='lat' dir='ltr'><strong><em>aliique</em></strong></span> <span class='ocrx_word' id='word_1_590' title='bbox 2617 4100 2721 4155; x_wconf 87' lang='lat' dir='ltr'><strong><em>viri</em></strong></span> <span class='ocrx_word' id='word_1_591' title='bbox 2752 4101 2994 4157; x_wconf 89' lang='lat' dir='ltr'><strong><em>illustres</em></strong></span> <span class='ocrx_word' id='word_1_592' title='bbox 3035 4099 3255 4156; x_wconf 87' lang='lat' dir='ltr'><strong><em>Uticum</em></strong></span> <span class='ocrx_word' id='word_1_593' title='bbox 3299 4116 3636 4167; x_wconf 79' lang='lat' dir='ltr'><strong><em>convenere,</em></strong></span> <span class='ocrx_word' id='word_1_594' title='bbox 3672 4102 3777 4155; x_wconf 84' lang='lat' dir='ltr'><strong><em>ibi—</em></strong></span> 
     </span>
    </p>
   </div>
   <div class='ocr_carea' id='block_1_86' title="bbox 2176 4193 3774 4265">
    <p class='ocr_par' dir='ltr' id='par_1_86' title="bbox 2176 4193 3774 4265">
     <span class='ocr_line' id='line_1_86' title="bbox 2176 4193 3774 4265; baseline 0.002 -19"><span class='ocrx_word' id='word_1_595' title='bbox 2176 4206 2283 4261; x_wconf 81' lang='lat' dir='ltr'><strong><em>que</em></strong></span> <span class='ocrx_word' id='word_1_596' title='bbox 2308 4194 2682 4263; x_wconf 85' lang='lat' dir='ltr'><strong><em>apostolorum</em></strong></span> <span class='ocrx_word' id='word_1_597' title='bbox 2706 4193 2853 4250; x_wconf 87' lang='lat' dir='ltr'><strong><em>Petri</em></strong></span> <span class='ocrx_word' id='word_1_598' title='bbox 2880 4202 2937 4249; x_wconf 89' lang='lat' dir='ltr'><strong><em>et</em></strong></span> <span class='ocrx_word' id='word_1_599' title='bbox 2959 4194 3113 4249; x_wconf 88' lang='lat' dir='ltr'><strong><em>Pauli</em></strong></span> <span class='ocrx_word' id='word_1_600' title='bbox 3144 4193 3493 4249; x_wconf 88' lang='lat' dir='ltr'><strong><em>solemnitate</em></strong></span> <span class='ocrx_word' id='word_1_601' title='bbox 3517 4206 3774 4265; x_wconf 82' lang='lat' dir='ltr'><strong><em>peracta,</em></strong></span> 
     </span>
    </p>
   </div>
   <div class='ocr_carea' id='block_1_87' title="bbox 2175 4289 3772 4361">
    <p class='ocr_par' dir='ltr' id='par_1_87' title="bbox 2175 4289 3772 4361">
     <span class='ocr_line' id='line_1_87' title="bbox 2175 4289 3772 4361; baseline 0.003 -20"><span class='ocrx_word' id='word_1_602' title='bbox 2175 4289 2374 4343; x_wconf 86' lang='lat' dir='ltr'><strong><em>auditis</em></strong></span> <span class='ocrx_word' id='word_1_603' title='bbox 2417 4298 2469 4344; x_wconf 79' lang='lat' dir='ltr'><strong><em>et</em></strong></span> <span class='ocrx_word' id='word_1_604' title='bbox 2497 4289 2720 4345; x_wconf 86' lang='lat' dir='ltr'><strong><em>solerter</em></strong></span> <span class='ocrx_word' id='word_1_605' title='bbox 2759 4291 3017 4345; x_wconf 83' lang='lat' dir='ltr'><strong><em>discussis</em></strong></span> <span class='ocrx_word' id='word_1_606' title='bbox 3059 4291 3453 4346; x_wconf 73' lang='lat' dir='ltr'><strong><em>dissensionum</em></strong></span> <span class='ocrx_word' id='word_1_607' title='bbox 3491 4289 3772 4361; x_wconf 74' lang='lat' dir='ltr'><strong><em>fomentis,</em></strong></span> 
     </span>
    </p>
   </div>
   <div class='ocr_carea' id='block_1_88' title="bbox 2180 4376 3772 4452">
    <p class='ocr_par' dir='ltr' id='par_1_88' title="bbox 2180 4376 3772 4452">
     <span class='ocr_line' id='line_1_88' title="bbox 2180 4376 3772 4452; baseline 0.003 -23"><span class='ocrx_word' id='word_1_608' title='bbox 2180 4376 2561 4433; x_wconf 78' lang='lat' dir='ltr'><strong><em>Tlteodoricum</em></strong></span> <span class='ocrx_word' id='word_1_609' title='bbox 2592 4380 2832 4435; x_wconf 87' lang='lat' dir='ltr'><strong><em>abbatem</em></strong></span> <span class='ocrx_word' id='word_1_610' title='bbox 2871 4397 3093 4451; x_wconf 72' lang='lat' dir='ltr'><strong><em>prmesse</em></strong></span> <span class='ocrx_word' id='word_1_611' title='bbox 3124 4380 3422 4449; x_wconf 80' lang='lat' dir='ltr'><strong><em>jusserunt,</em></strong></span> <span class='ocrx_word' id='word_1_612' title='bbox 3463 4389 3631 4452; x_wconf 77' lang='lat' dir='ltr'><strong><em>atque</em></strong></span> <span class='ocrx_word' id='word_1_613' title='bbox 3666 4380 3772 4434; x_wconf 68' lang='lat' dir='ltr'><strong><em>Ilo-</em></strong></span> 
     </span>
    </p>
   </div>
   <div class='ocr_carea' id='block_1_89' title="bbox 492 4455 2093 4543">
    <p class='ocr_par' dir='ltr' id='par_1_89' title="bbox 492 4455 2074 4529">
     <span class='ocr_line' id='line_1_89' title="bbox 492 4455 2074 4529; baseline -0.003 -17"><span class='ocrx_word' id='word_1_614' title='bbox 492 4466 635 4513; x_wconf 89' lang='lat' dir='ltr'><strong><em>mota</em></strong></span> <span class='ocrx_word' id='word_1_615' title='bbox 664 4460 889 4529; x_wconf 87' lang='lat' dir='ltr'><strong><em>apetiit;</em></strong></span> <span class='ocrx_word' id='word_1_616' title='bbox 926 4468 985 4513; x_wconf 89' lang='lat' dir='ltr'><strong><em>ut</em></strong></span> <span class='ocrx_word' id='word_1_617' title='bbox 1004 4458 1143 4529; x_wconf 88' lang='lat' dir='ltr'><strong><em>quod</em></strong></span> <span class='ocrx_word' id='word_1_618' title='bbox 1176 4457 1551 4528; x_wconf 82' lang='lat' dir='ltr'><strong><em>negligentiam</em></strong></span> <span class='ocrx_word' id='word_1_619' title='bbox 1583 4465 1858 4525; x_wconf 89' lang='lat' dir='ltr'><strong><em>pastorum</em></strong></span> <span class='ocrx_word' id='word_1_620' title='bbox 1887 4455 2074 4526; x_wconf 87' lang='lat' dir='ltr'><strong><em>depra-</em></strong></span> 
     </span>
    </p>
   </div>
   <div class='ocr_carea' id='block_1_90' title="bbox 2196 4455 3773 4543">
    <p class='ocr_par' dir='ltr' id='par_1_90' title="bbox 2196 4472 3773 4543">
     <span class='ocr_line' id='line_1_90' title="bbox 2196 4472 3773 4543; baseline 0.001 -17"><span class='ocrx_word' id='word_1_621' title='bbox 2196 4480 2375 4526; x_wconf 52' lang='lat' dir='ltr'><strong><em>iertum</em></strong></span> <span class='ocrx_word' id='word_1_622' title='bbox 2406 4472 2509 4527; x_wconf 91' lang='lat' dir='ltr'><strong><em>loci</em></strong></span> <span class='ocrx_word' id='word_1_623' title='bbox 2542 4473 2802 4542; x_wconf 89' lang='lat' dir='ltr'><strong><em>priorem,</em></strong></span> <span class='ocrx_word' id='word_1_624' title='bbox 2857 4474 2952 4543; x_wconf 91' lang='lat' dir='ltr'><strong><em>qui</em></strong></span> <span class='ocrx_word' id='word_1_625' title='bbox 3005 4473 3273 4527; x_wconf 88' lang='lat' dir='ltr'><strong><em>tumultus</em></strong></span> <span class='ocrx_word' id='word_1_626' title='bbox 3322 4472 3377 4526; x_wconf 90' lang='lat' dir='ltr'><strong><em>in</em></strong></span> <span class='ocrx_word' id='word_1_627' title='bbox 3424 4474 3773 4528; x_wconf 76' lang='lat' dir='ltr'><strong><em>monasterio</em></strong></span> 
     </span>
    </p>
   </div>
   <div class='ocr_carea' id='block_1_91' title="bbox 484 4547 2073 4619">
    <p class='ocr_par' dir='ltr' id='par_1_91' title="bbox 484 4547 2073 4619">
     <span class='ocr_line' id='line_1_91' title="bbox 484 4547 2073 4619; baseline -0.004 -14"><span class='ocrx_word' id='word_1_628' title='bbox 484 4560 643 4605; x_wconf 75' lang='lat' dir='ltr'><strong><em>catur</em></strong></span> <span class='ocrx_word' id='word_1_629' title='bbox 675 4552 907 4619; x_wconf 86' lang='lat' dir='ltr'><strong><em>incuria,</em></strong></span> <span class='ocrx_word' id='word_1_630' title='bbox 940 4560 1045 4606; x_wconf 76' lang='lat' dir='ltr'><strong><em>ture</em></strong></span> <span class='ocrx_word' id='word_1_631' title='bbox 1082 4558 1283 4604; x_wconf 77' lang='lat' dir='ltr'><strong><em>sancta:</em></strong></span> <span class='ocrx_word' id='word_1_632' title='bbox 1323 4547 1594 4618; x_wconf 87' lang='lat' dir='ltr'><strong><em>religionis</em></strong></span> <span class='ocrx_word' id='word_1_633' title='bbox 1635 4555 1910 4617; x_wconf 74' lang='lat' dir='ltr'><strong><em>reparatur</em></strong></span> <span class='ocrx_word' id='word_1_634' title='bbox 1938 4547 2073 4617; x_wconf 81' lang='lat' dir='ltr'><strong><em>rigi-</em></strong></span> 
     </span>
    </p>
   </div>
   <div class='ocr_carea' id='block_1_92' title="bbox 482 4639 2073 4711">
    <p class='ocr_par' dir='ltr' id='par_1_92' title="bbox 482 4639 2073 4711">
     <span class='ocr_line' id='line_1_92' title="bbox 482 4639 2073 4711; baseline -0.003 -16"><span class='ocrx_word' id='word_1_635' title='bbox 482 4642 678 4699; x_wconf 83' lang='lat' dir='ltr'><strong><em>lantia.</em></strong></span> <span class='ocrx_word' id='word_1_636' title='bbox 707 4643 847 4698; x_wconf 84' lang='lat' dir='ltr'><strong><em>Hinc</em></strong></span> <span class='ocrx_word' id='word_1_637' title='bbox 872 4653 963 4699; x_wconf 89' lang='lat' dir='ltr'><strong><em>tua</em></strong></span> <span class='ocrx_word' id='word_1_638' title='bbox 988 4643 1304 4698; x_wconf 89' lang='lat' dir='ltr'><strong><em>auctoritate</em></strong></span> <span class='ocrx_word' id='word_1_639' title='bbox 1325 4640 1515 4711; x_wconf 80' lang='lat' dir='ltr'><strong><em>fretus,</em></strong></span> <span class='ocrx_word' id='word_1_640' title='bbox 1538 4639 1824 4693; x_wconf 85' lang='lat' dir='ltr'><strong><em>sententias</em></strong></span> <span class='ocrx_word' id='word_1_641' title='bbox 1861 4648 2073 4692; x_wconf 82' lang='lat' dir='ltr'><strong><em>sancto—</em></strong></span> 
     </span>
    </p>
   </div>
   <div class='ocr_carea' id='block_1_93' title="bbox 485 4730 2070 4807">
    <p class='ocr_par' dir='ltr' id='par_1_93' title="bbox 485 4730 2070 4807">
     <span class='ocr_line' id='line_1_93' title="bbox 485 4730 2070 4807; baseline -0.003 -18"><span class='ocrx_word' id='word_1_642' title='bbox 485 4752 607 4790; x_wconf 85' lang='lat' dir='ltr'><strong><em>rum</em></strong></span> <span class='ocrx_word' id='word_1_643' title='bbox 644 4735 871 4791; x_wconf 87' lang='lat' dir='ltr'><strong><em>Patrum</em></strong></span> <span class='ocrx_word' id='word_1_644' title='bbox 898 4751 1195 4807; x_wconf 87' lang='lat' dir='ltr'><strong><em>aggressus,</em></strong></span> <span class='ocrx_word' id='word_1_645' title='bbox 1237 4733 1667 4803; x_wconf 83' lang='lat' dir='ltr'><strong><em>diversarumque</em></strong></span> <span class='ocrx_word' id='word_1_646' title='bbox 1707 4730 2070 4786; x_wconf 79' lang='lat' dir='ltr'><strong><em>Ecclesiarum</em></strong></span> 
     </span>
    </p>
   </div>
   <div class='ocr_carea' id='block_1_94' title="bbox 486 4822 2085 4897">
    <p class='ocr_par' dir='ltr' id='par_1_94' title="bbox 486 4822 2085 4897">
     <span class='ocr_line' id='line_1_94' title="bbox 486 4822 2085 4897; baseline -0.004 -15"><span class='ocrx_word' id='word_1_647' title='bbox 486 4844 658 4883; x_wconf 86' lang='lat' dir='ltr'><strong><em>mores</em></strong></span> <span class='ocrx_word' id='word_1_648' title='bbox 698 4839 747 4884; x_wconf 84' lang='lat' dir='ltr'><strong><em>et</em></strong></span> <span class='ocrx_word' id='word_1_649' title='bbox 798 4828 1205 4882; x_wconf 82' lang='lat' dir='ltr'><strong><em>consuetudines</em></strong></span> <span class='ocrx_word' id='word_1_650' title='bbox 1238 4834 1599 4897; x_wconf 83' lang='lat' dir='ltr'><strong><em>prospectans,</em></strong></span> <span class='ocrx_word' id='word_1_651' title='bbox 1646 4833 1697 4879; x_wconf 91' lang='lat' dir='ltr'><strong><em>et</em></strong></span> <span class='ocrx_word' id='word_1_652' title='bbox 1738 4838 1800 4877; x_wconf 86' lang='lat' dir='ltr'><strong><em>ea</em></strong></span> <span class='ocrx_word' id='word_1_653' title='bbox 1842 4838 1959 4895; x_wconf 78' lang='lat' dir='ltr'><strong><em>quae</em></strong></span> <span class='ocrx_word' id='word_1_654' title='bbox 1998 4822 2068 4877; x_wconf 89' lang='lat' dir='ltr'><strong><em>ad</em></strong></span> <span class='ocrx_word' id='word_1_655' title='bbox 2082 4830 2085 4835; x_wconf 91' lang='lat'>&#39;</span> 
     </span>
    </p>
   </div>
   <div class='ocr_carea' id='block_1_95' title="bbox 482 4914 2071 4989">
    <p class='ocr_par' dir='ltr' id='par_1_95' title="bbox 482 4914 2071 4989">
     <span class='ocr_line' id='line_1_95' title="bbox 482 4914 2071 4989; baseline -0.005 -15"><span class='ocrx_word' id='word_1_656' title='bbox 482 4920 655 4976; x_wconf 75' lang='lat' dir='ltr'><strong><em>divini</em></strong></span> <span class='ocrx_word' id='word_1_657' title='bbox 690 4920 865 4975; x_wconf 84' lang='lat' dir='ltr'><strong><em>cultus</em></strong></span> <span class='ocrx_word' id='word_1_658' title='bbox 894 4920 1062 4989; x_wconf 71' lang='lat' dir='ltr'><strong><em>ofﬁcia</em></strong></span> <span class='ocrx_word' id='word_1_659' title='bbox 1101 4918 1383 4988; x_wconf 91' lang='lat' dir='ltr'><strong><em>pertinent,</em></strong></span> <span class='ocrx_word' id='word_1_660' title='bbox 1411 4915 1654 4987; x_wconf 88' lang='lat' dir='ltr'><strong><em>quodque</em></strong></span> <span class='ocrx_word' id='word_1_661' title='bbox 1688 4915 1747 4967; x_wconf 86' lang='lat' dir='ltr'><strong><em>in</em></strong></span> <span class='ocrx_word' id='word_1_662' title='bbox 1772 4930 1827 4967; x_wconf 87' lang='lat' dir='ltr'><strong><em>se</em></strong></span> <span class='ocrx_word' id='word_1_663' title='bbox 1852 4914 2071 4983; x_wconf 69' lang='lat' dir='ltr'><strong><em>mystice</em></strong></span> 
     </span>
    </p>
   </div>
   <div class='ocr_carea' id='block_1_96' title="bbox 1196 5005 2067 5036">
    <p class='ocr_par' dir='ltr' id='par_1_96' title="bbox 1196 5005 2067 5036">
     <span class='ocr_line' id='line_1_96' title="bbox 1196 5005 2067 5036; baseline 0.007 -6"><span class='ocrx_word' id='word_1_664' title='bbox 1196 5009 1528 5032; x_wconf 64' lang='lat' dir='ltr'><strong><em>--..-.’J-..-..-</em></strong></span> <span class='ocrx_word' id='word_1_665' title='bbox 1591 5005 1874 5034; x_wconf 57' lang='grc' dir='ltr'><strong><em>-..ι-κριθηικ</em></strong></span> <span class='ocrx_word' id='word_1_666' title='bbox 1918 5006 2067 5036; x_wconf 59' lang='lat' dir='ltr'><strong><em>hanno;</em></strong></span> 
     </span>
    </p>
   </div>
   <div class='ocr_carea' id='block_1_97' title="bbox 2174 4562 3770 4635">
    <p class='ocr_par' dir='ltr' id='par_1_97' title="bbox 2174 4562 3770 4635">
     <span class='ocr_line' id='line_1_97' title="bbox 2174 4562 3770 4635; baseline 0 -18"><span class='ocrx_word' id='word_1_667' title='bbox 2174 4563 2465 4631; x_wconf 80' lang='lat' dir='ltr'><strong><em>excitabat,</em></strong></span> <span class='ocrx_word' id='word_1_668' title='bbox 2503 4574 2560 4617; x_wconf 90' lang='lat' dir='ltr'><strong><em>ut</em></strong></span> <span class='ocrx_word' id='word_1_669' title='bbox 2585 4563 2743 4618; x_wconf 88' lang='lat' dir='ltr'><strong><em>Patri</em></strong></span> <span class='ocrx_word' id='word_1_670' title='bbox 2778 4581 2873 4618; x_wconf 88' lang='lat' dir='ltr'><strong><em>suo</em></strong></span> <span class='ocrx_word' id='word_1_671' title='bbox 2898 4565 3275 4635; x_wconf 87' lang='lat' dir='ltr'><strong><em>obtemperaret</em></strong></span> <span class='ocrx_word' id='word_1_672' title='bbox 3299 4562 3517 4634; x_wconf 84' lang='lat' dir='ltr'><strong><em>copiosa</em></strong></span> <span class='ocrx_word' id='word_1_673' title='bbox 3558 4580 3770 4618; x_wconf 82' lang='lat' dir='ltr'><strong><em>sermo-</em></strong></span> 
     </span>
    </p>
   </div>
   <div class='ocr_carea' id='block_1_98' title="bbox 2173 4655 3765 4727">
    <p class='ocr_par' dir='ltr' id='par_1_98' title="bbox 2173 4655 3765 4727">
     <span class='ocr_line' id='line_1_98' title="bbox 2173 4655 3765 4727; baseline 0.001 -19"><span class='ocrx_word' id='word_1_674' title='bbox 2173 4655 2440 4710; x_wconf 88' lang='lat' dir='ltr'><strong><em>cinatione</em></strong></span> <span class='ocrx_word' id='word_1_675' title='bbox 2468 4657 2875 4711; x_wconf 84' lang='lat' dir='ltr'><strong><em>admonuerunt.</em></strong></span> <span class='ocrx_word' id='word_1_676' title='bbox 2924 4656 3029 4711; x_wconf 84' lang='lat' dir='ltr'><strong><em>Sed</em></strong></span> <span class='ocrx_word' id='word_1_677' title='bbox 3049 4657 3141 4711; x_wconf 91' lang='lat' dir='ltr'><strong><em>diu</em></strong></span> <span class='ocrx_word' id='word_1_678' title='bbox 3172 4671 3281 4711; x_wconf 89' lang='lat' dir='ltr'><strong><em>non</em></strong></span> <span class='ocrx_word' id='word_1_679' title='bbox 3313 4656 3464 4712; x_wconf 85' lang='lat' dir='ltr'><strong><em>stetit</em></strong></span> <span class='ocrx_word' id='word_1_680' title='bbox 3491 4657 3584 4711; x_wconf 71' lang='lat' dir='ltr'><strong><em>illa</em></strong></span> <span class='ocrx_word' id='word_1_681' title='bbox 3618 4673 3726 4727; x_wconf 78' lang='lat' dir='ltr'><strong><em>pax</em></strong></span> <span class='ocrx_word' id='word_1_682' title='bbox 3746 4674 3765 4708; x_wconf 86' lang='lat'><strong>:</strong></span> 
     </span>
    </p>
   </div>
   <div class='ocr_carea' id='block_1_99' title="bbox 2173 4747 3769 4814">
    <p class='ocr_par' dir='ltr' id='par_1_99' title="bbox 2173 4747 3769 4814">
     <span class='ocr_line' id='line_1_99' title="bbox 2173 4747 3769 4814; baseline 0.002 -14"><span class='ocrx_word' id='word_1_683' title='bbox 2173 4747 2266 4801; x_wconf 81' lang='lat' dir='ltr'><strong><em>vix</em></strong></span> <span class='ocrx_word' id='word_1_684' title='bbox 2296 4749 2441 4801; x_wconf 88' lang='lat' dir='ltr'><strong><em>enim</em></strong></span> <span class='ocrx_word' id='word_1_685' title='bbox 2474 4764 2617 4803; x_wconf 89' lang='lat' dir='ltr'><strong><em>unus</em></strong></span> <span class='ocrx_word' id='word_1_686' title='bbox 2647 4763 2827 4803; x_wconf 89' lang='lat' dir='ltr'><strong><em>annus</em></strong></span> <span class='ocrx_word' id='word_1_687' title='bbox 2850 4749 3080 4814; x_wconf 87' lang='lat' dir='ltr'><strong><em>abierat,</em></strong></span> <span class='ocrx_word' id='word_1_688' title='bbox 3112 4763 3236 4803; x_wconf 91' lang='lat' dir='ltr'><strong><em>cum</em></strong></span> <span class='ocrx_word' id='word_1_689' title='bbox 3278 4748 3480 4803; x_wconf 85' lang='lat' dir='ltr'><strong><em>iterum</em></strong></span> <span class='ocrx_word' id='word_1_690' title='bbox 3519 4765 3769 4805; x_wconf 79' lang='lat' dir='ltr'><strong><em>emerse-</em></strong></span> 
     </span>
    </p>
   </div>
   <div class='ocr_carea' id='block_1_100' title="bbox 2174 4838 3765 4913">
    <p class='ocr_par' dir='ltr' id='par_1_100' title="bbox 2174 4838 3765 4913">
     <span class='ocr_line' id='line_1_100' title="bbox 2174 4838 3765 4913; baseline 0.004 -22"><span class='ocrx_word' id='word_1_691' title='bbox 2174 4844 2304 4893; x_wconf 88' lang='lat' dir='ltr'><strong><em>runt</em></strong></span> <span class='ocrx_word' id='word_1_692' title='bbox 2328 4854 2468 4894; x_wconf 86' lang='lat' dir='ltr'><strong><em>nova</em></strong></span> <span class='ocrx_word' id='word_1_693' title='bbox 2496 4839 2747 4895; x_wconf 82' lang='lat' dir='ltr'><strong><em>dissidia.</em></strong></span> <span class='ocrx_word' id='word_1_694' title='bbox 2790 4839 2969 4906; x_wconf 86' lang='lat' dir='ltr'><strong><em>Quare</em></strong></span> <span class='ocrx_word' id='word_1_695' title='bbox 2998 4838 3393 4905; x_wconf 79' lang='lat' dir='ltr'><strong><em>Theodericus,</em></strong></span> <span class='ocrx_word' id='word_1_696' title='bbox 3435 4856 3567 4897; x_wconf 83' lang='lat' dir='ltr'><strong><em>vere</em></strong></span> <span class='ocrx_word' id='word_1_697' title='bbox 3612 4844 3765 4913; x_wconf 84' lang='lat' dir='ltr'><strong><em>pacis</em></strong></span> 
     </span>
    </p>
   </div>
   <div class='ocr_carea' id='block_1_101' title="bbox 2175 4930 3762 5005">
    <p class='ocr_par' dir='ltr' id='par_1_101' title="bbox 2175 4930 3762 5005">
     <span class='ocr_line' id='line_1_101' title="bbox 2175 4930 3762 5005; baseline 0.003 -21"><span class='ocrx_word' id='word_1_698' title='bbox 2175 4930 2343 4997; x_wconf 84' lang='lat' dir='ltr'><strong><em>ﬁlius,</em></strong></span> <span class='ocrx_word' id='word_1_699' title='bbox 2401 4947 2542 4986; x_wconf 90' lang='lat' dir='ltr'><strong><em>onus</em></strong></span> <span class='ocrx_word' id='word_1_700' title='bbox 2588 4933 2873 5005; x_wconf 82' lang='lat' dir='ltr'><strong><em>regiminis</em></strong></span> <span class='ocrx_word' id='word_1_701' title='bbox 2928 4948 3114 4988; x_wconf 90' lang='lat' dir='ltr'><strong><em>coram</em></strong></span> <span class='ocrx_word' id='word_1_702' title='bbox 3167 4935 3364 4988; x_wconf 72' lang='lat' dir='ltr'><strong><em>mwstis</em></strong></span> <span class='ocrx_word' id='word_1_703' title='bbox 3415 4934 3762 5005; x_wconf 69' lang='lat' dir='ltr'><strong><em>praesulibus,</em></strong></span> 
     </span>
    </p>
   </div>
  </div>
