4020 5364
142 448 555 527 exposuisset:
599 454 708 511 Nec
747 474 920 530 mora,
973 466 1152 538 inquit
1193 471 1516 546 Eadmerus,
1566 497 1754 539 mona-

937 556 1212 630 laudatur,
1261 569 1478 642 ejusque
1512 580 1755 646 proposi-

141 635 274 682 tum
316 636 557 692 omnibus
588 642 714 696 aliis
742 648 1055 717 antefertur.
1081 635 1360 715 Anselnius
1382 635 1493 719 htec
1512 635 1751 727 audiens

141 535 346 592 tisicus
376 543 507 597 ordo
540 562 652 616 prce
694 556 900 609 cteteris

136 727 202 773 et
243 728 567 796 approbans,
625 736 839 792 omissis
900 741 1046 811 aliis,

113 2209 356 2265 vectione
379 2212 610 2271 aliorum
648 2222 726 2274 tui
751 2222 918 2279 solius
947 2240 1135 2283 curam
1176 2249 1358 2302 gerens
1383 2239 1511 2294 velis
1543 2253 1715 2300 retra-

106 2299 260 2356 here.
314 2301 444 2360 Vere
488 2312 682 2365 etenim
730 2315 852 2369 dico
885 2318 982 2373 tibi
1026 2338 1108 2376 me
1136 2299 1202 2379 de
1241 2329 1426 2386 multis
1472 2336 1707 2402 audisse.

108 2393 416 2467 multosque
457 2401 650 2458 vidisse
677 2409 791 2476 qui,
826 2413 1100 2483 quoniam,
1143 2433 1307 2474 causa
1347 2439 1458 2479 sua:
1493 2428 1705 2496 quietis,

105 2490 488 2555 proximorum
525 2497 754 2554 utilitati
790 2510 883 2573 per
919 2509 1242 2575 pastoralem
1294 2521 1478 2571 curam
1510 2521 1703 2594 invigi-

104 2577 224 2634 lare
262 2583 565 2654 noluerunt,
605 2607 698 2660 per
727 2594 991 2651 desidiam
1026 2603 1358 2662 ambulantes
1397 2627 1600 2683 semper
1641 2617 1706 2670 de

107 2675 257 2728 malo
294 2679 348 2730 in
373 2679 524 2749 pejus
554 2685 906 2754 profecerunt.
940 2690 1293 2767 Quapropter,

101 2766 250 2822 absit
278 2769 300 2823 .’
334 2770 430 2825 hoc
473 2773 611 2828 idem
640 2781 932 2853 contingat,
962 2801 1056 2854 per
1083 2766 1325 2845 sanctam
1347 2795 1701 2852 obedientiam

98 2863 362 2936 prtecipio
402 2877 661 2936 quatenus
725 2874 1092 2942 prtelationem
1155 2901 1315 2954 quam
1359 2903 1496 2943 nunc
1541 2891 1698 2946 habes
1726 2911 1772 2974 ρ
1804 2897 1920 2954 rico

101 2951 358 3020 retineas,
396 2970 488 3009 nec
516 2973 653 3027 eam,
693 2963 797 3018 nisi
832 2973 922 3021 tuo
934 2967 1154 3037 jubente
1173 2974 1382 3044 abbate,
1406 2982 1695 3050 quomodo-

95 3040 229 3096 libet
264 3045 519 3115 deseras;
555 3061 606 3106 et
633 3054 682 3107 si
711 3059 924 3126 quando
954 3062 1118 3131 fueris
1154 3065 1225 3120 ad
1260 3069 1513 3139 majorem
1543 3091 1696 3130 voca-

93 3143 208 3204 tus,
257 3155 377 3194 eam
425 3145 690 3216 suscipere
743 3151 1048 3211 nullatenus
1097 3159 1320 3218 abnuas.
1387 3163 1508 3220 Scio
1552 3158 1694 3223 enim

93 3227 240 3294 quod
274 3230 332 3284 in
359 3231 458 3286 hac
494 3249 652 3306 quam
686 3247 826 3296 tenes
864 3250 966 3299 non
1005 3247 1099 3302 diu
1131 3253 1387 3323 manebis,
1419 3272 1594 3312 rerum
1619 3261 1690 3314 ad

95 3318 348 3378 altiorem
368 3328 700 3397 prtelationis
726 3337 952 3406 gradum
982 3356 1086 3396 non
1112 3355 1230 3414 post
1261 3348 1488 3404 multum
1507 3368 1691 3422 prove-

91 3410 260 3470 heris.
289 3415 493 3482 Quibus
526 3424 728 3481 auditis
757 3442 776 3482 .°
817 3427 927 3498 Va:,
971 3410 1163 3506 inquit,
1209 3437 1399 3494 misero
1423 3410 1588 3498 mihi!
1618 3444 1686 3500 In

87 3510 152 3556 eo
182 3507 327 3577 quod
354 3521 506 3579 porto
531 3513 761 3584 deﬁcio;
797 3529 847 3574 et
880 3524 927 3576 si
961 3528 1174 3596 gravius
1203 3530 1495 3602 imponitur
1529 3553 1684 3606 onus,

91 3597 314 3666 rejicere
341 3619 445 3657 non
489 3608 678 3663 audeo.
721 3609 928 3683 Repetit
979 3621 1178 3688 praesul
1227 3597 1481 3695 edictum,
1531 3641 1602 3698 et,
1625 3634 1684 3688 ut

87 3691 288 3760 primo,
312 3694 464 3764 jubet
493 3714 558 3752 ne
595 3706 1041 3774 transgrediatur.

162 3782 253 3838 16.
293 3784 503 3846 Meritis
529 3794 714 3864 itaque
734 3797 927 3866 plenus
946 3809 1003 3856 et
1031 3804 1195 3860 annis
1223 3809 1454 3868 antistes
1476 3812 1680 3872 Mauris

86 3870 198 3931 lius
229 3891 263 3933 e
292 3879 433 3937 vivis
465 3887 706 3942 exeessit
741 3904 888 3954 anno
916 3891 1076 3950 1067.
1108 3896 1226 3964 Qua
1254 3900 1310 3959 in
1349 3919 1408 3959 re
1443 3921 1676 3964 consen-

87 3967 235 4025 tiunt
261 3987 454 4031 omnes
476 3987 688 4036 veteres
731 3981 899 4039 simul
947 3996 1000 4042 et
1031 3992 1365 4051 recentiores
1401 3997 1674 4070 historici,

84 4072 285 4128 praeter
349 4068 574 4125 unicum
638 4072 1084 4136 Fiscamnensem
1153 4085 1672 4164 chronographum,

85 4159 237 4211 tomo
267 4155 290 4210 1
329 4157 680 4220 Bibliotheca:
716 4183 872 4226 novae
909 4169 1134 4244 Labbei,
1166 4177 1222 4232 in
1262 4155 1544 4250 quo'beati
1569 4187 1673 4243 viri

83 4244 270 4304 obitus
321 4268 467 4310 anno
512 4263 761 4329 sequenti
796 4267 1056 4326 mendose
1112 4275 1484 4349 consignatur.
1535 4282 1674 4341 Eum
1706 4279 1755 4341 D

84 4351 225 4394 anno
283 4343 444 4412 1067,
474 4364 508 4402 v
558 4348 692 4406 Idus
745 4355 974 4430 Augusti

73 4426 193 4495 jam
219 4434 484 4492 uicturum
521 4440 744 4498 liberum
767 4457 818 4501 et
835 4426 1152 4520 gaudentem
1175 4426 1459 4518 decessisse
1481 4467 1674 4523 scribit

85 4516 404 4584 Guillelmus
429 4516 858 4605 Gemeticensis,
888 4540 1028 4598 libro
1057 4561 1163 4611 vn,
1206 4563 1328 4620 cap.
1367 4516 1667 4626 58',unem

82 4613 236 4667 annis
261 4615 542 4674 duodecim
569 4631 798 4695 tempore
846 4628 1094 4705 Victoris,
1134 4613 1420 4710 Stephani,
1448 4643 1610 4701 Nico!

81 4709 129 4752 et
149 4703 442 4766 Alexandri
470 4729 733 4783 paparum
773 4719 1024 4781 floruisse
1046 4703 1124 4784 ait
1147 4703 1442 4791 Ordcricu's
1469 4734 1664 4796 Vitalis

85 4789 219 4851 libro
246 4815 300 4866 ν,
329 4802 605 4874 breveque
650 4808 822 4879 ipsius
848 4813 1082 4885 elogium
1112 4815 1202 4876 his
1237 4789 1456 4884 duobus
1481 4789 1656 4890 versi-

83 4878 180 4942 bus
205 4896 635 4964 comprehendit.

213 4980 422 5040 Pratsul
449 4985 753 5058 Mamilius,
783 4989 1030 5065 doctrina,
1063 5007 1194 5063 luce
1225 5006 1478 5081 refertus,

210 5071 445 5132 Moribus
471 5079 682 5135 eximiis
703 5083 964 5158 prie/alsit,
995 5113 1062 5166 ει
1093 5071 1309 5152 actibus
1347 5071 1524 5161 almis.

79 5156 286 5221 Atlibro
327 5185 383 5224 IV
416 5168 490 5223 ad
513 5183 710 5227 annum
742 5173 869 5228 l067
885 5156 958 5236 de
998 5156 1280 5267 Véjusdem
1557 5201 1664 5255 viri

73 5251 209 5308 obitu
237 5262 394 5327 paulo
446 5259 620 5316 msius
659 5265 777 5337 agit,
826 5251 1070 5364 ibique"
1091 5277 1265 5337 refert
1313 5251 1659 5364 epitaphium

1099 751 1294 806 steculo
1335 756 1540 826 relicto,
1591 761 1750 820 Becci
1849 780 1900 824 et
1927 789 2085 846 super

139 817 447 874 monachus
496 822 670 892 factus
696 838 776 882 est
813 849 954 887 anno
988 841 1166 895 tetatis
1219 860 1333 900 sua:
1378 850 1628 921 vigesimo
1665 873 1746 910 se-

133 907 341 974 ptimo.
358 911 620 972 Eumdem
646 921 853 991 postea,
877 928 1113 996 priorem
1145 943 1464 996 monasterii
1485 945 1740 1018 electum,

131 1014 170 1054 a
200 1001 534 1062 clintittenda
559 1008 792 1070 fratrum
817 1033 1046 1077 suorum
1084 1041 1214 1083 cura
1252 1034 1469 1102 avertit,
1509 1046 1567 1092 ut
1597 1039 1739 1098 idem

130 1089 454 1152 Eadmerus
478 1114 684 1160 narrat.
712 1105 817 1162 Sed
839 1127 979 1180 cum,
1019 1115 1217 1189 inquit,
1247 1123 1569 1184 Ansclmum
1601 1132 1740 1189 inter

130 1184 257 1240 lucc
287 1189 494 1246 diversa
539 1195 864 1256 diversorum
895 1184 1113 1277 negotia
1147 1213 1461 1287 fatigarent,
1507 1231 1559 1276 et
1604 1241 1736 1281 non-

127 1282 412 1350 nunquam
443 1280 591 1341 illius
622 1302 843 1348 mentem
863 1313 896 1350 a
921 1314 1020 1353 sua
1048 1305 1220 1372 quiete
1246 1312 1538 1377 turbarent,
1564 1320 1734 1373 consi-

120 1373 273 1427 lium
303 1392 460 1446 super
488 1379 571 1434 his
603 1401 635 1436 a
677 1389 986 1456 supradicto
1008 1401 1316 1457 veneranda:
1339 1409 1605 1463 memoria:
1634 1428 1726 1465 ar-

118 1465 466 1539 chiepiscopo
503 1471 938 1551 Rothomagensis
976 1483 1232 1546 Ecclesia:
1262 1493 1520 1553 Maurilio
1550 1513 1728 1571 postu-

116 1558 346 1614 laturus
391 1562 776 1641 Rothomagum
827 1577 985 1631 venit.
1042 1579 1276 1656 Cumque
1335 1591 1419 1643 sui
1472 1558 1724 1652 aduentus
1759 1563 1802 1621 Β

116 1653 353 1708 causam
383 1660 626 1729 pontiﬁci
650 1679 951 1738 exponeret,
981 1689 1044 1726 ac
1082 1653 1222 1731 inter
1254 1681 1409 1736 verba
1439 1701 1535 1753 pro
1559 1690 1724 1744 antis-

115 1761 184 1800 sa
213 1749 304 1801 sui
341 1758 512 1805 status
539 1759 934 1828 tranquillitate
964 1766 1414 1830 vehementissime
1442 1778 1613 1846 ﬂeret,
1655 1783 1720 1836 ab

115 1853 286 1894 onere
334 1843 690 1915 prtelationis,
727 1854 868 1922 quod
903 1857 1010 1911 sibi
1046 1860 1319 1928 fatebatur
1355 1868 1716 1944 importabile,

113 1938 178 1982 ut
238 1931 463 1989 relevari
508 1952 797 1998 mereretur
831 1963 1143 2021 magnopere
1187 1958 1340 2027 ccepit
1393 1977 1596 2032 rogare.
1650 1968 1716 2021 At

112 2020 235 2089 ille,
259 2026 422 2080 sicuti
461 2031 542 2084 vir
574 2049 782 2105 magna:
817 2020 1120 2099 sanctitatis
1149 2062 1168 2099 .'
1213 2020 1366 2118 Noli,
1408 2020 1600 2125 inquit,
1633 2060 1716 2126 ﬁli

112 2116 193 2169 mi
225 2111 561 2192 charissim,
593 2129 733 2196 quod
777 2129 973 2201 quieris
1019 2150 1273 2210 quaerere,
1310 2159 1403 2199 nec
1441 2157 1489 2202 te
1523 2168 1556 2204 a
1588 2154 1712 2206 sub-

1859 506 2088 566 caverat,
2131 502 2369 563 delatum
2414 526 2515 584 est,

1857 676 2106 741 llerluini

1847 873 1928 918 est
1953 880 1974 919 .‘

2026 961 2267 1023 Humani
2290 973 2446 1041 cives,
2481 977 2775 1052 lact-gntum
2804 991 2969 1050 nolite
2995 1013 3186 1071 negare

2103 1056 2284 1116 Vestro
2320 1072 2582 1141 pontiﬁci,
2619 1076 2876 1139 Maurilio
2915 1056 3204 1152 monacho:~

2020 1147 2179 1206 Hunc
2199 1153 2375 1214 Remis
2396 1167 2596 1236 genuit,
2627 1173 2929 1233 studiorum
2957 1181 3123 1255 Legia
3154 1195 3338 1250 nutriat

2086 1241 2304 1303 Petavit
2333 1254 2514 1323 triﬁdo
2548 1259 2692 1328 fonte
2717 1241 3111 1343 philosophicvo.

2025 1333 2178 1392 Vobis
2205 1341 2341 1398 hanc
2365 1348 2530 1404 (edem
2554 1333 2776 1425 emptam
2804 1333 3055 1431 perduxit
3081 1374 3151 1425 ad
3186 1391 3431 1450 unguem,

2080 1427 2105 1450 ,
2132 1435 2258 1450 _,._.
2576 1447 2586 1450 -

2072 1427 2293 1489 Laetitia
2326 1455 2518 1511 magna
2555 1447 2678 1515 fecit
2703 1461 2758 1505 et
2778 1427 3031 1516 enecenia.

2079 1614 2314 1690 Transit,
2337 1627 2464 1681 etin
2491 1629 2637 1687 ctelis
2662 1614 2850 1694 laurea
2878 1643 3015 1711 festa
3043 1650 3191 1708 colit.

1899 1701 1987 1758 l7.
2028 1701 2346 1770 Monasticie
2403 1717 2528 1776 vita:
2591 1729 2849 1787 exercitia
2897 1733 3208 1800 Maurilium
3259 1753 3426 1808 etiam

1824 1795 2297 1899 archiepiscopum
2356 1809 2500 1868 haud
2531 1815 2812 1879 dimisisse
2866 1839 3064 1897 prater
3108 1837 3212 1892 alia
3261 1857 3427 1916 argu-

1824 1897 2005 1942 menta
2035 1904 2100 1945 ex
2131 1897 2197 1948 eo
2225 1898 2442 1966 probari
2468 1916 2646 1973 potest
2668 1914 2816 1980 quod
2861 1917 2950 1973 vix
2991 1936 3274 1996 nunquam
3303 1897 3426 2002 e‘j’us

1822 1990 2020 2034 nomen
2064 1986 2206 2054 apud
2251 2003 2465 2048 coaevos
2515 2009 2770 2059 auctores
2800 2007 3008 2080 absque
3059 1986 3424 2080 inonachaius

1819 2069 2095 2129 mentione
2123 2075 2351 2148 legatur.
2397 2081 2511 2142 Hoc
2540 2101 2686 2159 patet
2713 2109 2778 2168 ex
2808 2069 2935 2168 ejus
2959 2069 3420 2178 epitaph—iubis;

1819 2161 1976 2218 nobis
2001 2165 2192 2236 relato,
2219 2171 2361 2230 sicut
2391 2187 2446 2232 et
2468 2194 2532 2234 ex
2562 2182 2686 2240 aliis
2715 2186 2990 2248 Guillelmi
3023 2198 3420 2265 Gemeticensis

2204 2261 2394 2324 Vitatis
2425 2277 2850 2366 quamplurimis
2900 2289 3254 2362 testimoniis,
3293 2314 3418 2370 qua:
3457 2334 3459 2336 -

1813 2261 1868 2308 et
1892 2251 2137 2314 0rderici

1814 2344 2019 2412 passim
2047 2349 2101 2404 in
2128 2351 2232 2410 hoc
2261 2356 2440 2429 elogio
2463 2344 2814 2432 protulimus.
2845 2371 2903 2430 In
2935 2379 3212 2441 Chronico
3237 2344 3414 2448 (Σἆὶοδ

1813 2439 1986 2495 mensi
2020 2442 2255 2514 legitur:
2290 2464 2438 2506 anno
2469 2455 2608 2510 1067
2635 2461 2743 2516 obit
2785 2465 3078 2528 Maurilius
3121 2439 3411 2538 llo—thiam;-

1807 2533 1980 2598 gensis
2009 2537 2381 2612 archiprtesul,
2429 2553 2716 2610 monachus
2747 2556 3166 2625 Fisca'mnensis.
3203 2571 3406 2632 Eadem

1801 2803 2164 2878 Conquazstor
2190 2820 2351 2874 morti
2379 2826 2685 2898 proximus,
2716 2843 2775 2888 ut
2793 2835 2908 2906 jam
2935 2855 3101 2912 supra
3130 2861 3195 2901 ex
3231 2848 3403 2908 Ordea

1962 2903 2400 2981 observavimus,
2450 2915 2767 2980 lllaurilium
2823 2933 3170 2991 venerabilem
3228 2958 3401 2998 αεηοδ

1799 2988 1968 3045 bitam
2002 2991 2262 3055 Ecclesiae
2293 3001 2722 3085 Rothomagensi
2757 2988 3396 3105 archiepiscopumupiiti‘

1795 3096 2020 3141 curasse
2051 3088 2156 3145 sibi
2181 3095 2506 3164 gratulatur.

1864 3175 1952 3232 1⁸·
1994 3176 2096 3237 Hic
2147 3199 2313 3254 Porro
2355 3205 2471 3248 rem
2524 3196 2720 3257 miram
2771 3205 3023 3268 omittere
3080 3230 3190 3274 non
3241 3220 3390 3293 licet,

1868 3279 1952 3293 -_.
2005 3272 2170 3293 --ιω
2225 3288 2237 3293 -
2472 3287 2485 3293 -
2607 3290 2656 3293 __

1789 3274 1977 3338 Quam,
2004 3272 2275 3335 referente
2307 3273 2581 3345 Willelmo
2606 3290 3101 3376 Malmesburiensi,
3137 3310 3280 3369 libro
3325 3272 3388 3372 :Ii

1787 3356 1866 3414 De
1889 3364 2057 3432 gestis
2082 3383 2267 3439 regum
2291 3374 2519 3447 Anglize,
2561 3385 2726 3452 paulo
2747 3399 2874 3448 ante
2894 3356 3388 3462 Mauri-liiubb‘itu'rii

1787 3454 2084 3527 contigisse
2133 3462 2418 3524 discimus.
2479 3471 2654 3538 Quam
2701 3481 2867 3538 etiam
2923 3501 2990 3542 ex
3031 3492 3220 3550 codice
3275 3513 3382 3556 ms.

1787 3545 1960 3600 sancti
2005 3545 2244 3614 Victoris
2292 3555 2619 3622 Parisiensis
2659 3581 2848 3628 noster
2886 3574 3042 3649 Hugo
3093 3581 3386 3648 Menardus

1785 3631 1840 3688 in
1888 3635 2202 3708 Appendice
2247 3648 2314 3702 ad
2373 3652 2783 3718 observationes
2831 3665 2885 3721 in
2935 3631 3380 3752 Martyrologium

1786 3721 2163 3752 Πληηλιεμεμηη
2255 3738 2271 3752 ι
2402 3743 2414 3752 .
2491 3745 2501 3752 .

1782 3721 2193 3790 Beuedictinum
2237 3738 2549 3813 descripsit,
2596 3759 2651 3803 et
2698 3752 3019 3820 Pomeraius
3048 3721 3102 3821 iii
3142 3721 3382 3832 llistioria

1781 3818 2319 3896 archiepiscoporum
2363 3832 2889 3914 Rothomagensium
2931 3869 2998 3909 ex
3047 3858 3220 3918 altero
3269 3881 3375 3924 ms.

1779 3913 1987 3984 codice,
2030 3920 2236 3978 scilicet
2276 3941 2341 3980 ex
2383 3928 2711 3994 bibliotheca
2761 3944 3090 4008 cathedralis
3124 3953 3380 4018 Ecclesia:

1779 4000 2257 4083 Rothomagensis,
2301 4019 2497 4091 gallica
2545 4025 2804 4091 idiomate
2849 4039 3055 4112 edidit;
3109 4049 3203 4104 sed
3255 4067 3375 4109 eam

1778 4094 2076 4171 Willelmi,
2139 4116 2325 4178 utpote
2398 4120 2642 4176 auctoris
2725 4094 3135 4206 antiquissimi,
3192 4144 3376 4201 verbis

1777 4190 2086 4252 referimus.
2145 4196 2236 4257 Sic
2293 4203 2478 4278 itaque
2535 4211 2744 4272 habet:
2810 4190 3074 4296 Malgerio

1783 4283 2072 4347 Maurilius
2097 4291 2497 4358 Fiscamnensis
2520 4311 2832 4382 monachus,
2860 4319 3042 4372 multis
3068 4323 3374 4395 uirtutibus,

1773 4480 1955 4525 sancte
1976 4484 2154 4529 actam
2187 4479 2376 4548 vitam,
2397 4501 2518 4539 cum
2544 4489 2615 4542 ad
2635 4501 2949 4566 extremum,
2994 4500 3105 4556 Deo
3133 4518 3378 4580 vocante,

1773 4561 2015 4629 venisset,
2065 4565 2223 4620 vitali
2265 4571 2509 4639 priuatus
2556 4576 2762 4649 halitu,
2807 4561 2971 4653 ferme
3015 4589 3246 4649 dimidia

1611 4646 1667 4703 ai
1759 4645 1935 4720 jacuit
1968 4653 2269 4726 defunctus.
2320 4659 2687 4727 Verumtamen
2720 4690 2840 4729 cum
2856 4677 2977 4746 jam
3001 4694 3288 4752 pararetur
3319 4693 3395 4754 in

1765 4741 2044 4799 ecclesiam
2067 4747 2221 4818 ferri,
2251 4752 2435 4809 anima
2470 4773 2741 4835 resumpta
2763 4766 3170 4826 circumstantes
3196 4773 3422 4856 lacry‘

1770 4852 1816 4856 __
2111 4841 2147 4856 ..
2307 4844 2328 4856 .
2382 4845 2416 4856 ..

1767 4837 1953 4894 mabili
1982 4841 2180 4911 gaudio
2197 4844 2462 4919 perfudit,
2503 4863 2768 4927 stupentes
2801 4859 2898 4916 hoc
2933 4879 3168 4919 sermone
3195 4837 3449 4942 conj);

1770 4926 1921 4982 borat
1948 4945 1968 4982 :
2004 4931 2210 4988 Attenti
2255 4935 2438 4994 animo
2474 4926 2661 5017 estote,
2711 4947 2902 5008 ultima
2933 4955 3170 5026 pastoris
3218 4973 3468 5027 υεεικς

1765 5023 1920 5076 verba
1941 5024 2280 5094 excipientes.
2328 5027 2591 5096 Naturali
2630 5051 2800 5098 morte
2834 5023 3098 5105 resolutus
3140 5049 3222 5119 [ui

1765 5123 1823 5168 ut
1877 5116 2022 5171 vobis
2079 5118 2386 5176 intimarent
2440 5146 2559 5200 qute
2607 5134 2721 5192 vidi
2771 5139 3018 5198 reductus
3061 5158 3222 5208 sum;

3327 148 3468 216 i386

1792 219 1835 276 Α
1865 217 2094 287 Augusti
2121 225 2400 300 ad_Deum,
2433 241 2520 294 cui
2548 243 2640 298 diu
2663 248 2936 321 servierat,
2960 256 3226 331 migravit.
3261 265 3464 343 Corpus

2925 314 2934 321 ,
3033 316 3055 331 υ
3263 314 3462 343 ,.-.,,...

1864 325 1982 363 vero
2015 314 2130 383 ejus
2165 321 2220 374 in
2244 328 2533 400 episcopali
2557 339 2800 414 ecclesia,
2824 361 2980 417 quam
3010 354 3118 422 ipse
3145 369 3268 414 ante
3294 379 3462 422 armos

2781 401 2800 414 ,
2835 401 2847 417 ,
3010 401 3114 422 τ--
3145 401 3263 414 νην
3294 401 3462 422 -..ηυσ

1860 401 2087 474 quinque
2113 409 2404 474 indictione
2432 437 2448 476 l
2473 439 2675 485 sancta:
2695 431 2794 489 Dei
2814 442 3059 508 genitrici
3090 446 3281 507 Maria:
3303 455 3462 513 dedi.

2551 530 2604 574 et
2650 535 2772 581 ante
2815 536 3132 604 cruciﬁxum
3171 543 3462 621 honoriﬁce

1858 589 2180 650 tumulatum
2201 609 2298 655 est.
2358 603 2708 681 Epitaphium
2739 631 2914 678 autem
2942 589 3058 697 ejus
3102 650 3136 687 a
3185 589 3459 698 Richai'do

1866 676 1935 698 ..ί
1977 682 1989 698 .
2036 684 2048 696 .
2096 689 2106 698 .
2150 690 2218 698 -.-
2334 697 2337 698 ν

2133 690 2250 758 filio
2286 697 2525 766 ejusdem
2574 708 2810 766 ecclesia:
2837 724 3091 777 canonico
3125 727 3326 784 editum
3356 747 3456 802 est,

3243 781 3322 784 ννητ
3357 781 3451 802 -ννι

2111 781 2284 849 ipsum
2305 787 2360 841 in
2391 795 2543 861 cupri
2562 794 2779 857 laminis
2823 822 2889 859 ea:
2923 827 3056 867 auro
3088 819 3167 872 sic
3191 827 3451 897 scriptum

2009 1518 2142 1576 Cum
2173 1527 2291 1596 tibi,
2316 1529 2592 1605 Laurenti,
2624 1543 2808 1614 vigilat
2834 1550 2976 1618 plebs
3001 1556 3177 1614 sobria
3205 1561 3427 1636 Christi,

3460 5014 3481 5050 ι

1770 5207 2048 5280 aliquanto
2069 5210 2276 5266 diutius
2295 5215 2607 5297 subsistam,
2636 5227 2770 5300 quia
2804 5231 2860 5285 in
2880 5233 3113 5290 Domino
3137 5207 3479 5320 sopora:

1769 5299 2017 5356 delectat.
2045 5300 2306 5359 Ductores
2336 5313 2566 5364 spiritu.
2588 5299 2696 5364 ,ιιρί
2717 5321 2946 5364 muns...
2977 5337 3026 5364 οι
3051 5325 3295 5364 ..οειειηη

3237 5093 3254 5120 ⁹
3307 5079 3488 5143 εθτί

3309 5171 3496 5240 ἰρι

3483 5274 3503 5328 i
