4020 5364
543 117 684 173 1387

1038 116 1099 172 n.
1139 108 1454 173 MAURILII
1493 111 1814 172 ARClllEP.
1855 110 2516 205 ROTHOMAG.;EPIST.
2556 118 2647 172 so
2686 118 2902 176 EPISC.
2946 116 3224 179 cuncto.

3706 121 3844 179 1380

541 232 990 289 assentationibus
1010 232 1245 305 gavisus,
1265 230 1433 299 ibam,
1452 238 1512 285 ttt
1533 245 1646 285 vere
1678 228 1810 284 mihi
1839 226 2136 296 videbatur,
2168 230 2214 291 Α
2243 236 2359 283 tum
2397 230 2583 286 decore
2617 240 2858 299 ornatus,
2901 232 3183 312 charitatis
3211 232 3651 306 abstinentia-que
3674 236 3845 291 altor

538 342 717 381 versus
749 323 1042 380 Orientem.
1086 322 1510 379 Promittebatur
1543 322 1673 377 mihi
1725 322 1871 376 sedes
1916 320 2140 390 paradi—

536 419 688 477 siaca
714 434 818 472 non
840 419 1006 471 multo
1033 425 1150 487 post
1176 414 1466 479 intranda;
1496 415 1554 468 in
1577 422 1837 469 momento
1866 413 2141 491 praeterita

538 510 779 582 Europa,
808 509 1033 581 ingressi
1078 509 1287 573 Asiam,
1333 507 1567 562 venimus
1601 503 2009 577 Ierosolgmam,
2063 503 2139 558 ibi

532 602 735 657 sanctis
785 600 1029 656 adoratis
1084 597 1379 654 Iordanem
1421 598 1779 671 pertendimus
1804 613 1824 651 :
1873 596 2137 651 citerioris

531 701 667 770 ripa
712 698 928 767 accola,
958 699 1238 753 ductorum
1293 713 1528 752 meorum
1578 696 1920 751 contubernio
1967 695 2134 759 misti,

528 788 721 844 lmtum
763 797 953 844 cretum
1000 788 1186 858 fecere.
1226 785 1339 858 Ego
1395 786 1596 841 visendi
1644 785 1903 841 ulteriora
1956 784 2135 838 studio

528 880 822 937 transitum
849 878 1204 933 maturabant.
1234 878 1378 934 Tunc
1400 880 1615 933 comites
1638 877 1806 932 Deum
1828 877 2134 948 prcecepissc

535 974 712 1044 ferunt
738 981 796 1027 ut
842 982 965 1027 ante
1004 972 1302 1027 daemonum
1348 972 1544 1027 visione
1576 972 1919 1043 terriﬁcarer,
1949 980 2137 1043 quate-

533 1084 631 1122 nus
661 1066 888 1122 veniales
918 1065 1109 1136 σαίρω,
1151 1082 1282 1137 quas
1331 1066 1660 1137 confessione
1711 1081 1813 1119 non
1842 1064 2130 1132 dilueram,

531 1175 722 1231 pavore
766 1158 1151 1213 horrendarum
1212 1159 1508 1228 formarum
1570 1168 1944 1230 purgarentur.
1997 1157 2132 1214 Cum

531 1252 676 1306 dicto
712 1252 887 1305 astitit
919 1250 1080 1305 alteri
1104 1252 1247 1321 parti
1272 1260 1424 1306 tanta
1474 1252 1775 1307 dwmonum
1804 1254 1880 1308 vis
1907 1252 2132 1307 hastilia

532 1352 690 1398 acuta
721 1342 1066 1410 vibrantium,
1113 1344 1257 1414 ignes
1300 1344 1609 1414 amantium,
1662 1353 1721 1397 ut
1744 1361 1871 1416 ager
1905 1344 2127 1413 ferreus,

528 1453 621 1490 aer
643 1437 921 1506 ﬂammeus
946 1437 1226 1491 videretur.
1254 1434 1455 1491 Eorum
1486 1436 1702 1491 horrore
1730 1438 1813 1491 ita
1854 1454 1971 1491 sum
1997 1436 2131 1507 aﬂ'e-

527 1538 665 1595 ctus,
700 1537 759 1582 ut
786 1530 831 1582 si
858 1537 998 1583 terra
1023 1529 1332 1596 dehisceret,
1371 1530 1417 1583 si
1444 1529 1631 1583 emtum
1670 1539 1977 1599 putesceret,
2015 1539 2128 1584 tuto

2162 1576 2203 1635 ll

2243 322 2490 393 insignis,
2530 324 2593 378 de
2629 325 2783 394 cujus
2814 336 3000 381 sancta
3027 328 3417 381 conversatione
3445 327 3705 397 prcecelsa
3729 329 3846 384 tu-

2242 414 2369 468 dum
2414 418 2679 486 prtcconia
2723 419 2987 488 feruntur.
3039 418 3241 475 Eadem
3289 421 3400 476 fere
3451 422 3651 493 repetit
3704 423 3848 478 libro

2241 515 2438 576 quarto
2471 506 2546 563 De
2591 509 2723 564 viris
2770 510 3074 566 illustribus
3102 512 3313 567 ordinis
3340 514 3517 568 nostri
3546 530 3671 587 cap.
3718 516 3841 571 120.

2242 594 2380 654 Hinc
2428 613 2626 655 nomen
2657 601 2778 671 ejus
2809 603 2863 657 in
2892 602 3061 658 variis
3094 601 3497 675 Martyrologiis
3544 604 3850 664 Gallicanis

2239 694 2294 739 et
2324 689 2647 744 monasticis
2691 690 3017 760 inscriptum
3062 693 3354 762 reperitur,
3380 695 3472 750 die
3502 696 3539 751 9
3584 696 3844 769 Augusti.

2238 794 2349 848 quo
2371 779 2662 838 defunctus
2684 793 2769 838 est
2794 802 2808 838 :
2856 784 3111 854 quamvis
3140 785 3256 852 alii,
3288 787 3585 843 occasione
3616 790 3849 847 alterius

2238 869 2493 939 Maurilii,
2530 875 2851 930 memoriam
2887 876 3009 945 ejus
3035 877 3125 932 die
3172 878 3238 932 15
3290 877 3638 949 Septembris
3691 899 3847 939 reco-

2237 960 2373 1028 lant,
2394 971 2559 1034 atque
2587 964 2689 1020 hac
2710 964 2826 1035 ipsa
2856 965 2945 1021 die
2969 966 3113 1037 apud
3131 966 3443 1025 Ferrarinm
3470 984 3838 1029 memoratur.

2235 1051 2528 1112 Bueelinus
2572 1072 2698 1111 eum
2726 1048 2971 1129 utraque
2991 1059 3081 1115 die
3123 1044 3381 1127 celebrat,
3431 1063 3549 1133 imo
3573 1074 3632 1119 et
3660 1066 3754 1121 die
3776 1068 3843 1121 26

2236 1145 2518 1204 Februarii
2588 1148 2902 1207 Mamilium
2972 1155 3305 1211 monachum
3387 1156 3838 1217 Fiseamnenseni

2234 1249 2524 1308 memorat,
2584 1243 2746 1313 quasi
2796 1244 2844 1300 is
2895 1245 3036 1301 alius
3068 1256 3213 1303 esset
3252 1248 3323 1303 ab
3373 1250 3838 1324 archiepiscopo:

2233 1336 2321 1399 cui
2354 1336 2648 1404 visionem,
2677 1354 2845 1408 quam
2876 1355 3044 1411 supra
3084 1355 3151 1395 ex
3191 1340 3469 1397 Willelmo
3503 1342 3839 1403 Malmesbu-

2231 1430 2398 1485 riensi
2429 1430 2841 1502 descripsimus,
2893 1434 3160 1489 attribuit.
3205 1433 3341 1490 Eum
3391 1437 3564 1491 etiam
3615 1439 3724 1494 bac
3748 1455 3841 1496 oc-

2231 1523 2454 1580 casione
2493 1532 2762 1580 memorat
2805 1523 3105 1581 Bollandus
3132 1526 3272 1582 inter
3302 1530 3716 1598 praetermissos
3753 1534 3841 1589 die

525 1621 657 1676 mihi
708 1620 984 1693 utrobique
1040 1621 1409 1692 refugiendum
1466 1638 1570 1676 non
1626 1622 1966 1677 testimarem.
2036 1621 2126 1676 Ita
2162 1614 2300 1671 “'26
2328 1615 2637 1673 Februarii.
2685 1615 2948 1671 Eumdem
2992 1626 3245 1685 sanetum
3282 1620 3591 1676 antistitem
3642 1621 3839 1679 tratus

524 1713 886 1779 meticulosus,
938 1713 1066 1767 dum
1124 1729 1226 1784 quo
1289 1713 1486 1768 vadam
1528 1712 1734 1780 dubito,
1788 1722 2015 1785 repente,
2068 1721 2126 1767 ut

524 1807 647 1877 [al.,
673 1804 766 1877 ad]
801 1806 913 1861 lucc
934 1806 1112 1859 dicens
1136 1815 1320 1859 vestra:
1360 1804 1525 1860 saluti
1556 1806 1660 1860 nisi
1691 1805 1955 1877 negligitis
2001 1822 2128 1860 con-

521 1899 773 1964 sulerem,
796 1897 1025 1952 halitum
1061 1898 1231 1967 recepi
1248 1898 1524 1968 confestim
1552 1894 1839 1971 effusurus'.
1871 1897 2045 1964 Discit,
2075 1910 2125 1953 et

527 2007 647 2044 cum
698 1991 851 2045 verbo
894 2006 1024 2061 pene
1057 1990 1308 2061 spiritum
1345 1991 1544 2045 emisit.
1586 1988 1790 2061 Corpus
1820 1991 1876 2044 in
1902 1990 2126 2046 ecclesia

526 2081 743 2137 Sancw
796 2080 986 2135 Marica
1033 2090 1156 2135 tunc
1208 2081 1355 2135 humi
1403 2081 1692 2151 defossum,
1738 2082 2021 2149 miraculo,
2066 2091 2124 2136 ut

528 2172 708 2240 aiunt,
734 2172 936 2241 divino,
964 2172 1130 2228 altius
1154 2172 1323 2228 tribus
1362 2172 1583 2244 pedibus
1607 2190 1763 2244 super
1790 2182 1989 2230 terram
2016 2174 2124 2231 ele-

520 2272 703 2318 vatum
729 2274 828 2318 εει.
1398 2336 1403 2347 1
1852 2320 1855 2323 η

591 2355 678 2411 19.
720 2355 858 2412 Cum
909 2371 1042 2413 vero
1086 2356 1325 2417 Maurilii
1390 2372 1549 2414 mors
1593 2357 1730 2415 adeo
1772 2359 2023 2430 pretiosa
2066 2360 2124 2416 in

516 2458 815 2519 conspectu
850 2448 945 2504 Dei
974 2450 1160 2517 fuerit,
1219 2450 1423 2507 mirum
1452 2466 1564 2505 non
1610 2450 1788 2511 estsi
1838 2451 1958 2522 ejus
2002 2468 2126 2508 san-

526 2540 771 2596 ctitatem
794 2543 1002 2612 posteri
1025 2542 1368 2613 agnoverint,
1404 2558 1567 2613 quem
1590 2543 1755 2599 etiam
1791 2546 1984 2621 sancti,
2030 2558 2127 2605 aut

516 2632 663 2689 beati
695 2633 854 2689 titulo
876 2634 1083 2690 donare
1104 2635 1264 2690 veriti
1297 2650 1408 2691 non
1443 2644 1591 2692 sunt.
1639 2635 1801 2692 Sacer
1836 2637 2125 2693 Manrilius

517 2725 589 2781 ab
636 2724 901 2783 0rderico
937 2727 1159 2794 dicitur,
1197 2728 1338 2784 libro
1368 2744 1450 2784 ιιι.
1489 2726 1988 2801 Rothomagensem
2018 2731 2124 2788 Ec-

511 2819 740 2874 clesiam
773 2828 959 2894 sancto
1004 2837 1068 2874 ac
1112 2820 1400 2876 venerabili
1447 2822 1824 2892 archiprtesule
1865 2824 2125 2880 Maurilio

2231 1708 2641 1764 Sammartbani
2683 1717 2738 1764 et
2778 1718 2963 1764 noster
2993 1709 3404 1785 .Pommeraius
3466 1712 3523 1767 in
3560 1716 3839 1787 accitis-pi-

2228 1804 2409 1873 scopis
2440 1802 2991 1873 Rotbomagensibus,
3026 1802 3290 1862 Marlotus
3310 1806 3366 1859 in
3404 1808 3705 1878 metropoli
3736 1807 3833 1864 Re.

2227 1896 2425 1962 mensi,
2475 1895 2677 1966 aliique
2734 1896 2940 1966 passim
2987 1907 3261 1967 auctores,
3316 1915 3460 1969 quos
3505 1886 3831 1973 singillatim

2228 2002 2515 2045 recensere
2568 1988 2762 2043 inutile
2809 1986 2971 2056 foret,
3033 1990 3221 2045 multis
3287 1991 3547 2048 laudibus
3581 1995 3835 2051 celebra-

2227 2088 2375 2135 runt.

2295 2170 2386 2227 20.
2454 2169 2710 2228 Nondum
2774 2179 2960 2228 tamen
3028 2172 3201 2228 ullum
3271 2173 3326 2228 in
3393 2172 3836 2248 Rotbomagensi

2225 2263 2449 2322 ὀίωοεεί
2476 2263 2713 2320 cilicium
2727 2250 3014 2334 publicum
3042 2256 3234 2320 beatus
3255 2263 3544 2321 Mamilius
3566 2267 3835 2336 obtinuit,

2226 2357 2480 2429 quamvis
2506 2357 2627 2429 ejus
2656 2357 2988 2427 sepulcrum,
3038 2357 3185 2428 quod
3230 2358 3392 2430 vulgo
3429 2360 3615 2413 tumba
3656 2365 3831 2415 sancti

2230 2450 2473 2506 Maurilii
2493 2450 2811 2521 appellatur,
2836 2449 2979 2522 apud
2995 2448 3494 2522 Rothomagenses,
3516 2455 3833 2524 prasertim

2227 2559 2259 2598 a
2288 2526 2721 2612 metropolitana:
2762 2540 3008 2596 ecclesia:
3054 2542 3201 2597 clero
3227 2542 3573 2599 venerationi
3610 2560 3831 2615 semper

2227 2634 2475 2690 habitum
2505 2632 2689 2699 fuerit,
2718 2631 2864 2702 quod
2893 2632 3059 2686 etiam
3101 2632 3261 2686 statis
3281 2631 3477 2687 diebus
3504 2631 3831 2689 solemniter

2229 2726 2531 2783 tburilicari
2560 2741 2628 2781 ex
2652 2726 2879 2795 antiqua
2908 2725 3195 2780 traditione
3224 2739 3344 2780 mos
3372 2733 3510 2779 erat.
3546 2722 3659 2780 Sal
3680 2741 3829 2791 cum,

2229 2835 2374 2878 anno
2404 2818 2564 2887 1480,
2591 2817 3063 2889 Rotbomagenses
3093 2816 3343 2874 canonici
3372 2816 3674 2872 Guillelmo
3704 2834 3828 2874 car-

511 2910 788 2967 viduatam
833 2911 1008 2970 fuisse
1059 2914 1252 2969 scribit
1306 2913 1455 2982 Milo,
1510 2931 1630 2985 cap.
1660 2917 1715 2982 5,
1751 2926 1945 2972 auctor
1974 2918 2111 2975 Viue
2139 2933 2182 2993 ο
2214 2915 2380 2978 dinali
2426 2915 2493 2969 de
2544 2912 2826 2967 Stotavilla
2863 2920 2994 2966 tunc
3041 2903 3456 2981 archiepiscopo
3508 2911 3830 2967 concessis-

510 3005 687 3075 saucti
710 3003 1026 3078 Lanlranci,
1066 3005 1168 3076 ipsi
1190 3006 1557 3077 synchronus.
1606 3005 1744 3062 Eum
1776 3007 2113 3066 Tritbemius

512 3093 569 3146 in
610 3093 887 3151 Chronico
920 3094 1294 3168 Hirsaugiensi
1332 3097 1590 3155 editionis
1620 3100 1797 3155 sancti
1843 3099 2005 3168 Galli,
2042 3104 2112 3159 ad

510 3198 718 3238 annum
790 3184 953 3253 1064,
1033 3188 1207 3241 virum
1272 3189 1649 3245 sanctissimae.
1694 3194 2110 3267 conversationis

510 3274 775 3345 appellat,
833 3278 927 3348 qui
983 3290 1196 3350 propter
1246 3280 1547 3336 doctrinam
1591 3292 1641 3337 et
1694 3286 1819 3341 vita:
1865 3287 2112 3343 meritum

509 3365 769 3439 Malgerio
791 3369 1205 3441 archiepiscopo
1239 3372 1572 3431 substitutus
1604 3374 1726 3432 fuit.
1776 3376 1915 3433 Tum
1944 3380 2012 3434 de
2041 3395 2109 3436 eo

508 3454 590 3510 sic
619 3457 849 3513 scribit:
900 3457 1199 3522 Virtutibus
1221 3470 1270 3517 et
1307 3463 1584 3519 miraculis
1636 3465 1813 3521 clarus
1862 3468 2105 3538 habetur,

507 3548 661 3618 cujus
724 3548 883 3605 Gesta
931 3554 1235 3624 conscripta
1291 3564 1435 3609 sunt.
1488 3555 1547 3610 In
1599 3558 1769 3614 veteri
1816 3560 2103 3618 editione:

509 3634 737 3693 Sanctus
782 3639 1072 3698 Maurilius
1095 3659 1160 3697 ea:
1188 3643 1443 3699 monacho
1472 3645 1694 3702 cwnobii
1736 3646 2107 3708 Fiscamnensi

506 3728 710 3786 ordinis
742 3735 911 3788 nostri
934 3735 1379 3807 archiepiscopus.
1409 3775 1422 3792 .
1452 3777 1466 3793 .
1492 3740 1576 3792 vir
1617 3739 1908 3797 multarunt
1936 3745 2105 3798 virtu-

2211 3020 2334 3069 sent
2363 3016 2425 3063 ut
2472 3006 2673 3063 ibidem
2715 3004 3028 3075 sepulcrum
3075 3002 3179 3058 sibi
3210 3011 3581 3069 construeret,
3625 3002 3827 3058 ell‘ossa

2212 3103 2383 3157 humo
2409 3084 2625 3155 loculus
2655 3096 2903 3167 lapideus
2934 3095 3189 3150 inventus
3218 3103 3321 3161 est,
3357 3094 3410 3148 in
3444 3109 3586 3164 quo,
3627 3103 3828 3164 praeter

2214 3194 2362 3251 beati
2392 3191 2495 3247 viri
2520 3206 2668 3261 ossa,
2694 3189 2973 3261 particqu
2994 3188 3187 3260 lignea:
3214 3188 3416 3253 crucis,
3445 3202 3513 3247 ae
3537 3202 3829 3243 sacrarum

2213 3285 2449 3340 vestium
2503 3283 2714 3353 aliquot
2763 3281 3009 3352 reliquiae
3057 3286 3400 3352 supererant.
3468 3276 3703 3334 Positus
3744 3287 3828 3333 est

2213 3383 2397 3430 tamen
2421 3373 2496 3429 ibi
2533 3372 2829 3429 cardinalis
2859 3370 3126 3438 tumulus,
3159 3370 3213 3424 in
3239 3384 3351 3441 quo
3376 3384 3529 3424 anno
3560 3369 3706 3425 1485
3733 3385 3827 3424 cor

2211 3465 2331 3535 ejus
2393 3463 2677 3520 conditum
2733 3471 2859 3531 est;
2923 3463 3020 3520 sed
3085 3463 3202 3517 haec
3248 3461 3436 3517 omnia
3482 3459 3829 3517 Calviniaua:

2210 3567 2371 3615 sectae
2405 3556 2646 3614 bazretici
2671 3572 2819 3612 anno
2852 3556 2992 3612 1562
3018 3556 3406 3621 violaverunt;
3436 3569 3543 3611 nec
3567 3554 3825 3624 deinceps

2209 3652 2319 3707 ulla
2372 3651 2516 3707 beati
2558 3650 2661 3706 viri
2701 3649 3056 3721 reliquiarum
3110 3657 3206 3705 aut
3259 3645 3505 3718 sepulcri
3558 3647 3822 3703 memoria

2208 3744 2497 3816 superfuit.

1081 4028 1535 4169 MAUBILII
1609 4033 2354 4139 ARCHIEPISCOPI
2436 4005 3254 4143 nomentanum

2106 4243 2197 4301 ET

1132 4405 1653 4504 JOANNIS
1724 4413 2217 4512 ABBATIS
2291 4421 3153 4515 FISCAMNENSIS

1708 4594 1709 4597 γ
1805 4630 2495 4751 EPISTOLA

1544 4858 1650 4918 AD
1690 4857 2138 4921 EPISCOPUM
2181 4859 2769 4925 EBROICENSEM.

668 5005 1155 5088 Conquernntur
1184 5014 1353 5096 quod
1379 5017 1735 5081 inconsulto
1768 5020 1987 5083 abbate
2023 5020 2394 5085 monachum
2433 5024 2506 5086 ob
2549 5026 2888 5107 infractam
2919 5028 3178 5090 treviam
3210 5025 3533 5090 mulclace;
3555 5038 3630 5093 tt.

1681 5136 1951 5252 (Maturus.
1982 5185 2203 5254 Anecd.,
2234 5195 2272 5243 t.
2308 5186 2349 5255 1,
2374 5203 2428 5259 p.
2458 5184 2612 5262 206.)

1886 5332 1889 5339 '
1917 5338 2352 5362 *ῆι-...ιο
