4020 5364
432 363 565 425 ιδθι
1525 334 1901 402 RAIMBALDI
1937 337 2236 398 ARELAT.
2277 324 2597 397 ARCHIEP.
3573 318 3718 380 tas:

428 486 592 554 gusto
611 519 626 544 ,
668 484 724 530 et
767 469 938 527 Paulo
969 475 1095 540 post
1128 463 1268 522 sedit
1301 461 1359 517 in
1391 459 1626 516 concilio
1657 455 2018 512 Narbonensi.
2049 462 2100 522 Α
2126 453 2272 509 nodo
2298 451 2586 507 Tolosanaa
2619 461 2820 519 praeses
2861 443 3142 515 delegatus
3172 442 3256 498 est
3277 447 3320 496 "a
3359 446 3501 512 papa
3533 433 3721 495 nostér
3801 465 3808 471 ~

426 530 490 629 in
518 566 837 642 pontificatu
877 530 1009 617 vero
1032 557 1232 630 prioris
1255 553 1490 610 instituti
1513 551 1598 606 sui
1631 563 1862 615 memor;
1895 556 2025 602 dum
2134 543 2487 599 Raimbaldus
2505 550 2765 610 tanquam
2782 546 2989 593 sancta:
3001 535 3146 591 sedis
3166 533 3425 590 vicarius.
3448 533 3555 587 An.
3583 530 3725 586 1060

433 676 634 720 nomen
675 654 1076 720 subscrihebat,
1122 665 1234 705 non
1282 646 1463 703 solum
1493 639 1890 713 archiepiscopi
1933 637 2029 694 sed
2131 634 2348 707 praefuit
2373 632 2606 689 concilio
2629 627 3020 685 Avenionensi.

435 756 600 812 etiam
634 747 891 806 monachi
929 745 1152 801 titulum
1200 740 1401 797 addere
1448 736 1677 792 solebat.
1725 732 1804 787 Ea
1841 731 2031 802 procul
2204 740 2322 795 Non
2352 747 2640 795 contentus
2675 735 2994 792 benefacere
3019 734 3074 789 in
3112 748 3212 789 sua
3234 731 3480 798 ἀίωεεεί,
3527 729 3732 787 funda-

433 846 601 902 dubio
621 842 836 899 ratione
859 839 1195 911 gratificatus
1214 841 1301 889 est
1322 830 1380 886 S.
1407 827 1648 884 Victoris
1673 823 2028 888 monasterio;
2131 835 2212 890 νη
2247 837 2303 890 in
2332 831 2697 904 Foroiuliensi
2727 829 3012 885 ecclesiam
3044 842 3148 898 pro
3185 825 3418 890 clericis,
3447 839 3592 895 quos
3627 825 3736 880 sub

433 937 580 994 dedit
596 935 745 991 enim
760 941 971 1004 partem
1003 943 1170 1001 quam
1183 925 1424 981 habebat
1447 922 1502 976 in
1535 927 1717 976 castro
1733 918 1800 973 de
1828 915 2032 982 Aurim,
2135 926 2372 999 regulari
2408 939 2601 980 norma
2621 921 2972 988 εοηειίιυιοε,
2997 917 3255 973 Ecclesia;
3281 915 3546 971 Romam;
3587 930 3736 971 εεω-

435 1043 583 1086 anno
604 1026 764 1094 1055,
791 1024 978 1080 indict.
1011 1038 1104 1087 Ill;
1135 1018 1281 1075 dedit
1302 1030 1522 1088 quoque
1544 1013 1598 1067 in
1624 1025 1824 1066 manus
1858 1006 2036 1063 Isarni
2137 1035 2236 1092 per
2255 1034 2377 1076 esse
2414 1017 2662 1074 subditos
2687 1013 2878 1085 jussit,
2920 1010 3001 1067 ιηί
3029 1009 3227 1066 scribit
3255 1009 3330 1064 ad
3357 1007 3738 1064 Alexandrum

438 1119 673 1186 abbatis,
710 1132 821 1188 quo
858 1114 1124 1185 magistro
1153 1111 1322 1166 vitam
1370 1107 1593 1164 edoctus
1626 1103 1806 1158 fuerat
1843 1114 2037 1156 mona-
2137 1127 2336 1185 papam
2365 1109 2430 1165 ιι,
2467 1106 2811 1175 Ριιυίηάθίιυθ
2853 1104 2906 1158 id
2944 1102 3170 1158 minime
3215 1099 3420 1155 factum
3455 1107 3597 1154 ,εηιε
3634 1114 3740 1152 an-

440 1220 634 1268 sileam
657 1208 944 1266 ecclesiam
970 1205 1027 1260 S.
1052 1202 1272 1260 Genesii
1302 1215 1398 1257 seu
1422 1197 1479 1253 S.
1504 1195 1798 1262 Honorati,
1828 1199 2039 1250 retento
2140 1221 2274 1262 num
2320 1201 2492 1273 ιοδη,
2535 1214 2648 1272 quo
2689 1198 2979 1253 inchoatur
3025 1193 3318 1248 Alexandri
3361 1191 3740 1262 ροηιῖθεεωςη

441 1320 542 1375 pro
563 1303 725 1358 altari
756 1301 813 1356 S.
868 1297 1131 1368 Stephani
1161 1295 1245 1350 vel
1276 1293 1333 1347 8.
1362 1289 1646 1361 Trepbimi
1674 1302 1844 1346 censu
1873 1283 2042 1340 unius

2170 1298 2371 1353 iratum
2414 1290 2866 1349 fuit‘Alexandro
2905 1285 3211 1342 Raimbaldi
3240 1283 3557 1349 consilium,
3580 1281 3742 1337 idet»

443 1397 598 1452 libra:
632 1393 838 1450 incensi
869 1393 926 1446 in
952 1389 1197 1460 ejusdem
1229 1384 1287 1440 S.
1329 1381 1613 1453 Trophimi
1652 1379 1810 1434 festo.
1844 1375 2046 1432 Obser—

437 1489 674 1562 vatione
691 1486 918 1556 dignum
962 1490 1046 1537 est
1074 1494 1274 1535 nomen
1309 1485 1364 1532 et
1403 1475 1624 1530 titulum
1661 1471 1719 1526 8.
1758 1468 2046 1540 Tropbimi

444 1579 692 1636 ecclesiae
743 1573 1052 1632 Arelatensi
1097 1578 1226 1643 post
1269 1569 1327 1624 8.
1377 1565 1642 1638 Stephani
1688 1578 1886 1619 nomen
1932 1576 2046 1616 non

447 1672 618 1727 fuisse
639 1670 912 1739 adjectum
957 1673 1084 1722 ante
1106 1663 1485 1734 pontiﬁcatum
1512 1656 1691 1712 Pontii
1715 1670 1862 1710 anno
1883 1653 2045 1722 1029,

448 1772 507 1816 ut
528 1761 713 1816 videre
735 1768 818 1815 est
853 1759 907 1812 in
933 1755 1177 1826 ejusdem
1216 1753 1439 1817 charta,
1469 1763 1632 1819 quem
1675 1745 1922 1800 imitatus
1965 1750 2048 1798 est

2143 1406 2251 1463 que
2298 1388 2597 1444 Ecclesiam
2660 1382 3032 1454 Barjolensem
3081 1379 3185 1434 sub
3241 1375 3502 1432 Ecclesia:
3539 1373 3747 1428 Βοιω-

2147 1500 2231 1538 nae
2277 1481 2447 1536 tutela
2491 1476 2777 1547 suscepit;
2822 1482 2872 1529 et
2921 1473 2976 1526 in
3022 1477 3403 1542 argumentum
3445 1465 3750 1535 subjectio-

2147 1577 2235 1632 nis
2272 1587 2518 1630 annuum
2550 1583 2775 1626 censum
2807 1563 3018 1622 denarii
3053 1561 3205 1617 aurei
3240 1559 3547 1629 imperavit.
3597 1556 3751 1612 Idem

2148 1665 2596 1736 archiepiscopus
2631 1660 2699 1715 ad
2748 1657 3144 1713 canonicorum
3190 1650 3527 1723 regularium
3579 1649 3746 1704 iusti-

2154 1768 2331 1814 tutum
2379 1750 2816 1824 amplectendum
2862 1745 3090 1817 majoris
3138 1741 3394 1798 Ecclesiae
3443 1739 3753 1794 canonicos

449 1851 826 1909 Raimhaldus.
865 1819 1190 1902 Ann01057
1216 1840 1513 1899 subscribit
1552 1837 1749 1893 litteris
1771 1833 2046 1890 Gauffredi
2083 1819 2122 1877 Β
2151 1847 2400 1913 “dum,
2433 1819 2636 1916 qgibu,
2661 1839 3001 1904 wmelmus,
3032 1831 3392 1889 Massiliensis
3414 1831 3754 1890 νίρεεοωεε,

449 1954 505 1998 et
525 1938 1095 1998 Bertrandi-cornitum
1118 1931 1422 1988 Provinciae
1440 1944 1541 2001 pro
1561 1923 1913 1983 Cluniacensi
1931 1937 2051 1977 mo-

452 2033 714 2099 nasterio,
742 2047 809 2086 ex
837 2029 1084 2100 ejusdem
1116 2024 1335 2080 tabulis.
1364 2022 1524 2075 Anno
1555 2017 1714 2085 1040,
1740 2015 1924 2070 idibus
1946 2012 2051 2067 0c-

453 2127 653 2192 tobris,
686 2122 862 2179 adfuit
896 2117 1226 2176 dedicationi
1256 2115 1499 2170 basilicae
1533 2110 1590 2166 8.
1637 2107 1872 2164 Victoris
1905 2105 2052 2160 Mas-

456 2217 698 2273 siliensis
721 2229 883 2284 opera
912 2208 1190 2266 Benedicti
1225 2222 1378 2277 papae
1400 2203 1492 2258 1X.
1526 2201 1730 2257 Eodem
1767 2213 1933 2265 anno,
1964 2197 2053 2252 in-

456 2309 695 2366 dictione
714 2322 835 2372 vm,
860 2299 1292 2360 controversiam
1321 2295 1542 2353 diremit
1575 2295 1716 2348 inter
1749 2290 2057 2346 Massilien-

460 2419 551 2460 ses
577 2411 633 2458 et
661 2397 866 2455 Montis
892 2393 1121 2464 Majoris
1157 2388 1482 2454 monachos,
1517 2383 1882 2456 prmaentibus
1911 2379 2060 2435 Gau-

457 2495 612 2551 fredo
639 2501 693 2549 et
732 2490 1042 2549 Bertranno
1065 2482 1384 2548 comitibus,
1413 2477 1691 2534 Willelmo
1723 2484 1780 2531 et
1818 2473 2060 2529 Fulcone

457 2583 876 2643 vicecomitibus
911 2578 1186 2634 Massiliae.
1226 2573 1341 2630 Hoc
1389 2573 1508 2645 ipso
1547 2583 1692 2625 anno
1737 2563 2064 2636 subscripsit

463 2680 671 2734 chartae
708 2673 904 2728 Amelii
927 2668 1276 2725 Seneciensis
1304 2663 1548 2736 episcopi
1575 2675 1680 2732 pro
1727 2658 1784 2714 8.
1819 2657 2058 2712 Victore.

465 2772 750 2843 Frequens
777 2776 862 2824 est
887 2766 1146 2833 deinceps
1181 2759 1428 2839 ejusdem
1451 2755 1656 2811 mentio
1681 2754 1735 2807 in
1768 2748 2064 2806 Vietorinis

463 2862 688 2927 tabulis,
715 2867 777 2914 ut
798 2837 1264 2927 supervacaneum
1293 2849 1541 2904 videatur
1574 2843 1819 2915 singulas
1841 2855 2065 2912 percur-

463 2970 614 3022 rere;
639 2951 880 3008 maxime
905 2962 1031 3002 cum
1058 2945 1164 2999 alia
1184 2941 1468 2997 notatione
1487 2937 1736 3009 digniora
1767 2933 2062 3004 supersint.

537 3046 697 3100 Anno
753 3041 971 3098 circiter
1016 3035 1156 3092 1050
1195 3031 1520 3089 Raimbaldo
1574 3026 1972 3099 subjectionem
2013 3031 2067 3078 et

457 3135 828 3194 reverentiam
856 3130 1130 3203 promisit,
1157 3125 1460 3182 secundum
1485 3127 1754 3193 praecepta
1788 3130 2064 3173 canonum

467 3241 523 3284 et
549 3238 766 3298 patrum
790 3224 1065 3287 instituta,
1090 3218 1318 3274 Pontius
1341 3215 1622 3287 Aquarum
1645 3211 1954 3267 Sextiarum
1979 3224 2064 3262 ar-

468 3321 884 3391 chiepiscopus;
938 3322 1280 3382 testaturque
1326 3307 1640 3363 Honoratus
1669 3303 1890 3359 Bouche
1919 3301 2066 3355 idem

463 3410 792 3484 praestitisse
833 3405 1196 3462 Bertrandum
1228 3399 1690 3473 Forojuliensem,
1720 3395 2068 3467 Angelricum

469 3505 778 3576 Regensem
789 3543 802 3568 ,
816 3499 1280 3566 Benedictumque
1293 3492 1608 3548 Avenionen
1616 3505 1728 3545 sem
1739 3531 1754 3556 ,
1777 3487 2073 3556 laudatque

473 3597 679 3653 librum
747 3587 1187 3648 sacramentalem
1246 3585 1656 3648 Arelatensem,
1730 3580 1810 3636 sic
1865 3579 2072 3633 dictum

474 3688 628 3760 quod
659 3683 977 3756 hujusmodi
1026 3685 1369 3736 sacramenta
1405 3673 1699 3730 contineat.
1741 3670 2076 3726 Rceensetur

478 3785 622 3836 inter
679 3779 869 3834 Patres
921 3780 1223 3831 conventus
1270 3765 1694 3824 Barcinonensis
1743 3764 1872 3818 anni
1916 3763 2076 3819 1054.

477 3871 582 3926 An.
623 3869 760 3925 1056
798 3869 868 3939 (si
899 3867 1037 3922 bene
1080 3863 1389 3933 conjectant
1421 3857 1680 3912 Baluzius
1710 3863 1765 3911 et
1802 3854 2076 3924 Labheus)

481 3964 657 4035 pridie
700 3960 886 4016 Nonas
937 3955 1296 4027 Septembris,
1341 3967 1466 4008 cum
1528 3947 1861 4018 Leodegario
1909 3946 2077 4000 Vien-

480 4058 662 4125 nensi,
693 4064 747 4112 et
778 4054 970 4126 legatis
993 4047 1464 4113 Narbonensibus,
1502 4045 1796 4100 concilium
1833 4042 2079 4098 celebra-

482 4151 561 4204 vit
589 4151 974 4219 episcoporum
1005 4159 1121 4198 nu
1165 4141 1312 4212 apud
1344 4137 1401 4193 S.
1437 4136 1739 4208 IEgidium.
1787 4133 1892 4190 Sed
1921 4133 2083 4189 citius

485 4237 736 4293 habitum
761 4236 936 4290 «fuisse
958 4249 1093 4304 pene
1121 4239 1331 4287 certum
1368 4229 1582 4306 videtur
1605 4227 1688 4280 vel
1717 4241 1785 4280 cx
1823 4225 1941 4280 solo
1975 4223 2085 4278 Lu-

482 4329 794 4386 tevensium
817 4327 1202 4396 episcoporum
1242 4321 1440 4375 indice.
1486 4319 1717 4373 Constat
1744 4316 1887 4370 hanc
1917 4328 2084 4387 syno-

489 4425 622 4479 dum
654 4429 832 4475 actam
866 4432 988 4473 esse
1020 4415 1194 4486 pridie
1213 4410 1402 4468 Nonas
1427 4410 1731 4482 Septemb.,
1761 4417 1818 4463 et
1848 4407 2084 4463 .Tolosa-

493 4525 621 4566 nam
673 4509 861 4564 idibus
907 4504 1155 4577 ejusdem
1200 4501 1440 4569 mensis,
1486 4515 1633 4555 anno
1670 4497 1828 4553 1056.
1871 4495 2086 4552 Narbo-

495 4599 652 4655 nensi
681 4598 824 4669 apud
847 4595 904 4651 S.
941 4593 1220 4666 {Egidium
1255 4588 1430 4646 adfuit
1455 4588 1767 4662 Bernardus
1793 4588 2085 4658 episcopus

496 4693 838 4759 Lutevensis,
869 4699 923 4746 et
947 4688 1235 4747 Tolosanaa
1260 4681 1594 4757 Rostagnus.
1633 4681 1690 4738 Si
1718 4682 1910 4738 eodem
1939 4694 2089 4737 anno

496 4783 784 4838 celebrata
822 4787 951 4835 sunt
973 4779 1056 4833 hae
1091 4776 1306 4848 synodi,
1341 4775 1482 4829 inter
1503 4783 1794 4842 utramque
1813 4770 2088 4826 ﬂuxerunt

495 4883 712 4929 tantum
753 4887 951 4927 novem
995 4870 1134 4925 dies.
1177 4867 1282 4934 Qui
1322 4881 1451 4921 vero
1498 4865 1616 4920 fieri
1664 4864 1841 4934 potuit
1879 4870 1938 4916 ut
1975 4869 2088 4916 tam

501 4966 652 5021 brevi
687 4973 929 5033 tempore
958 4961 1067 5016 duo
1097 4959 1302 5014 fuerint
1329 4957 1662 5012 Lntevenses
1692 4955 1954 5025 episcOpi,
1991 4951 2092 5024 qui

503 5059 572 5110 iis
593 5054 918 5109 adfuerunt?
933 5051 1091 5108 Certe
1113 5057 1333 5105 mortuo
1358 5047 1635 5103 Bernardo
1651 5060 1761 5101 non
1780 5046 1956 5117 potuit
1978 5045 2087 5100 fier'

505 5144 699 5178 ιιὶΔηθῖΛ
764 5143 868 5178 τιῖαί

921 5150 1039 5178 πηοί
1095 5140 1405 5178 fonnllnlam
1443 5138 1841 5178 matrnnnlilnni
1886 5139 2090 5178 Aulam;

2153 1942 2333 2012 ampla
2376 1935 2664 1992 latifundia
2711 1942 2765 1988 et
2804 1929 3186 2003 possessiones
3216 1925 3272 1980 in
3315 1921 3522 1977 Craudi
3551 1935 3754 1989 caulpn

2154 2034 2380 2092 donavit
2403 2051 2418 2100 ;
2443 2045 2608 2102 quam
2636 2027 3038 2084 ordinationem
3065 2018 3392 2076 instauravit
3414 2025 3606 2086 postea
3641 2013 3754 2083 Ay-

2155 2127 2355 2186 cardus
2417 2122 2866 2192 archiepiscopus
2892 2159 2906 2185 ,
2943 2124 3004 2171 ut
3047 2119 3272 2184 apparet
3327 2125 3394 2164 ex
3445 2108 3644 2163 charta
3695 2105 3752 2157 in

2156 2221 2380 2278 archivo
2411 2212 2714 2272 Arelatensi
2763 2211 2953 2266 relata.
2998 2204 3240 2260 Tandem
3289 2199 3570 2257 benedixit
3610 2195 3754 2250 1065

2157 2311 2444 2370 ecclesiam
2497 2307 2554 2362 S.
2601 2305 2750 2361 Petri
2793 2303 2860 2358 de
2893 2299 3132 2355 Correus
3164 2293 3190 2367 [
3217 2293 3327 2360 aL,
3367 2291 3428 2344 B.
3468 2288 3659 2344 Mariae
3683 2287 3755 2339 de

2153 2402 2437 2476 Cori-eno}
2476 2401 2572 2456 ubi
2599 2394 2995 2454 monasterium
3031 2397 3148 2445 erat
3169 2393 3574 2448 constructum,
3598 2396 3669 2436 ac
3697 2379 3753 2432 in

2159 2499 2248 2555 die
2282 2475 2713 2554 consecrationis
2757 2485 3157 2545 absolutionem
3204 2497 3235 2534 a
3267 2475 3599 2550 poenitentia
3622 2487 3756 2527 om-

2163 2591 2327 2646 nibus
2377 2584 2643 2644 beneficia
2695 2579 2907 2637 daturis
2955 2575 3085 2632 huic
3140 2571 3386 2628 ecclesia
3439 2565 3752 2624 concessit;

2162 2699 2273 2755 quo
2298 2683 2387 2738 die
2416 2673 2818 2740 anniversario,
2867 2683 3066 2740 magna
3110 2665 3243 2722 olim
3286 2661 3582 2719 festivitate
3611 2659 3759 2712 cele-

2162 2750 2379 2833 bratum
2412 2772 2583 2828 fuisse
2612 2767 2898 2840 jubilzeum
2931 2762 3274 2817 Correnense
3300 2763 3446 2825 patet
3469 2768 3535 2807 ex
3568 2750 3758 2805 tabula

2164 2867 2402 2925 cmnobii
2441 2863 2643 2920 Montis
2670 2859 2913 2930 Majoris.
2945 2850 3282 2922 Subscripsit
3325 2845 3521 2902 litteris
3568 2842 3763 2897 Almo-

2165 2965 2251 3019 dis
2264 2960 2558 3017 eomitissae
2574 2950 2966 3015 Ruthenensis,
2980 2941 3393 3007 Nemausensis,
3409 2948 3540 3003 etc.,
3553 2934 3763 3007 quibus

2166 3054 2351 3111 subdit
2381 3047 2775 3107 monasterium
2802 3042 2861 3097 8.
2900 3039 3126 3111 Ᾱίεἰιιίἰ,
3161 3035 3344 3092 abbati
3364 3027 3760 3088 Cluniacensi;

2168 3149 2280 3203 dat.
2317 3161 2387 3200 an
2413 3143 2571 3209 1066,
2601 3156 2698 3195 Vlll
2738 3137 2860 3191 Kal.
2891 3130 3158 3188 Januarii.
3185 3127 3245 3181 ln
3267 3123 3679 3193 subscriptione
3704 3135 3765 3172 se

2169 3239 2336 3298 simul
2353 3236 2486 3293 dicit
2506 3231 2978 3302 archiepiscopum
2999 3223 3394 3284 Arelatensem,
3416 3224 3473 3272 et
3498 3213 3767 3268 Romana:

2169 3330 2427 3388 Ecclesia:
2443 3325 2734 3383 vicarium.
2760 3318 3026 3376 Eumdem
3047 3316 3216 3370 vitam
3236 3308 3565 3382 produxisse
3589 3317 3767 3374 usque

2169 3424 2240 3479 ad
2269 3435 2474 3478 annum
2526 3416 2663 3473 1067
2711 3413 2950 3486 probant
2986 3410 3180 3464 littera:
3213 3399 3533 3473 Hieronymi
3573 3397 3768 3465 cujus-

2172 3517 2320 3581 dam,
2352 3527 2493 3584 quas
2520 3524 2588 3564 ex
2633 3520 2834 3577 magno
2861 3497 3198 3559 chartulario
3249 3492 3310 3549 S.
3340 3488 3588 3546 Victoris
3623 3492 3774 3541 eru.t

2174 3608 2258 3663 vir
2280 3577 2707 3660 CL-Antoninus
2725 3597 2794 3655 de
2821 3593 2983 3664 Rulli,
3016 3601 3072 3648 et
3092 3591 3159 3646 ad
3181 3602 3284 3644 nos
3307 3598 3407 3657 pro
3427 3581 3595 3639 solita
3619 3577 3772 3632 mis.t

2178 3699 2540 3756 humanitate.

2247 3819 2499 3874 Attamen
2542 3813 2685 3870 idem
2712 3807 2922 3864 Ruffius
2957 3799 3232 3861 contendit
3263 3789 3657 3851 Raimbaldum
3679 3801 3774 3840 an.

2181 3909 2320 3967 1060
2344 3909 2459 3979 jam
2481 3903 2716 3961 cessisse
2743 3901 2926 3955 sedem
2949 3892 3204 3955 Aicardo,
3235 3901 3346 3957 quo
3369 3897 3540 3946 anno,
3572 3878 3770 3979 inquit,

2182 3969 2506 4072 subscripsit
2528 3998 2620 4052 hic
2644 3994 2860 4051 cuidam
2884 3991 3106 4051 chartae,
3140 3997 3306 4055 quam
3337 3977 3468 4049 legit
3491 3977 3610 4045 ipse
3641 3969 3773 4024 Rut-

2183 4100 2308 4156 tius.
2342 4093 2573 4149 Aliunde
2592 4105 2692 4160 pro
2715 4095 2864 4143 certo
2893 4083 3121 4138 habetur
3148 4072 3533 4130 [laimbalJum
3562 4074 3774 4120 mature

2185 4199 2310 4246 ante
2356 4194 2589 4243 mortem
2623 4179 2872 4250 deposito
2901 4169 3160 4245 pastorali
3197 4179 3364 4222 onere
3409 4157 3776 4215 monasticam

2187 4284 2243 4338 in
2274 4279 2528 4337 coenobio
2555 4273 2840 4346 Victorino
2864 4270 3032 4324 vitam
3062 4264 3261 4318 iterum
3290 4270 3414 4312 esse
3438 4251 3776 4321 amplexum.

2191 4373 2262 4432 Ut
2286 4388 2415 4428 vero
2441 4384 2564 4442 quae
2593 4366 2666 4423 sit
2694 4373 2883 4419 nostra
2918 4357 3187 4416 sententia
3213 4353 3635 4421 depromamus,
3664 4356 3778 4394 ma-

2189 4435 2654 4523 nifestum-nobis
2684 4458 2898 4514 videtur
2929 4447 3313 4507 Raimbaldum
3359 4441 3529 4496 vitam
3576 4435 3781 4506 produ-

2118 4548 2163 4604 Ῑ)
2190 4563 2338 4620 xisse
2371 4572 2548 4629 usque
2592 4553 2661 4614 ad
2701 4565 2908 4607 annum
2944 4545 3102 4600 1067.
3137 4541 3276 4594 Ante
3301 4541 3535 4591 mortem
3560 4526 3782 4599 quidem

2191 4653 2358 4712 statui
2378 4647 2686 4706 monastico
2713 4657 2909 4699 rursus
2939 4652 3060 4694 sese
3109 4631 3344 4694 addixit;
3376 4625 3472 4682 sed
3497 4636 3613 4694 quo
3643 4628 3784 4673 tcmn

2193 4764 2361 4821 pore,
2393 4759 2503 4800 non
2540 4740 2805 4796 audemus
2845 4732 3091 4789 definire.
3129 4725 3188 4780 ln
3218 4720 3485 4778 electione
3520 4707 3784 4767 Bernarui

3473 4802 3760 4821 Luxu“

2195 4802 2406 4894 abbatis
2433 4832 2478 4887 ll
2511 4830 2568 4886 8.
2599 4826 2837 4883 Victoris
2863 4839 2952 4877 an.
2983 4817 3144 4882 1065,
3181 4826 3379 4867 nomen
3405 4802 3786 4894 subscribens,

2196 4927 2667 4999 archiepiscopum
2697 4933 2756 4976 se
2784 4915 2949 4974 simul
2996 4922 3051 4967 et
3086 4904 3421 4963 monachum
3461 4896 3615 4952 dicit.
3647 4889 3788 4945 Toto

2199 5025 2294 5079 illo
2333 4985 2576 5090 tempore
2603 5025 2699 5070 aut
2725 5011 2898 5076 nulla,
2925 5015 3020 5061 aut
3061 5010 3205 5059 certe
3240 5010 3366 5052 rara
3407 4985 3785 5090 Aicardisucr-

2199 5072 2584 5178 cesserisrejus
2606 5103 2892 5163 memoria.
2933 5099 3060 5153 Dies
3091 5085 3446 5164 depositionis
3474 5072 3786 5136 Raimbaidi
