4020 5364
346 265 481 325 ιωδ

1777 259 2188 333 υιριμοωέη.

3469 271 3603 358 mi

1467 449 3615 480 mw

991 585 1875 720 RAIM-BALDI
1965 591 2936 728 DIPLOMATA.

523 1051 867 1122 Privilegmm
905 1071 1000 1125 pro
1030 1058 1350 1108 monasterio
1380 1053 1436 1110 S.
1481 1054 1730 1112 Victoris.

932 1145 1112 1215 (Anno
1143 1147 1328 1215 1055.)

570 1235 740 1310 [ϐαιι.
769 1235 995 1304 Christ,
1027 1249 1065 1294 t.
1098 1237 1138 1302 l,
1175 1238 1459 1307 lnstrum.,
1485 1258 1539 1313 p.
1566 1242 1682 1316 95.]

403 1325 843 1398 Omnipotentem
891 1328 1060 1384 Deum
1112 1347 1239 1386 cum
1284 1332 1548 1392 ineﬂabili
1585 1335 1926 1405 providentia

333 1434 437 1475 suo
459 1420 594 1474 velle
627 1420 832 1490 liqueat
860 1437 1079 1478 creasse
1113 1433 1334 1491 cuncta,
1389 1435 1569 1481 exstat
1591 1427 1802 1482 homini
1828 1428 1925 1483 da-

331 1517 444 1562 tam
471 1507 538 1564 ad
568 1507 952 1579 possidendam
1002 1522 1233 1580 terram,
1271 1514 1544 1586 simulque
1574 1515 1925 1574 subsistentia

330 1600 385 1654 iri
417 1617 477 1652 ea
513 1602 592 1652 νισι
629 1618 692 1654 ex
738 1617 823 1656 ra.
865 1601 1132 1669 Quocirca
1175 1620 1277 1676 ego
1329 1605 1699 1675 llumawus,
1749 1609 1924 1679 gratia

333 1689 426 1746 Dei
451 1692 597 1748 sedis
619 1693 953 1750 Arelatensis
976 1697 1304 1766 praesulatus
1331 1698 1539 1756 honore
1571 1701 1921 1768 sublimatus,

329 1798 557 1838 enorme
580 1786 759 1839 scelus
779 1801 960 1841 meum
988 1789 1343 1846 considerans
1365 1792 1683 1862 plurimum,
1709 1810 1922 1849 necnon

327 1874 732 1932 discussiouem
776 1877 944 1934 futuri
970 1891 1316 1950 peccatorum
1345 1884 1567 1952 judicii;
1595 1887 1925 1957 territusque

329 1965 592 2022 immani:
679 1968 1025 2025 ﬂammarum
1057 1973 1440 2043 gehennalium
1461 2017 1475 2040 ,
1499 1987 1602 2032 etc.
1635 1975 1802 2045 Igitur
1826 1979 1923 2032 ho-

329 2073 452 2113 rum
493 2075 725 2125 memor,
758 2071 1020 2117 terrorem
1064 2063 1266 2133 judiris
1316 2065 1642 2133 formidans,
1685 2070 1923 2124 clemen-

327 2151 462 2208 tiam
509 2151 888 2225 Redemptoris
929 2157 1283 2227 amplectens,
1328 2169 1530 2214 terram
1580 2177 1714 2216 mea:
1757 2173 1916 2233 pote-

327 2243 484 2300 statis
515 2261 756 2318 meaeque
786 2248 1009 2305 ditionis
1051 2251 1411 2321 omnipotenti
1461 2253 1589 2320 Deo,
1628 2253 1923 2325 Sauctique

327 2333 568 2392 Victoris
594 2339 859 2409 martyris.
896 2342 1233 2397 monasterio
1264 2343 1411 2398 haud
1461 2345 1619 2414 longe
1649 2361 1678 2398 a
1724 2347 1922 2400 minui-

328 2431 433 2488 bus
461 2429 716 2489 Massiliae
747 2431 996 2497 fundato,
1029 2433 1324 2495 abbatibus
1369 2452 1434 2491 ac
1458 2437 1744 2492 monachis
1771 2437 1922 2492 futu-

327 2524 404 2579 ris
449 2532 502 2579 et
544 2525 906 2595 praesentibus
953 2526 1150 2581 ibidem
1197 2527 1308 2583 Deo
1357 2529 1722 2584 servientibus
1755 2531 1920 2585 statui

328 2615 662 2681 donandam,
695 2625 742 2671 et
775 2617 1040 2686 perpetim
1074 2618 1400 2685 habendam,
1451 2619 1699 2674 videlicet
1730 2618 1797 2674 de
1823 2635 1919 2674 ca-

329 2717 446 2764 atro
494 2709 642 2780 quod
685 2719 912 2764 vocatur
961 2710 1154 2765 Auriol
1202 2727 1425 2768 omnem
1482 2728 1662 2767 meam
1711 2722 1919 2782 partem

328 2818 493 2873 quam
532 2819 636 2874 ego
674 2805 746 2859 ibi
781 2807 974 2868 habeo,
1020 2806 1102 2859 vel
1135 2805 1276 2861 alius
1304 2821 1404 2875 pro
1429 2821 1536 2872 me,
1570 2807 1655 2862 vel
1696 2816 1921 2876 excepto

329 2894 487 2949 alode
505 2896 620 2965 jam
647 2895 774 2950 dato
806 2896 857 2948 in
893 2895 1018 2950 villa
1044 2905 1099 2950 et
1125 2896 1368 2960 castello,
1391 2905 1445 2950 et
1473 2897 1622 2951 omni
1646 2897 1920 2952 territorio

333 2983 386 3037 in
417 2985 610 3054 cultis,
633 2994 689 3040 et
716 2986 769 3040 in
809 2988 1040 3052 eremis,
1072 2988 1124 3040 in
1149 2987 1324 3044 vineis
1353 2998 1406 3043 et
1447 2989 1638 3058 pratis,
1676 2988 1917 3059 pascuis,

329 3084 382 3130 et
411 3075 585 3140 silvis,
613 3077 844 3148 garricis
867 3086 921 3131 et
950 3079 1168 3149 oglatis,
1200 3094 1324 3133 cum
1349 3080 1562 3135 cunctis
1592 3081 1918 3135 molendinis

329 3155 396 3220 ad
421 3181 594 3225 meam
622 3177 832 3238 partem
860 3168 926 3222 de
948 3169 1101 3224 alode
1121 3178 1175 3223 et
1203 3168 1291 3223 [eu
1319 3172 1409 3240 (1.,
1443 3169 1650 3239 feudo),
1681 3173 1919 3242 exceptis

327 3257 543 3313 duobus
589 3259 828 3324 mansis,
874 3276 1013 3330 quos
1055 3261 1178 3315 dedi
1212 3261 1486 3316 Aldoardo
1525 3270 1580 3318 et
1607 3261 1820 3317 Pontio.
1858 3261 1916 3316 ln

329 3349 586 3410 omnibus
611 3350 778 3422 igitur
801 3362 856 3407 et
885 3367 981 3422 per
1007 3354 1192 3410 omnia
1224 3352 1291 3408 de
1317 3353 1632 3422 supradicto
1660 3362 1842 3409 castro
1865 3364 1919 3409 ct

329 3441 397 3496 de
418 3441 675 3496 omnibus
695 3443 1032 3512 appendiciis
1044 3443 1162 3512 ejus
1184 3459 1308 3513 quae
1329 3444 1603 3512 pertinent
1627 3443 1696 3498 ad
1718 3459 1916 3511 meam,

329 3539 388 3588 ut
412 3512 484 3585 ita
509 3531 764 3597 dixerim,
793 3531 1038 3598 friscam,
1068 3512 1217 3588 dono
1242 3534 1444 3588 Sancto
1476 3531 1678 3588 Victori
1723 3550 1917 3604 perpe-

1951 969 2000 1027 Α
2027 965 2255 1022 Autrico
2276 964 2418 1019 llrm.
2455 963 2768 1036 ﬁostagnus
2799 964 3128 1024 Willamuro
3163 967 3303 1025 ﬁrm.
3332 967 3620 1042 Bonporus
3721 971 3734 976 ’

2031 1056 2174 1111 ﬁrm.

2786 1144 2853 1205 ll.

2029 1249 2304 1322 Absolutio
2351 1266 2385 1305 α
2422 1250 2744 1322 pwnitentiis
2784 1253 3089 1322 impertitur
3133 1255 3190 1308 in
3228 1259 3622 1312 consecratione

2102 1319 2356 1376 Ecclesia:
2384 1331 2584 1375 sanctw
2607 1321 2800 1376 Maria:
2823 1319 2888 1377 de
2913 1322 3146 1380 Correno
3169 1342 3287 1396 quae
3306 1327 3545 1382 dotatur.

2625 1416 2806 1487 (Anno
2837 1417 3020 1488 1005.)

2223 1505 2404 1579 [Apud
2435 1505 2738 1573 Acusnwu,
2775 1504 2965 1577 Spicit.
2998 1517 3037 1562 t.
3073 1506 3162 1575 Vl,
3187 1524 3239 1581 p.
3273 1509 3429 1583 ML]

2101 1597 2444 1654 RAIMBALDUS
2489 1614 2681 1654 servus
2712 1613 2996 1654 servorum
3039 1599 3155 1668 Dei,
3189 1603 3485 1672 apostolica
3515 1617 3616 1657 au-

2026 1691 2278 1748 ctoritate
2301 1690 2558 1747 omnibus
2590 1701 2702 1746 tam
2734 1692 2949 1748 clericis
2974 1709 3138 1763 quam
3172 1693 3325 1749 laicis
3360 1694 3614 1760 salutem,

2026 1783 2359 1853 adjutorium
2390 1798 2609 1854 quoque
2634 1783 3026 1854 pmnitentibus
3064 1785 3324 1840 concedo.
3359 1783 3417 1839 In
3447 1785 3615 1840 bene-

2027 1875 2266 1930 dictione
2295 1874 2538 1931 ecclesiae
2563 1873 2778 1931 Sancta:
2812 1873 3125 1941 Trinitatis,
3152 1885 3207 1931 et
3239 1875 3455 1932 Sancta:
3495 1873 3611 1932 Ma-

2028 1967 2142 2032 rim,
2177 1965 2476 2036 Sanctique
2500 1965 2730 2022 Joannis
2766 1983 2830 2022 ac
2865 1966 3048 2022 Sancti
3095 1966 3237 2022 Petri
3265 1968 3319 2021 in
3350 1967 3608 2033 Correus,

2025 2069 2078 2112 et
2115 2061 2167 2112 in
2193 2059 2313 2129 ejus
2335 2059 2749 2114 consecratione
2775 2060 2939 2114 talem
2975 2059 3379 2114 absolutionem
3416 2074 3612 2116 conce-

2025 2149 2226 2216 dimus,
2265 2159 2324 2203 ut
2366 2149 2680 2220 quicunque
2707 2150 2969 2206 beneﬁcia
3015 2151 3245 2205 daturus
3274 2151 3416 2206 hanc
3438 2151 3613 2206 eccle-

2027 2241 2162 2296 siam
2213 2241 2547 2314 ingreditur,
2581 2250 2778 2297 cuncta
2817 2259 2876 2297 se
2919 2243 3241 2313 impetrasse
3291 2244 3534 2310 laetetur;
3563 2253 3617 2297 et

1955 2311 1997 2372 Β
2026 2311 2296 2402 ptenitcns
2332 2333 2426 2404 qui
2463 2333 2530 2387 ad
2573 2349 2693 2388 eam
2740 2334 2794 2388 in
2844 2335 3259 2390 consecratione
3301 2335 3423 2405 ejus
3452 2333 3616 2390 adve-

2025 2423 2186 2490 nerit,
2219 2425 2326 2480 tale
2353 2425 2655 2480 remedium
2682 2425 2785 2481 sibi
2821 2427 3110 2497 percipiat;
3153 2427 3370 2482 tertiam
3397 2435 3606 2496 partem

2022 2515 2358 2585 panitentite
2390 2516 2468 2572 illi
2503 2517 2832 2572 dimittimus
2857 2560 2872 2585 ,
2915 2525 2969 2574 et
3011 2518 3300 2574 ecclesiam
3331 2533 3508 2588 usque
3539 2519 3608 2574 ad

2022 2617 2186 2679 caput
2215 2609 2345 2663 anni
2389 2608 2439 2664 ei
2469 2608 2749 2664 reddimus
2789 2617 2844 2664 et
2883 2623 3102 2680 pacem,
3131 2617 3186 2664 et
3215 2608 3441 2680 capillos
3466 2608 3609 2666 inci-

2021 2700 2150 2755 dere
2175 2699 2403 2768 habeat;
2435 2708 2491 2756 et
2527 2701 2573 2757 si
2604 2715 2753 2756 mors
2791 2700 2845 2755 in
2869 2701 3046 2771 capite
3077 2701 3209 2756 anui
3231 2700 3491 2768 evenerit,
3520 2702 3609 2762 vel

2021 2791 2246 2863 insuper
2282 2809 2511 2860 annum,
2557 2809 2624 2849 ex
2654 2802 2839 2850 nostra
2882 2803 3034 2866 parte
3061 2795 3346 2851 absolutus
3384 2809 3604 2866 perma-

2022 2895 2180 2953 neat;
2212 2895 2266 2940 et
2287 2885 2332 2940 si
2370 2886 2424 2940 in
2466 2885 2574 2940 alio
2606 2902 2752 2942 anno
2799 2887 3109 2942 aunualiter
3139 2888 3226 2942 vel
3269 2887 3495 2958 insuper
3520 2902 3613 2944 an.

2020 2992 2176 3043 num,
2217 2977 2272 3032 in
2315 2993 2378 3033 ea
2420 2978 2763 3034 absolutione
2807 2987 3143 3049 permaneat.
3180 2978 3354 3046 Quam
3387 2980 3611 3036 absolu-

2022 3069 2225 3125 tionem
2250 3085 2281 3124 a
2311 3079 2504 3125 sancto
2527 3070 2690 3125 Petro
2712 3072 3047 3142 accepimus,
3074 3071 3185 3139 cui,
3212 3081 3272 3127 ut
3295 3071 3406 3128 fere
3429 3075 3614 3132 omnis

2020 3161 2323 3216 catholicus
2361 3161 2510 3218 orbis
2547 3163 2823 3234 agnoscit,
2869 3171 3113 3233 potestas
3157 3163 3374 3220 caelitus
3398 3171 3482 3220 est
3505 3164 3616 3222 col-

2018 3252 2150 3318 lata,
2187 3254 2436 3323 quemvis
2471 3255 2764 3310 solvat.....
2800 3255 3057 3321 vinculis,
3087 3263 3143 3310 et
3170 3256 3299 3327 liget
3323 3245 3465 3328 quos
3497 3256 3617 3318 vult

2021 3344 2075 3398 in
2101 3344 2241 3398 C(BIO
2271 3353 2327 3399 et
2376 3346 2428 3400 in
2465 3355 2627 3412 terra,
2676 3355 2730 3401 et
2767 3346 2854 3402 cui
2887 3347 3004 3402 vult
3044 3347 3318 3415 dimittat,
3350 3356 3406 3404 et
3447 3364 3610 3421 quem

2018 3441 2136 3495 vult
2176 3441 2384 3512 perdat.
2415 3441 2780 3513 Quapropter,
2807 3443 2963 3499 nobis
2998 3443 3447 3511 concedentibus,
3487 3445 3611 3517 qui-

2020 3550 2238 3605 cunque
2270 3535 2475 3590 bonum
2521 3535 2650 3591 huic
2677 3537 2799 3592 loco
2827 3537 3046 3603 fecerit,
3081 3537 3242 3592 talem
3275 3538 3610 3595 benedictio-

329 3623 546 3679 tualiter
586 3624 702 3680 hzec
745 3626 929 3680 omnia
989 3641 1235 3680 meorum
1279 3627 1476 3682 timore
1522 3637 1870 3698 peccatorum
1895 3670 1910 3694 ,
1941 3657 1984 3716 Ο
2020 3641 2141 3679 nem
2170 3624 2418 3695 accipiat,
2447 3626 2588 3682 sicut
2612 3627 2865 3696 superius
2885 3626 3145 3682 diximus.
3175 3625 3242 3681 Et
3261 3627 3355 3697 qui
3378 3628 3445 3682 ad
3467 3628 3611 3683 hanc

325 3716 492 3774 simul
533 3726 590 3773 et
627 3726 956 3774 aeternorum
987 3735 1174 3774 amore
1197 3721 1546 3789 prtemiorum
1569 3762 1584 3786 ,
1617 3721 1911 3776 venerabili

324 3809 470 3882 loco,
494 3811 659 3868 caatui
700 3809 930 3870 fratrum
971 3821 1195 3878 sancto,
1222 3811 1379 3872 trado
1421 3813 1786 3884 possidenda,
1820 3814 1913 3868 ha-

324 3901 528 3968 benda,
550 3903 632 3956 vel
659 3902 914 3967 tenenda,
936 3919 1036 3972 pro
1067 3903 1263 3960 animae
1293 3919 1447 3964 meae,
1493 3905 1914 3974 genitorumque

323 4008 576 4054 meorum
597 3995 921 4056 remissione
941 3995 1187 4050 omnium
1210 4005 1578 4067 peccatorum.
1609 3994 1762 4050 Ullus
1785 4011 1916 4050 vero

322 4094 638 4145 nostrorum
664 4097 981 4156 parentum,
1014 4086 1131 4142 sive
1161 4086 1414 4154 fratrum,
1455 4088 1769 4157 quicunque
1790 4102 1911 4156 per-

321 4192 611 4246 sonarum,
663 4179 710 4235 si
761 4178 1018 4239 habuerit
1045 4180 1184 4234 velle
1223 4179 1426 4234 donum
1474 4180 1579 4234 hoc
1627 4179 1909 4244 annularc,

319 4286 434 4325 nou
461 4270 641 4330 valeat
664 4271 910 4341 implere,
942 4271 1036 4326 sed
1065 4280 1359 4344 componat
1400 4271 1453 4325 in
1480 4271 1696 4325 vinculo
1723 4271 1908 4325 decem

320 4361 492 4418 libras
533 4361 601 4417 de
645 4376 818 4428 auro,
862 4362 1046 4432 itaque
1095 4361 1192 4416 Dei
1226 4363 1427 4426 summi
1479 4362 1646 4416 faciat
1695 4363 1906 4418 assumi

319 4466 514 4521 prunas
536 4465 805 4522 perennes
835 4452 966 4521 pati,
1001 4461 1055 4506 et
1077 4453 1132 4508 in
1161 4451 1434 4508 infernum
1461 4454 1603 4508 trudi
1621 4497 1636 4520 ,
1663 4464 1717 4509 et
1758 4454 1910 4510 dein-

317 4555 449 4610 ceps
480 4541 587 4596 hoc
633 4541 839 4600 donum
875 4550 1197 4614 perpetuum
1229 4558 1293 4605 ac
1326 4543 1546 4599 ﬁrmum
1596 4556 1913 4616 permaneat

318 4632 375 4687 in
399 4648 598 4692 aevum.

392 4724 524 4784 Acta
549 4735 635 4782 est
664 4726 781 4784 haec
810 4725 1036 4782 donatio
1067 4740 1216 4788 anno
1243 4726 1314 4784 ab
1360 4727 1647 4784 incarnato
1677 4728 1912 4786 Domino

321 4817 483 4887 1055,
514 4818 811 4874 indictione
839 4834 922 4874 lli.

383 4906 501 4980 Ego
529 4907 889 4965 Raimbaldus
919 4923 1046 4965 cum
1077 4909 1384 4967 haeredibus
1413 4909 1550 4964 meis
1577 4911 1718 4968 hanc
1747 4909 1910 4968 char-

313 5009 428 5056 tam
454 5000 576 5057 ﬁeri
605 5000 750 5071 jussi
777 5009 833 5058 et
871 5003 1091 5058 firmare
1133 5002 1344 5076 rogavi.
1383 5001 1706 5060 Bonifacius
1744 5002 1914 5059 frater
1944 5009 1995 5067 ι)

313 5108 472 5151 meus
519 5108 608 5147 me
641 5103 900 5162 precante
926 5092 1176 5163 limavit,
1213 5104 1272 5152 et
1311 5095 1496 5152 caeteri
1532 5095 1627 5168 qui
1656 5111 1903 5168 sequun-

845 5182 1075 5208 :Annnn‘a
1097 5200 1100 5201 '
1141 5185 1187 5202 II.
1468 5200 1566 5208 αι’-Α
1613 5201 1724 5208 ---_-

312 5191 402 5208 ι..-
427 5201 439 5208 .
467 5180 778 5208 ἶιῙῖΙΙΛΙ-νιηκ

809 5183 1100 5208 ..ξΑΑΑΛκιρν
1141 5185 1187 5202 II'
1265 5183 1394 5208 -ξιζσυι

2015 3717 2304 3772 ecclesiam
2353 3717 2496 3783 ierit,
2545 3733 2775 3774 securus
2805 3720 2875 3773 ab
2909 3719 3166 3774 omnibus
3205 3718 3444 3775 inimicis
3491 3721 3609 3777 suis

2014 3810 2196 3876 vadat,
2247 3819 2302 3865 et
2347 3811 2440 3881 qui
2490 3811 2539 3865 ei
2587 3811 2793 3881 aliquid
2844 3810 3219 3880 impedimenti
3261 3810 3605 3879 praestiterit.

2015 3901 2152 3956 sciat
2188 3918 2248 3957 se
2281 3902 2818 3958 excommunicatum
2867 3911 2922 3956 et
2967 3902 3510 3959 anathematizatum.
3545 3901 3601 3956 Si

2013 3990 2146 4059 quis
2190 3991 2409 4062 itaque,
2454 3991 2602 4062 quod
2631 4005 2741 4046 non
2785 4000 3037 4061 optamus
3063 4034 3078 4057 ,
3127 3992 3418 4047 temerario
3465 4005 3606 4047 ausu

2015 4091 2206 4138 contra
2263 4084 2408 4140 hanc
2457 4093 2699 4138 nostram
2751 4084 3171 4154 praeceptionem
3238 4085 3316 4138 ire
3370 4092 3602 4141 conatus

2014 4167 2200 4236 fuerit,
2244 4179 2299 4225 et
2339 4171 2394 4224 in
2428 4170 2550 4226 villa
2592 4187 2715 4242 qum
2741 4171 2904 4242 vulgo
2932 4171 3148 4226 Coreno
3171 4169 3402 4237 dicitur,
3429 4169 3604 4226 oﬂ'eu-

2013 4261 2172 4328 derit,
2224 4262 2269 4316 si
2319 4261 2459 4317 infra
2511 4263 2871 4335 quadraginta
2910 4263 3028 4319 dies
3071 4263 3137 4318 ad
3167 4263 3603 4319 emendationem

2015 4370 2123 4408 non
2169 4355 2399 4422 venerit,
2445 4355 2583 4412 sciat
2612 4370 2670 4410 se
2699 4355 3048 4410 maledictum
3079 4353 3338 4410 omnibus
3379 4354 3607 4410 maledi-

2014 4447 2293 4504 ctionibus
2343 4463 2468 4518 qua:
2519 4448 2574 4502 in
2613 4445 2765 4504 Novo
2797 4456 2853 4504 et
2885 4447 3065 4502 Veteri
3117 4446 3472 4502 continentur
3505 4443 3608 4502 Te-

2015 4549 2310 4606 stamento,
2336 4549 2443 4596 etc.

2743 4650 2832 4708 111.

2013 4742 2216 4800 Charta
2247 4759 2344 4814 pro
2387 4742 2584 4802 Sancto
2643 4742 2852 4798 Victore
2880 4760 2912 4796 α
2946 4741 3266 4798 Raimbaldo
3312 4741 3615 4801 Arelatensi

2421 4815 2817 4885 archiepiswpo
2839 4814 3180 4883 conﬁrmata.

2604 4905 2790 4978 (Anno
2824 4905 3008 4977 1009.)

2381 4995 2556 5072 [σαιι.
2586 4998 2794 5061 Christ.
2823 4997 2958 5060 ibid.
2997 5014 3054 5070 p.
3087 4992 3256 5065 555.]

2081 5091 2197 5166 Ego
2223 5087 2542 5149 Jeronimus
2589 5089 2824 5154 Rainols
2864 5093 3150 5162 quondam
3210 5083 3462 5190 milia"!!!
3505 5093 3652 5156 Mir-

2909 5182 2950 5204 ξ-
2987 5183 3032 5204 ἢ
3089 5178 3406 5204 n-3....L..l.l:
3460 5183 3484 5204 Δ

2007 5197 2200 5208 »----.-4
2237 5197 2515 5206 -...n“g..-
2581 5201 2630 5206 -..η
2664 5197 2873 5206 ‘5‘“--—
