4020 5364
506 295 644 354 1ῖ95

1382 308 1755 371 RAIMBALDI
1788 315 2088 378 ARELAT.
2131 320 2451 381 ARCHIEP.
2485 325 2898 389 DlPLOMATA.

502 412 570 465 de
596 411 722 470 Bale
752 394 1005 474 armavit.
1057 419 1389 481 Volveradus
1421 436 1475 482 et
1499 429 1741 488 Amelius
1771 431 1941 489 frater
1963 435 2082 507 ejus
2113 440 2154 495 A
2183 412 2748 514 et'pacem‘fregerit,
2799 446 3140 504 examinatus
3186 465 3282 522 per
3315 450 3530 510 decreta
3573 457 3755 529 legum

503 502 736 529 u-._--.:.
783 506 940 529 1.1-1--
974 510 999 529 ρ
1060 522 1072 529 .
1267 516 1278 529 ι
1305 517 1316 529 .
1394 518 1405 529 ο
1549 521 1560 529 .
1597 521 1620 529 ..
1787 524 1797 529 -

503 502 757 562 firmavit.
783 506 950 566 Fuleo
974 510 1139 569 frater
1167 516 1563 590 archiepisc0pi
1589 521 1846 583 ﬁrmavit.

1245 628 1334 685 IV.

504 708 689 767 Sermo
741 722 792 768 et
848 717 1182 788 conﬁrmatio
1232 732 1540 846 cumbarum
1599 725 1826 784 Patrum
1883 741 2082 787 sancta:

1121 800 1314 846 treura:
1403 811 1472 846 et.

1121 800 1314 846 treura:
1352 800 1472 849 Dei.

1074 878 1265 953 (Anno
1315 883 1470 940 ton.
1488 885 1507 957 )

491 961 715 1035 {Edidit
741 965 876 1023 Dom
906 968 1185 1050 Murrani-1
1204 975 1354 1050 hes.
1387 977 1585 1050 A_necd.
1619 978 1660 1047 Ι,
1704 980 1832 1050 161,
1878 1000 1945 1041 ex
1973 1002 2076 1043 ms.

1142 1042 1399 1101 Talverae.
1420 1046 1440 1120 ]

571 1143 627 1199 In
672 1148 894 1205 nomine
934 1150 1028 1208 Dei
1072 1153 1249 1212 Patris
1293 1161 1700 1231 omnipotentis,
1744 1174 1799 1221 et
1838 1166 1979 1235 Filii,
2027 1182 2081 1228 et

502 1233 737 1313 Spiritus
777 1242 981 1306 sancti,
1024 1243 1394 1317 Rxmnxwvs,
1435 1251 1770 1314 Arelatensis
1813 1233 2078 1332 archiepi-

500 1346 732 1402 scopus,
772 1350 897 1390 cum
947 1335 1250 1397 Bessum-ro
1282 1343 1647 1405 Avenionensi
1672 1392 1687 1417 ,
1735 1360 1790 1407 et
1830 1350 2076 1410 Numano

498 1419 717 1479 Nicensi
762 1425 1072 1497 episcopis,
1122 1447 1223 1488 nec
1267 1450 1377 1490 non
1428 1445 1482 1492 et
1532 1442 1828 1496 venerabili
1856 1444 2077 1511 .abbate

496 1513 700 1595 domno
727 1515 804 1588 (l)
836 1516 1071 1574 Omnem:
1112 1538 1217 1578 una
1248 1540 1372 1580 cum
1415 1530 1669 1585 omnibus
1714 1532 1981 1603 episcopis
2022 1544 2069 1589 el

473 1605 804 1681 abbatibus,
850 1617 904 1664 et
937 1622 1135 1666 cuncto
1170 1614 1315 1673 clero
1355 1632 1451 1688 per
1496 1620 1805 1678 universam
1844 1624 2072 1680 Galliam

494 1696 901 1767 habitantibus,
948 1705 1205 1762 omnibus
1251 1708 1715 1782 archiepiscOpis,
1758 1716 2069 1788 episcopis,

472 1780 840 1862 :presbyteris,
874 1804 927 1850 et
960 1806 1157 1853 cuncto
1184 1799 1329 1856 clero
1356 1817 1452 1872 per
1483 1780 1646 1860 totam
1678 1780 2067 1870 Italiamcom-

473 1884 852 1954 _morantibus,
896 1889 1068 1958 gratia
1101 1891 1255 1948 vobis
1281 1901 1334 1948 et
1359 1910 1465 1964 pax
1493 1913 1525 1952 a
1549 1896 1660 1954 Deo
1691 1899 1851 1956 Patre
1887 1905 2067 1960 omni-

488 1981 707 2042 potente
733 1977 828 2047 qui
862 1987 946 2035 est
970 1990 1025 2036 et
1056 1983 1147 2052 qui
1179 1995 1297 2040 erat
1324 1995 1376 2043 et
1403 1989 1497 2059 qui
1531 2000 1793 2050 venturus
1821 2006 1920 2052 est.

559 2063 836 2139 Rogamus
878 2087 977 2127 vos
1013 2083 1067 2129 et
1099 2075 1470 2148 obsecramus,
1495 2097 1686 2140 omnes
1726 2086 1821 2157 qui
1863 2088 2065 2144 timetis

486 2153 738 2219 Deumet
765 2163 984 2220 creditis
1013 2165 1068 2220 in
1094 2182 1219 2223 eum
1244 2179 1298 2225 et
1318 2170 1490 2242 ipsius
1519 2153 1780 2246 sanguine
1802 2179 2063 2250 redempti

483 2250 639 2316 estis,
673 2260 731 2307 ut
754 2256 992 2313 caveatis
1015 2266 1070 2312 et
1097 2262 1424 2328 provideatis
1454 2280 1552 2320 vos
1583 2267 1651 2322 ad
1680 2269 1908 2325 salutem
1940 2273 2060 2327 ani-

483 2354 699 2399 marum
747 2354 800 2399 et
845 2362 1134 2418 corporum
1161 2394 1176 2418 ,
1225 2362 1280 2408 et
1323 2358 1627 2425 sequamini
1674 2362 1900 2432 vestigia
1944 2363 2058 2431 Dei,

479 2446 671 2500 pacem
697 2434 958 2494 habentes
982 2441 1047 2495 ad
1073 2442 1324 2513 invicem,
1358 2456 1417 2501 ut
1446 2464 1570 2504 cum
1599 2450 1717 2521 ipso
1743 2456 2059 2510 mereamini

476 2537 667 2591 pacem
699 2536 753 2582 et
776 2533 1227 2602 tranquillitatem
1270 2548 1577 2610 perpetuam
1614 2544 1910 2613 possidere.
1949 2545 2057 2603 Re-

477 2615 642 2684 cipite
668 2633 797 2691 ergo
841 2630 896 2677 et
936 2632 1114 2680 tenete
1147 2643 1372 2697 pacem,
1414 2641 1467 2688 et
1514 2634 1661 2690 illam
1701 2644 1904 2693 trevam
1939 2638 2055 2707 Dei,

478 2724 644 2778 qnam
685 2720 739 2768 et
777 2729 911 2782 nos,
966 2717 1147 2779 divina
1194 2721 1491 2792 inspirante
1535 2728 1945 2797 misericordia,
1991 2732 2057 2787 de

477 2802 617 2856 coelo
645 2805 804 2861 nobis
832 2810 1212 2868 transmissum
1241 2814 1356 2886 jam
1389 2820 1697 2890 accepimus
1730 2831 1790 2884 .et
1829 2824 2059 2882 firmiter

476 2899 746 2962 tenemus,
777 2897 853 2953 ita
877 2903 1227 2959 constitutam
1260 2917 1313 2962 et
1343 2909 1683 2980 dispositam,
1721 2915 1969 2972 videlicet
1998 2927 2055 2973 ut

456 2983 545 3060 ab
572 2984 703 3041 hora
732 2992 1039 3060 vespertina
1070 2996 1176 3051 diei
1209 2996 1464 3056 Mercurii
1493 3003 1634 3059 inter
1674 3020 1863 3063 omnes
1889 3008 2052 3064 Chri-

2185 530 2546 598 sazcularium,
2570 534 2726 603 juxta
2754 538 2974 593 modum
2998 539 3278 610 culparum
3305 553 3535 614 cogatur
3551 552 3761 616 persol-

2183 634 2330 688 vere,
2359 629 2413 676 et
2440 635 2883 693 percsanctorum
2916 644 3187 686 canonum
3222 635 3439 704 regulas
3481 635 3753 705 duplicata

2184 712 2501 781 pmnitentia
2523 713 2876 785 judicabitur.
2906 718 3062 787 Quod
3088 721 3209 778 ideo
3230 723 3452 795 dignum
3479 726 3761 792 ducimus,

2183 809 2263 869 ut,
2291 803 2336 858 si
2366 807 2787 874 promissionem
2827 810 2938 866 illic
2962 811 3160 869 factam
3202 813 3256 868 in
3289 816 3477 889 aliquo
3505 832 3761 872 corrum-a

2180 906 2309 961 pere
2333 900 2859 967 praesumpserimus,
2883 902 3156 959 mundano
3193 912 3249 959 et
3277 907 3509 975 spiritali
3545 908 3767 977 judicio

2181 982 2468 1053 dupliciter
2505 990 2946 1047 condemnemur.
2978 993 3275 1051 .Credimus
3316 1012 3555 1067 namque
3592 999 3763 1060 istam

2180 1089 2405 1131 causam
2434 1092 2467 1132 a
2494 1076 2606 1135 Deo
2634 1081 2792 1139 nobis
2816 1083 3033 1145 coalitus
3065 1083 3384 1157 inspiratam
3421 1089 3609 1151 divina
3638 1090 3763 1161 opi-

2181 1166 2461 1235 tulatione,
2493 1170 2620 1239 quia
2655 1171 2797 1241 apud
2829 1187 2929 1230 nos
2953 1215 2968 1240 ,
3011 1184 3073 1229 ut
3114 1177 3383 1233 credimus
3403 1220 3420 1247 ,
3457 1180 3598 1234 nihil
3627 1180 3764 1235 boni

2178 1258 2457 1327 agebatur,
2487 1262 2706 1331 quando
2733 1279 2764 1317 a
2791 1263 2902 1319 Deo
2935 1267 3137 1336 populo
3165 1284 3265 1323 suo
3289 1271 3617 1333 transmissa
3651 1280 3759 1327 est.

2178 1346 2457 1405 Dominica
2496 1361 2642 1407 certa
2678 1354 2794 1410 dies
2836 1372 2940 1411 non
2984 1358 3374 1429 celebrabatur,
3419 1363 3516 1419 sed
3556 1372 3760 1421 cuncta

2178 1439 2393 1493 servilia
2418 1455 2581 1510 opera
2608 1442 2661 1497 in
2691 1459 2755 1499 ea
2784 1444 3001 1502 ﬁebant.
3035 1447 3395 1507 Promisimtrs
3425 1451 3616 1527 itaque
3646 1452 3763 1510 Deo

2176 1544 2241 1583 ac
2270 1530 2586 1588 devovimus
2614 1537 2988 1606 quatriduum,
3034 1548 3094 1594 ut
3135 1557 3297 1611 supra
3337 1543 3603 1611 diximus,
3639 1553 3700 1599 ut
3724 1562 3761 1598 τ

2175 1618 2311 1673 feria
2340 1630 2561 1691 propter
2602 1627 2998 1695 ascensionem,
3042 1646 3093 1684 vt
3131 1628 3265 1685 feria
3291 1641 3516 1704 propter
3546 1632 3760 1690 Christi

2174 1710 2505 1780 passionem,
2541 1712 2835 1772 Sabbatum
2866 1735 2962 1789 pro
2987 1723 3333 1779 veneratione
3357 1725 3678 1795 sepultum,
3703 1738 3761 1787 et

2173 1804 2233 1852 ut
2276 1797 2557 1857 Dominica
2586 1808 2912 1863 resurrectio
2947 1809 3328 1868 inviolabiliter
3360 1814 3756 1883 celebraretur,

2169 1890 2240 1945 ab
2283 1893 2537 1950 omnibus
2580 1896 2761 1953 rurale
2799 1915 2937 1971 opus
2977 1901 3032 1956 in
3076 1918 3139 1958 ea
3171 1905 3394 1960 omnino
3433 1923 3542 1963 non
3578 1907 3756 1975 fieret,

2168 1979 2425 2038 inimicus
2469 1985 2751 2042 inimicum
2782 2005 2890 2044 non
2922 1989 3257 2063 formidaret,
3302 1998 3605 2053 secundum
3650 2015 3753 2053 ac-

2160 2072 2474 2130 ‘ctoritatem
2505 2093 2535 2132 a
2569 2077 2679 2135 Deo
2707 2081 2957 2138 collatam
2985 2092 3040 2140 et
3068 2086 3135 2141 ab
3166 2089 3425 2158 apostolis
3464 2091 3747 2149 traditam.

2166 2161 2368 2221 Omnes
2391 2167 2483 2238 qui
2508 2168 2648 2224 hanc
2670 2187 2854 2240 pacem
2877 2173 3043 2243 etDei
3072 2184 3312 2233 treuvam
3336 2182 3752 2238 amaverinthe—

2166 2257 2469 2314 nedieimus
2499 2269 2553 2315 et
2581 2261 2935 2331 absolvimus,
2963 2265 3103 2323 sicut
3129 2272 3378 2340 superius
3402 2273 3613 2329 dictum
3640 2287 3746 2330 est.

2164 2345 2290 2403 lllos
2339 2358 2519 2405 autem
2562 2354 2656 2423 qui
2712 2357 3122 2425 contradicunt,
3170 2366 3746 2434 excommunicamus,

2163 2440 2538 2500 maledicimus
2593 2454 2645 2501 et
2686 2448 3227 2520 anathematizamus,
3267 2464 3322 2510 et
3363 2471 3395 2510 a
3462 2457 3745 2515 liminibus

2159 2543 2364 2591 sanctae
2409 2538 2600 2593 matris
2648 2537 2903 2597 Ecclesia:
2944 2544 3308 2602 climinamus.
3363 2547 3502 2603 Cum
3556 2560 3741 2606 autem

2157 2629 2400 2684 evenerit
2423 2632 2676 2703 cuiquam
2712 2634 2991 2693 vindicare
3037 2641 3091 2693 in
3130 2657 3226 2699 eos
3266 2649 3358 2713 qut
3398 2644 3543 2700 hanc
3582 2653 3720 2700 char

2158 2726 2268 2774 tam
2301 2728 2355 2775 et
2378 2720 2473 2777 Dei
2513 2732 2753 2781 treuvam
2785 2728 3087 2800 irrumpere
3119 2735 3590 2807 prtesumpserint,
3618 2738 3746 2792 vin-

2158 2811 2402 2870 dicantes
2447 2817 2578 2872 nulli
2620 2819 2791 2891 culpae
2834 2821 3136 2878 habeantur
3178 2827 3420 2896 obnoxii,
3467 2831 3563 2885 sed
3601 2833 3746 2888 sicut

2157 2904 2392 2962 cultores
2431 2924 2609 2964 causa:
2648 2910 2738 2967 Dei
2780 2913 2849 2968 ab
2890 2917 3143 2972 omnibus
3183 2916 3511 2977 Christianis
3545 2934 3745 2979 exeant

2153 3004 2209 3049 et
2238 2997 2459 3054 redeant
2486 3000 2771 3058 benedicti.
2807 3004 2865 3059 Si
2892 3021 3020 3061 vero
3048 3008 3278 3066 residuis
3311 3011 3505 3069 diebus
3533 3015 3744 3086 aliquid

474 3076 682 3135 stianos
710 3082 916 3140 amicos
945 3096 998 3142 et
1021 3087 1303 3158 inimicos,
1331 3093 1542 3151 vicinos
1565 3104 1619 3151 et
1641 3106 1950 3168 extraneos,
1985 3102 2056 3157 sit

2163 3088 2429 3145 sublatum
2481 3090 2663 3160 fuerit,
2714 3104 2769 3151 et
2817 3095 2874 3151 in
2923 3097 3114 3155 diebus
3163 3110 3366 3159 treuvm
3413 3076 3743 3172 obviaverit,

474 3170 628 3226 firma
655 3189 761 3243 pax
798 3185 852 3231 et
892 3179 1103 3235 stabilis
1144 3191 1332 3239 treuva
1376 3202 1549 3257 usque
1583 3188 1636 3243 in
1670 3207 1708 3245 ιι
1743 3189 1977 3259 feriam,.
2001 3192 2052 3250 id

473 3270 558 3317 est
581 3262 669 3317 die
714 3266 857 3323 lunae
882 3269 951 3324 ad
992 3281 1170 3331 ortum
1201 3276 1353 3343 solis,
1386 3286 1444 3333 ut
1464 3279 1580 3336 istis
1607 3291 1842 3352 quatuor
1865 3285 2055 3342 diebus

474 3366 541 3407 ac
573 3356 824 3417 noctibus
853 3362 1001 3417 omni
1032 3363 1167 3423 hora
1196 3369 1374 3426 securi
1409 3371 1538 3438 sint,
1582 3382 1637 3428 et
1661 3372 1866 3432 faciant
1890 3378 2055 3448 quid-

473 3445 604 3514 quid
634 3449 737 3503 erit
770 3461 1134 3520 opportunum
1178 3457 1248 3512 ab
1282 3461 1431 3516 omni
1472 3462 1667 3521 timore
1708 3445 2052 3527 inimicorum

474 3537 732 3608 absoluti,
774 3552 829 3598 et
870 3561 927 3599 ιιι
960 3551 1352 3620 tranquillitate
1385 3558 1536 3626 pacis
1572 3568 1626 3615 et
1658 3560 1819 3621 istius
1852 3571 2056 3623 treuvaa

472 3629 800 3689 conﬁrmati.
840 3633 1163 3711 Quicunque
1196 3642 1337 3700 hanc
1367 3662 1555 3717 pacem
1586 3660 1640 3706 et
1668 3661 1915 3710 treuvam
1958 3655 2051 3713 Dei

472 3718 880 3781 observaverint
911 3742 976 3782 ac
1011 3727 1245 3800 ﬁrmiter
1272 3738 1562 3805 tenuerint,
1594 3741 1706 3799 sint
1748 3744 1982 3801 absoluti
2019 3763 2050 3803 a

471 3808 582 3866 Deo
610 3811 770 3870 Patre
805 3819 1175 3891 omnipotente
1218 3832 1272 3880 et
1306 3826 1445 3884 Filio
1482 3831 1599 3901 ejus
1638 3833 1767 3891 Jesu
1810 3837 2049 3906 Christo,

469 3910 525 3956 et
572 3901 777 3976 Spiritu
820 3919 1029 3979 sancto,
1074 3923 1128 3969 et
1160 3915 1226 3971 de
1255 3927 1444 3975 sancta
1488 3920 1657 3983 Maria
1698 3941 1822 3982 cum
1869 3901 2051 3986 choris

469 3996 764 4069 virginum,
790 4015 844 4059 et
869 4005 936 4061 de
967 4004 1021 4061 S.
1055 4006 1314 4067 Michaele
1342 4029 1468 4069 cum
1494 4016 1679 4073 choris
1708 4021 2047 4092 angelorum,

469 4096 519 4143 et
551 4089 617 4145 de
645 4090 702 4147 S.
740 4092 900 4152 Petro
939 4099 1182 4171 principe
1221 4108 1589 4175 apostolorum
1633 4128 1757 4167 cum
1787 4089 2050 4171 omnibus

468 4182 673 4237 sanctis
702 4193 758 4238 et
782 4185 1033 4245 ﬁdelibus
1068 4196 1309 4262 cunctis,
1348 4215 1495 4256 nunc
1526 4210 1581 4256 et
1609 4218 1840 4276 semper,
1871 4216 1927 4263 et
1953 4224 2051 4279 per

469 4271 656 4326 omnia
698 4277 892 4329 saecula
943 4282 1286 4342 saeculorum.
1330 4287 1433 4354 Qui
1474 4306 1604 4346 vero
1645 4301 1888 4351 treuvam
1922 4313 2048 4367 pro-

469 4360 692 4418 missam
720 4364 1028 4437 habuerint,
1056 4381 1110 4427 et
1137 4390 1195 4429 se
1217 4377 1420 4433 sciente
1440 4379 1734 4453 infringere
1755 4386 2043 4451 voluerint,

2158 3180 2383 3236 omnino
2420 3198 2530 3237 non
2561 3192 2828 3255 teneatur,
2873 3204 2943 3244 ne
2982 3192 3197 3246 occasio
3238 3193 3461 3250 inimico
3498 3197 3627 3252 data
3656 3199 3745 3254 vi-

2155 3271 2366 3327 deatur.
2400 3271 2667 3331 Praeterea
2708 3293 2968 3350 rogamus
3009 3298 3126 3350 vos,
3171 3282 3384 3354 fratres,
3420 3294 3483 3341 ut
3513 3288 3571 3342 in
3596 3305 3745 3360 qua-

2154 3377 2369 3435 cunque
2396 3364 2483 3422 die
2511 3368 2654 3439 apud
2681 3385 2777 3427 vos
2804 3371 3057 3442 pra:dieta
3093 3390 3198 3446 pax
3226 3383 3280 3430 et
3307 3384 3495 3432 treuva
3524 3381 3744 3435 consti-

2153 3467 2269 3512 tuta
2299 3457 2480 3526 fuerit,
2524 3459 2701 3530 ipsum
2743 3463 2884 3518 diem
2920 3465 3113 3523 devote
3142 3467 3398 3524 recolatis
3422 3469 3477 3524 in
3513 3472 3743 3527 nomine

2153 3558 2354 3605 sanctae
2391 3549 2690 3608 Trinitatis.
2736 3552 2997 3612 Latrones
3044 3574 3401 3632 quoscunque
3439 3562 3507 3618 de
3553 3574 3740 3622 vestra
3818 3641 3825 3649 ν

2152 3640 2373 3708 regione
2414 3641 2649 3713 ejiciatis
2706 3653 2759 3699 et
2806 3647 3224 3718 abominemini,
3294 3654 3641 3713 maledicatis
3683 3668 3742 3714 et

2149 3734 2631 3791 excommunieetis
2674 3751 2740 3791 ex
2784 3747 2935 3808 parte
2979 3742 3222 3796 omnium
3264 3753 3588 3801 sanctorum
3639 3750 3737 3820 qui

2151 3836 2313 3892 supra
2342 3824 2527 3895 scripti
2554 3835 2700 3882 sunt.
2727 3826 2975 3886 Dccimas
2997 3846 3126 3887 vero
3148 3841 3356 3888 vestras
3379 3843 3435 3890 et
3458 3837 3737 3906 primitias

2148 3912 2216 3967 de
2243 3914 2520 3971 laboribus
2548 3917 2744 3973 vestris
2784 3918 2896 3975 Deo
2927 3920 3188 3977 offeratis.
3233 3921 3308 3978 De
3343 3923 3507 3980 bonis
3534 3929 3737 3984 vestris

2149 4004 2214 4059 ad
2245 4005 2504 4063 ecclesias
2528 4007 2822 4079 deportetis
2850 4027 2949 4081 pro
2978 4013 3152 4068 salute
3171 4013 3420 4069 vivorum
3448 4025 3506 4071 et
3530 4017 3737 4073 defun-

2148 4102 2380 4161 ctorum,
2426 4106 2486 4151 ut
2524 4095 2667 4154 Deus
2703 4116 2802 4155 vos
2842 4101 3031 4156 liberet
3072 4102 3141 4157 ab
3178 4104 3436 4159 omnibus
3475 4106 3641 4162 malis
3674 4107 3735 4162 in

2147 4187 2251 4243 hac
2279 4188 2408 4255 vita,
2442 4198 2497 4245 et
2526 4199 2650 4261 post
2677 4191 2819 4247 hanc
2847 4194 3011 4248 vitam
3048 4194 3307 4267 perducat
3334 4211 3435 4251 vos
3459 4196 3531 4252 ad
3561 4214 3732 4270 regna

2146 4280 2428 4347 cmlorum,
2472 4283 2564 4352 qui
2605 4299 2729 4338 cum
2771 4282 2880 4338 Deo
2914 4270 3078 4341 Patre
3110 4295 3164 4341 et
3195 4284 3398 4357 Spiritu
3425 4298 3626 4344 sancto
3651 4291 3731 4345 vi-

2144 4370 2222 4426 vit
2257 4380 2311 4427 ct
2349 4383 2538 4446 regnat
2576 4373 2721 4430 Deus
2761 4389 2858 4445 per
2901 4376 3083 4431 omnia
3126 4378 3325 4433 saecula
3370 4380 3726 4437 saeculorum.

466 4451 577 4506 sint
606 4458 1061 4515 excommunicati
1104 4478 1133 4516 a
1182 4462 1294 4520 Deo
1336 4465 1496 4524 Patre
1542 4451 1943 4543 omnipotente,
1992 4487 2046 4533 et
2077 4466 2121 4522 Ῐ)
2146 4460 2338 4517 Amen-

463 4540 603 4597 Filio
631 4545 751 4616 ejus
778 4546 906 4605 Jesu
934 4549 1154 4609 Christo
1181 4564 1231 4610 et
1263 4554 1467 4627 Spiritu
1494 4540 1709 4630 sancto,
1744 4574 1798 4620 et
1823 4566 1891 4622 de
1919 4540 2042 4625 om-

464 4634 627 4692 nibus
656 4641 862 4697 sanctis
892 4640 984 4698 Dei
1018 4644 1129 4702 sint
1171 4652 1650 4722 excommunicati,
1684 4658 1956 4715 maledicti
1989 4670 2044 4718 et

462 4726 734 4797 detestati,
762 4732 851 4788 hic
879 4743 932 4790 et
962 4736 1018 4791 in
1046 4749 1387 4809 perpetuum,
1419 4753 1475 4800 et
1502 4746 1614 4802 sint
1635 4747 1877 4807 damnati
1902 4754 2046 4811 sicut

462 4815 676 4875 Dathan
704 4831 759 4878 et
783 4823 1010 4895 Abiron,
1034 4838 1087 4884 et
1110 4814 1251 4888 sicut
1277 4832 1446 4893 Iudas
1473 4838 1567 4909 qui
1600 4842 1822 4899 tradidit
1851 4843 2041 4901 Domi-

462 4926 618 4979 num,
665 4922 720 4969 et
752 4916 861 4972 sint
886 4919 1108 4977 dimersi
1148 4923 1204 4979 in
1248 4926 1579 4996 profundum
1628 4934 1848 5003 inferni,
1899 4937 2044 4993 sicut

461 5001 676 5061 Pharao
716 5006 772 5062 in
813 5010 993 5067 medio
1037 5015 1227 5084 maris,
1268 5019 1313 5075 si
1355 5021 1424 5075 ad
1465 5023 1900 5081 emendationem
1930 5042 2038 5083 non

457 5095 726 5162 venerint,
756 5098 897 5155 sicut
925 5104 1280 5163 constitutum
1316 5119 1418 5166 est.
1459 5111 1715 5170 Videlicet
1748 5116 1797 5171 si
1822 5118 1948 5188 quis
1983 5119 2037 5173 in

458 5183 596 5253 ipsis
634 5186 826 5246 diebus
861 5201 1061 5256 treuvaa
1105 5197 1198 5254 Dei
1235 5200 1589 5260 homicidium
1639 5183 1856 5276 fecerit,
1882 5211 2038 5265 exsul

459 5271 635 5316 factum
713 5287 873 5316 nlnno
918 5300 944 5316 α
992 5288 1203 5316 νικας-...2-
1248 5293 1414 5316 ..-ι-ε-
1467 5298 1595 5316 -:--.

2899 4574 2965 4633 V.

2149 4666 2350 4738 Charta
2386 4665 2711 4738 Raintbaldi,
2756 4685 2860 4738 qua
2897 4668 3169 4723 ecclesiam
3204 4644 3388 4724 Sancti
3423 4670 3640 4727 Genesii
3673 4685 3727 4729 et

2293 4735 2476 4791 Sancti
2506 4735 2791 4805 Honorati,
2823 4738 2917 4791 dat
2971 4738 3251 4793 Victorini:
3286 4743 3581 4796 ntonaclm.

2219 4826 2395 4899 (Call.
2443 4827 2640 4883 Christ.
2690 4845 2815 4899 nov.
2857 4829 2985 4884 edit.
3037 4829 3080 4895 l,
3127 4831 3224 4897 95,
3259 4847 3328 4887 ex
3370 4833 3653 4889 chartario

2748 4898 2804 4953 S.
2835 4899 3113 4971 Caesarii.)

2215 5010 2609 5083 Omnipotentis
2652 5012 2745 5070 Dei
2793 4990 3323 5103 incomprehensibili
3358 5015 3719 5088 dispositione

2142 5104 2367 5175 adeptus
2406 5106 2569 5175 hujus
2615 5115 2817 5162 sanctae
2852 5106 2996 5162 sedis
3031 5107 3363 5164 Arelatensis
3402 5110 3716 5180 pontiﬁcale

2141 5195 2377 5261 culmen,
2409 5195 2579 5249 multa
2617 5196 2846 5251 subinde
2884 5211 3098 5251 mecum
3125 5196 3193 5253 de
3217 5198 3408 5255 eodem
3447 5199 3712 5271 regimine

3052 5286 3204 5316 Ιῒνυιίιι
3238 5288 3467 5316 -.ειμιρ-..ι
3511 5289 3597 5316 λε,
3642 5288 3709 5316 ,1-

2142 5285 2277 5316 Αιγινὶῖ
2323 5284 2376 5316 δη
2408 5285 2587 5316 ’.αιδην-Λ
2618 5287 2858 5316 Λ-σηιιηηνι
2908 5295 2990 5316 adn
