4020 5364
208 263 356 324 1397

872 279 1266 370 αειινιιεωε
1301 248 1620 347 naeniae.
1661 291 1793 349 nam

1894 295 1964 353 is.
2005 329 2077 339 —
2108 252 2388 357 norim
2425 300 2815 361 msromcs.

3336 278 3484 363 tam

201 386 410 493 ιξοεξιοι
448 387 885 493 ωξιὶξδηνοινρηξ
932 412 1145 493 mecum
1191 401 1247 459 in
1289 404 1496 473 animo,
1525 410 1802 479 quomodo
1830 419 1877 477 Α
1901 414 2153 483 consilio,
2186 418 2269 473 vel
2312 428 2633 476 czeterorum
2664 422 3044 493 episcoporum
3075 435 3323 478 meorum
3353 437 3482 480 suc-

203 476 280 531 de
303 486 414 533 tam
438 483 669 551 spiritali
713 486 1166 560 priscitemporis
1197 476 1593 555 monachorum
1619 499 1796 557 officio

181 583 401 626 -versus
428 583 573 628 esset
602 575 657 642 in
686 567 1056 647 possessionis
1084 587 1365 643 sazcularis
1395 590 1639 659 servitio,
1676 610 1793 648 me-

200 678 340 719 cum
381 667 612 723 tractavi
668 678 728 725 ut
781 672 930 729 illum
985 675 1168 733 locum
1222 678 1411 736 darem
1460 686 1795 741 monasterio

200 756 383 811 sancti
445 755 680 817 Victoris
727 762 795 818 de
850 764 1118 836 Massilia,
1167 769 1223 825 in
1270 788 1382 843 quo
1441 776 1796 841 constitueret

200 844 431 941 lsarnus
462 851 631 909 abbas
665 858 966 915 monachos
997 860 1053 915 in
1095 861 1299 920 Christi
1342 868 1581 923 servitia.
1629 868 1798 941 Igitur

201 955 308 1010 ego
334 939 711 1013 Raimbaldus,
753 950 929 1020 gratia
963 950 1058 1007 Dei
1086 954 1140 1008 in
1177 957 1503 1025 praesulatus
1532 939 1795 1015 honorem

200 1032 560 1104 sublimatus,
611 1038 786 1109 ipsam
832 1044 1120 1101 ecclesiam
1171 1045 1355 1103 Sancti
1402 1049 1621 1107 Gencsﬁ
1669 1067 1795 1117 cum

198 1125 467 1182 omnibus
513 1128 615 1184 sibi
659 1131 923 1202 subjectis
969 1136 1239 1208 ecclesiis,
1278 1148 1333 1196 et
1369 1149 1563 1207 caetem
1610 1145 1796 1201 omnia

196 1230 329 1295 quae
357 1217 413 1272 in
439 1222 695 1289 praesenti
721 1224 976 1281 videntur
1002 1236 1208 1297 tenere,
1236 1240 1291 1286 et
1318 1232 1582 1305 quidquid
1625 1233 1680 1289 in
1711 1234 1799 1303 fu-

201 1315 331 1369 turo
359 1313 600 1379 potuerit
625 1316 937 1389 acquirere,
957 1319 1024 1374 de
1054 1321 1187 1393 ipsis
1218 1324 1383 1380 rebus
1408 1341 1546 1405 quas
1570 1326 1684 1398 jam
1717 1339 1795 1384 te-
1884 1326 1889 1331 ’

202 1400 343 1467 nuit,
374 1403 461 1456 vel
503 1406 645 1461 unde
669 1424 889 1487 quoque
929 1412 1149 1469 aliunde
1186 1400 1796 1491 acquisierit,_exceptis

200 1492 308 1554 illis
338 1493 627 1553 laicalibus
665 1499 864 1569 feudis,
895 1512 948 1558 et
984 1505 1247 1583 quidquid
1279 1509 1418 1575 laici.
1441 1498 1621 1575 illj'ex
1662 1514 1795 1583 ipsis

200 1584 320 1639 suis
355 1584 536 1644 feudis
561 1589 745 1646 abbati
772 1598 1212 1668 congregationis
1247 1611 1551 1668 cesserunt,
1576 1619 1701 1659 cum
1725 1620 1791 1679 eo

1901 525 2205 575 cessurum,
2238 518 2411 567 totum
2440 513 2497 568 in
2525 530 2723 569 manus
2751 513 2924 571 lsarni
2959 513 3173 575 abbatis
3203 513 3261 570 S.
3299 512 3483 581 Victo-

1901 602 1979 657 ris
2027 600 2384 659 Massiliensis
2428 605 2720 683 tradimus,
2757 607 3049 672 donamus,
3087 605 3332 663 cedimus
3359 607 3486 678 jure

1901 703 2184 764 perpetuo,
2211 695 2371 750 nobis
2412 695 2465 750 in
2500 697 2606 753 hoc
2648 698 3120 753 consentientibus
3160 697 3329 755 totius
3356 714 3485 769 pro-

1900 785 2093 841 vinciae
2130 787 2469 857 principibus
2505 804 2601 844 seu
2650 790 2944 846 comitibus
2997 788 3281 847 Josefredo
3319 800 3485 863 atque

1900 874 2219 943 Bertranno,
2250 886 2304 932 et
2348 888 2548 933 nostrae
2576 879 2720 957 sedis
2742 881 3023 936 canonicis
3051 882 3481 947 Arelatensibus.

1901 967 2103 1035 Poneio
2127 969 2452 1031 Massiliensi
2483 970 2762 1042 episcopo,
2786 987 2911 1027 eum
2941 972 3238 1042 fratribus;
3271 974 3364 1030 tali
3395 991 3485 1033 ra-

1902 1062 2048 1123 tione
2078 1071 2136 1116 ut
2163 1078 2193 1118 a
2225 1062 2511 1118 monachis
2541 1063 2623 1118 vel
2675 1064 2744 1118 ab
2789 1064 2982 1120 abbate
3011 1081 3212 1122 census
3241 1082 3337 1139 per
3366 1065 3483 1124 sin-

1882 1154 2055 1230 gulos
2075 1170 2249 1209 annos
2261 1154 2683 1209 rezldatut'altari
2704 1153 2889 1211 Sancti
2916 1156 3178 1227 Stephani
3195 1156 3485 1225 ,velSancti

1901 1242 2202 1315 Trophitni,
2228 1246 2366 1300 libra
2389 1261 2497 1301 una
2512 1245 2721 1302 incensi
2749 1246 2804 1301 in
2828 1246 2968 1303 festo
2984 1249 3159 1314 sancti
3178 1245 3478 1320 Trophimi.

1900 1333 1955 1389 ld
1982 1335 2273 1407 ipsumque
2299 1336 2468 1404 enim,
2499 1338 2645 1407 quod
2675 1338 2973 1408 inspirante
2998 1338 3107 1394 Deo
3130 1340 3364 1411 egimus,
3396 1357 3486 1395 sa-

1895 1443 2115 1483 crorum
2143 1444 2418 1484 canonum
2461 1437 2515 1485 et
2543 1430 2731 1502 legalis
2765 1430 2921 1511 jubet
2950 1433 3274 1499 auctoritas,
3311 1441 3372 1487 ut
3416 1432 3484 1489 de

1894 1520 2059 1576 rebus
2088 1520 2351 1592 episcopii
2388 1530 2757 1589 construatur;
2792 1524 3208 1579 monasterium.

1554 1813 1691 1854 ANNO
1720 1814 1905 1854 DOIINI
1926 1815 2149 1865 )lLXVll._

1182 1879 2552 2101 GERVASIUS

804 2179 1507 2356 REMQENSES
1593 2180 2851 2306 ARCHIEPISCOPUS.

1204 2521 1710 2616 NOTITIA
1781 2525 2489 2622 HISTORICAa

1231 2714 1331 2787 (Ex
1366 2715 1548 2772 Gallia
1572 2702 1907 2786 Christiana,
1935 2734 2059 2775 nov.
2084 2719 2214 2775 edit.
2246 2728 2283 2775 t.
2308 2718 2403 2790 Χ.)

1585 2840 1981 2859 "om

269 2946 565 3005 Pmulem
614 2948 782 3017 hanc,
824 2963 989 3020 quem
1027 2948 1274 3021 plerique
1311 2961 1504 3004 omnes
1540 2948 1786 3017 laudant,
1820 2951 1865 3012 Β
1886 2947 2012 3022 jure
2039 2950 2354 3035 obvenerat,
2396 2951 2563 3009 etiam
2604 2953 2798 3011 nolens
2831 2954 3063 3012 cederet.
3092 2954 3185 3011 Ἐκ
3221 2955 3385 3028 longo
3424 2966 3479 3012 et

206 3038 523 3097 Willelmus.
562 3041 731 3097 abbas
778 3039 1039 3097 Metcnsis
1079 3041 1427 3096 vehementer
1472 3049 1527 3096 et
1567 3040 1788 3097 inimice
1887 3042 2113 3099 taedioso
2139 3059 2358 3100 carcere
2381 3043 2673 3101 Gervasius
2699 3054 2918 3118 ereptus
2946 3049 3000 3102 in
3022 3045 3476 3104 Northmanniam

202 3131 500 3188 insectatus
524 3145 610 3189 est
635 3132 960 3199 maledictis,
993 3141 1278 3204 tyrannum
1314 3133 1476 3187 etiam
1507 3132 1659 3189 illum
1697 3147 1791 3189 vo-

202 3240 362 3292 cans;
392 3234 449 3281 et
482 3234 662 3281 tamen
692 3225 862 3281 abbas
883 3226 973 3281 ille
1000 3224 1331 3296 pnedicatur
1361 3224 1533 3281 fuisse
1562 3226 1646 3281 vir
1678 3223 1789 3281 Deo

203 3315 443 3385 deditus,
460 3325 524 3372 et
538 3318 900 3373 sanctissimae
915 3318 1069 3384 vita;
1095 3332 1205 3373 non
1233 3316 1586 3372 diﬁltendum—
1604 3326 1789 3373 tamen

202 3415 285 3462 est
308 3407 485 3474 illum,
519 3408 566 3463 si
595 3408 728 3463 ﬁdes
749 3407 1050 3463 adhibenda
1076 3407 1147 3462 sit
1170 3406 1413 3463 historia:
1437 3407 1580 3463 beati
1609 3406 1789 3463 Theo-

204 3498 368 3555 derici
395 3500 613 3556 abbatis
649 3498 1070 3570 Andaginensis,
1109 3499 1362 3569 quamvis
1399 3498 1468 3557 ad
1494 3500 1677 3556 omnia
1702 3516 1791 3553 sa-

207 3604 380 3657 gacem
417 3598 472 3644 et
517 3599 809 3657 strenuum,
861 3589 1265 3660 episcopatum
1302 3588 1539 3659 dignum,
1596 3597 1791 3675 natura

209 3690 377 3736 tamen
407 3690 458 3736 et
490 3682 724 3736 moribus
754 3680 1034 3751 plusquam
1067 3681 1358 3751 oportuerit
1395 3682 1583 3751 ferum,
1621 3681 1795 3735 immi-

208 3778 310 3824 tem
335 3779 384 3825 et
410 3770 770 3826 truculentum
800 3768 991 3826 fuisse.
1028 3768 1201 3825 Natus
1229 3777 1313 3825 est
1338 3769 1426 3825 ille
1454 3785 1600 3825 anno
1630 3769 1789 3835 1007,

209 3856 262 3912 id
282 3857 528 3916 estforte
560 3858 717 3927 1008,
742 3858 1148 3915 non.Februar.
1181 3859 1324 3931 apud
1357 3857 1610 3917 Castrum
1640 3858 1790 3926 Ledi,

210 3952 526 4019 parentibus
586 3949 870 4006 Hameiino
918 3966 1017 4007 seu
1073 3950 1306 4006 Aimone
1347 3950 1572 4006 domino
1610 3949 1792 4005 Castri

1889 3133 2137 3201 secessit,
2173 3134 2287 3201 ubi,
2332 3150 2364 3189 a
2411 3133 2700 3191 Guillelmo
2742 3136 2881 3192 duce
2915 3137 3146 3193 comiter
3197 3144 3475 3208 exceptus,

1890 3240 2047 3293 auro,
2083 3234 2331 3295 argento,
2364 3227 2592 3294 honore,
2637 3228 2931 3300 multisque
2968 3230 3184 3301 pradiis
3226 3230 3477 3287 cumula-

1891 3327 1999 3374 tur.
2042 3318 2207 3374 Fama
2228 3319 2348 3390 ejus
2364 3335 2462 3390 per
2488 3321 2799 3378 universam
2821 3322 3051 3378 Galliam
3078 3324 3476 3391 crebrescente,

1889 3426 1986 3465 rex
2016 3418 2227 3479 tantum
2268 3412 2556 3482 praesulem
2584 3414 2801 3470 allicere
2827 3430 2892 3471 ac
2913 3415 3193 3473 beneﬁciis
3237 3417 3340 3472 sibi
3390 3415 3478 3473 de-

1892 3503 2112 3558 vincere
2141 3503 2387 3575 cupiens,
2425 3519 2552 3560 eum
2597 3506 2775 3576 primo
2800 3523 2830 3562 a
2860 3508 3106 3564 consiliis
3134 3525 3256 3565 esse
3284 3509 3476 3578 voluit;

1895 3603 2008 3650 tum
2033 3596 2280 3652 Gindone
2310 3597 2721 3669 archiepiscopo
2744 3599 2871 3656 fatis
2905 3601 3148 3670 cedente,
3184 3601 3479 3658 Remenses

1893 3687 2094 3744 infulas
2138 3689 2189 3744 ei
2230 3688 2585 3759 cupidissime
2639 3691 2967 3757 conciliavit,
3026 3709 3165 3764 quas
3208 3704 3479 3749 annuente

1893 3779 2041 3835 clero
2094 3788 2150 3834 et
2198 3781 2400 3851 populo
2447 3782 2674 3852 adeptus
2725 3792 2809 3840 est
2862 3784 2992 3839 idib.
3058 3783 3279 3841 Octobr.
3332 3801 3480 3841 anno

1897 3870 2055 3926 1055.

1880 3984 1887 3988 δ
1964 3963 2335 4030 Quadriennio
2357 3973 2498 4035 post,
2521 3982 2554 4020 x
2577 3962 2696 4021 Kal.
2720 3964 2847 4022 Jun.
2863 3968 2983 4039 ipso
2999 3967 3087 4024 die
3108 3967 3475 4034 Pentecostes,

210 4037 339 4095 Ledi
365 4051 421 4098 et
445 4041 767 4115 Hildegarde
805 4057 903 4099 seu
927 4041 1252 4113 Hildeburge
1292 4040 1358 4096 de
1394 4040 1673 4108 Bellismo,
1711 4056 1793 4096 so-

1894 4054 2203 4126 Philippum
2231 4053 2271 4123 I,
2304 4071 2431 4128 rege
2469 4055 2704 4113 Henrico
2737 4037 2901 4128 patre
2917 4068 3204 4130 praesente,
3237 4059 3475 4133 iuunxit,

211 4147 331 4188 rure
367 4135 677 4206 Avesgandi
711 4134 953 4206 episcopi
982 4132 1436 4192 Cenomanensis-
1474 4131 1794 4205 Ανθεεαηάο
1895 4145 2201 4201 astantibus
2240 4144 2431 4216 viginti
2472 4154 2710 4217 quatuor
2751 4149 3041 4219 episcopis,
3084 4165 3150 4205 ac
3192 4131 3403 4206 Nicolai
3432 4148 3479 4202 Υ

209 4228 477 4283 avunculo
503 4228 771 4284 successit
792 4228 846 4283 in
872 4227 1375 4298 episcopatu,anno
1400 4224 1793 4291 1056;sedvix
1823 4231 2293 4312 n'papa.1ega¢is_
2348 4236 2482 4294 Rem
2534 4247 2742 4311 gestam
2790 4242 3014 4312 εχροηίι
3060 4250 3213 4298 vetus
3266 4243 3475 4311 charta,

210 4316 515 4387 episcopale
561 4318 760 4374 solium
809 4294 1220 4383 conscenderat,
1275 4316 1455 4387 inquit
1500 4315 1791 4380 Marlotus,
1820 4294 1865 4357 (ἶ
1894 4294 2061 4402 ξιιιξιη
2128 4294 2350 4387 {mmo
2403 4330 2447 4385 ιι
2509 4294 3482 4392 ιῆδεηεωίῃ’ρξρίεεῑᾷ-ξείίίξξίιξ

209 4419 333 4463 cum
363 4406 679 4473 Herbertus,
708 4408 1030 4480 cognomine
1061 4407 1294 4478 Baccho,
1338 4408 1431 4479 qui
1472 4407 1793 4479 jamdudum

1897 4422 2186 4478 transcribi
2209 4423 2523 4479 curavimus
2561 4424 2702 4480 inter
2744 4424 3123 4481 instrumenta.
3182 4423 3336 4483 Hanc
3382 4444 3469 4483 au~

210 4496 533 4571 Avesgando
569 4500 832 4560 molestus
874 4499 1072 4568 fuerat,
1129 4500 1179 4557 ei
1231 4500 1461 4557 insidias
1512 4500 1695 4567 struit,
1742 4508 1799 4555 et

213 4585 450 4645 inaudita
478 4592 763 4664 tyrannide
795 4592 866 4648 ab
902 4592 1154 4663 ingressu
1182 4592 1335 4648 urbis
1362 4592 1796 4648 Cenomanensis

211 4678 304 4746 per
329 4680 464 4738 duos
492 4698 665 4740 annos
691 4684 947 4740 excludit.
992 4682 1233 4759 Subinde
1261 4681 1587 4738 Godefridus
1614 4683 1796 4738 Ande-

212 4773 477 4840 gavensis,
507 4776 598 4831 cui
638 4776 975 4847 episcopium
1008 4773 1301 4830 Gervasius
1329 4773 1573 4844 quandiu
1601 4788 1795 4844 super-

1893 4520 2005 4568 tem
2036 4523 2231 4571 nactus
2270 4517 2618 4571 occasionem
2671 4515 2988 4583 Gervasius,
3039 4516 3333 4572 vindicavit
3374 4519 3485 4575 sibi

1892 4604 2062 4660 totius
2089 4605 2275 4660 Galliae
2300 4606 2621 4676 primatum,
2654 4614 2979 4675 potestatem
3005 4607 3361 4664 consecrandi
3390 4625 3481 4667 re-

1890 4710 1990 4766 ges
2030 4694 2367 4751 Francorum
2412 4705 2467 4750 et
2509 4711 2786 4752 summum
2834 4696 3280 4753 cancellariatum
3318 4712 3488 4767 quem

1894 4793 2268 4841 antecessores
2293 4787 2378 4842 sui
2404 4787 2772 4842 obtinuerant.
2787 4786 3063 4845 Caeterum
3090 4805 3157 4844 ex
3183 4787 3374 4842 charta
3396 4790 3500 4850 illa

214 4866 319 4915 stes
342 4873 503 4931 esset,
529 4864 775 4922 Herberti
800 4866 1067 4938 pravitate
1094 4867 1274 4922 denuo
1299 4864 1559 4936 fatigatus
1590 4866 1795 4935 promi-
1892 4879 1979 4935 cui
2010 4877 2310 4935 concinam
2352 4880 2473 4935 aliae
2522 4895 2757 4937 numero
2801 4883 3248 4953 quamplurima,
3292 4895 3515 4949 praeter

214 4961 372 5020 serat,
394 4956 445 5009 ei
475 4972 542 5012 ex
567 4959 745 5013 amico
764 4959 941 5014 hostis
963 4956 1141 5014 factus
1166 4965 1286 5025 est;
1310 4971 1438 5011 nam
1460 4971 1519 5011 se
1539 4957 1792 5014 delusum
1891 4972 2200 5031 Americam
2242 4972 2427 5029 Trium
2445 4972 2726 5043 Fontium,
2744 4971 3079 5033 Chronicon
3110 4974 3411 5039 Remense,
3491 4988 3543 5039 ει

216 5041 502 5145 arbitratus
523 5050 805 5105 castellum
828 5050 959 5105 Ledi
982 5048 1487 5145 obsidionec‘ilmit3
1509 5056 1626 5104 tum
1653 5064 1792 5145 Ρςω·
1891 5067 2242 5137 appeudieem
2295 5066 2373 5122 ad
2418 5041 2719 5121 chronicon
2776 5063 3213 5145 Mosomagense
3233 5101 3249 5128 ,
3290 5072 3579 5138 (tonsus

214 5138 356 5176 ἰρῖιιι
393 5137 642 5176 inor-vulta
688 5143 835 5176 ηηηῖο
868 5141 1187 5176 flamonium
1220 5140 1287 5176 ηιΙ
1315 5137 1582 5176 familiam
1622 5140 1791 5176 mun-

1894 5156 1957 5176 n,
2098 5160 2111 5173 ι
2174 5173 2201 5176 κ-
2314 5158 2353 5176 a,
2410 5174 2413 5175 ν
2585 5160 2683 5176 σγγ-
2805 5170 2870 5176 Α..
2906 5137 3083 5176 Ιίἱκνιι⁷
3146 5150 3274 5176 Α--Αλ
