4020 5364
153 103 287 159 “ill

749 247 2972 278 mm

1535 109 1953 168 DlPLOMATA.

3301 111 3445 171 N03

971 425 1641 547 GERVASII
1732 429 2600 547 DlPLOMATA.

1558 654 1972 671 _

151 893 358 952 Charta
381 891 716 964 {sudationis
739 908 830 964 seu
846 895 1199 964 gestitutionis
1222 896 1500 950 duodecim
1528 897 1748 952 canoni-

234 961 420 1020 coruin
457 964 513 1018 in
543 962 764 1018 ecclesia
790 961 890 1019 SS.
939 964 1202 1022 Timothei
1221 978 1273 1022 et
1297 966 1650 1039 Apollinaris.

759 1055 942 1127 (Anno
966 1057 1150 1128 1064.)

155 1147 333 1226 [Actes
357 1147 424 1201 de
453 1147 506 1202 la
543 1148 787 1218 province
807 1149 1205 1224 ecclésiastique
1229 1152 1294 1207 de
1319 1151 1516 1219 Reims,
1540 1151 1605 1220 Il,
1632 1151 1747 1228 75.]

223 1240 280 1295 ln
308 1241 533 1295 nomine
578 1251 780 1298 sanetae
799 1252 854 1297 et
879 1243 1190 1308 individua
1218 1242 1524 1313 Trinitatis,
1548 1244 1746 1316 Patris,

154 1341 206 1390 et
230 1332 375 1401 Filii,
415 1342 470 1388 ct
502 1332 740 1404 Spiritus
777 1337 978 1404 sancti,
1001 1335 1297 1393 Gervasius
1333 1337 1428 1393 Dei
1452 1338 1626 1409 gratia
1644 1337 1744 1393 Re-

156 1442 369 1494 morum
391 1427 856 1499 archiepiscopus,
877 1438 1080 1484 sanctae
1104 1428 1362 1486 Ecclesiae
1383 1439 1494 1485 tam
1517 1446 1752 1502 praesen-

158 1519 298 1574 tibus
323 1535 493 1588 quam
524 1518 726 1576 futuris
748 1520 1019 1578 fidelibus.
1061 1521 1119 1577 Si
1143 1523 1364 1578 utilitati
1388 1532 1444 1578 et
1477 1524 1751 1580 honestati

157 1611 400 1667 ecclesiae
417 1611 576 1668 nobis
588 1629 619 1667 a
632 1610 743 1668 Deo
753 1614 1066 1670 commissa
1083 1615 1373 1688 diligenter
1393 1615 1747 1684 intendimus,

155 1713 206 1768 et
218 1721 564 1776 quaecunque
583 1705 638 1762 in
651 1722 714 1762 ea
729 1704 1242 1782 [ad.,E,P.]divin:e
1251 1707 1531 1779 religionis
1542 1709 1749 1764 cultum

157 1796 378 1870 provida
428 1797 896 1872 praedecessorum
935 1808 1248 1858 nostrorum
1293 1799 1574 1871 vigilantia
1604 1801 1753 1859 ordi-

158 1899 278 1961 nata
309 1899 466 1956 sunt,
510 1890 832 1948 inconvulsa
873 1907 1178 1960 servamus,
1205 1900 1259 1948 et
1300 1908 1424 1963 qua:
1445 1907 1512 1948 ex
1534 1892 1622 1948 his
1656 1908 1752 1950 ne-

160 1978 434 2053 gligentia,
472 1982 558 2036 vel
579 1982 857 2052 aliquibus
907 1982 1226 2042 infortuniis
1272 1984 1623 2056 deperierunt
1660 2000 1751 2050 re-

162 2088 350 2148 parare
389 2073 813 2142 contendimus;
848 2075 1259 2145 patrisfamilias
1300 2086 1492 2135 nostro
1531 2077 1752 2132 decreto

163 2164 316 2220 nobis
370 2165 579 2229 talento
633 2167 916 2238 multiplex
962 2167 1180 2223 lucrum
1247 2177 1644 2239 reportaturos,
1702 2181 1755 2224 et

161 2272 293 2328 euge
310 2258 635 2314 certissimae
661 2260 1124 2323 remunerationis
1171 2275 1274 2316 nos
1305 2261 1580 2318 credimus
1601 2261 1729 2319 audi
1745 2292 1758 2304 ο

164 2357 330 2411 turos.
353 2347 512 2406 Unde
538 2351 948 2408 considerantes
960 2353 1250 2409 ecclesiam
1282 2354 1458 2410 sancti
1482 2351 1755 2408 Timothei

167 2441 414 2512 martyris
457 2442 512 2495 in
551 2443 853 2514 municipio
885 2444 1052 2516 hujus
1075 2453 1279 2500 sancta:
1310 2445 1480 2512 sedis,
1524 2446 1612 2501 cui
1645 2443 1756 2500 Deo

167 2542 383 2593 auctore
428 2535 811 2604 praesidemus,
868 2535 1052 2603 sitam,
1099 2536 1378 2607 quondam
1430 2537 1755 2592 clericorum

167 2641 388 2694 numero
415 2636 475 2682 et
498 2628 786 2684 honestate
817 2629 1097 2701 religionis
1133 2630 1396 2701 viguisse,
1427 2630 1524 2686 sed
1556 2629 1780 2701 partim

167 2717 402 2784 adversis
443 2721 692 2787 casibus,
737 2722 934 2792 partim
975 2723 1188 2778 incuria
1231 2723 1299 2778 ad
1331 2724 1548 2780 titulum
1593 2725 1758 2781 unius

169 2809 464 2886 presbyteri
499 2825 620 2866 esse
644 2811 958 2881 redactam;
997 2812 1227 2884 ideoque
1258 2813 1326 2868 ab
1347 2814 1759 2884 archiepiscopo

168 2902 524 2972 Adalberone,
552 2914 613 2960 ut
637 2921 703 2961 ex
743 2906 865 2978 ejus
905 2907 1172 2966 reditibus
1208 2907 1597 2978 hospitalitatis
1625 2923 1758 2978 sup-

171 2993 401 3064 pleretur
425 2996 658 3065 utilitas,
689 2997 834 3052 beati
864 2997 1098 3070 Remigii
1126 2999 1464 3055 monasterio
1495 2999 1562 3054 ad
1583 2999 1761 3070 possi-

171 3082 403 3147 dendum
440 3102 792 3166 concessam;
830 3089 934 3160 piae
976 3091 1282 3146 sedulitatis
1311 3107 1476 3162 opera
1499 3090 1774 3146 adhibere

175 3178 483 3236 curavimus
520 3189 582 3244 ut
620 3197 742 3236 eam
793 3182 848 3236 in
875 3184 1165 3254 antiquum
1205 3185 1510 3240 honestatis
1553 3193 1760 3242 statum

175 3283 571 3340 repararemus.
626 3273 968 3346 Quapropter
1009 3275 1064 3332 id
1099 3276 1442 3332 notiﬁeantes
1477 3276 1762 3333 Herimaro

175 3362 372 3431 abbati,
406 3358 750 3436 iniunximus
781 3376 843 3422 ut
877 3369 981 3424 hoc
1004 3379 1207 3425 nostra:
1233 3371 1530 3428 voluntatis
1557 3385 1760 3442 propo-

1785 2121 1828 2180 Β

1770 758 1817 816 Δ
1842 757 2013 813 abbas
2057 766 2114 812 et
2152 757 2468 814 necessaria
2501 758 2584 815 eis
2630 759 2808 816 victus
2833 761 3138 834 provideat,
3162 773 3216 821 et
3241 763 3287 822 si
3311 749 3446 839 quid

1849 851 1907 906 iu
1956 865 2148 906 eorum
2193 853 2609 910 conversatione
2667 856 3096 926 reprehensihile
3157 844 3448 939 invenerit,

1846 944 2142 1000 emendare
2183 955 2416 1018 satagat,
2454 956 2519 1004 ut
2551 963 2781 1003 securus
2815 949 2870 1004 in
2907 949 2993 1005 die
3018 951 3211 1022 iudicii
3243 950 3354 1007 Deo
3382 952 3450 1009 de

1849 1039 1929 1094 eis
1960 1037 2231 1094 rationem
2255 1041 2480 1096 reddere
2505 1041 2700 1098 valeat.
2729 1040 2888 1109 Quod
2910 1051 3114 1098 nostra:
3139 1043 3448 1100 ordinatio-

1849 1133 1936 1188 nis
1957 1133 2236 1189 decretnm
2261 1149 2331 1188 ne
2355 1133 2480 1204 quis
2511 1135 2836 1204 convellere,
2866 1136 2949 1191 vel
2980 1136 3334 1207 aliquatenus
3364 1144 3450 1192 te-

1850 1240 2064 1298 morare
2086 1235 2404 1298 praesumat,
2448 1228 2552 1283 sub
2593 1228 2940 1284 anathemate
2972 1229 3350 1300 prohibemus,
3383 1228 3449 1284 ad

1848 1326 2199 1389 posterorum
2259 1320 2583 1375 memoriam
2640 1320 2694 1376 id
2749 1321 3201 1377 commendantes
3259 1321 3451 1376 chiro-

1851 1411 2058 1482 grapho
2116 1411 2220 1465 sub
2263 1412 2680 1482 episcoporum,
2736 1412 3027 1480 abbatum,
3067 1412 3453 1483 maiorumque

1851 1504 2027 1558 nostri
2073 1505 2225 1571 cleri,
2276 1513 2332 1560 et
2378 1513 2703 1560 emterorum
2727 1504 2969 1560 ﬁdelium
3008 1513 3323 1560 nostrorum
3355 1503 3454 1574 qui

1851 1595 2230 1652 interfuerunt
2264 1596 2598 1652 testimonio.
2643 1595 2939 1652 Prandium
2972 1605 3155 1651 autem
3181 1596 3329 1667 quod
3355 1613 3450 1651 ca-

1853 1691 2037 1748 nonici
2081 1689 2296 1746 Sanctae
2321 1689 2506 1746 Maria:
2544 1689 2708 1760 huius
2755 1687 3054 1745 Remorum
3104 1689 3349 1745 ecclesia:
3375 1689 3454 1744 illi

1853 1783 2195 1856 accipiebant
2213 1784 2268 1839 in
2302 1783 2596 1841 festivitate
2645 1791 2963 1840 sanctorum
3015 1790 3316 1856 martyrum
3355 1779 3452 1835 Ti-

1852 1876 2060 1932 mothei
2105 1884 2162 1931 et
2200 1875 2555 1946 Apollinaris,
2606 1890 2707 1947 pro
2751 1874 2849 1933 Dei
2897 1890 3107 1942 amore,
3156 1884 3212 1930 et
3262 1883 3454 1930 nostro

1853 1969 2303 2025 eondonaverunt
2367 1968 2648 2025 communi
2717 1981 2992 2022 consensu
3068 1966 3457 2038 perpetualiter

1856 2061 2039 2116 abbati
2090 2059 2411 2128 llerimaro,
2462 2068 2517 2115 ct
2561 2059 2892 2130 supradictis
2940 2059 3187 2126 clericis,
3239 2066 3300 2111 ut
3343 2058 3458 2112 sint

1856 2166 2048 2208 eorum
2093 2151 2310 2220 fratres,
2355 2151 2712 2223 ipsorumque
2785 2151 3108 2206 memoriam
3164 2149 3367 2204 faciant
3398 2149 3454 2203 in

1855 2245 2200 2301 orationibus
2253 2245 2408 2311 suis,
2453 2244 2613 2314 cuius
2668 2244 2982 2299 donationis
3032 2243 3340 2313 largitatem
3389 2257 3456 2295 ne

1857 2339 1983 2410 quis
2041 2338 2346 2393 convellere
2387 2337 2588 2392 audeat
2651 2334 2856 2390 futuris
2904 2335 3266 2405 temporibus,
3323 2348 3455 2388 cum

1857 2430 2239 2488 coessentibus
2263 2428 2422 2485 nobis
2447 2428 2720 2499 episcopis
2746 2436 2800 2482 et
2837 2427 2988 2481 omni
3028 2424 3198 2492 clero,
3231 2424 3335 2481 sub
3369 2423 3455 2478 αἱς

1841 2521 1971 2577 ’γίιιί
1997 2521 2242 2577 numinis
2272 2521 2638 2576 obtestatione
2659 2518 3083 2574 comminamur.

1877 2641 1880 2643 λ
1927 2616 1967 2686 -ι-
1993 2614 2220 2686 Signum
2247 2613 2434 2668 domni
2466 2612 2711 2668 Gervasii
2743 2612 2986 2682 archiep.

1930 2708 1971 2780 -ι-
2004 2707 2232 2779 Signum
2255 2706 2506 2762 Elinandi
2536 2706 2786 2764 Laudun.
2816 2705 3080 2777 episcopi.

1933 2803 1973 2879 τί·
1998 2802 2227 2874 Signum
2256 2801 2513 2856 Adelardi
2545 2798 2831 2856 Suession.
2864 2799 3001 2869 epis.

1931 2896 1972 2966 -ι-
1998 2894 2228 2967 Signum
2252 2894 2534 2949 Frotlandi
2576 2892 2784 2947 Silvan.
2817 2892 2956 2962 epis.

1929 2987 1970 3057 -ι-
2002 2985 2232 3057 Signum
2269 2984 2524 3040 Widonis
2548 2983 2765 3038 Beluae.
2791 2981 2930 3053 epis.

1930 3079 1970 3150 ἰ·
1995 3077 2225 3150 Signum
2250 3075 2456 3133 Odonis
2479 3073 2873 3132 archidiaconi.

1932 3171 1974 3242 -ι-
2008 3171 2238 3244 Signum
2270 3169 2540 3226 llerimari
2572 3169 2788 3224 abbatis
2819 3167 2996 3224 sancti
3019 3165 3273 3238 Remigii.

1931 3262 2128 3318 Actum
2157 3261 2344 3318 Remis
2364 3262 2582 3332 publice
2611 3276 2759 3315 anno
2790 3258 3006 3314 lncarn.
3046 3257 3261 3316 Domin,
3294 3255 3456 3315 1066.

1863 3355 2163 3412 indictione
2205 3371 2266 3424 ιι,
2310 3363 2575 3427 regnante
2637 3353 2888 3425 Philippo
2930 3367 3056 3423 rege
3104 3366 3198 3409 an.
3243 3366 3277 3403 v
3325 3347 3454 3407 ldus

175 3454 336 3511 situm
396 3460 809 3524 commendaret
860 3461 1098 3529 eﬂeetni,
1148 3471 1203 3518 et
1240 3463 1415 3534 ipsam
1471 3449 1758 3519 ecclesiam
1789 3449 2032 3530 cluuil-

176 3548 345 3604 sanCIi
387 3547 662 3606 Timothei
705 3568 831 3607 cum
876 3555 993 3618 suis
1040 3555 1305 3616 reditibus
1349 3556 1760 3627 stipendiariam

177 3635 284 3705 Deo
308 3639 535 3709 iaciens,
574 3641 921 3700 famulaturis
957 3645 1093 3701 inibi
1114 3647 1350 3729 clericis,
1387 3663 1450 3716 es
1482 3647 1606 3703 aliis
1626 3662 1748 3718 pos-

178 3732 514 3797 sessiOnibus
543 3735 719 3797 sancti
759 3735 991 3809 Remigii
1027 3739 1082 3793 in
1115 3755 1217 3794 suo
1256 3739 1509 3795 eoenobio
1542 3739 1764 3810 supple-

179 3832 414 3879 mentum
434 3835 713 3896 repararet
728 3828 1140 3898 hospitalitatis.
1171 3829 1277 3896 Qui
1302 3830 1536 3885 libenter
1560 3839 1778 3885 nostrae

178 3912 506 3982 ordinationi
544 3918 744 3988 paruit,
780 3928 835 3974 et
855 3921 959 3976 sub
993 3929 1182 3979 nostro
1220 3922 1565 3986 auctoritatis
1594 3921 1765 3992 privi-

178 4002 314 4075 legio
331 4007 623 4076 duodecim
643 4011 942 4069 canonicos
966 4013 1020 4066 in
1055 4013 1245 4068 eodem
1282 4013 1404 4070 loco
1429 4013 1762 4085 aggregavit,

181 4104 344 4167 utque
374 4101 932 4171 regulariteribidem
974 4104 1159 4159 divino
1196 4105 1514 4162 insisterent
1539 4104 1766 4161 servitio

180 4189 500 4249 canonicam
530 4192 876 4262 praebendam
907 4194 988 4250 eis
1019 4195 1275 4258 instituit.
1314 4195 1440 4256 llaec
1469 4212 1600 4269 ergo
1630 4213 1767 4259 con-

181 4279 387 4336 stitutio
413 4291 474 4346 ut
503 4285 656 4340 ﬁeret
689 4285 978 4352 efﬁcacior,
1012 4303 1115 4345 nos
1147 4305 1368 4363 quoque
1395 4289 1569 4360 ipsius
1589 4290 1767 4346 eccle,

182 4377 276 4449 δὴ
293 4381 464 4438 altare
499 4384 569 4439 ad
599 4395 950 4457 augmentum
987 4387 1241 4457 stipendii
1264 4405 1454 4444 eorum
1482 4398 1770 4461 perpetua-

183 4468 304 4539 liter
324 4473 460 4545 ipsis
499 4492 623 4540 esse
655 4479 937 4549 proprium
967 4481 1391 4549 constituimus;
1428 4491 1484 4537 et
1523 4483 1769 4553 quandiu

185 4562 293 4628 illic
317 4565 522 4622 fuerint
549 4573 820 4638 canonici,
853 4588 922 4627 ne
949 4573 1240 4644 quisquam
1272 4589 1562 4630 successor
1583 4584 1770 4632 noster

185 4655 267 4712 eis
289 4658 420 4714 illud
442 4661 657 4719 auferat
681 4665 784 4720 Sub
807 4664 990 4720 divina
1021 4667 1346 4733 auctoritate
1368 4666 1766 4724 interdicimus.
1789 4661 1791 4668 ’

189 4746 448 4818 Praeterea
479 4763 658 4816 ratum
703 4773 824 4814 esse
863 4758 1118 4814 volumus
1153 4769 1214 4815 ut
1241 4760 1352 4817 sint
1388 4760 1662 4818 immunes
1701 4763 1771 4817 ab

1955 3654 2068 3713 Pro
2099 3653 2416 3726 [ιιηάαεὶοΜ
2451 3650 2684 3706 abbatia:
2709 3649 2768 3704 S.
2803 3647 3049 3718 Dionysii
3069 3645 3361 3701 Remensis.

2460 3743 2642 3816 (Anno
2670 3741 2855 3811 1067.)
3095 3791 3098 3793 Α
3274 3787 3280 3791 .

2073 3839 2254 3913 [Actes
2283 3837 2348 3892 de
2381 3835 2437 3891 la
2457 3835 2702 3906 province
2730 3833 2794 3887 de
2820 3831 3020 3898 Reims,
3045 3829 3111 3898 ll,
3144 3827 3261 3901 79.]

1937 3930 2139 3988 Notum
2179 3929 2303 3985 volo
2332 3926 2714 4000 praesentibus,
2764 3940 2866 3980 nec
2901 3923 3148 3995 ignotum
3179 3921 3253 3977 sit
3276 3927 3464 3990 poste-

1865 4025 1966 4094 ris,
1991 4023 2139 4096 quod
2166 4037 2268 4095 ego
2310 4019 2608 4078 Gervasius
2651 4017 2818 4088 huius
2840 4022 3045 4072 sancta:
3073 4014 3221 4071 sedis
3258 4011 3466 4068 Remo--

1867 4133 1993 4174 rum
2029 4115 2277 4183 antistes,
2313 4107 2452 4186 ipost
2493 4112 2728 4168 aliarum
2779 4109 3238 4166 restaurationem
3286 4105 3467 4162 eccle-

1869 4211 2078 4282 siarum
2095 4224 2218 4280 qua:
2234 4217 2348 4264 tam
2371 4214 2645 4262 vetustate
2667 4219 2832 4275 quam
2851 4202 3179 4274 negligentia
3196 4199 3468 4256 destitutae

1869 4317 1936 4357 ac
1955 4301 2184 4356 deserta
2217 4298 2286 4354 ab
2307 4295 2549 4368 antiquis
2574 4294 2910 4367 apparebant
2935 4291 3292 4363 temporibus,
3320 4286 3470 4354 beati

1871 4392 2119 4465 Dionysii
2153 4407 2274 4462 qua
2309 4389 2424 4462 iam
2467 4403 2606 4459 pene
2653 4387 2917 4440 annulata
2963 4383 3143 4438 fuerat
3176 4378 3470 4441 ecclesiam

1873 4500 2138 4540 renovare
2164 4482 2396 4553 apposui
2420 4499 2435 4547 ;
2458 4494 2626 4550 quam
2657 4479 2789 4532 olim
2830 4473 3189 4532 celeberrime
3216 4471 3472 4544 dilatam,

1872 4577 2163 4648 ingruente
2191 4573 2423 4638 malitia,
2459 4571 2527 4626 ad
2553 4584 2829 4626 summam
2858 4568 3148 4624 devenisse
3180 4571 3474 4634 pauperta-

1874 4679 1983 4725 tem
2032 4669 2348 4740 frequenter
2402 4664 2738 4722 transeundo
2805 4662 3109 4717 miseratus
3175 4655 3474 4726 condolui;

1876 4761 2232 4831 adhibitaque
2281 4755 2503 4813 tandem
2541 4753 2842 4826 diligentia,
2880 4745 3311 4809 restaurationis
3341 4760 3485 4814 opus

191 4844 334 4904 βπιηὶ
378 4846 891 4915 archidiaconorum
923 4857 976 4904 et
1010 4851 1608 4922 archipresbyterorum
1641 4869 1739 4907 era
1758 4821 1850 4892 -θ
1877 4855 2218 4928 Operatione,
2244 4859 2549 4918 structura,
2579 4837 2676 4907 Dei
2719 4851 2994 4923 prasente
3019 4840 3217 4918 gral'la.
3237 4851 3351 4891 n0“
3371 4836 3490 4893 ἀίε-

192 4933 392 5003 etione,
438 4941 605 5008 positi
651 4949 858 4998 tamam
891 4943 993 4996 sub
1031 4947 1206 5002 sancti
1255 4942 1487 5014 Remigii
1528 4946 1775 5002 domina-
1879 4949 2002 5016 tuli,
2042 4949 2322 5003 destructa
2358 4943 2723 5015 reaediticans,
2767 4954 2890 5012 quae
2932 4935 3177 4998 fundata
3205 4942 3316 4982 non
3341 4942 3504 4988 erant

196 5025 354 5094 tione,
382 5031 485 5086 sub
511 5041 698 5088 nostra
727 5044 906 5090 tamen
935 5043 1225 5104 potestate,
1254 5043 1312 5092 et
1344 5035 1558 5095 abbatis
1583 5039 1771 5111 subie-
1877 5028 1915 5100 θ’
1947 5037 2322 5097 fundamentis
2369 5046 2721 5096 construens.
2766 5032 2836 5088 Et
2880 5032 3031 5101 quia
3058 5030 3126 5089 ad
3152 5035 3400 5111 mensam
3421 5039 3511 5080 cae

196 5120 390 5190 ctione,
416 5126 872 5200 quemadmodum
894 5135 945 5183 et
968 5133 1226 5191 monachi
1258 5128 1433 5200 ipsius
1455 5131 1632 5189 sancti
1662 5110 1769 5187 Re—
1879 5133 2206 5192 nonieorum
2231 5126 2472 5186 dominae
2493 5144 2634 5187 meas
2659 5133 2866 5188 sanetae
2899 5121 3016 5184 Dei
3041 5110 3318 5200 genii?icis
3343 5116 3516 5182 Ρεηὶ-

198 5213 378 5286 Anicii:
409 5225 463 5272 ει
487 5217 629 5284 sicut
655 5235 844 5279 curam
878 5236 944 5276 ex
971 5235 1165 5284 eorum
1195 5221 1492 5282 animabus
1517 5226 1686 5283 abbas
1706 5225 1774 5281 de
1880 5227 2065 5294 nebat,
2099 5224 2170 5280 ab
2201 5223 2337 5295 ipsis
2385 5217 2518 5276 ﬁliis
2549 5223 2688 5280 meis
2708 5233 2834 5280 eam
2882 5216 3001 5276 sub
3044 5224 3216 5279 οεοειι
3262 5219 3356 5260 δεῖ
3385 5209 3522 5262 δοιί-

196 5299 376 5361 nostra
406 5311 663 5364 suscepit.
688 5317 878 5364 eodem
907 5315 1071 5364 modo
1100 5321 1168 5364 do
1191 5315 1515 5364 earumdem
1543 5320 1772 5364 olm-inn-

1879 5323 2078 5364 dnrnm
2105 5315 2358 5364 nmninm
2385 5311 2676 5364 voluntate.
2713 5309 2920 5364 accepi.
2953 5315 3243 5364 mmetua
3270 5298 3527 5356 Ῑίδεηθῑθ
