4020 5364
511 219 652 281 μοδ

1607 219 2024 297 ιεουεωῐιιι
2063 223 2382 285 ARClilEP.
2431 227 2655 283 VIENN.

3671 227 3816 283 ιωι

504 336 798 409 sepultura:
825 331 1202 400 traderentur;
1244 343 1297 389 et
1337 335 1382 390 si
1417 335 1532 408 ipsa
1575 338 1804 394 cccl.‘sia
1835 356 2096 411 processu
2128 345 2175 401 Α
2200 343 2495 410 crevimus,
2529 342 2692 398 modo
2721 339 2940 413 quoque
2975 341 3344 405 decernimus,
3387 338 3540 411 quod
3564 338 3634 394 de
3659 342 3812 394 omni

504 427 790 500 temporis,
821 423 1018 498 ~aliquo
1055 444 1186 483 casu
1235 427 1473 484 rediviva
1517 430 1847 498 calamitate,
1885 434 1953 488 ad
1975 449 2096 488 eam

506 537 630 591 qua:
670 520 824 590 prius
864 527 982 574 erat
1029 519 1322 585 decideret,
1375 535 1570 588 eorum
1618 521 1756 582 sicut
1783 522 1935 592 prius
1985 532 2102 578 erat

505 613 760 685 potestati
803 612 1148 684 subjiciatur,
1191 611 1298 667 nisi
1339 613 1497 684 culpa
1527 614 1615 678 vel
1647 615 1828 670 studio
1852 616 2098 686 ipsorum

507 705 790 762 acciderit.

579 799 822 856 Ecclesia
849 798 1036 870 itaque
1063 814 1187 854 meo
1213 809 1431 867 sumptu
1448 807 1504 854 et
1526 798 1711 854 labore
1733 799 1799 854 ad
1825 795 2096 872 integrum

507 892 782 959 restituta,
840 907 965 949 cum
1026 891 1260 946 diversis
1303 889 1549 948 aedificiis
1591 891 1660 946 ad
1716 892 2098 947 necessitatem

509 979 741 1036 fratrum
779 981 1230 1048 accommodatis,
1267 980 1562 1035 canonicos
1601 981 1799 1036 ibidem
1829 982 1896 1037 ad
1933 983 2107 1037 Ιιοηοτ-

510 1090 625 1128 rem
657 1081 711 1127 et
763 1073 1125 1128 anniversarii
1181 1073 1288 1127 mei
1337 1074 1860 1129 commemoratione
1903 1083 2107 1130 sanctae

512 1163 696 1219 Mariae
732 1166 797 1218 ad
847 1181 1011 1220 usum
1055 1165 1354 1219 concedere
1398 1165 1815 1232 canonicarum,
1867 1183 2106 1236 quorum

513 1256 782 1312 decimam
833 1257 959 1312 huic
1000 1256 1246 1312 ecclesia:
1286 1256 1614 1324 habendam,
1656 1257 1799 1312 sicut
1844 1258 1974 1312 olim
2005 1258 2104 1313 de-

2205 435 2480 491 bonorum
2529 449 2778 490 meorum
2831 433 3138 490 substantia
3182 433 3560 495 iudiﬂ'ercnter
3614 433 3816 488 statui-

2205 543 2348 582 mus.
2377 527 2550 598 Cujus
2594 526 3005 590 constitutionis
3059 535 3260 580 nostra:
3305 526 3594 580 decretum
3635 533 3701 578 ut
3725 541 3816 577 ra-

2202 629 2332 676 tum
2350 619 2777 689 inviolatumque
2798 619 3074 689 perpetuis
3095 619 3271 676 valeat
3315 617 3694 686 temporibus,
3721 633 3820 670 no-

2203 723 2330 768 strae
2369 713 2712 768 auctoritatis
2745 712 2949 782 scripto
3009 711 3263 782 pra-senti
3317 709 3685 774 roboramus,
3743 709 3790 762 si

2207 809 2428 880 gillique
2454 806 2626 862 nostri
2651 807 3010 876 impressione
3036 807 3449 876 consignamus.

2277 902 2474 955 Actum
2530 899 2748 965 Remis,
2825 914 2972 954 anno
3044 897 3451 953 lncarnationis
3509 894 3822 970 Dominicg

2210 992 2369 1059 106.7,
2400 991 2702 1052 lndictione
2727 1001 3069 1062 v,-regnante
3098 989 3354 1061 Philippo
3379 1005 3512 1060 rege
3541 1003 3699 1042 anno
3725 1003 3818 1050 vn,

2207 1083 2558 1154 episcopatus
2588 1083 2696 1138 mei
2728 1098 2874 1138 anno
2897 1099 2994 1136 xu.

2279 1171 2569 1230 Odalricus
2599 1173 2959 1232 cancellarius
3003 1173 3223 1242 scripsit
3264 1181 3432 1242 atque
3463 1170 3813 1240 subscripsit.

1864 1574 2000 1616 ANNO
2035 1574 2220 1614 DOIINI
2260 1574 2465 1614 ILXVII.

1415 1746 2962 1933 LEODEGARIUS

638 2071 1504 2192 VIE‘NNENSIS
1588 2047 2320 2202 ECCLESI/E
2405 2067 3687 2187 ARCHIEPISCOPUS.

1909 2296 2315 2314 *ι--ι-

1529 2414 2040 2511 ΝΟΤΙΤΙΑ
2107 2415 2804 2510 HISTORICA.

1304 2608 1406 2681 (Ex
1441 2607 1621 2664 Gallia
1671 2607 2006 2679 Christiana,
2051 2617 2160 2666 vet.
2202 2609 2360 2679 edit.,
2419 2618 2554 2666 tom.
2612 2607 2654 2677 1,
2709 2625 2832 2681 pag.
2883 2608 3031 2680 799.)

1963 2769 2287 2786 -ο

604 2894 973 2992 ιςράεξβθιιείιιΞ
1001 2905 1323 2992 recensetqr
1436 2898 1732 2992 diplomate
1763 2898 2174 2992 Ermqua‘rdis,
2206 2898 2860 2992 liodulphivliurgundize
2888 2897 3044 2992 regis
3060 2895 3333 2992 conjugis,
3377 2910 3472 2950 an.
3490 2894 3683 2992 .1057,
3709 2911 3830 2950 cum

533 2963 732 3041 Pontio
763 2963 1070 3041 Valentino,
1105 2969 1330 3023 Artaldo
1353 2963 1884 3039 Grati-anopolitano,
1915 2963 2120 3024 et'aiiis
2160 2963 2454 3041 episcopis.
2491 2963 2694 3035 Vitam,
2729 2984 2932 3034 mores,
2953 2963 3118 3023 ortus
3145 2963 3202 3041 et
3231 2963 3389 3041 actus
3411 2974 3830 3041 antecesserunt

535 3038 1075 3122 archiepiscoporum
1100 3055 1277 3122 .opere
1297 3042 1563 3122 e-J'taravit,
1593 3036 1652 3122 ut
1691 3041 1888 3122 legitur
1918 3041 1971 3096 in
1998 3036 2282 3122 Chronicq
2296 3036 2444 3122 ms._;_
2450 3041 2760 3122 subscribit
2785 3036 3392 3122 testamen'to‘Hugqnis
3423 3036 3832 3122 archiepiscopi

534 3106 932 3183 Bizonticensis
982 3106 1270 3176 tOvam
1314 3110 1431 3166 Kal.
1477 3111 1708 3182 Aprilis;
1741 3106 1806 3166 ad
1837 3128 2001 3181 quem
2049 3111 2216 3183 etiam
2259 3111 2371 3166 Leo
2401 3110 2470 3164 ιχ
2502 3127 2641 3183 papa
2677 3109 2964 3183 epistolam
2985 3110 3175 3183 Amisit;
3212 3106 3640 3183 deiunctusque
3669 3108 3836 3178 pridie

538 3177 663 3234 llus
685 3178 855 3235 Junii.
888 3181 967 3235 Ex
990 3198 1101 3252 quo
1137 3191 1360 3253 apparet
1392 3177 1648 3237 mendum
1673 3177 1980 3254 eoruniqui
2010 3182 2244 3238 alterum
2283 3177 2668 3254 cognominem
2697 3177 3097 3253 Leodegarium
3127 3177 3598 3250 superinducunt.

553 3345 1522 3372 m

1373 3505 2229 3622 LEODEGARII
2314 3505 2991 3622 CHARTAS.

2025 3726 2401 3751 ψ-

543 3946 842 4005 Εεειεεὶαηι
892 3947 950 4005 S.
1003 3946 1243 4004 Ferreoli
1288 3950 1343 4004 in
1372 3947 1529 4073 ιὶζῖηα
1569 3947 1770 4021 synodo
1819 3945 1884 4007 S.
1928 3946 2132 4006 Victori

1208 4037 1421 4073 εοηεειι
1453 4061 1466 4073 .

1208 4037 1466 4074 conceau.

1117 4113 1299 4185 (Anno
1346 4111 1531 4183 1056.)

781 4203 1057 4276 [Μλιιτες.
1078 4246 1092 4270 ,
1134 4202 1390 4274 Ampliss.
1419 4202 1641 4258 Collect.
1670 4202 1722 4271 1,
1751 4201 1906 4278 404.]

616 4293 844 4350 Cunctis
885 4296 1094 4365 liquido
1143 4305 1292 4365 patet
1321 4296 1561 4366 primum
1608 4295 1889 4350 hominem
1946 4313 1976 4351 a
2025 4296 2138 4351 Deo

546 4386 826 4444 conditum
852 4395 1017 4457 atque
1044 4387 1097 4440 in
1144 4387 1402 4457 paradiso
1430 4389 1694 4457 positum,
1726 4397 1806 4455 ut,
1836 4387 1881 4442 si
1911 4404 2140 4458 peccare

551 4481 761 4547 nollet,
815 4479 1193 4535 necessitatem
1241 4480 1506 4550 peccandi
1553 4493 1662 4534 non
1709 4479 1967 4547 haberet;
2012 4481 2142 4550 quia

548 4589 679 4629 vero
730 4573 932 4628 invidia
961 4573 1168 4628 diaboli
1218 4573 1477 4630 seductus
1534 4585 1650 4640 cst,
1711 4582 1874 4644 atque
1923 4573 1977 4628 in
2027 4573 2142 4630 hanc

546 4682 857 4723 mrumnosa
889 4683 920 4722 a
964 4665 1076 4722 Deo
1106 4667 1384 4738 projectus
1412 4667 1628 4734 exsilia,
1669 4682 1862 4723 omnes
1891 4661 2158 4722 homines

548 4766 616 4811 ex
647 4773 714 4811 co
746 4757 959 4828 genitos
991 4766 1188 4812 natura
1217 4757 1565 4826 postmodum
1591 4757 1831 4828 :equales
1861 4756 2020 4822 fecit;
2048 4755 2142 4812 sed

551 4849 719 4915 Deus,
743 4849 839 4919 qui
869 4857 953 4904 est
979 4865 1258 4905 summum
1284 4851 1510 4917 bonum,
1550 4851 1666 4920 ipse
1700 4849 1964 4920 praescius
1996 4847 2144 4903 futu-

553 4957 764 5010 rerum,
797 4944 1149 5013 postmodum
1187 4959 1281 5012 per
1325 4945 1498 4998 multa
1549 4959 1821 4998 annorum
1869 4941 2144 4998 curricula

554 5035 836 5089 hominem
869 5051 1030 5091 suum
1062 5037 1290 5090 charum
1317 5036 1520 5090 animal
1546 5052 1732 5108 regere
1771 5051 1881 5090 non
1916 5034 2142 5100 destitit,

2155 3841 2201 3898 B
2227 3840 2333 3910 cipi
2380 3837 2584 3912 ligandi
2611 3846 2776 3911 atque
2825 3838 3069 3896 solvendi
3117 3846 3447 3909 potestatem
3488 3842 3751 3906 contulit,
3778 3853 3840 3895 ιιι-

2239 3932 2310 3987 ab
2337 3947 2404 3988 eo
2429 3947 2606 4003 usque
2627 3932 2694 3988 ad
2719 3946 2843 3998 nos,
2874 3931 3000 3987 licet
3021 3929 3297 4002 indignos,
3327 3931 3472 3986 hanc
3505 3943 3838 4001 potestalrm

2237 4041 2561 4098 permanere
2598 4025 2890 4082 concessit.
2916 4023 3261 4096 Quapropter
3287 4039 3390 4091 ego
3433 4023 3833 4098 Leodegarius,

2239 4128 2445 4175 sancta:
2475 4117 2668 4173 matris
2713 4115 2974 4173 Ecclesiae
3006 4115 3335 4171 Viennensis
3361 4115 3838 4188 archiepiscopus,

2240 4210 2488 4265 omnium
2543 4207 2640 4263 Dei
2693 4208 2934 4264 ﬁdelium
2986 4221 3214 4273 servus,
3263 4206 3520 4276 exemplo
3550 4216 3610 4262 et
3657 4223 3842 4263 amore

2240 4301 2708 4373 praedecessorum
2763 4316 3011 4356 meorum
3069 4308 3283 4365 tactus,
3349 4301 3587 4370 cupiens
3647 4316 3844 4356 ornare

2241 4392 2528 4448 ecclesiam
2581 4402 2856 4456 nostram,
2916 4406 3040 4461 qua:
3093 4389 3374 4460 quondam
3438 4389 3841 4459 gloriosissime

2241 4484 2446 4551 ﬂoruit,
2472 4499 2720 4555 propono
2747 4492 2803 4538 et
2824 4483 3078 4538 desidero
3103 4481 3382 4537 deservire
3421 4481 3752 4538 beatissimo
3780 4497 3854 4536 ac

2242 4579 2446 4635 domno
2467 4576 2726 4632 Ferreolo
2751 4576 2996 4647 martyri,
3025 4583 3078 4630 et
3097 4573 3337 4630 civitatis
3362 4582 3571 4629 nostrae
3594 4573 3837 4637 tribuno,

2245 4671 2516 4742 siquidem
2546 4669 2777 4726 ecclesia
2821 4667 2994 4738 ipsius
3034 4667 3114 4722 vel
3151 4665 3488 4731 coenobium,
3535 4667 3695 4735 quod
3743 4680 3837 4719 vo-

2245 4771 2370 4817 cant
2405 4758 3291 4830 Grinensium,quadragintorum
3334 4756 3502 4811 simul
3534 4757 3589 4810 in
3633 4772 3699 4812 se
3739 4757 3836 4811 ha-

2244 4853 2364 4907 buit
2401 4851 2807 4906 multitudinem
2838 4850 3257 4905 monachorum.
3290 4846 3402 4903 Nos
3426 4863 3564 4902 vero
3597 4862 3747 4916 quos
3771 4846 3835 4900 ad

2247 4945 2363 5000 hinc
2395 4943 2541 5000 Deus
2574 4942 2812 4998 infelicia
2858 4942 3114 5014 perduxit
3156 4948 3426 5010 tempora,
3474 4938 3521 4994 si
3574 4953 3689 4992 non
3737 4939 3834 4998 ita,

2247 5037 2438 5093 saltem
2467 5036 2610 5106 quod
2642 5051 2937 5106 possumus
2967 5034 3348 5103 adimplemus.
3379 5030 3687 5086 Rcddimus
3709 5044 3836 5099 ergo

551 5124 842 5193 imponens
862 5142 1033 5180 unum
1066 5127 1210 5192 aliis,
1242 5127 1584 5197 patriarchas
1620 5127 1900 5197 primitus,
1927 5136 1982 5181 et
2015 5141 2143 5196 pro-
2249 5129 2374 5196 sibi,
2396 5129 2648 5184 videlicet
2679 5127 2734 5182 S.
2760 5126 3039 5192 Ferreolo,
3065 5125 3346 5195 ipsiusque
3389 5121 3674 5191 quondam
3713 5134 3834 5174 mo-

555 5215 772 5285 phetas,
797 5229 862 5268 ac
888 5215 1082 5271 deinde
1112 5233 1286 5288 reges,
1316 5217 1381 5272 ad
1411 5227 1715 5273 extremum
1743 5233 1875 5274 vero
1923 5227 2141 5290 tempus
2167 5197 2213 5259 θ
2248 5220 2508 5286 nastcrio,
2538 5235 2604 5273 ex
2646 5219 2957 5273 haereditate
2992 5217 3167 5287 ipsius
3219 5213 3482 5285 quidquid
3536 5213 3592 5266 in
3648 5221 3836 5267 nostro

554 5301 888 5360 sacerdotes.
921 5304 1044 5361 Hmc
1072 5317 1253 5364 autem
1277 5310 1397 5364 ideo
1420 5309 1597 5364 facere
1627 5310 1817 5364 voluit.
1840 5319 1920 5364 ut.
1946 5311 1992 5364 si
2015 5310 2140 5364 ouis

2247 5309 2492 5364 dominio
2537 5310 2880 5364 tenebamus.
2931 5323 3032 5364 ceu
3081 5305 3246 5360 etiam
3295 5304 3612 5364 ubicunque
3674 5301 3838 5356 fuerit
