4020 5364
87 207 116 261 i
127 203 236 263 ωδ

1569 212 1898 274 CHARTA‘I.

3225 223 3362 283 κοῦ

87 323 160 379 de
188 323 346 380 nobis
377 324 611 391 tenebat,
641 333 816 380 totum
859 326 1052 382 reddit.
1109 309 1336 399 Insuper
1378 339 1433 386 et
1470 331 1535 386 de
1580 349 1682 388 suo
1713 337 1753 393 Α
1787 331 1942 405 gistri
1995 331 2214 389 scholae.
2254 332 2310 390 S.
2350 332 2591 392 Nortaldi
2630 334 2840 392 abbatis
2882 333 2938 391 S.
2986 295 3130 392 Pet-ri
3168 338 3265 410 (ί).
3300 338 3361 398 8.

87 416 254 471 alode
311 417 560 488 largitur.
623 417 736 474 Hoc
791 436 922 491 ergo
965 437 1062 490 per
1097 423 1389 478 consilium
1436 425 1677 480 ﬁdelium

88 517 415 562 nostrorum
441 508 693 576 facimus,
722 512 1066 568 collaudante
1109 516 1258 568 omni
1307 517 1453 570 clero
1495 526 1547 571 ct
1579 534 1678 587 po-

85 599 224 667 pulo
255 601 498 655 ecclesia:
533 611 754 668 nostrae,
781 604 1005 674 insuper
1022 614 1075 660 et
1104 616 1384 664 annuente
1416 606 1681 666 Hermen-

87 690 263 758 garda
323 691 522 762 inclyta
584 693 772 763 regina
828 695 971 765 regis
1017 695 1228 752 Radulli
1277 715 1478 767 uxore,
1532 718 1680 757 nunc

86 781 280 834 vidua.
333 781 596 838 Ponimus
633 800 763 854 ergo
810 787 864 839 in
903 787 1024 857 ipso
1062 788 1184 843 loco
1231 789 1326 846 Dei
1377 808 1566 848 servos
1610 811 1675 848 ex

83 876 431 929 monasterio
472 876 527 930 8.
566 877 800 934 Victoris
828 881 1213 951 gloriosissimi
1246 887 1500 957 martyris
1536 886 1678 943 Mas-

85 967 366 1031 siliensis,
427 969 718 1040 ipsumque
770 973 949 1028 locum
1001 992 1124 1030 cum
1181 978 1436 1034 omnibus
1493 980 1559 1033 ad
1620 997 1677 1035 se

83 1058 498 1126 pertinentibus
527 1061 701 1116 eidem
723 1062 780 1118 S.
814 1063 1014 1121 Victori
1045 1071 1432 1138 perpetualitcr
1459 1071 1674 1139 damus,

84 1156 144 1202 et
171 1149 295 1204 viro
328 1151 624 1206 venerabili
656 1154 859 1210 domno
891 1156 1081 1213 Isarno
1110 1161 1321 1226 abbati,
1352 1179 1448 1233 per
1491 1165 1675 1220 consi-

84 1242 226 1295 lium
259 1251 313 1296 et
337 1244 670 1300 voluntatem
707 1247 892 1302 domni
931 1251 1144 1306 abbatis
1174 1252 1422 1310 0dilonis
1446 1255 1674 1311 Clunia-

87 1334 301 1400 censis,
354 1344 409 1390 et
453 1338 700 1391 omnium
762 1339 992 1395 fratrum
1042 1359 1157 1399 suae
1213 1348 1670 1418 congregationis.

87 1424 255 1480 Facto
278 1427 500 1481 donatio
527 1429 642 1484 hzec
664 1431 1091 1504 elecmosynaria
1109 1453 1254 1492 anno
1277 1437 1674 1496 lncarnationis

86 1517 311 1572 Domini
361 1520 534 1574 nostri
581 1519 711 1576 Jcsu
763 1522 967 1580 Christi
1029 1526 1194 1592 l036,
1245 1529 1539 1586 indictione
1591 1548 1672 1599 1v,

85 1620 281 1679 epacta
330 1627 376 1676 ι,
417 1627 562 1666 anno
611 1631 708 1668 vm
747 1615 1092 1685 imperatoris
1133 1618 1502 1678 Romanorum
1529 1623 1673 1678 Con-

86 1703 229 1756 radi.
281 1701 648 1760 Obsceramus
697 1707 878 1778 itaque
933 1724 998 1763 ex
1043 1714 1369 1767 auctoritate
1420 1717 1672 1788 omnipo-

82 1795 258 1850 tentis
305 1794 420 1860 Dei,
458 1795 660 1863 Patris,
695 1808 748 1854 et
795 1799 938 1869 Filii,
982 1810 1036 1856 et
1088 1803 1324 1874 Spiritus
1382 1809 1578 1874 sancti,
1610 1825 1672 1864 ac

83 1895 276 1940 nostra
337 1889 805 1956 contradicimus,
864 1903 917 1947 et
978 1898 1556 1964 excommunicamus,
1616 1911 1673 1955 ut

84 1978 274 2032 nullus
300 1994 685 2036 successorum
718 1992 1033 2040 nostrorum
1083 1986 1327 2043 ecclesia:
1363 1989 1528 2059 hujus
1568 2007 1671 2046 no-

84 2079 217 2125 stra:
267 2072 604 2141 pontiﬁcum,
653 2076 766 2130 sive
815 2077 992 2148 aliqua
1046 2096 1278 2150 persona
1331 2083 1674 2154 disrumpere

83 2163 173 2216 vel
195 2163 499 2233 inquietare
530 2166 640 2220 ullo
657 2167 820 2222 modo
843 2170 982 2224 hanc
1006 2171 1455 2244 elemosynariam
1497 2175 1672 2231 dona-

84 2254 293 2309 tionem
327 2257 501 2311 valeat
529 2258 615 2312 vel
650 2260 866 2314 audeat.
893 2259 1049 2327 Quod
1081 2263 1128 2317 si
1167 2262 1378 2331 fecerit,
1415 2267 1673 2323 omnibus

84 2350 185 2404 Dei
209 2351 688 2409 maledictionibus
716 2356 1015 2426 subjaceat,
1046 2368 1100 2412 et
1128 2359 1195 2413 ab
1221 2362 1449 2416 ecclesia
1480 2362 1574 2417 Dei
1617 2365 1670 2418 in

84 2443 178 2497 die
209 2443 402 2512 judicii
445 2455 751 2514 separatus,
779 2448 835 2501 in
869 2447 1083 2504 inferno
1116 2452 1410 2522 sepeliatur
1439 2453 1671 2508 damna-

81 2543 198 2590 tus.
231 2534 460 2606 Insuper
489 2548 543 2592 et
566 2539 680 2594 hzec
704 2550 889 2596 nostra
929 2541 1150 2598 donatio
1180 2544 1334 2599 ﬁrma
1365 2561 1430 2601 ac
1461 2548 1674 2603 stabilis

83 2636 406 2696 permaneat
426 2644 552 2682 cum
576 2630 928 2700 stipulatione
954 2633 1210 2688 subnixa.

157 2715 270 2788 Ego
291 2716 473 2788 Nuspa
494 2722 798 2777 monachus
827 2724 892 2777 ad
922 2724 1097 2779 vicem
1120 2726 1310 2782 domnl
1337 2727 1670 2794 cancellarii,

81 2809 290 2864 domno
349 2812 764 2884 archiepiscopo
818 2813 1152 2886 Leodegario
1213 2817 1454 2874 dictante
1511 2829 1672 2890 atque

83 2900 380 2955 mandante
410 2903 628 2972 scripsi,
654 2920 800 2959 anno
823 2907 1187 2965 ordinationis
1211 2911 1330 2981 ejus
1356 2928 1430 2978 vt,
1465 2928 1526 2966 ιιι
1559 2911 1670 2968 No—

82 3005 189 3044 nas
216 2987 561 3058 Novembris,
586 2994 715 3048 luna
747 3011 801 3060 ι,
830 2994 965 3051 feria
1004 3015 1076 3053 tv.

159 3079 291 3134 Acta
342 3083 555 3150 publice
597 3085 651 3137 in
698 3086 907 3155 synodo
964 3086 1258 3145 Viennensi
1297 3091 1349 3145 in
1382 3094 1668 3162 praesentia

84 3172 272 3226 domui
297 3171 614 3244 Leodegarii
643 3179 1043 3250 archiepiscopi
1073 3190 1127 3235 et
1162 3183 1554 3237 canonicorum
1592 3185 1671 3254 ip-

84 3268 204 3321 sius
234 3267 478 3323 ecclesiw
522 3272 929 3342 mullorumque
975 3273 1210 3329 ﬁdelium
1245 3275 1524 3340 abbatum,
1553 3292 1670 3331 mo-

83 3361 410 3426 nachorum,
441 3362 786 3434 aliorumque
807 3366 1134 3421 clericorum
1174 3367 1517 3423 diversorum
1547 3383 1671 3439 gra-

86 3453 258 3506 duum
285 3452 397 3508 fere
439 3455 886 3526 quingentorum,
919 3458 1067 3513 omni
1107 3459 1301 3514 all‘ectu
1338 3475 1400 3514 ea
1431 3475 1552 3530 qua:
1579 3459 1669 3519 hic

90 3545 364 3598 habentur
413 3546 618 3600 inserta
641 3549 1062 3603 acclamantium
1106 3559 1270 3619 atque
1307 3549 1665 3617 laudantium,

79 3623 251 3691 simul
280 3636 476 3703 etiam,
514 3638 581 3703 si,
610 3641 754 3708 quod
787 3640 959 3694 absit!
991 3641 1100 3696 ulla
1142 3657 1384 3712 unquam
1433 3657 1668 3710 persona

84 3729 366 3784 szecularis
410 3739 505 3784 aut
551 3732 926 3786 ecclesiastica
996 3733 1108 3788 ullo
1156 3734 1319 3788 modo
1366 3733 1671 3804 inquietare

81 3822 320 3875 voluerit
350 3821 454 3876 hoc
483 3821 709 3888 donum,
739 3824 1080 3880 invocatione
1115 3825 1296 3880 divina
1329 3835 1384 3881 et
1432 3827 1668 3881 auctori-

80 3918 190 3964 tate
226 3911 474 3964 omnium
505 3919 823 3966 sanctorum
853 3929 917 3968 ac
944 3914 1205 3969 virtutum
1241 3917 1542 3971 caelestium
1575 3931 1670 3971 eos

80 4003 682 4058 cxcommuuicautium
713 4013 878 4075 atque
933 4007 1541 4074 anathematizantium,
1574 4007 1666 4078 qui

81 4094 332 4164 quolibet
367 4095 532 4149 modo
555 4097 858 4167 inquietare
887 4099 1159 4155 voluerint
1207 4101 1310 4156 hoc
1331 4101 1534 4156 donum
1559 4101 1670 4161 ullo

82 4201 348 4255 umquam
382 4194 640 4256 tempore.
669 4187 862 4243 Amen.

156 4276 274 4348 Ego
319 4275 691 4348 Leodegarius
736 4281 1180 4352 archiepiscopus
1232 4283 1451 4355 propria
1501 4301 1668 4342 manu

1783 425 1961 482 Pontii
1987 427 2064 498 (2)
2088 429 2320 485 abbatis.
2350 429 2406 484 S.
2440 429 2724 486 Dothmari
2771 433 2982 488 abbatis
3009 434 3085 504 (5)
3121 431 3176 488 8.
3225 433 3358 490 Wil-

1783 519 1927 575 lelmi
1985 522 2060 590 (4)
2119 523 2291 591 patris
2353 523 2769 594 archiepiscopi.
2831 523 2888 579 S.
2948 524 3207 585 Willclmi
3267 525 3366 584 lilii

1781 612 1921 682 ejus.
1967 612 2023 666 S.
2083 612 2365 668 Humberti
2410 616 2646 669 comitis.
2701 615 2759 670 S.
2807 613 3076 670 Hectoris.
3123 616 3179 671 S.
3221 614 3362 672 Iler-

1780 703 1921 758 bcrti
1973 713 2027 758 et
2078 704 2287 758 Artaldi
2345 704 2530 760 fratris
2558 705 2703 775 ejus.
2753 705 2811 760 8.
2869 705 3114 762 Herberti
3151 722 3364 778 praepo-

1781 793 1871 846 siti
1933 791 2168 848 Diensis.
2217 792 2274 848 S.
2317 793 2546 848 Arnul'll.
2597 795 2653 849 8.
2708 795 2962 860 Adalardi
3019 798 3232 853 abbatis
3283 797 3361 868 (5)

1781 883 2187 955 Lugdunensis.
2222 886 2279 941 S.
2312 885 2531 942 Hodrici
2570 888 2646 958 (6)
2672 889 2902 944 abbatis.
2935 891 2992 944 8.
3021 890 3248 962 Eugenii
3281 892 3368 963 (7.)

1779 977 2013 1031 abbatis.
2049 975 2106 1031 8.
2135 976 2344 1048 Ugonis
2385 979 2658 1034 canonici.
2704 978 2762 1034 8.
2795 979 3009 1034 Girardi
3061 982 3253 1037 levitze.
3301 980 3368 1048 8.,

1779 1065 1994 1121 Girardi
2025 1067 2297 1122 canonici.
2336 1066 2392 1122 8.
2428 1067 2646 1124 Milonis
2691 1070 2956 1129 canonici.
2999 1069 3058 1124 S.
3102 1071 3362 1128 Adalardi

1779 1162 2030 1216 canonici
2059 1165 2424 1233 grammatici.
2449 1164 2506 1218 S.
2541 1163 2808 1218 Berlionis
2836 1163 3040 1225 Bancbi
3085 1163 3368 1226 canonici.

1781 1251 1838 1306 S.
1875 1252 2123 1308 Blandini
2154 1255 2297 1309 laici.
2335 1256 2392 1310 8.
2444 1253 2773 1311 Renconisl.
2821 1255 2877 1310 S.
2931 1255 3167 1327 Vidgcrii
3196 1271 3367 1315 cano~

1778 1343 1908 1399 nici.
1939 1343 1995 1398 S.
2053 1343 2298 1416 Hugonis
2333 1347 2674 1402 subdiaconi.
2721 1346 2777 1401 S.
2824 1347 3100 1401 Lambcrti
3134 1345 3366 1400 subdia-

1777 1435 1922 1490 coni.
1982 1434 2040 1491 8.
2089 1435 2366 1496 Ilotmaris
2418 1440 2756 1496 subdiaconi.
2792 1440 2851 1496 8.
2901 1438 3193 1494 Rothbaldi
3237 1437 3364 1493 sub~

1776 1525 2018 1582 diaconi.

2536 1641 2599 1698 11.

1776 1728 1978 1813 Cltgrta
2013 1731 2324 1813 Lco‘dcgarji
2341 1734 2720 1813 archiepiscopi
2742 1733 3060 1813 dimittenda
3083 1730 3358 1813 ρείιινδὶιηξ

1822 1802 2037 1927 Sancti
2103 1799 2479 1875 Syfnplroriani
2520 1799 2786 1858 "ca-nebit)
2859 1803 3046 1859 Sancti
3119 1799 3356 1856 Ferreoli

1883 1884 2028 1928 auat.
2745 1921 2748 1924 ~

2357 1971 2537 2042 (Anno
2579 1970 2762 2039 1037.)

2101 2058 2377 2131 [Manum
2403 2063 2491 2115 ubi
2521 2079 2704 2132 supra,
2738 2062 2842 2115 col.
2869 2060 3022 2132 404.]
3047 2063 3050 2066 ’

1849 2213 1862 2227 .
1883 2213 1896 2227 .
1914 2213 1926 2226 .
1970 2173 2108 2228 Dum
2170 2175 2265 2230 Dei
2323 2176 2716 2246 omnipotentis
2769 2174 3180 2229 ordinatissima
3200 2216 3213 2228 .
3236 2215 3249 2228 .
3271 2214 3284 2228 .
3307 2214 3320 2228 .
3341 2211 3356 2224 .

1775 2273 2092 2318 sanctorum
2114 2280 2386 2320 canonum
2402 2308 2415 2332 ,
2435 2307 2448 2320 .
2468 2306 2480 2320 .
2502 2307 2514 2320 .
2534 2307 2546 2320 .
2573 2274 2846 2336 quatenus
2869 2280 2956 2319 res
2975 2264 3359 2318 ecclesiastica:

1773 2370 1804 2408 a
1835 2355 2126 2424 cujus....
2161 2357 2371 2412 ordinis
2413 2374 2661 2428 personae
2700 2375 2730 2413 a
2777 2373 3108 2428 quocunque
3169 2358 3359 2426 acqui-

1774 2447 1914 2512 sitae,
1940 2464 2008 2501 an
2031 2463 2133 2503 nos
2167 2450 2420 2518 quamvis
2462 2466 2757 2520 possessae.
2777 2492 2788 2505 .
2811 2493 2822 2505 .
2844 2492 2890 2505 ..
2926 2451 3154 2504 utilitate
3179 2464 3357 2518 quan—

1774 2540 1975 2595 tumvis
1996 2541 2260 2606 aediliciis,
2299 2543 2739 2610 possessionibus
2763 2559 2825 2597 ac
2857 2541 3202 2606 substantiis,
3231 2541 3378 2594 mox~

1774 2631 1844 2684 ab
1871 2631 2182 2686 hmredibus
2205 2632 2449 2686 ecclesiae
2465 2635 2530 2687 ad
2561 2649 2726 2703 quam
2747 2632 2870 2701 jure
2896 2632 3187 2702 pertinent,
3207 2632 3357 2701 justa

1771 2722 1984 2777 ratione
2008 2721 2228 2777 luerunt
2253 2723 2536 2792 requisita,
2561 2739 2685 2777 cum
2709 2724 2966 2779 omnibus
2997 2723 3209 2793 absque
3246 2722 3357 2777 ulla

1774 2811 2071 2868 reddantur
2113 2813 2531 2879 contrarietate,
2581 2815 2827 2869 nolentes
2870 2828 3000 2868 vero
3049 2813 3274 2867 reddere
3326 2828 3358 2866 a

1773 2913 1976 2960 sanctae
2005 2903 2098 2959 Dei
2127 2905 2370 2960 ecclesia:
2400 2905 2674 2977 segregari
2710 2906 2906 2960 debere
2941 2905 3221 2960 societate.
3244 2903 3359 2974 Ego

1773 2993 2141 3064 Lcodegarius
2200 3004 2403 3050 sancta:
2464 2996 2658 3050 matris
2710 2994 2967 3050 Ecclesiae
3031 2992 3358 3048 Viennensis

1775 3085 2214 3141 Christianorum
2263 3086 2744 3156 archiepiscopus,
2797 3087 3041 3140 omnium
3093 3085 3189 3140 Dei
3233 3086 3338 3139 ﬁde

1774 3175 1905 3236 lium
1937 3191 2148 3239 servus,
2177 3185 2366 3231 notum
2398 3192 2522 3232 esse
2551 3177 2676 3230 volo
2707 3185 2908 3231 nostra:
2935 3176 3211 3231 ecclesiae.
3234 3216 3248 3229 .
3267 3215 3280 3228 .
3302 3215 3314 3228 .
3341 3216 3356 3230 .

1773 3269 1901 3324 ﬁliis
1951 3269 2310 3339 praesentibus
2363 3285 2427 3324 ac
2481 3268 2710 3333 futuris,
2763 3269 2891 3338 quia
2939 3283 3127 3322 amore
3181 3275 3358 3321 tactus

1773 3363 1982 3430 divino,
2013 3363 2518 3419 reatdiﬁcandorum
2547 3361 2943 3417 venerabilium
2970 3361 3215 3416 locorum
3239 3374 3359 3414 mo-

1775 3456 2077 3512 nasterium
2142 3456 2318 3512 sancti
2379 3455 2680 3511 Ferreoli..
2704 3495 2750 3508 ..
2808 3469 2875 3508 ex
2926 3461 3157 3524 utraque
3205 3461 3358 3522 parte

1775 3547 2018 3604 llodanis
2045 3549 2286 3605 ﬂuminis
2316 3549 2621 3618 positorum
2671 3547 2964 3614 desiderio,
2987 3546 3359 3602 consentiente.

1773 3640 2032 3694 universo
2059 3639 2208 3694 clero
2249 3647 2306 3693 et
2355 3639 2579 3708 populo,
2610 3647 2885 3692 annuente
2926 3634 3222 3691 venerabili
3260 3634 3358 3687 ab-

1773 3731 1897 3787 bate
1951 3729 2141 3786 Isarno
2189 3729 2283 3785 Dei
2336 3744 2526 3793 servo,
2569 3728 2856 3785 asciverim
2905 3744 2970 3782 ex
3026 3726 3356 3782 Massiliensi

1772 3823 2026 3880 coenobio
2057 3823 2170 3892 jam
2220 3822 2381 3876 dictis
2419 3821 2554 3875 locis
2605 3820 2672 3874 ad
2712 3819 3058 3872 serviendum
3108 3817 3254 3884 Deo,
3303 3827 3359 3872 et

1773 3929 2112 3985 quaecunque
2183 3912 2564 3982 prazdictorum
2626 3911 2873 3965 locorum
2934 3909 3079 3979 juris
3141 3915 3354 3974 essent,

1771 4005 1922 4061 omni
1965 4013 2093 4059 voto
2140 4019 2204 4058 ac
2248 4003 2521 4058 desiderio
2569 4001 2899 4057 decreverim
2944 4000 3012 4056 ad
3062 4016 3225 4070 posse
3269 4017 3358 4056 me

1771 4098 2118 4154 redditurum
2147 4096 2215 4151 ab
2243 4096 2472 4166 integro.
2508 4098 2846 4165 Quapropter
2871 4093 3055 4150 Sancti
3085 4092 3357 4166 Sympho-

1770 4190 1911 4245 riani
1970 4189 2259 4246 ecclesiam
2340 4187 2408 4243 ad
2465 4187 2840 4258 aquilanarem
2910 4185 3134 4242 Vienna:
3203 4185 3360 4241 urbis

1772 4294 1983 4354 partem
2011 4285 2194 4348 sitam,
2223 4297 2389 4352 quam
2417 4281 2658 4336 ﬁdelium
2678 4279 3360 4345 testimonio,auctoritate

81 4369 264 4421 ﬁrmo.
295 4365 522 4438 Signum
552 4367 794 4424 Hal-taldi
822 4372 1117 4441 praepositi.
1153 4372 1210 4428 S.
1237 4373 1510 4430 Burnonis
1543 4377 1668 4432 laici
1699 4382 1748 4442 ι)
1773 4387 1827 4431 et
1874 4375 1968 4430 Dei
2018 4376 2228 4446 judicio
2271 4382 2490 4432 constat
2538 4372 2708 4428 fuisse
2752 4388 2821 4427 ex
2877 4371 3065 4426 Sancti
3115 4370 3358 4424 Ferreoli

82 4461 259 4530 patris
285 4461 552 4530 ejusdem.
601 4460 657 4516 S.
695 4461 962 4518 lleriberti
1000 4466 1393 4522 archidiaconi.
1449 4469 1506 4538 8.
1549 4469 1673 4524 Siu-

83 4551 225 4606 l‘rcdi
255 4553 646 4609 archidiaconi.
681 4554 738 4608 8.
770 4553 994 4610 Arualdi
1014 4557 1408 4613 archidiaconi.
1439 4559 1497 4616 8.
1536 4560 1676 4616 Pon-

85 4643 144 4697 tii
206 4643 528 4714 presbyteri.
595 4643 652 4697 S.
719 4643 923 4698 Giraldi
985 4646 1222 4702 diaconi.
1288 4646 1344 4701 S.
1412 4649 1673 4706 Bernardi

80 4735 324 4790 diaconi.
356 4734 413 4789 S.
443 4733 605 4789 Sarili
631 4735 867 4790 diaconi.
899 4736 955 4790 S.
976 4737 1217 4794 Ascarici
1248 4739 1441 4793 levita.
1475 4740 1530 4794 S.
1576 4741 1673 4798 Se-

78 4825 283 4881 nioreti
307 4826 582 4880 canonici.
615 4824 670 4878 8.
717 4825 979 4898 Guigoni's
1003 4831 1271 4886 canonici.
1307 4827 1364 4882 8.
1410 4828 1670 4887 Richardi

78 4917 427 4973 subdiaconi.
466 4915 524 4970 8.
562 4909 818 4972 Adclardi
844 4920 1107 4979 custodis.
1143 4924 1200 4979 S.
1236 4921 1525 4978 Guarnerii
1561 4942 1670 4983 ma-

156 5073 230 5144 (I)
272 5073 512 5147 insignis
537 5071 753 5128 abbatia
783 5074 841 5147 in
871 5073 1002 5129 urbe
1035 5075 1354 5141 Viennensi,
1381 5091 1505 5147 qua;
1547 5091 1671 5144 tan.

75 5145 200 5200 dem
225 5144 292 5200 ad
314 5143 616 5199 canonicos
639 5145 918 5198 saeculares
941 5152 1175 5213 transiit.

152 5217 228 5287 (2)
271 5215 504 5287 Ροηιίξιε
555 5220 658 5287 διξί,
695 5213 1048 5279 Ro"milensis
1097 5231 1195 5283 aut
1256 5215 1316 5270 S.
1375 5215 1670 5286 Theuderii

74 5283 244 5364 abbas
267 5285 550 5364 exstitisse
578 5283 811 5364 videtur._

1774 4467 2014 4522 cmnobii
2074 4468 2359 4532 dominio,
2395 4481 2534 4528 cum
2600 4466 2750 4520 omni
2806 4465 3115 4535 integritate
3179 4463 3356 4517 eidem

1772 4574 1922 4613 nunc
1953 4559 2205 4621 restituo,
2234 4556 2369 4610 cedo
2412 4565 2578 4625 atque
2609 4555 2789 4618 trado,
2830 4563 2887 4610 et
2936 4553 3220 4610 monachis
3246 4552 3360 4606 Deo

1774 4647 2138 4703 servientibus
2193 4646 2392 4699 ibidem
2432 4645 2900 4714 permanentibus,
2946 4642 3199 4698 videlicet
3232 4657 3358 4694 cum

1775 4735 2054 4806 parochia,
2094 4733 2372 4805 primitiis,
2405 4732 2700 4800 cimiterio,
2741 4734 2967 4801 insuper
2993 4732 3208 4788 decimo
3235 4747 3359 4786 om-

1774 4853 1950 4909 neque
1997 4837 2306 4902 leloneum,
2351 4833 2650 4898 corvadas,
2711 4846 2873 4888 omne
2929 4844 3150 4902 quoque
3189 4827 3368 4882 servi»

1775 4931 2029 4986 tium.....
2065 4930 2239 5001 ipsam
2270 4925 2552 4982 ecclesiam
2576 4925 2810 4983 alteram
2837 4938 3002 4993 super
3022 4924 3199 4993 ripam
3218 4917 3374 4973 Rho-

1775 5095 1894 5142 tum
1946 5083 2207 5139 comitem
2275 5079 2739 5153 subscripserim,
2795 5091 3014 5149 magna:
3074 5072 3390 5132 nobilitatis

1780 5158 1952 5232 fuisse
1972 5153 2326 5232 ςρηὶίείπῐιιεε·
2543 5220 2554 5232 .
2837 5212 2870 5232 .
2943 5221 2977 5232 ..
3153 5213 3166 5232 ε

1855 5212 1932 5298 (‘5)
1972 5212 2150 5296 Vulgo
2192 5220 2618 5298 Athanacensis.
2647 5212 3037 5298 πιοῃξιεῖιριῆὶ,⁸
3062 5213 3196 5298 μυί.
3218 5213 3399 5271 abbas

1783 5284 2129 5356 desideratur
2192 5297 2250 5349 in
2305 5291 2538 5361 vulgatis
2605 5291 2892 5354 indicibus
2954 5284 3115 5350 valde
3183 5284 3397 5353 imper-
