4020 5364
683 94 824 195 iter

1770 135 2109 192 STEPHANI
2151 138 2208 192 S.
2253 137 2309 192 Β.

2367 137 2428 196 E.
2463 139 2882 196 CARDINALIS
3813 151 3910 208 Nili

679 241 830 309 dani,
888 240 1002 298 sive
1053 261 1254 302 ar......
1288 249 1639 321 optimusque
1683 263 1927 324 constat,
1989 257 2056 312 ad
2111 267 2276 328 caput
2305 263 2350 321 Α
2381 256 2778 329 Leodegarium
2805 256 3175 313 Vietmensum
3207 259 3706 330 archiepisccxpmn,
3738 275 3782 319 α
3811 265 3902 322 Adc-

682 333 855 404 ipsius
880 336 1124 394 ecclesia:
1153 339 1315 395 situm
1335 384 1351 409 ,
1394 351 1448 396 et
1468 353 1663 399 castera
1715 349 1902 403 omnia
1928 366 2272 421 quaecunque

679 426 935 484 videntur
970 430 1040 486 ad
1064 433 1316 490 eumdem
1340 435 1520 491 locum
1554 439 1848 508 pertinere,
1876 458 2001 500 cum
2037 445 2268 514 campis,

681 519 876 587 vineis,
909 523 1102 593 pratis,
1155 525 1351 595 hortis,
1390 529 1740 598 molendinis,
1771 535 2063 594 arboribus
2090 538 2270 608 pomi-

681 608 815 692 (eris
865 623 920 669 et
962 615 1353 687 impomil‘eris,
1391 624 1580 693 aquis,
1633 626 1860 696 aquisve
1922 629 2268 698 decursibus,

679 689 824 760 sicut
855 707 1108 765 sciuntur
1138 713 1379 782 termini,
1409 689 1464 770 et
1493 689 1582 772 me
1613 689 1887 775 habentur
1929 723 2142 794 scripti.
2189 723 2273 778 Ab

680 798 892 854 oriente
919 808 1062 856 terra
1089 803 1148 858 S.
1182 804 1259 874 (8)
1293 804 1531 862 Mauritii
1561 811 1827 868 terminos
1873 813 1968 884 qui
2004 824 2273 872 vocantur

681 888 956 960 Suspulis,
988 893 1059 949 ab
1092 896 1372 953 occidente
1398 908 1545 956 terra
1568 903 1789 974 regalis,
1811 922 1845 960 a
1875 907 2102 962 meridie
2126 919 2273 966 ter-ra

680 978 739 1036 S.
773 981 983 1052 Severi,
1015 988 1086 1043 ab
1115 988 1373 1058 aquilone
1407 1001 1548 1047 terra
1576 994 1644 1048 de
1677 997 1902 1054 castello
1924 1001 2019 1070 qui
2045 1013 2273 1059 vocatur

679 1071 870 1142 δάκοι,
901 1086 956 1131 et
1001 1078 1068 1134 de
1108 1080 1250 1137 villis
1301 1082 1480 1138 Masin
1510 1095 1565 1140 et
1597 1086 1807 1156 Macen,
1866 1095 2182 1161 parochiam
2217 1104 2273 1152 et

677 1163 868 1220 omnia
894 1184 1017 1237 quae
1042 1171 1316 1240 pertinent
1341 1174 1406 1229 ad
1443 1178 1784 1246 parochiam,
1821 1196 1947 1236 cum
1979 1184 2128 1239 omni
2175 1185 2272 1241 de-

677 1257 843 1324 cimo,
879 1261 1137 1328 primitiis
1162 1281 1227 1320 ac
1252 1269 1589 1324 eemaaterio.
1637 1269 1867 1342 Insuper
1895 1274 2060 1330 etiam
2105 1277 2271 1334 reddo

681 1365 854 1405 unum
905 1370 1157 1411 mansum
1182 1359 1277 1428 qui
1305 1371 1536 1418 vocatur
1582 1362 1955 1423 Adamaredas
1984 1385 2151 1440 super
2173 1387 2269 1428 ec-

674 1444 898 1499 clesiam
927 1446 1113 1503 Sancti
1145 1449 1410 1508 Desiderii
1453 1455 1620 1510 situm
1653 1473 1779 1514 cum
1819 1462 2046 1532 campis,
2074 1463 2270 1534 vineis,

675 1537 935 1594 erunibus
959 1543 1188 1597 omnino
1231 1544 1395 1601 rebus
1430 1547 1498 1603 ad
1524 1550 1776 1606 eumdem
1811 1569 2067 1610 mansum
2094 1559 2267 1627 perti-

2373 347 2573 404 Ieidam
2605 350 3065 407 marchionissam
3110 367 3237 405 cum
3295 350 3429 407 filiis.
3452 354 3602 408 suis.
3656 352 3904 429 Longapu

2373 449 2617 511 tnnpora
2653 443 2806 497 stetit
2828 442 2945 513 ipsa
2973 452 3189 499 moneta
3219 443 3362 498 bona
3396 446 3449 499 in
3475 446 3906 515 pondereettnen-

2372 549 2502 588 sura
2545 535 2768 590 decena.
2823 534 3008 607 Nuper
3050 545 3232 592 autem
3284 547 3538 608 tempore
3572 536 3769 595 Odonis
3805 558 3906 597 mar-

2371 623 2586 678 chianis
2617 624 2718 678 viri
2774 626 2859 680 sui
2903 626 3145 682 latrones
3196 635 3251 682 et
3291 626 3512 691 talsarii
3572 627 3630 682 in
3677 630 3904 703 bnrgoqui

2371 714 2574 770 dicitur
2586 716 2908 788 Aquabella,
2934 728 3305 790 corruperunt
3327 735 3452 776 eam
3477 729 3539 776 et
3563 721 3906 780 contenderim

2371 816 2424 862 et
2446 807 2806 877 falsaverunt,
2829 811 3116 883 ignorante
3143 813 3463 884 supradicto
3484 814 3812 876 matellione.
3837 817 3904 884 Qui

2372 900 2557 956 statim
2583 909 2644 960 ut
2677 903 2884 958 audivit
2907 904 3201 960 clamorem
3233 906 3548 975 snpradieti
3574 907 3908 980 a-rchiniswp'.

2372 986 2721 1059 Viennensis,
2744 995 3082 1064 praecepitue
3101 995 3338 1066 amplius
3359 996 3542 1052 ﬁeret.
3563 995 3746 1068 Neque
3759 1000 3906 1056 iac-Iun

2369 1091 2454 1137 est
2475 1098 2542 1138 eo
2563 1083 2798 1140 vivente.
2827 1085 2959 1141 Post
2987 1103 3220 1145 mortem
3245 1104 3379 1144 vero
3399 1089 3529 1158 ejus
3554 1089 3906 1150 ἱιιευιτειθηεει

2369 1183 2422 1228 et
2459 1174 2552 1230 alii
2605 1175 2870 1242 latrones,
2907 1187 2960 1234 et
2991 1179 3167 1236 secuti
3187 1189 3319 1234 sunt
3363 1180 3626 1248 priores,
3675 1192 3722 1236 et
3759 1185 3901 1239 iterum

2371 1265 2710 1322 falsaverunt
2724 1285 2865 1336 eam,
2887 1286 3175 1340 quousque
3199 1271 3497 1340 prmdictus
3524 1273 3911 1346 archiepiscopus.

2369 1357 2740 1430 Leo-.legarius
2790 1362 2938 1416 venit
2968 1363 3023 1421 in
3053 1361 3265 1416 Italiam
3312 1363 3381 1417 ad
3434 1365 3756 1433 praedictam
3801 1383 3903 1420 max--

2368 1448 2706 1508 chionissam
2734 1450 2996 1508 domnam
3044 1452 3380 1508 Adeleidam.
3441 1453 3588 1521 Qua.
3615 1456 3836 1511 similiter
3868 1471 3904 1512 ut

2369 1540 2597 1608 audivit,
2623 1557 2690 1598 ne
2712 1543 2949 1614 amplius
2977 1543 3132 1600 ﬁeret
3158 1546 3437 1616 praecepit.
3473 1545 3688 1602 Tamen
3712 1552 3903 1604 momni-

675 1627 953 1685 nentibus.
990 1629 1047 1686 Si
1073 1633 1200 1705 quis
1229 1651 1360 1708 ergo
1393 1638 1536 1696 hanc
1569 1641 1925 1700 donationem
1967 1646 2052 1701 vel
2080 1622 2267 1703 reddi-
2298 1622 2309 1680 1

2372 1633 2475 1688 bus
2508 1643 2697 1688 notum
2733 1634 2849 1703 ﬁat,
2890 1637 3154 1706 trapezita
3186 1654 3220 1692 a
3243 1637 3452 1693 domno
3485 1637 3673 1694 Leone
3701 1656 3818 1711 papa
3844 1659 3901 1695 e1-

675 1721 882 1778 tionem
922 1725 1228 1798 inquietare
1268 1733 1577 1801 tentaverit,
1608 1737 1867 1793 omnibus
1903 1738 1998 1794 Dei
2035 1741 2266 1798 maledi-

673 1815 950 1873 ctionibus
1000 1821 1316 1891 subjaceat,
1357 1825 1738 1899 cujuscunque
1801 1829 1967 1887 fuerit
2021 1849 2268 1904 personae

671 1917 769 1965 aut
795 1909 1096 1983 dignitatis,
1134 1916 1314 1986 sitque
1335 1925 1630 1976 extraneus
1658 1937 1691 1976 a
1713 1922 1954 1978 ﬁdelium
1986 1926 2264 1995 societate,

671 2004 778 2062 hac
825 2006 1121 2065 donatione
1169 2011 1496 2071 inconvulsa
1551 2027 1818 2088 perpetuo
1888 2033 2263 2092 permanente.

670 2091 839 2170 Facta
887 2097 1111 2154 donatio
1147 2101 1264 2160 hac
1323 2120 1469 2159 anno
1519 2091 1919 2166 lncarnationis
1967 2111 2268 2170 Dominicae

677 2188 834 2258 1037,
881 2192 1182 2252 indictione
1232 2215 1296 2266 v,
1324 2215 1471 2256 anno
1508 2217 1584 2270 ix,
1619 2202 1965 2274 imperatoris
1991 2206 2268 2266 Romano—

671 2297 795 2336 rum
828 2283 1087 2342 Conradi.

741 2373 856 2447 Ego
877 2375 1062 2450 Nuspa
1095 2385 1401 2440 monachus
1426 2387 1494 2442 ad
1519 2389 1696 2444 vicem
1728 2391 1915 2448 domni
1950 2397 2266 2453 cancellarii

669 2468 890 2539 scripsi,
909 2471 1114 2528 domno
1145 2473 1481 2548 Leodegario
1508 2482 1925 2555 archiepiscOpo
1948 2489 2266 2564 mandante,

669 2574 815 2616 anno
845 2563 1210 2623 ordinationis
1257 2570 1378 2638 ejus
1424 2589 1523 2640 vn,
1560 2573 1699 2630 feria
1733 2578 2034 2636 [stationis
2084 2582 2151 2637 ad
2202 2581 2261 2638 S.

668 2651 986 2710 Ferreolum
1009 2667 1137 2715 ante
1171 2663 1352 2718 natale
1378 2663 1618 2722 Domini.

741 2744 986 2804 Domnus
1014 2749 1382 2824 Leodegarius
1412 2760 1862 2834 archiepiscopus
1898 2766 2154 2823 firmavit.
2195 2770 2255 2825 S.

669 2836 833 2893 Sarili
863 2841 1077 2899 decani.
1106 2844 1164 2900 S.
1206 2847 1418 2904 Artaldi
1444 2855 1743 2924 praepositi.
1789 2855 1846 2914 S.
1876 2857 2119 2916 Nortaldi
2161 2865 2262 2919 ab-

2369 1726 2830 1795 communicatus,
2861 1728 3099 1800 paralysi
3130 1745 3460 1799 percussus,
3490 1733 3750 1786 membris
3780 1736 3902 1786 omni-

2369 1817 2472 1874 bus
2512 1818 2836 1887 dissolutus,
2876 1821 3100 1890 impiam
3147 1822 3312 1876 vitam
3363 1823 3537 1894 digna
3570 1834 3740 1878 morte
3766 1825 3900 1878 litui-LL

2368 1908 2530 1965 Modo
2558 1921 2739 1966 autem
2772 1912 3062 1989 ignorante
3113 1914 3428 1985 supradicta
3477 1915 3692 1970 domna
3715 1916 3908 1972 Adeleida

2368 2002 2792 2071 marchionissa,
2847 2005 2940 2059 alii
2988 2007 3163 2061 exorti
3211 2015 3359 2073 sunt,
3416 2016 3477 2061 et
3523 2007 3904 2088 praedictam:

2367 2104 2705 2164 sequuntur;
2751 2097 2847 2152 sed
2904 2098 3178 2153 mediante
3217 2098 3423 2153 domno
3461 2100 3709 2155 Adraldo
3740 2099 3901 2154 Iit-eme-

2367 2187 2607 2242 tensium
2635 2188 2853 2256 abbate,
2888 2199 2942 2245 et
2963 2188 3191 2245 Artaldo
3221 2188 3489 2246 Ecclesia:
3520 2201 3724 2247 nostra:
3751 2207 3901 2262 ιιι-τῳ

2365 2277 2492 2345 sito,
2533 2278 2884 2336 dimittuntur
2932 2282 3247 2352 supradicta
3294 2283 3463 2350 mala,
3521 2292 3580 2338 et
3622 2300 3689 2338 ne
3731 2285 3901 2354 amplius

2365 2369 2519 2440 ﬁant,
2551 2373 2822 2442 promittit
2864 2373 3068 2429 damna
3099 2373 3358 2431 Adeleida
3393 2375 3795 2431 marchionissa
3820 2391 3899 2428 cun

2365 2463 2492 2520 Illiis
2514 2464 2630 2520 suis
2659 2464 2822 2522 Petro
2847 2476 2902 2520 et
2927 2464 3166 2522 Amedeo
3191 2475 3245 2521 et
3269 2465 3529 2533 Oddone,
3556 2467 3670 2522 Deo
3697 2479 3746 2522 et
3770 2479 3899 2522 sancta

2365 2554 2628 2613 Mauricio
2660 2558 2716 2612 in
2764 2573 2931 2613 manu
2960 2557 3155 2614 Domni
3205 2558 3538 2630 Leodegarii
3573 2559 3898 2630 archiepiscopi

2363 2645 2715 2717 Viennensis,
2743 2658 2806 2706 ut
2840 2651 2895 2706 in
2925 2660 3035 2706 tota
3065 2659 3336 2721 potestate
3358 2667 3455 2706 sua
3494 2650 3898 2708 Viennensem-

2364 2751 2487 2796 neta
2537 2742 2773 2812 amplius
2809 2759 2918 2798 non
2970 2741 3218 2809 falsctur,
3249 2759 3425 2813 neque
3457 2743 3583 2810 ﬁat,
3616 2757 3777 2814 neque
3800 2758 3898 2804 vers,

2363 2849 2543 2904 neque
2568 2833 2703 2890 falsa
2737 2835 2828 2890 illa
2862 2852 2986 2905 qua:
3017 2836 3072 2890 in
3101 2834 3310 2890 Vienna
3353 2835 3530 2890 fuerit
3568 2835 3724 2891 facta.
3765 2835 3897 2889 Etim

669 2931 925 2989 batis.'S.
958 2935 1124 2993 Petri.
1156 2938 1212 2994 S.
1255 2939 1507 3014 Synt‘redi
1539 2923 1934 3006 archidiaconi.
1968 2951 2025 3008 8.
2053 2953 2260 3011 Arnadi
2289 2969 2333 3030 ρ
2367 2923 2494 3029 re?“
2540 2943 2640 3030 Ῐξτθ
2670 2942 2857 3030 arnor?
2904 2927 2998 3030 De}
3023 2936 3078 3030 (ξι
3114 2929 3290 3030 Sfmai
3329 2927 3591 2987 Μίωτίθίί
3621 2945 3738 2985 cum
3784 2943 3896 3029 ⁵⁰ξ¹¹⁵

668 3024 1062 3084 archidiaconi.
1105 3030 1163 3086 8.
1217 3031 1468 3091 Herberti
1505 3039 1901 3098 archidiaconi.
1965 3045 2022 3100 8.
2085 3045 2266 3105 Ροηιίἰ

669 3119 941 3174 canonici.
977 3122 1038 3177 S.
1072 3123 1343 3182 Senioreti
1371 3131 1644 3187 canonici.
1678 3133 1736 3189 8.
1774 3135 1991 3191 Geraldi
2023 3139 2262 3199 diaconi.

671 3208 730 3262 8.
766 3208 1024 3303 Bernardi
1065 3215 1301 3274 diaconi.
1356 3221 1414 3276 8.
1465 3223 1679 3280 Asearii
1709 3227 1903 3284 levitar.
1949 3229 2006 3284 8.
2059 3229 2266 3303 Ugonis

671 3302 940 3359 canonici.
979 3304 1038 3361 8.
1083 3307 1332 3366 Garnerii
1357 3316 1608 3372 canonici
1657 3320 1905 3391 magistri
1943 3302 2163 3378 scholas.
2203 3323 2261 3380 8.

670 3391 898 3451 Gerardi
935 3401 1206 3457 canonici.
1239 3402 1297 3459 S.
1347 3405 1563 3464 Girardi
1599 3413 1871 3469 canonici.
1915 3413 1972 3469 8.
2005 3415 2263 3472 Adalardi

678 3487 1331 3562 canonici,grammatici.
1353 3496 1410 3554 S.
1441 3499 1719 3574 Giudgerii
1744 3507 2015 3562 canonici.
2049 3507 2106 3563 S.
2127 3507 2266 3564 Ren—

671 3579 850 3635 conis.
917 3581 974 3638 8.
1025 3585 1284 3644 Riehardi
1324 3594 1578 3650 canonici
1624 3598 1974 3655 subdiaconi.
2009 3599 2065 3656 8.
2101 3600 2264 3658 Milo-

671 3670 758 3726 nis
779 3676 1050 3733 canonici.
1092 3678 1148 3734 S.
1180 3679 1474 3740 Rothbaldi
1498 3688 1842 3760 subdiaconi,
1868 3701 1924 3748 et
1942 3693 2126 3750 cancri
2149 3710 2261 3752 uno

669 3762 858 3820 animo
891 3767 1268 3829 ﬁrmaverunt.
1296 3764 1302 3770 ’
1425 3845 1493 3901 m

992 3909 1069 3966 De
1107 3924 1323 3995 moneta
1354 3916 1636 3995 Viennensj
1667 3933 1938 3995 corrupta.

1261 3986 1454 4057 (Anno
1489 3991 1684 4065 1045.)

670 4065 1428 4158 [ApudLAcnsnluu,_§picil.
1477 4092 1584 4158 vet.
1628 4085 1850 4158 e_dit.it,.‘
1877 4084 1995 4153 XII,
2043 4103 2098 4158 p.
2131 4087 2260 4155 284,

741 4153 809 4193 ex
839 4139 1516 4283 chartulario'Viennensi
1567 4170 1600 4210 a
1640 4139 1705 4211 D7.
1726 4139 2096 4214 'd‘neiééiivaﬁ'
2125 4139 2262 4214 «Ede

742 4224 901 4266 cesso
940 4255 952 4267 .

742 4225 901 4266 CCSSO
923 4225 952 4267 Ι.

743 4297 944 4360 Notitia
978 4303 1305 4367 Viennensis
1342 4321 1594 4381 monetae,
1623 4330 1748 4387 quae
1795 4315 1939 4373 facta
1988 4328 2077 4375 est
2119 4319 2264 4378 inter

2367 3018 2516 3083 suis;
2547 3019 2615 3074 do
2643 3019 2801 3089 cujus
2823 3019 3090 3075 beneﬁcio
3133 3020 3402 3075 honorata
3427 3030 3544 3087 est,
3574 3031 3630 3076 et
3653 3036 3744 3091 pro
3768 3019 3894 3073 anima

2366 3109 2601 3166 senioris
2624 3112 2709 3166 sui
2731 3109 2975 3168 Oddonis
3010 3113 3349 3168 marchionis
3376 3121 3430 3168 et
3463 3129 3574 3183 pro
3597 3129 3695 3169 sua
3732 3113 3892 3167 ettil‘o

2365 3218 2490 3257 rum
2527 3218 2757 3261 suorum
2791 3205 2987 3271 salute,
3016 3206 3113 3276 qui
3141 3206 3246 3260 hoc
3273 3204 3504 3263 laudant
3531 3214 3590 3262 et
3617 3204 3894 3264 conﬁrmant,

2364 3295 2617 3353 videlicet
2643 3295 2840 3353 Petrus
2875 3297 3295 3369 primogenitus,
3313 3306 3370 3353 et
3396 3299 3678 3355 Amedeus
3701 3307 3748 3352 et
3770 3293 3891 3350 Dido.

2365 3385 2578 3444 Laudat
2636 3387 2742 3444 hoc
2796 3389 3034 3445 domnus
3067 3389 3339 3445 Adraldus
3395 3390 3577 3446 abbas
3643 3388 3890 3442 [incinctae-

2365 3478 2474 3545 sis,
2521 3488 2577 3534 et
2618 3479 2878 3536 Artaldus
2943 3481 3271 3552 praepositus
3319 3478 3588 3536 Ecclesiae
3636 3477 3895 3535 Viennensis

2363 3588 2490 3631 cum
2533 3575 2732 3630 ceteris
2765 3574 3016 3634 ﬁdelibus
3053 3575 3196 3643 suis,
3245 3588 3489 3646 quorum
3532 3575 3640 3631 ista
3683 3580 3794 3629 sunt
3829 3586 3892 3622 ne-

2363 3679 2533 3720 mina.

2442 3841 2578 3900 Data
2599 3858 2695 3913 per
2724 3858 2924 3898 manus
2948 3842 3181 3899 Bosonis
3208 3841 3484 3898 ad'vieem
3531 3842 3712 3898 domui
3737 3835 3894 3894 cancel-

2363 3935 2486 3990 larii
2525 3943 2580 3990 et
2632 3935 2992 4005 primiscrinii
3042 3951 3081 3989 ιι
3127 3933 3246 3990 Kal.
3281 3934 3638 4002 Decembris,
3680 3935 3790 3988 luna
3814 3945 3892 3988 m.

2366 4027 2499 4083 feria
2548 4043 2620 4094 tv,
2651 4026 2910 4086 Heinrico
2955 4027 3198 4087 secundo
3242 4043 3391 4100 rege,
3421 4028 3669 4083 nondum
3714 4025 3889 4093 impera-

2364 4129 2504 4185 tore,
2537 4119 2772 4178 Cmsaris
2825 4129 2880 4175 et
2927 4121 3276 4191 imperatoris
3340 4120 3478 4186 lilio,
3538 4120 3698 4190 hujus

2367 4212 2784 4270 marchionissa:
2839 4227 3062 4284 genere.
3122 4211 3358 4300 Recepta
3405 4228 3506 4284 per
3546 4226 3732 4267 manus
3756 4207 3891 4264 donni

2367 4303 2767 4376 archiepiscOpi
2790 4303 3133 4377 Leodegarii.

740 4415 818 4487 (8)
848 4415 902 4472 Id
931 4428 1016 4474 est
1053 4423 1299 4482 ecclesia:
1334 4427 1664 4485 cathedralis
1712 4446 1836 4502 quae
1879 4431 1938 4488 S.
1981 4432 2248 4491 Mauricio
2282 4452 2438 4493 sacra
2468 4448 2572 4496 est.

672 4522 3880 4592 Ἦ

2538 4576 2797 4588 -ῌ

2003 4643 2140 4683 ANNO
2181 4645 2365 4684 DOMINI
2405 4647 2632 4686 RILXVIII.

1526 4750 3125 4974 STEPHANUS

1004 5031 1488 5127 SANCTIE
1564 5035 2098 5130 ΒΟΜΑΝλΕ
2183 5042 2309 5133 EC

2367 5044 2780 5135 lLESle
2854 5047 3600 5138 CARDINALIS.

2071 5174 2497 5194 ——-———

1550 5233 2152 5348 NOTITIA
2237 5231 3059 5353 HISTORICA.
