4020 5364
648 295 779 351 NH

1707 280 2046 346 STEPHAN]
2083 290 2141 346 ὃ.
2183 289 2247 347 R.
2290 289 2350 346 E.
2393 282 2809 346 CARDINALIS

3794 287 3906 346 ηις

643 406 814 484 gradu
855 417 909 464 ct
948 406 1244 480 dignitate;
1291 415 1344 461 et
1376 404 1675 476 accipiens,
1723 406 2093 462 ministerium
2131 421 2225 461 seu
2259 414 2304 470 Α
2332 405 2477 462 stino
2502 405 2675 478 gradu
2699 405 2914 459 veniam
2939 401 3043 458 sibi
3069 418 3379 460 reservasse
3407 412 3748 476 cognoscat.

643 501 969 558 beneficium
1014 500 1155 554 male
1195 507 1543 569 usurpatum,
1570 513 1854 568 nunquam
1881 507 2235 568 recuperatu-

646 610 764 661 rus,
791 593 1025 648 amittat.

613 704 622 708 ·
714 685 779 740 Il.
823 684 883 740 Si
915 685 1040 756 quis
1069 692 1165 739 aut
1191 682 1503 755 episcopus,
1535 691 1631 737 aut
1662 681 1920 753 prazlatus
1955 680 2231 751 quislibet,

641 786 834 835 contra
885 778 1165 848 praelixam
1224 777 1471 848 regulam
1530 775 1753 846 aliquod
1799 775 2232 830 ecclesiasticum

642 870 1031 936 ministerium,
1057 869 1140 924 vel
1165 869 1332 924 etiam
1365 869 1540 938 ipsam
1581 867 1948 938 prmhendam,
1981 882 2104 937 quae
2141 881 2235 920 ca—

643 962 844 1017 nonica
887 962 1109 1028 dicitur,
1153 961 1410 1016 ordinare
1444 968 1540 1015 aut
1584 961 1715 1014 dare
1758 959 2034 1015 voluerit:
2066 959 2233 1013 libere

639 1053 800 1108 liccat
835 1053 1052 1109 clericis
1088 1051 1493 1119 contradicere,
1521 1063 1574 1108 et
1596 1053 1906 1128 vicinorum
1944 1051 2232 1122 episcopo-

642 1160 766 1200 rum
791 1144 1082 1214 judicium,
1115 1146 1223 1212 vel,
1263 1144 1309 1199 si
1350 1160 1576 1200 necesse
1605 1143 1788 1211 fuerit,
1815 1145 1989 1214 ipsam
2013 1158 2233 1214 quoque

641 1236 824 1293 sedem
861 1237 1219 1307 apostolicam
1250 1237 1542 1306 appellare.

710 1325 798 1381 Ill.
839 1327 970 1383 Item
995 1338 1053 1384 ut
1084 1329 1266 1384 nullus
1299 1330 1704 1399 episcoporum,
1740 1330 1823 1384 vel
1849 1330 2225 1400 praelatorum,

640 1415 864 1486 aliquod
892 1434 1095 1473 novum
1126 1419 1450 1474 beneﬁcium
1491 1420 1557 1474 de
1603 1420 1768 1474 rebus
1796 1421 1862 1474 ad
1904 1420 1996 1490 jus
2040 1420 2230 1478 Eccle-

640 1508 738 1563 siae
765 1509 1168 1578 pertinentibus
1199 1510 1428 1565 ulterius
1454 1519 1749 1579 praasumat
1772 1520 1962 1564 contra
1990 1527 2230 1569 canones

646 1600 812 1655 alicui
850 1601 1083 1656 vendere
1108 1609 1201 1656 aut
1229 1601 1377 1656 dare.
1411 1599 1736 1670 Quicunque
1758 1617 1886 1656 vero
1912 1601 2116 1672 aliquid
2162 1603 2229 1658 ad

633 1691 730 1762 jus
769 1691 1025 1748 Ecclesia:
1060 1693 1359 1763 pertinens,
1397 1693 1500 1747 sub
1545 1693 1766 1747 nomine
1804 1694 2072 1760 beneficii,
2115 1695 2228 1750 sive

2408 494 2520 552 VII.
2596 496 2920 566 Quicunque
2961 504 3143 551 autem
3195 496 3518 550 clericorum
3569 496 3828 565 deinceps
3865 499 3906 551 in

2336 588 2506 645 armis
2539 586 2926 654 militaverint,
2969 597 3023 643 et
3082 587 3405 642 beneﬁcium
3463 599 3522 644 et
3587 589 3906 643 consortium

2337 681 2663 736 clericorum
2689 681 2959 736 amittant.

2407 772 2541 827 Vill.
2585 773 2910 844 Quicunque
2957 773 3222 828 laicoru'm
3263 773 3467 830 alicuid
3511 775 3588 829 de
3624 773 3697 829 iis
3719 790 3832 845 qua:
3857 775 3907 830 ad

2335 865 2670 920 oblationem
2719 865 2805 920 vel
2848 866 3247 937 eleemosynam
3304 865 3577 921 Ecclesia:
3635 867 3906 936 pertinent,

2336 958 2450 1012 sive
2499 959 2856 1028 sepulturam,
2908 958 3022 1013 sive
3069 958 3261 1014 saltem
3308 960 3534 1012 tertiam
3591 959 3904 1016 decim

2335 1057 2544 1119 partem
2575 1050 2876 1120 possidere,
2905 1051 3159 1117 vendere,
3187 1059 3280 1104 aut
3307 1051 3412 1104 sub
3452 1052 3694 1105 nomine
3729 1051 3903 1105 beneﬁ~

2336 1141 2406 1196 cii
2447 1140 2610 1195 alicui
2648 1142 2778 1196 dare
2802 1143 3030 1196 ulterius
3069 1143 3504 1212 praesumpserit,
3557 1143 3904 1199 anathemati:

2335 1232 2514 1303 gladio
2550 1232 2796 1288 feriatur.

2402 1323 2494 1378 IX.
2533 1308 2858 1396 Quicunque
2895 1326 3361 1398 consanguineam
3407 1342 3600 1392 suam,
3631 1336 3728 1380 aut
3765 1343 3901 1397 quam

2333 1419 2777 1489 consanguineus
2826 1436 2960 1474 suus
3008 1420 3160 1489 prius
3212 1428 3580 1490 cognoverat,
3629 1428 3728 1474 aut
3771 1421 3899 1489 cujus

2331 1510 2793 1579 consanguineam
2826 1511 3120 1564 carnaliter
3153 1511 3208 1565 in
3232 1512 3562 1583 conjugium
3594 1513 3818 1582 accepit,
3837 1514 3900 1565 vel

2331 1597 2590 1668 deinceps
2612 1599 2909 1668 acceperit;
2938 1601 3019 1654 vel
3042 1609 3333 1670 postquam
3359 1601 3653 1672 cognovit,
3682 1618 3785 1655 non
3815 1611 3899 1655 sua

2335 1691 2430 1744 tim
2453 1691 2680 1756 dimisit,
2711 1700 2805 1746 aut
2840 1705 3177 1762 cognoscens
3208 1709 3317 1747 non
3355 1693 3677 1758 dimiserit;
3716 1704 3803 1746 aut
3827 1695 3898 1762 qui

641 1785 889 1854 quolibet
921 1786 1103 1848 modo,
1135 1785 1223 1852 tab
1255 1785 1486 1839 ecclesia
1515 1785 1754 1844 alienare
1791 1785 2057 1841 hactenus
2086 1803 2226 1856 prm-
2263 1799 2304 1855 Β
2332 1799 2557 1837 uxorem
2595 1784 2820 1838 alterius
2849 1785 3050 1854 rapuit,
3082 1801 3176 1840 seu
3222 1787 3495 1855 rapuerit;
3529 1787 3623 1840 vel
3651 1787 3744 1856 qui
3773 1803 3895 1840 suam

639 1877 877 1946 sumpsit
915 1877 995 1931 :si
1022 1878 1202 1931 adhuc
1245 1886 1522 1947 superest,
1568 1886 1663 1932 aut
1699 1878 1947 1932 restituat
1978 1877 2231 1935 Ecclesia:

639 1969 787 2038 quod
825 1969 967 2024 male
999 1969 1290 2036 subtraxit,
1332 1979 1428 2025 aut
1466 1970 1733 2026 canonica
1785 1971 2080 2026 mulctetur
2104 1988 2231 2026 sen—

637 2061 829 2116 tentia.
1751 2135 1754 2138 _

709 2149 799 2204 IV.
840 2148 1034 2206 Nullus
1066 2152 1355 2207 ecclesiam
1390 2169 1645 2222 magnam
1680 2155 1764 2210 vel
1795 2173 2021 2227 parvam
2073 2158 2229 2214 dein-

644 2258 797 2312 ccps,
832 2244 952 2298 sine
974 2259 1249 2299 consensu
1288 2245 1529 2315 episcopi
1547 2247 1602 2300 in
1633 2248 1793 2317 cujus
1823 2251 2083 2318 parocliia
2122 2259 2225 2317 est,

636 2348 668 2387 a
694 2334 850 2389 laicis
875 2345 1170 2405 praesumat
1197 2336 1446 2405 accipere
1482 2338 1727 2407 quolibet
1767 2341 1960 2408 modo;
2012 2341 2104 2395 sed
2135 2357 2229 2396 ne-

635 2441 745 2494 que
765 2442 798 2481 a
827 2427 1048 2494 clerico,
1075 2429 1158 2483 vel
1180 2428 1474 2495 monacho,
1509 2445 1606 2485 seu
1632 2431 1790 2498 laico,
1816 2433 1918 2487 sub
1947 2433 2106 2503 pretii
2133 2433 2228 2487 ali-

634 2517 798 2587 cujus
847 2519 1160 2575 venalitate.
1208 2518 1366 2586 Quod
1408 2521 1455 2576 si
1503 2521 1713 2591 fecerit,
1759 2533 1814 2580 et
1855 2525 2116 2593 vendens,
2173 2534 2228 2581 et

634 2623 848 2675 emens,
877 2625 939 2665 ea
966 2618 1170 2665 careat.

723 2695 773 2755 ἐ.
817 2699 1223 2759 Conﬁrmamus
1247 2704 1412 2758 etiam
1441 2714 1501 2760 ut
1531 2721 1640 2761 non
1677 2706 1781 2760 nisi
1812 2706 1865 2761 in
1894 2707 2058 2763 unius
2090 2707 2225 2764 civi-

635 2794 762 2848 tatis
791 2795 1038 2850 eeclesiis
1060 2797 1353 2867 quisquam
1385 2799 1583 2853 amodo
1614 2799 1834 2869 aliquod
1859 2801 2107 2857 clericalc
2137 2800 2224 2856 of-

634 2887 819 2941 ﬁcium
842 2888 1094 2960 accipiat.
1124 2889 1281 2956 Quod
1306 2891 1401 2962 qui
1432 2892 1821 2961 praevaricatus
1846 2892 2031 2960 fuerit,
2059 2909 2226 2951 cano-

633 2978 756 3033 nica
781 2979 989 3035 ultione
1019 2980 1266 3037 feriatur.

704 3065 793 3125 Vl.
841 3070 1109 3128 Praeterea
1141 3073 1187 3128 si
1228 3072 1354 3144 quis
1399 3073 1820 3145 episcoporum,
1869 3079 2218 3150 presbytero-

2331 1889 2556 1928 uxorcin
2583 1876 2703 1930 sine
2720 1876 2930 1946 judicio
2955 1877 3252 1947 episcopali
3283 1879 3602 1943 dimittens,
3631 1879 3789 1932 aliam
3814 1880 3894 1932 du-

2328 1969 2427 2034 xit,
2455 1969 2537 2023 vel
2562 1969 2777 2023 duxerit
2804 1988 2816 2024 :
2843 1970 3020 2025 dOnec
3040 1985 3098 2025 se
3120 1969 3403 2025 fructuose
3427 1972 3624 2026 tradat
3656 1972 3886 2041 ptrniten-

2329 2064 2437 2130 tias,
2472 2080 2502 2117 a
2533 2074 2760 2134 corpOre
2791 2074 2844 2119 ct
2873 2065 3136 2136 sanguine
3170 2066 3379 2120 domini
3405 2067 3592 2122 nostri
3625 2065 3772 2131 Jesu,
3802 2077 3845 2121 et
3871 2082 3892 2119 ι

2327 2155 2612 2211 liminibus
2641 2157 2886 2226 ecclesiae
2906 2173 2966 2212 se
2991 2157 3274 2213 exclusum
3303 2167 3356 2212 et
3380 2158 3716 2224 alienatum,
3740 2170 3786 2212 et
3803 2174 3892 2212 oin-

2329 2249 2566 2303 nitnodis
2597 2249 2741 2304 sicut
2783 2251 3061 2318 putridum
3107 2251 3414 2305 membrum
3449 2267 3483 2305 a
3523 2267 3668 2306 sano
3703 2266 3890 2320 corpu?

2327 2340 2615 2410 praecisum
2652 2341 2831 2412 gladio
2867 2341 3116 2412 spiritus,
3143 2343 3290 2412 quod
3331 2353 3415 2399 est
3437 2344 3682 2399 verbum
3715 2341 3819 2405 Dei,
3850 2358 3891 2394 ιι

2328 2442 2573 2506 gnoscat.

2396 2521 2462 2578 Χ.
2506 2523 2830 2600 Quicunque
2871 2523 3190 2583 monasticae
3214 2523 3520 2600 religionis
3557 2529 3801 2585 desertor
3823 2521 3887 2582 in.

2325 2629 2523 2675 ventus
2555 2620 2740 2687 fuerit,
2787 2637 2816 2676 a
2856 2637 3027 2692 regno
3053 2620 3147 2676 Dei
3182 2631 3236 2675 et
3260 2638 3290 2676 a
3327 2625 3623 2678 consortio
3657 2623 3884 2677 Christia‘

2327 2727 2546 2776 norum,
2589 2713 2732 2767 sicut
2773 2722 3042 2783 apostata,
3081 2714 3403 2769 excludatur
3436 2725 3494 2769 et
3542 2716 3756 2770 alienus
3795 2715 3882 2768 cria

2327 2813 2454 2870 stat,
2485 2805 2658 2860 donec
2682 2806 3010 2876 resipiscens
3038 2807 3198 2877 digne
3222 2809 3504 2877 pmniteat.
3540 2807 3798 2862 Similiter
3813 2805 3883 2875 qui

2324 2897 2595 2967 ejusmodi
2620 2898 2781 2968 digne
2812 2898 3138 2968 paenitentes
3175 2907 3418 2971 recipere
3455 2899 3725 2966 noluerit,
3755 2901 3879 2955 tertio

2325 2990 2656 3055 admonitus,
2677 2991 2847 3045 sinon
2862 2992 3250 3062 acquieverit,a
3266 2995 3670 3050 communione
3688 2993 3878 3048 fratrum

2325 3081 2714 3152 suspendatur,
2766 3083 2882 3138 sive
2932 3085 3003 3138 sit
3031 3084 3222 3151 abbas,
3255 3085 3370 3141 sive
3404 3086 3713 3154 abbatissa,
3745 3087 3878 3142 donec

631 3179 777 3229 rum,
801 3163 1162 3220 diaconorum
1187 3174 1281 3220 aut
1304 3167 1922 3238 subdiaconorum,post
1944 3173 2221 3242 cognitum
2253 3158 2293 3214 C
2327 3172 2663 3241 acquiescat.

630 3254 984 3312 interdictum
1035 3259 1244 3312 domini
1292 3259 1467 3313 nostri
1510 3276 1664 3330 papae
1703 3260 1930 3328 Nicolai,
1980 3264 2224 3320 mulieris

630 3347 926 3417 cujuslibet
967 3349 1174 3404 carnali
1210 3351 1464 3405 detentus
1491 3353 1708 3422 c0pula,
1746 3369 1778 3408 a
1823 3355 2132 3411 ministerio
2169 3366 2224 3412 et

632 3436 900 3493 beneficio
925 3437 1116 3494 altaris
1140 3454 1249 3493 non
1278 3442 1545 3505 cessavit;
1579 3443 1692 3498 sive
1713 3444 1990 3514 deinceps,
2019 3462 2222 3518 cogno-

631 3543 791 3584 scens
814 3529 1157 3598 praalihatum
1200 3532 1511 3601 apostolica:
1551 3534 1696 3589 sedis
1725 3535 2094 3606 interdictum,
2127 3549 2222 3595 aut

632 3619 942 3687 mulierem,
974 3629 1069 3677 aut
1099 3621 1464 3678 ministerium
1504 3623 1758 3682 Ecclesiae
1791 3643 1916 3682 cum
1951 3631 2217 3688 beneﬁcio

628 3727 742 3766 non
764 3713 950 3768 statim
983 3713 1308 3781 deseruerit,
1351 3715 1557 3770 nullam
1600 3717 1960 3776 restitutionis
2004 3722 2058 3776 in
2105 3724 2218 3794 pri-

641 3863 1206 3888 Min-—

1211 3870 2621 3899 Μ

2397 3261 2510 3333 Ego
2543 3262 2851 3333 Stephanus
2896 3276 3112 3325 sanctae.
3137 3267 3395 3324 Romanae
3438 3271 3708 3326 Ecclesia:
3739 3270 3876 3325 cardi-

2325 3357 2466 3411 nalis
2495 3358 2749 3413 sacerdos
2770 3369 3018 3428 vocatus,
3041 3361 3158 3417 vice
3181 3364 3389 3418 domini
3423 3365 3534 3419 mei
3573 3381 3727 3436 papa
3747 3362 3874 3417 Nico-

2324 3449 2394 3503 lai
2423 3449 2724 3519 praasidens
2759 3452 2989 3522 synodo,
3027 3454 3112 3510 his
3143 3456 3642 3513 constitutionibus
3689 3473 3718 3512 a
3753 3456 3875 3512 nobis

2325 3547 2587 3601 canonice
2613 3550 2991 3620 promulgatis,
3008 3553 3292 3622 parvitatis
3311 3570 3446 3609 mea:
3466 3571 3754 3611 assensum
3773 3569 3874 3624 pm-

2323 3635 2459 3692 bens
2491 3640 2812 3710 subscripsi.
2846 3641 3048 3698 Deinde
3091 3645 3543 3716 subscripserunt
3581 3649 3762 3704 decem
3791 3655 3874 3700 tam

2326 3730 2720 3803 archiepiscopi
2746 3726 2910 3804 quam
2941 3736 3204 3808 episc0pi.

2624 3884 3638 3913 __..__.________________

3663 3897 3848 3914 ﬂ

1207 4007 2145 4131 STEPHANI
2219 3986 3350 4143 annuntians

779 4195 1364 4288 EPISTOLA
1433 4198 1586 4289 AD
1665 4201 2234 4297 JOANNEM
2321 4209 2957 4305 DOLENSEM
3042 4219 3756 4316 EPISCOPUM.

633 4339 709 4404 Ut
741 4340 907 4404 adsit
937 4343 1174 4424 synodo
1206 4324 1494 4411 Romana
1524 4351 1783 4414 Νίσοιαί
1815 4353 1890 4415 ΙΙ
1916 4364 2065 4438 post
2092 4358 2373 4438 pascha,
2430 4361 2527 4422 vel
2574 4365 2930 4430 Turonensi
2968 4389 3007 4430 a
3042 4389 3103 4430 se
3137 4369 3430 4436 habendi:
3470 4388 3617 4438 ante
3655 4374 3863 4438 mediam

1924 4433 2470 4515 Quadragcsimam
2504 4442 2610 4522 (1).

2119 4560 2504 4580 Ἥ

700 4602 1036 4713 Stephanus,
1061 4605 1208 4711 Petri
1243 4612 1616 4713 apostolorum
1649 4613 1913 4713 principis
1937 4627 1991 4713 et
2015 4630 2217 4713 sanctae
2249 4627 2293 4684 Ι)
2319 4628 2481 4683 cavit.
2519 4628 2626 4687 Sed
2671 4640 2725 4688 et
2771 4645 2895 4705 post
2939 4636 3096 4696 datas
3142 4640 3210 4696 ad
3246 4652 3298 4697 te
3335 4643 3572 4713 litteras,
3608 4645 3856 4703 secundum

626 4691 889 4751 Romana:
913 4695 1170 4755 Ecclesia:
1201 4701 1517 4770 cardinalis,
1551 4703 1722 4772 J.....,
1747 4704 1997 4764 Dolensis
2019 4707 2209 4766 Eccle-

626 4787 722 4842 siae
745 4788 892 4844 dicto
925 4792 1338 4866 archiepiscopo
1385 4799 1730 4870 resipiscere,
1764 4808 1819 4856 et
1845 4801 1915 4857 ad
1950 4802 2097 4859 viam
2122 4820 2211 4860 sa-

625 4877 757 4932 lutis
786 4887 839 4934 et
859 4883 1257 4941 emendationis
1288 4886 1464 4944 redire
1487 4891 1746 4947 consulit.

701 4966 964 5027 Dominus
981 4989 1135 5030 meus
1146 4977 1385 5047 pontifex
1403 4995 1654 5039 summus
1667 4992 1722 5038 et
1734 4983 2060 5041 universalis
2072 5003 2210 5058 papa

625 5054 884 5117 Nicolaus
915 5072 985 5131 te,
1019 5070 1271 5137 quamvis
1299 5073 1855 5133 rebellemetmonitis
1875 5054 2212 5136 salutaribus"

627 5163 910 5238 aversum,
947 5173 1292 5232 nequaquam
1336 5173 1516 5221 tamen
1573 5167 1802 5237 paterna
1851 5178 1905 5224 et
1951 5181 2213 5227 consueta

628 5236 888 5333 Romanae
915 5245 1170 5307 Ecclesiae
1197 5257 1891 5333 misericordiaindignum
1920 5262 2214 5332 judicavit;'

627 5330 722 5364 ..Α
745 5331 910 5364 νηῖιιι-οι
962 5337 1006 5364 -ε
1039 5348 1210 5364 ι-...---
1249 5361 1259 5364 -

2319 4721 2534 4776 consilii
2563 4724 2648 4778 sui
2681 4727 3098 4799 providentiam,
3137 4742 3190 4788 et
3221 4742 3532 4806 temporum
3561 4750 3855 4796 eventorum-

2319 4828 2425 4882 que
2448 4815 2848 4879 necessitatem.
2882 4837 2969 4876 me
2994 4824 3061 4879 ad
3085 4824 3186 4879 has
3216 4837 3400 4896 partes
3427 4829 3732 4896 destinavit,
3757 4837 3797 4880 et
3813 4833 3852 4878 αι

2317 4916 2440 4972 quae
2464 4919 2680 4974 possem
2707 4907 2762 4962 iu
2779 4907 3020 4966 Ecclesia
3043 4911 3339 4983 Gallicana,
3373 4915 3486 4972 Deo
3505 4919 3741 4989 juvante,
3758 4931 3853 4971 con-

2317 4992 2459 5051 ciliis
2497 4997 2818 5069 caeterisque
2852 5000 3134 5061 laboribus
3180 5007 3560 5076 emendarem,
3597 5012 3732 5066 vices
3757 5018 3850 5062 sua!

2319 5084 2452 5140 mihi
2479 5088 2724 5156 tradens,
2757 5091 3013 5161 iru'uttxit.
3048 5091 3202 5151 Unde
3226 5097 3370 5167 apud
3402 5097 3686 5156 Turonum
3711 5096 3850 5153 Domi‘

2315 5174 2438 5230 nica
2466 5186 2591 5234 ante
2619 5181 2854 5236 mediam
2886 5181 3372 5257 Quadragesimam
3401 5191 3673 5260 synodum
3700 5186 3846 5248 inditi,

2315 5267 2384 5323 ad
2401 5285 2588 5338 quam,
2616 5272 2899 5330 dominum
2925 5294 3106 5333 meum
3139 5279 3526 5349 sollicitudine,
3541 5292 3598 5338 et
3619 5278 3850 5339 mediocri-
