4020 5364
186 331 225 386 ι
244 328 355 415 tis

1080 327 1533 384 Pltl‘i'it.EG|UM
1570 323 1710 383 eno
1736 295 2085 379 'ECCLssu
2125 321 2628 381 vnvnocsmsr.

3367 320 3508 378 HN

179 441 478 517 principis
527 442 768 499 civitatis
809 441 1056 512 ejusdem
1090 442 1309 498 evenire
1336 442 1515 513 possit
1548 440 1885 500 securumA
1911 435 2509 495 misericordiasenties
2524 438 2910 495 ecclesiastica:
2923 435 3301 494 districtionis.
3316 432 3513 491 Exem-

184 534 375 591 facio.
409 532 568 601 Quod
598 534 647 589 si
688 550 789 589 nec
824 534 893 589 ad
924 548 1027 589 nos
1075 548 1176 589 nec
1208 532 1278 588 ad
1306 532 1591 588 dominum
1623 546 1808 587 meum

190 625 265 680 in
294 626 462 682 dictis
492 626 740 681 terminis
766 625 953 681 venire
980 624 1243 691 volueris,
1275 623 1572 680 vindictam
1598 620 1810 693 absque

1916 527 2035 598 plar
2060 529 2227 583 etiam
2262 530 2420 585 mitto
2450 530 2695 602 epistolae
2722 530 2886 602 hujus
2913 528 3203 602 potestatis
3229 545 3262 585 a
3284 528 3510 585 domino

1916 634 2041 677 meo
2064 621 2201 676 mihi
2229 622 2462 677 traditae.
2804 668 2811 673 ι
3193 621 3196 624 ’

969 896 1095 985 IN
1171 834 1754 987 CONCILlO
1840 880 2750 986 BURDEGALENSI

250 1040 609 1151 Stephanus
639 1068 1007 1145 cardinum,
1043 1065 1605 1151 sedisapostoft'cq
1636 1063 1910 1151 legatus,
1953 1063 2166 1126 cellam
2202 1068 2269 1151 S.
2312 1065 2645 1133 Clementis
2697 1068 2770 1132 de
2807 1066 3119 1133 Cr‘edont'o
3149 1052 3460 1132 monachis
3538 1088 3545 1093 '

1442 1145 2003 1209 Yindocinensibus
2032 1147 2282 1210 asserit.

636 1291 841 1365 (Edidit
869 1292 1017 1349 dom.
1043 1290 1307 1346 Murem-1
1331 1289 1482 1344 Thes.
1516 1287 1741 1356 Λυσι-ιι.9
1773 1294 1813 1342 ι.
1835 1284 1932 1354 IV,
1955 1288 2061 1344 col.
2090 1288 2219 1360 635,
2246 1305 2315 1348 ex
2339 1292 2619 1349 chartario
2636 1290 3078 1363 Vindocinensi.)

1719 1406 2071 1424 ﬂ

288 1502 442 1569 Licet
460 1508 856 1568 monachorum
888 1510 946 1568 S.
984 1510 1180 1568 Albani
1209 1514 1452 1585 querela,
1485 1528 1653 1585 quam
1679 1527 1809 1584 erga
1843 1515 1887 1570 B
1912 1512 2006 1585 qui
2030 1514 2219 1569 eodem
2251 1528 2351 1585 pro
2371 1513 2793 1571 necessitatibus
2821 1514 3139 1572 monasterii
3166 1515 3253 1572 sui
3277 1514 3511 1595 Romam

210 1603 520 1660 monachos
542 1595 827 1659 Vindocini
858 1603 925 1659 de
948 1603 1176 1661 ecclesia
1197 1603 1533 1661 Cretionensi
1554 1604 1680 1675 jure
1705 1603 1810 1659 sibi

212 1698 425 1753 habere
458 1696 804 1763 videbantur,
836 1696 1036 1765 saepius
1059 1696 1569 1766 ventilata,-injusta
1594 1711 1813 1765 semper

208 1797 272 1845 et
310 1789 380 1845 de
414 1788 629 1843 invidia:
672 1800 793 1843 orta
824 1789 1006 1843 radice
1029 1788 1189 1859 legali
1211 1788 1422 1859 judicio
1453 1789 1810 1859 comprobata

212 1883 290 1936 sit
322 1901 336 1937 :
377 1897 591 1951 semper
622 1890 801 1935 tamen
849 1896 945 1935 eos
979 1881 1158 1936 verbis
1190 1881 1478 1949 lacessere,
1515 1890 1569 1937 et
1597 1882 1811 1953 placitis

206 1972 328 2040 jam
353 1971 592 2028 definitis
609 1972 807 2027 iterum
835 1972 1138 2043 inquietare
1158 1974 1318 2028 solita
1342 1990 1441 2030 sua
1465 1974 1810 2044 improbitate

209 2065 572 2120 contendunt.
609 2063 792 2120 Prima
832 2080 1071 2136 namque
1100 2065 1399 2133 calumnia,
1424 2082 1588 2136 quam
1625 2066 1707 2121 eis
1743 2065 1811 2121 de

211 2157 475 2227 praedicta
498 2157 732 2213 ecclesia
761 2156 1081 2225 intulerunt,
1101 2159 1356 2214 audiente
1370 2159 1574 2214 domno
1603 2157 1646 2212 E
1672 2157 1810 2230 [Eu-

212 2248 414 2323 sebio],
447 2240 865 2322 Andegavorum
906 2250 1184 2321 pontifice,
1222 2259 1277 2305 et
1306 2251 1509 2306 domno
1540 2249 1629 2305 W.
1669 2249 1811 2318 [Wl—

211 2342 395 2413 grino,
425 2353 557 2399 tunc
591 2343 784 2399 abbate
813 2341 870 2399 S.
912 2341 1109 2416 Sergii,
1151 2352 1340 2415 postea
1381 2341 1526 2399 facto
1554 2343 1811 2414 episcopo

211 2433 572 2502 Cenomanis,
598 2435 804 2491 domno
851 2452 1067 2507 quoque
1112 2435 1178 2491 A.
1216 2436 1412 2490 abbate
1450 2432 1508 2489 S.
1535 2432 1809 2490 Vincentii

213 2527 462 2597 ejusdem
493 2528 748 2594 civitatis,
775 2528 1071 2600 multisque
1111 2528 1235 2584 aliis
1268 2527 1643 2598 probabilibus
1674 2527 1809 2582 viris
1834 2550 1839 2555 α

214 2622 581 2692 praesentibus
619 2637 808 2687 coram
856 2621 1099 2677 Got'frido
1141 2622 1339 2677 comite
1377 2620 1518 2675 facta
1563 2631 1666 2687 est,
1714 2621 1808 2691 qui

217 2728 345 2769 cum
372 2728 470 2770 eos
497 2713 820 2787 requisisset
846 2722 907 2769 ut
946 2713 1154 2769 litteras
1177 2713 1263 2768 vel
1297 2720 1467 2781 testes
1488 2712 1811 2792 exhiberem

219 2804 287 2861 de
312 2806 610 2862 donatione
635 2807 725 2861 illa
760 2821 927 2877 quam
960 2805 1064 2861 sibi
1094 2820 1123 2859 a
1154 2801 1366 2859 Suardo
1382 2805 1567 2859 vetulo
1605 2804 1807 2859 factam

218 2896 390 2953 fuisse
424 2898 764 2966 asserebant,
794 2898 1018 2970 etquod
1053 2907 1209 2969 pater
1242 2914 1378 2953 suus
1413 2896 1583 2953 Fulco
1621 2912 1808 2954 comes

217 3000 272 3045 et
301 2989 418 3059 ipse
451 2990 657 3046 donum
700 2991 832 3046 illud
867 2991 1279 3057 auctorisasset,
1316 2991 1721 3062 responderunt
1749 3006 1807 3046 se

220 3079 343 3135 inde
377 3082 586 3137 litteras
622 3098 904 3152 nunquam
951 3082 1238 3148 habuisse;
1287 3082 1381 3138 sed
1416 3091 1596 3137 tamen
1624 3093 1809 3138 utrum

221 3179 385 3228 testes
415 3173 614 3229 habere
640 3182 867 3245 possent
905 3190 971 3229 ex
988 3202 993 3209 ~
1012 3174 1326 3229 hominibus
1348 3176 1613 3245 temporis
1638 3175 1806 3243 illius,

220 3264 266 3319 si
302 3266 540 3335 spatium
580 3267 662 3322 eis
699 3267 1088 3323 concederetur
1122 3266 1421 3337 requirere.
1453 3264 1652 3323 Comes
1678 3282 1807 3324 vero

218 3356 504 3415 Goﬂ'redus
518 3360 813 3414 terminum
844 3358 950 3415 illis
974 3374 1178 3415 annum
1201 3358 1474 3429 integrum
1497 3376 1724 3430 ponens,
1750 3370 1810 3417 ut

217 3447 360 3503 infra
388 3458 555 3505 testes
575 3465 727 3517 suos,
754 3458 807 3505 et
825 3449 1203 3520 undecunque,
1225 3450 1443 3504 etiamsi
1469 3451 1536 3505 de
1558 3451 1808 3507 hostibus

219 3546 336 3601 suis
366 3554 579 3613 essent,
614 3544 935 3601 fiducialiter
964 3554 1017 3601 et
1050 3546 1258 3617 absque
1289 3534 1659 3616 metu'aliquo
1702 3546 1807 3601 sibi

219 3633 551 3689 adducerent
584 3634 889 3706 imperavit.
934 3634 1091 3702 Quod
1136 3634 1279 3692 cum
1313 3633 1495 3691 facere
1529 3635 1809 3707 nequivis-

218 3734 339 3780 sent
364 3726 690 3797 (quia,quos
718 3742 1001 3798 nunquam
1024 3727 1348 3795 habuerant,
1377 3728 1620 3800 reperire
1641 3738 1808 3785 testes

218 3814 418 3870 alicubi
440 3832 547 3871 non
568 3817 864 3887 valebant),
881 3817 1212 3873 calumniam
1239 3818 1457 3873 interim
1474 3818 1805 3887 omittentes,

220 3922 255 3960 ι
280 3907 444 3962 annis
472 3916 528 3963 et
550 3907 784 3979 amplius
807 3909 1198 3979 quibuscomes
1219 3909 1505 3966 Goﬂ‘redus
1530 3911 1664 3965 vixit
1686 3919 1810 3981 post

217 4014 282 4054 ea
318 3999 627 4056 siluerunt:
652 4001 836 4057 statim
864 4016 996 4057 vero
1014 4011 1147 4073 post
1183 4011 1416 4057 mortem
1444 4003 1591 4059 illius
1619 4012 1808 4074 aptum

218 4106 279 4147 se
292 4093 663 4148 calumniandi
678 4093 947 4164 reperisse
968 4102 1182 4164 tempus
1201 4094 1597 4161 exiStimantes,
1616 4111 1811 4153 rursus

219 4199 359 4240 nova
402 4185 620 4242 decreta
661 4187 882 4249 cudere.
927 4203 1101 4268 novos
1142 4187 1246 4243 sibi
1289 4187 1502 4257 iudices
1546 4188 1811 4246 adversus

219 4279 518 4335 monachos
535 4277 823 4335 Vindocini
850 4294 947 4349 per
974 4294 1197 4335 manum
1221 4278 1458 4337 Gofi'redi
1479 4281 1695 4337 comitis
1718 4283 1812 4353 ju-

220 4371 414 4439 nioris,
460 4371 699 4428 Gofl‘redi
740 4372 967 4428 alterius
1005 4372 1366 4440 successoris,
1403 4372 1582 4429 ascite
1626 4381 1808 4430 tenta-

220 4464 373 4532 bant;
404 4464 699 4520 nonnullos
721 4464 886 4521 etiam
915 4464 1220 4535 potentium
1246 4479 1609 4535 personarum
1633 4465 1805 4535 viros,

219 4570 361 4625 quos
388 4556 689 4627 improvide
709 4564 901 4612 contra
928 4556 1020 4627 jus
1039 4564 1094 4611 et
1119 4556 1202 4612 fas
1228 4556 1284 4610 in
1305 4556 1410 4613 hoc
1436 4557 1545 4613 sibi
1570 4557 1810 4616 maxime

220 4646 537 4716 profuturos
562 4647 881 4714 credebant,
907 4648 1243 4715 obaerantes;
1276 4654 1338 4702 ut
1377 4646 1627 4703 videlicet
1660 4649 1810 4719 quod

214 4739 362 4808 justa
393 4738 606 4794 ratione
628 4739 1005 4809 nequiverant,
1051 4738 1135 4793 vel
1175 4746 1453 4809 utcunque
1488 4741 1810 4796 muneribus

216 4830 427 4885 efﬁcere
469 4828 846 4899 praevalerent.
899 4827 1007 4883 Sed
1045 4843 1238 4883 eorum
1277 4843 1373 4898 spe
1417 4828 1472 4883 in
1508 4829 1612 4884 hac
1640 4830 1808 4883 etiam

216 4931 388 4991 parte,
416 4920 532 4976 Deo
566 4921 908 5001 disponente,
944 4918 1225 5001 frustrata,
1255 4920 1362 4976 alia
1396 4921 1596 4976 iterum
1627 4919 1807 4990 adipi-

216 5012 401 5072 scendi
431 5012 578 5082 quod
609 5014 899 5084 cupiebant
932 5013 1104 5068 moliti
1137 5024 1268 5070 sunt
1290 5011 1493 5070 inferre
1526 5013 1809 5069 machina-

212 5116 417 5163 menta.
453 5103 722 5160 Miserunt
748 5122 983 5176 namque
1006 5107 1255 5178 legatum
1290 5105 1479 5161 Romae
1506 5104 1596 5175 6.,
1636 5120 1807 5160 unum

1912 1615 2246 1677 perrexerat,
2277 1622 2403 1662 cum
2423 1606 2477 1662 in
2499 1609 2733 1663 concilio
2763 1619 2893 1665 tunc
2914 1624 3098 1664 coram
3122 1607 3347 1666 Nicolao
3368 1626 3509 1682 papa
3532 1630 3539 1637 ·

1912 1701 2142 1756 collecto
2192 1716 2318 1771 cum
2356 1702 2571 1756 caeteris
2606 1710 2831 1768 astaret,
2860 1711 2917 1757 et
2948 1703 3263 1759 accusatori
3307 1703 3387 1757 illi
3416 1720 3507 1759 ra-

1914 1790 2061 1846 tione
2087 1805 2329 1862 congrua
2346 1791 2413 1846 de
2433 1790 2579 1846 dono
2604 1791 2848 1847 ecclesiae
2872 1793 3205 1848 monasterio
3220 1791 3511 1849 Vindoeini

1911 1881 2084 1950 facto,
2128 1891 2185 1939 et
2224 1883 2293 1938 de
2326 1882 2534 1954 judicio
2572 1883 2879 1955 Andegavis
2917 1892 3106 1954 postea
3148 1900 3179 1940 a
3218 1886 3510 1955 saepedicto

1912 1976 2113 2031 comite
2148 1973 2212 2031 (ἱ.
2254 1976 2488 2047 aliisque
2520 1976 2989 2046 supranominatis
3010 1977 3145 2032 viris
3171 1978 3389 2048 publice
3409 1979 3507 2035 de-

1911 2067 2223 2134 terminato,
2266 2068 2671 2138 respondisset;
2716 2083 3008 2125 commune
3037 2069 3247 2132 domui,
3270 2086 3423 2141 papae
3455 2078 3511 2125 et

1908 2160 2290 2233 episcoporum
2319 2162 2416 2232 qui
2452 2159 2677 2218 adfuere
2705 2161 2924 2217 decreto
2955 2161 3228 2216 sancitum
3259 2171 3343 2217 est
3368 2179 3509 2234 prte-

1910 2249 2080 2305 fatam
2110 2252 2400 2306 ecclesiam
2442 2250 2499 2305 S.
2541 2249 2837 2307 Clementis
2871 2253 2937 2307 de
2964 2248 3300 2308 Credonensi
3326 2264 3511 2310 castro

1911 2342 1977 2397 ad
1995 2341 2091 2417 jus
2119 2341 2334 2398 Sanctae
2360 2341 2645 2399 Trinitatis
2664 2342 3088 2400 Vindocinensis
3117 2346 3350 2401 emnobii
3382 2362 3511 2417 pro—

1912 2431 2002 2487 cul
2040 2432 2209 2487 dubio
2247 2432 2493 2504 legaliter
2529 2433 2820 2503 pertinere.
2864 2432 3059 2490 Tantis
3094 2434 3261 2507 igitur
3284 2444 3511 2506 tamque

1911 2520 2238 2589 manifestis,
2266 2531 2323 2578 et
2351 2524 2576 2595 insuper
2602 2533 2751 2579 tanta
2783 2526 3109 2580 auctoritate
3136 2527 3376 2582 definitis
3412 2528 3508 2599 ju-

1910 2613 2070 2670 diciis
2108 2629 2250 2684 saepe
2290 2615 2547 2681 convicti,
2567 2616 2893 2671 innocentia:
2919 2617 3099 2672 adhuc
3132 2617 3507 2686 immemores,

1909 2714 1963 2760 et
1997 2714 2077 2762 tot
2118 2705 2445 2776 iniuriarum
2480 2722 2621 2778 quas
2651 2710 2938 2764 monachis
2973 2707 3266 2764 Vindocini
3303 2712 3421 2767 suis
3451 2713 3508 2768 in

1910 2786 2151 2865 Christo,
2194 2799 2360 2853 velint
2411 2798 2618 2867 nolint,
2671 2797 2936 2856 fratribus
2979 2800 3239 2869 fecerant,
3288 2804 3508 2875 penitus

1836 2861 1878 2919 C
1912 2899 2027 2944 non
2050 2890 2420 2958 recordantes,
2437 2907 2658 2947 rursum
2675 2893 2871 2963 placita
2897 2894 3114 2961 iterare,
3135 2895 3348 2966 judices
3369 2898 3510 2954 alios

1913 2982 1969 3036 in
1995 2983 2190 3039 alienis
2202 2984 2516 3055 regionibus
2538 2985 2796 3041 adhibere
2812 2986 2992 3041 conati
3010 2996 3155 3042 sunt.
3183 2987 3353 3054 Quasi
3379 3005 3509 3045 vero

1913 3071 1967 3127 in
1994 3073 2158 3129 aliam
2180 3083 2558 3132 transcurrere
2586 3077 2841 3147 patriam,
2878 3081 3245 3133 examinatam
3285 3079 3509 3136 rectitu-

1911 3165 2057 3222 dinis
2081 3167 2256 3237 possit
2273 3170 2626 3239 exstinguere
2662 3170 2968 3226 veritatem.
2987 3170 3117 3226 Post
3150 3173 3372 3243 longum
3403 3175 3509 3228 ita-

1910 3273 2017 3329 que
2045 3267 2279 3329 tempus,
2319 3274 2444 3314 cum
2478 3260 2701 3330 quidam
2728 3259 3038 3331 Stephanus
3067 3260 3125 3315 Β.
3151 3260 3297 3316 Petri
3324 3262 3507 3317 cardi-

1910 3351 2051 3429 nalis
2079 3352 2258 3407 dictus
2298 3350 2533 3407 Romani
2562 3353 2824 3408 antistitis
2850 3351 3145 3409 Alexandri
3176 3369 3328 3425 papa:
3358 3354 3506 3425 lega-

1908 3443 2058 3500 tione
2077 3445 2132 3499 in
2156 3444 2349 3501 Galliis
2380 3444 2725 3516 fungeretur;
2759 3454 3070 3501 remorante
3107 3446 3200 3501 illo
3240 3446 3293 3501 in
3316 3446 3505 3504 Ande-

1910 3536 2131 3606 gavensi
2159 3536 2335 3607 patria
2358 3538 2501 3608 apud
2526 3547 2768 3593 castrum
2798 3535 3135 3603 Salmurum,
3158 3553 3285 3594 ecce
3307 3539 3506 3595 iterum

1911 3631 2165 3686 monachi
2208 3630 2267 3686 S.
2308 3630 2513 3700 Albini,
2541 3631 2702 3702 quasi
2743 3632 2958 3687 noviter
3005 3640 3135 3687 tunc
3177 3631 3503 3703 inciperent,

1908 3722 2309 3792 querimoniam
2358 3723 2426 3778 de
2475 3722 2761 3778 monachis
2806 3720 3094 3778 Vindocini
3131 3738 3233 3793 pro
3273 3722 3504 3778 ecclesia

1908 3812 2245 3870 Credonensi
2277 3814 2346 3869 ad
2391 3829 2554 3869 aures
2590 3813 2738 3868 illius
2774 3815 3138 3884 pertulerunt.
3178 3814 3250 3868 At
3290 3814 3381 3869 ille
3421 3814 3508 3870 eis

1909 3921 2021 3961 non
2065 3907 2250 3962 statim
2291 3906 2386 3973 ibi,
2419 3906 2513 3961 sed
2543 3906 2685 3976 apud
2720 3906 2993 3961 civitatem
3021 3905 3099 3977 (2)
3129 3904 3503 3979 Burdigalam,

1912 4000 2001 4055 ubi
2031 4010 2085 4056 et
2112 4000 2407 4056 concilium
2439 4000 2728 4055 habiturus
2766 4007 2905 4068 erat,
2942 4001 3280 4070 priemonitis
3311 4017 3508 4059 mona-

1911 4093 2032 4149 chis
2079 4089 2367 4147 Vindocini
2401 4099 2458 4145 et
2485 4086 2615 4145 illuc
2648 4089 2881 4157 vocatis,
2921 4105 3318 4160 responsurum
3358 4108 3418 4149 se
3449 4102 3507 4150 et

1912 4198 2137 4239 causam
2163 4183 2447 4256 diligenter
2468 4183 2760 4254 spopondit
2774 4184 3236 4241 examinaturum.
3254 4184 3505 4257 Cumque

1912 4275 1980 4332 ad
2011 4276 2306 4334 concilium
2334 4270 2422 4332 die
2455 4268 2729 4332 Kalendas
2757 4275 2960 4348 Aprilis
3004 4279 3409 4347 convenissent,
3450 4289 3505 4337 et

1913 4369 2170 4432 monachi
2211 4366 2268 4425 S.
2300 4368 2483 4424 Albini
2516 4368 2812 4425 clamorem
2840 4384 3002 4425 suum
3030 4370 3245 4426 cunctis
3276 4371 3372 4442 qui
3407 4372 3505 4426 ad-

1910 4468 2069 4519 erant
2116 4462 2467 4519 audientibus
2518 4460 2805 4531 fecissent;
2854 4461 3077 4534 quidam
3117 4463 3185 4518 de
3238 4462 3504 4521 fratribus

1912 4554 2199 4612 Vindocini
2237 4555 2333 4627 qui
2375 4555 2581 4611 idcirco
2616 4563 2857 4623 venerat,
2894 4553 3090 4609 Vitalis
3128 4556 3372 4623 nomine,
3413 4570 3501 4610 re-

1911 4648 2131 4720 spondit
2159 4664 2387 4705 causam
2416 4648 2566 4703 illam
2583 4647 2699 4718 jam
2726 4647 2932 4717 pridem
2951 4646 3006 4700 in
3024 4644 3272 4701 Romana
3294 4647 3503 4718 synodo

1911 4741 2017 4796 sub
2033 4740 2361 4796 venerabilis
2399 4739 2682 4794 memoria:
2724 4736 2947 4793 Nicolao
2986 4753 3127 4808 papa
3165 4737 3381 4807 publice
3408 4738 3503 4793 de-

1910 4832 2257 4888 terminatam
2291 4829 2493 4897 fuisse,
2531 4829 2876 4885 audientibus
2908 4829 3240 4899 quibusdam
3286 4829 3502 4898 episco~

1909 4925 1996 4997 pis
2016 4923 2084 4979 dc
2108 4921 2281 4978 Gallia
2311 4921 2381 4977 ad
2407 4922 2705 4978 concilium
2736 4919 3016 4992 profectis,
3048 4919 3280 4990 Hugone
3312 4919 3504 4975 videli-

1912 5026 1999 5074 cet
2014 5014 2363 5081 Nivernensi,
2396 5013 2685 5071 Gualterio
2704 5012 2986 5080 Meldensi,
3013 5014 3256 5081 itemtpte
3281 5009 3508 5083 Hugone

1912 5107 2379 5178 Trecensi,'atquc
2400 5105 2651 5179 ngrino
2671 5105 3099 5172 Cenomanensi,
3123 5115 3366 5173 quorum
3398 5113 3517 5162 tres

2799 5208 2887 5218 ...ν-οι
2940 5211 2964 5218 ο.
2989 5198 3037 5218 .Il,
3056 5215 3082 5218 γ-
3100 5213 3119 5218 -
3160 5198 3402 5218 -.ζ--Α-Α-.ι
