4020 5364
164 353 292 423 illi

1133 351 1221 419 ne
1257 349 1670 429 maxime
1707 330 2049 417 conponis
2072 362 2136 432 Β.
2179 348 2412 417 nauci.

3263 360 3397 421 tu

159 480 484 539 vindicabat.
515 478 756 550 Contigit
776 486 955 533 autem
979 489 1039 534 ut
1060 481 1454 549 pertransirent
1474 480 1599 535 inde
1621 480 1731 533 via-
1756 485 1802 541 Α
1832 477 1917 531 sui
1940 477 2285 546 episcopatus
2307 478 2553 533 ecclesiis
2575 478 2645 531 ab
2666 478 2866 547 iniquis
2890 487 2943 532 et
2968 480 3151 550 pravis
3176 481 3405 537 homini.

161 576 322 639 tores,
353 581 411 627 et
431 570 485 625 in
515 571 638 625 loco
658 570 848 625 eodem
875 571 1029 640 juxta
1059 572 1389 641 sepulcrum,
1422 572 1726 627 nescientes

163 664 269 719 illic
287 661 626 732 requiescere
652 659 981 715 sanctissimi
999 660 1162 717 Marci
1184 661 1489 717 venerabile
1506 676 1724 731 corpus,

164 769 291 810 suos
318 766 491 821 equos
518 751 718 806 vellent
759 750 959 806 locare.
996 749 1255 818 Quadam
1303 758 1486 806 autem
1525 749 1729 805 sancti-

160 843 411 900 monialis
448 841 650 897 femina
683 842 941 898 clamosis
965 842 1182 899 obsistit
1214 842 1462 907 vocibus,
1488 842 1674 897 dicens
1711 859 1723 895 :

166 957 188 989 ι
215 935 407 1003 Nolite,
434 934 652 1001 fratres,
683 935 851 990 nolite
878 936 933 989 in
961 935 1066 989 hoc
1090 938 1279 989 sancito
1302 934 1564 1004 hospitari
1586 933 1727 998 loco,

162 1044 230 1083 ne
249 1026 386 1082 forte
413 1026 618 1096 aliquid
647 1026 801 1080 vobis
818 1026 943 1080 mali
973 1026 1282 1096 contingat;
1309 1025 1545 1080 vidimus
1583 1025 1727 1101 enim

162 1118 256 1173 Dei
281 1117 550 1187 magna‘lia
582 1116 782 1187 s:epius
808 1115 864 1169 in
894 1116 999 1171 hoc
1029 1116 1144 1169 ﬁeri
1169 1115 1516 1171 sanctissimo
1545 1115 1684 1169 loco.
1705 1134 1724 1168 ι

163 1209 231 1265 At
256 1207 362 1274 illi,
386 1222 489 1278 pro
519 1207 692 1262 nihilo
716 1207 975 1261 ducentes
1012 1207 1127 1262 haec
1149 1208 1333 1273 verba,
1361 1207 1546 1261 eadem
1575 1216 1734 1261 nocte

163 1308 480 1356 manserunt
507 1298 726 1365 ibidem,
755 1307 810 1353 et
836 1298 977 1354 facto
996 1312 1155 1354 mane
1175 1299 1499 1354 insultantes
1522 1315 1723 1356 sermo-

161 1391 321 1446 nibus
353 1390 476 1459 ejus
518 1398 801 1460 creperum
848 1390 950 1446 iter
988 1390 1247 1460 arripere.
1293 1389 1399 1445 Sed
1442 1398 1733 1459 antequam

163 1482 319 1551 longe
355 1480 741 1551 procederent,
780 1480 847 1535 ad
878 1479 1099 1535 modum
1130 1479 1340 1550 sagitta:
1377 1479 1518 1549 ictus
1551 1495 1733 1549 coepe-

163 1581 287 1628 runt
305 1573 421 1643 jam
453 1572 717 1643 poenitere
744 1572 811 1627 de
839 1569 1007 1639 facto,
1029 1572 1156 1641 quia
1188 1588 1330 1627 unus
1350 1587 1540 1627 eorum
1562 1587 1736 1643 equus

162 1665 219 1719 in
253 1672 455 1720 terram
483 1663 691 1720 corruit
717 1662 987 1729 mortuus,
1015 1663 1152 1717 alter
1166 1678 1317 1729 vero,
1347 1664 1590 1719 nondum
1616 1680 1737 1735 per-

160 1761 282 1809 acto
319 1752 533 1819 stadio,
578 1753 636 1808 in
666 1753 787 1823 ipso
822 1753 1016 1808 itinere
1052 1753 1241 1824 periit,
1279 1754 1460 1809 taliter
1505 1753 1736 1809 Domino

162 1844 566 1914 cunctipotente
614 1844 700 1900 sui
750 1843 917 1900 Marci
958 1844 1140 1900 dilecti
1186 1846 1442 1917 martyris
1482 1846 1737 1917 injuriam

161 1935 490 1991 vindicante.
521 1935 642 1991 Alio
670 1936 855 2006 itaque
878 1944 1154 2007 tempore,
1190 1937 1332 1992 sicut
1356 1953 1389 1991 a
1412 1938 1736 2008 quibusdam

161 2016 413 2082 ﬁdelibus
448 2027 582 2084 mihi
617 2027 846 2082 relatum
875 2038 990 2093 est,
1024 2043 1148 2082 cum
1183 2027 1405 2098 quidam
1439 2030 1741 2086 Calabrites

162 2120 376 2175 onustis
412 2116 604 2176 asellis
633 2118 910 2175 mercibus
937 2118 1006 2174 ad
1042 2119 1357 2190 praedictum
1401 2120 1581 2176 locum
1618 2133 1741 2176 sero

164 2213 431 2277 venirent,
446 2221 500 2267 et
511 2211 808 2267 diverteudi
831 2210 1128 2280 hospitium
1147 2220 1472 2281 quaererent,
1492 2212 1738 2282 quredam

163 2302 491 2359 venerabilis
515 2303 712 2358 mulier
730 2302 866 2357 dixit
887 2302 995 2358 illis
1027 2322 1071 2355 ε(
1108 2300 1304 2368 Nolite,
1328 2302 1657 2368 cha‘rissimi,
1682 2301 1738 2356 in

168 2396 271 2452 hoc
304 2396 428 2452 loco
462 2404 677 2451 vestros
708 2396 897 2451 asinos
925 2395 1223 2461 collocare,
1255 2396 1384 2466 quia
1416 2397 1569 2452 locus
1607 2410 1739 2450 san—

161 2496 285 2543 ctus
322 2496 447 2543 est:
496 2503 622 2542 nam
665 2488 714 2542 si
748 2486 1112 2559 praesumitis,
1158 2501 1268 2541 non
1303 2488 1509 2558 absque
1540 2489 1742 2542 damno

168 2579 292 2635 hinc
320 2580 559 2635 transire
593 2579 860 2635 valebitis.
904 2598 923 2632 θ
948 2577 1054 2644 Qui
1087 2594 1186 2634 sua
1230 2578 1481 2633 incbriati
1518 2579 1740 2633 vesania

166 2672 420 2727 dixerunt
449 2672 520 2727 ad
555 2686 676 2727 eam
704 2690 760 2726 τι
800 2670 940 2741 Ergo
960 2680 1015 2725 et
1052 2686 1154 2726 nos
1189 2669 1392 2725 mortui
1430 2685 1622 2726 sumus
1644 2712 1659 2736 ,
1696 2670 1741 2725 si

100 2803 105 2807 .
168 2773 379 2836 nostros
400 2765 593 2819 asinos
614 2764 888 2819 custodire
900 2779 1007 2818 non
1030 2776 1352 2833 possumus;
1367 2781 1386 2813 ι
1412 2771 1466 2818 et
1484 2777 1609 2817 cum
1632 2778 1743 2817 nox

163 2858 272 2927 jam
302 2858 521 2928 plenius
550 2857 887 2922 advenisset,
910 2856 1238 2911 collocantes
1264 2869 1351 2921 se,
1383 2863 1437 2909 et
1468 2854 1526 2909 in
1559 2855 1740 2910 medio

163 2950 350 3006 asinos
374 2965 575 3006 eorum
602 2955 900 3019 ponentes;
940 2955 994 3001 et
1027 2946 1277 3017 quamvis
1306 2946 1564 3002 audacter
1600 2947 1741 3002 fece-

168 3042 292 3107 rint,
319 3051 504 3097 tamcn
526 3039 794 3109 suspecti,
824 3054 890 3092 ne
923 3054 951 3091 a
982 3038 1125 3107 lupis
1155 3039 1237 3093 vel
1267 3054 1297 3092 a
1321 3038 1624 3095 latronibus
1655 3054 1737 3093 ra-

1829 568 1933 623 bus
1956 567 2248 634 desolatis;
2278 577 2331 622 et
2359 569 2489 623 dum
2513 569 2581 623 de
2613 568 2736 623 loco
2755 570 2812 623 in
2836 570 3017 625 locum
3043 572 3253 628 visendi
3276 588 3402 642 m-

1828 659 1902 714 tia
1934 656 2231 722 adfuisset,
2256 660 2502 727 pervenit
2529 660 2744 715 tandem
2788 660 2855 715 ad
2882 661 3218 732 episcopium
3259 665 3404 719 anti-

1828 750 2110 820 quissimm
2151 748 2303 805 urbis
2332 748 2607 804 Atinensis
2631 774 2670 813 ,-
2693 759 2749 804 ct
2777 750 3059 821 ingressus
3085 753 3401 817 praedictam

1830 841 2135 905 ecclesiam,
2164 854 2285 909 quae
2310 838 2364 893 in
2403 839 2716 894 suburbano
2743 840 3011 909 pradictae
3038 841 3275 897 civitatis
3293 844 3396 897 ad»

1829 942 1951 996 cst,
2004 931 2476 1002 perlustransque,
2522 930 2729 986 invenit
2769 932 2897 985 ante
2937 942 3184 988 sanctum
3232 934 3406 989 altare
3510 930 3521 1002 ὲ

1831 1022 2138 1093 congeriem
2170 1021 2431 1092 lapidum,
2455 1036 2576 1092 quae
2596 1022 2663 1077 de
2690 1020 2929 1076 fractura
2951 1039 3233 1078 murorum
3255 1040 3406 1081 acei-
3448 1076 3451 1079 .
3498 1020 3528 1088 ,Ξ

1832 1131 1961 1169 vum
1998 1114 2233 1180 fecerat,
2257 1122 2311 1169 et
2335 1115 2488 1170 valde
2509 1114 2626 1170 suis
2663 1114 2965 1184 alienisque
2995 1116 3172 1170 oculis
3216 1116 3407 1185 displi-

1832 1194 2010 1261 cebat.
2026 1203 2180 1260 Tunc
2203 1212 2510 1261 convocans
2528 1206 2597 1261 ad
2618 1220 2680 1260 se
2698 1206 2985 1275 quemdam
3000 1207 3404 1278 presbyterum.

1834 1298 2123 1368 assignans
2143 1297 2191 1352 ei
2216 1297 2397 1352 locum
2422 1297 2697 1367 praecepit,
2720 1296 2906 1351 dicens
2935 1316 2951 1351 :
2982 1318 3001 1349 ι
3030 1296 3187 1356 Hunc
3218 1297 3407 1367 accipe

1834 1388 2036 1454 locum,
2062 1387 2158 1454 ﬁli,
2187 1396 2239 1442 ct
2259 1387 2542 1458 diligenter
2563 1389 2815 1444 emunda.
2847 1408 2864 1441 ι
2903 1387 3191 1460 Presbyter
3220 1397 3405 1446 autem

1836 1480 1940 1535 sibi
1972 1480 2273 1551 delegatum
2306 1480 2484 1536 locum
2501 1470 2799 1551 accipiens,
2821 1482 3011 1539 devote
3032 1483 3195 1553 cepit
3209 1498 3399 1538 emun»

1833 1571 1985 1637 dare,
2008 1580 2061 1625 et
2090 1572 2218 1625 dum
2248 1586 2344 1641 per
2373 1588 2565 1643 gyrum
2588 1573 2780 1627 altaris
2804 1572 3079 1643 eﬂ'oderet,
3103 1574 3409 1637 invenitla-

1835 1660 2055 1732 pideum
2093 1662 2308 1717 titulum
2341 1663 2623 1733 scriptum,
2664 1673 2737 1729 ct,
2765 1664 3167 1733 licetfraaum,
3205 1682 3404 1720 nomen

1836 1752 2041 1808 Christi
2078 1753 2329 1826 martyris
2388 1753 2555 1809 Marci
2606 1755 2975 1822 intimantem;
3020 1772 3183 1828 quem
3216 1756 3408 1814 videns

1839 1845 2127 1915 episcopus
2164 1846 2508 1911 exclamavit,
2539 1845 2726 1903 dicens
2767 1865 2783 1901 :
2821 1867 2840 1900 ι
2877 1845 2923 1902 0
2954 1856 3162 1919 martyr
3183 1844 3403 1919 magne!

1837 1936 2062 1992 ostende
2083 1936 2242 1992 nobis
2273 1936 2510 2007 indignis
2540 1938 2883 2008 tumpignora
2912 1947 3130 2005 sancta;
3158 1958 3180 1989 ι
3213 1939 3409 1994 deinde

1835 2040 2153 2093 conversus,
2180 2026 2471 2082 Dominum
2505 2028 2591 2083 his
2613 2029 2793 2084 verbis
2819 2030 2982 2099 cmpit
3005 2038 3119 2085 toto
3138 2030 3303 2086 corde
3320 2031 3410 2086 de-

1837 2118 2121 2174 votissime
2136 2118 2441 2189 supplicare
2464 2138 2478 2173 :
2513 2117 2801 2184 «Obsecro,
2827 2118 3075 2184 Domine,
3098 2122 3330 2177 obsceno
3351 2131 3410 2176 ut

1835 2213 2080 2284 digneris
2103 2212 2261 2267 nobis
2292 2213 2666 2281 peccatoribus
2695 2212 2876 2267 dilecti
2901 2213 2983 2268 tui
3014 2213 3183 2269 Marci
3208 2223 3411 2286 marty-

1838 2305 1917 2360 ris
1940 2303 2213 2359 tumulum
2239 2303 2649 2370 demonstrare;
2674 2318 2837 2373 spero
2865 2306 3085 2369 ctenim,
3110 2316 3163 2361 et
3184 2306 3411 2363 fideliter

1836 2396 1999 2450 credo
2039 2395 2185 2466 quod
2229 2394 2318 2451 hic
2357 2396 2653 2465 requiescit
2678 2394 2846 2450 Marci
2875 2397 3129 2466 martyris
3175 2413 3408 2465 corpus.
3482 2442 3483 2445 η

1836 2488 1996 2557 Cujus
2031 2485 2135 2542 iste
2164 2488 2356 2543 titulus
2378 2488 2537 2543 nobis
2562 2502 2756 2542 nomen
2782 2488 3139 2543 demonstrat.
3172 2507 3190 2538 ι
3219 2486 3315 2543 llis
3335 2488 3409 2544 ita

1837 2578 2094 2649 peractis,
2136 2579 2397 2633 continuo
2430 2578 2497 2633 ad
2530 2578 2747 2648 propria
2774 2579 3079 2648 repedavit,
3118 2588 3173 2634 et
3206 2580 3408 2635 arden-

1838 2671 2051 2725 tissimo
2076 2670 2349 2726 desiderio
2379 2680 2591 2726 noctem
2626 2671 2870 2729 canitiem
2899 2670 3055 2725 duxit
3082 2671 3407 2726 insomnem.

1838 2759 1994 2815 Mane
2028 2760 2212 2832 itaque
2246 2760 2389 2817 facto
2416 2762 2573 2832 quasi
2607 2761 2869 2816 divinitus
2908 2761 3162 2831 praecepit
3196 2746 3413 2817 duobus

1837 2852 2168 2923 presbyteris
2192 2861 2252 2905 ut
2268 2851 2428 2915 irent,
2456 2860 2648 2906 etante
2664 2851 2833 2905 altare
2853 2850 3102 2906 foderent
3124 2866 3413 2923 quousque
3462 2880 3467 2885 -

1837 2944 2039 2999 ibidem
2070 2944 2185 3013 ipse
2207 2943 2573 2999 descenderet.
2603 2941 2781 2996 inerat
2809 2942 2954 2996 enim
2979 2942 3085 2997 sibi
3110 2959 3220 2997 non
3242 2958 3407 3013 parra

1837 3032 2137 3100 dubitatio,
2186 3052 2254 3090 eo
2286 3036 2430 3106 quoi
2479 3035 2643 3089 multa
2682 3048 2914 3111 corpora
2949 3035 3235 3091 hominum
3287 3035 3412 3090 inde

161 3143 436 3204 perentur,
465 3132 783 3186 frustratam
809 3128 1111 3183 custodiam
1132 3138 1431 3200 posuerunt
1456 3149 1469 3183 :
1495 3130 1742 3185 nescicn-
1767 3156 1813 3216 ρ
1839 3127 2093 3198 jacebant
2111 3169 2125 3192 ,
2160 3117 2381 3198 etquod
2411 3126 2704 3181 dubietatis
2726 3117 3005 3182 rancOrem
3033 3143 3068 3182 a
3100 3144 3161 3183 se
3197 3126 3413 3183 auferre

162 3232 244 3279 tes
292 3222 633 3294 Scripturam
658 3265 674 3288 ,
714 3238 835 3293 quae
872 3221 1004 3277 dicit
1035 3239 1047 3275 :
1078 3242 1098 3272 ε
1137 3221 1291 3289 Quod
1324 3222 1479 3277 timet
1503 3222 1735 3292 impius,

164 3313 340 3369 veniet
379 3328 550 3384 super
569 3328 714 3367 cum.
746 3332 767 3364 ι
797 3311 1045 3383 Arrcptis
1078 3312 1261 3382 itaque
1278 3326 1475 3367 somno
1503 3322 1561 3368 et
1595 3315 1741 3368 velut

162 3406 394 3461 mortuis
425 3403 666 3471 electis,
687 3404 852 3474 lupus
883 3419 913 3458 e
940 3403 1156 3458 diverso
1192 3405 1431 3471 veniens,
1466 3405 1519 3459 in
1562 3405 1742 3460 medio

158 3512 349 3552 eorum
406 3497 688 3568 ingressus
716 3539 732 3564 ,
773 3497 1004 3552 asellum
1070 3495 1392 3551 abstrahens
1451 3494 1739 3553 interfecit.

157 3587 448 3645 Consimili
500 3604 736 3659 namque
769 3589 1094 3645 miraculum
1135 3588 1268 3644 mihi
1301 3588 1371 3643 ad
1424 3589 1742 3645 memoriam

163 3680 328 3746 venit,
366 3681 420 3736 id
445 3680 587 3751 ipsis
602 3680 967 3736 referentibus
986 3680 1081 3751 qui
1102 3682 1303 3750 priora.
1335 3678 1472 3736 Nam
1498 3681 1585 3737 die
1607 3698 1745 3753 qua-

163 3771 319 3837 dam,
351 3772 612 3827 similiter
637 3772 826 3827 eodem
850 3772 910 3826 in
940 3771 1090 3840 loco,
1128 3771 1241 3827 sole
1271 3771 1587 3839 occidente,
1619 3772 1743 3844 qui-

160 3862 289 3919 dam
326 3880 456 3919 cum
496 3874 610 3931 Isuo
652 3864 822 3920 asello
857 3864 1121 3929 veniens,
1164 3863 1463 3934 hospitium
1494 3876 1745 3935 qurerens

160 3954 418 4027 divertit,
461 3964 536 4021 et,
561 3955 691 4011 dum
726 3972 756 4009 a
798 3954 1000 4009 femina
1043 3954 1351 4026 supradicta
1396 3955 1749 4025 repelleretur

166 4062 234 4101 ne
261 4047 577 4102 divertissct
600 4089 614 4113 ,
639 4047 902 4101 continuo
951 4062 1074 4102 cum
1113 4060 1215 4101 suo
1238 4045 1399 4101 asino
1440 4046 1746 4125 hospitatus

162 4148 277 4205 est,
305 4148 360 4194 et
388 4140 583 4209 pedem
608 4139 759 4194 aselli
781 4154 906 4193 cum
931 4146 1032 4193 suo
1052 4138 1211 4193 simul
1250 4136 1437 4209 ligavit
1455 4178 1470 4203 ,
1504 4145 1667 4207 atque
1688 4152 1747 4193 se

162 4232 419 4300 protinus
463 4230 520 4284 in
565 4238 770 4286 terram
814 4231 987 4302 gratia
1024 4229 1336 4302 quiescendi
1378 4230 1544 4285 dedit.
1592 4227 1746 4283 Tune

166 4321 545 4393 praetergressi
582 4322 824 4378 latrones
847 4363 863 4389 ,
897 4322 1223 4377 invenerunt
1263 4336 1387 4376 eum
1417 4319 1565 4375 velut
1598 4334 1746 4374 mor-

162 4422 322 4467 tuum
358 4412 758 4480 dormientem,
790 4422 843 4469 et
869 4413 1100 4469 invicem
1142 4428 1202 4468 se
1238 4413 1291 4467 in
1322 4412 1525 4467 malum
1555 4412 1743 4466 conci-

1840 3235 1953 3273 non
1976 3227 2212 3289 poterat:
2242 3219 2385 3273 unde
2413 3228 2464 3272 ct
2481 3217 2769 3272 Dominum
2791 3219 3008 3287 pulsare
3025 3219 3282 3289 precibus
3300 3235 3413 3274 cm-

1839 3311 1923 3382 pit
1944 3320 2005 3366 ut
2034 3310 2140 3366 sibi
2194 3310 2479 3365 ostendere
2514 3310 2833 3381 dignaretur
2866 3310 3017 3384 quod
3042 3311 3234 3366 devote
3259 3327 3413 3380 qua:-

1843 3403 2015 3459 rebat.
2042 3401 2347 3474 Presbyteri
2374 3411 2554 3456 autem
2582 3394 2864 3473 pergentes
2888 3402 2944 3456 in
2968 3402 3250 3458 dexteram
3280 3415 3412 3472 ρευσς

1844 3503 1954 3550 tem
1980 3493 2168 3550 altaris
2194 3492 2251 3547 S.
2283 3492 2665 3549 Bartbolomazi
2695 3482 2979 3563 cmperunt
3013 3493 3215 3548 fodere.
3243 3488 3415 3547 Secu-

1845 3596 1934 3643 tus
1972 3597 2155 3642 autem
2191 3601 2290 3642 eos
2314 3586 2634 3656 episcopus,
2673 3594 2726 3641 et
2763 3586 2967 3640 invenit
2997 3600 3092 3640 eos
3137 3584 3411 3639 incasBum
3471 3571 3477 3575 ’

1844 3680 2191 3745 laborantes,
2234 3678 2561 3749 intuensque
2602 3694 2697 3733 eos
2733 3679 2941 3749 accepit
2985 3676 3317 3743 fossor-ium,
3357 3688 3416 3733 et

1847 3774 1963 3842 ipse
1981 3774 2202 3845 propria
2227 3788 2392 3827 manu
2418 3772 2582 3842 carpit
2606 3771 2809 3839 fodere,
2838 3782 2893 3827 et
2915 3773 3043 3828 dum
3064 3771 3248 3828 labore
3268 3780 3417 3831 ossa

1845 3863 2122 3934 fatigatus,
2150 3864 2383 3920 reddidit
2405 3864 2542 3929 illis,
2570 3872 2624 3917 ct
2648 3862 2851 3917 factum
2879 3872 2964 3918 est
2986 3864 3113 3918 dum
3136 3863 3240 3934 ipsi
3261 3861 3414 3917 fode-

1846 3965 1994 4020 rcnt,
2021 3966 2381 4026 pervenerunt
2408 3956 2476 4011 ad
2499 3955 2770 4009 tumulum
2797 3954 2852 4008 in
2875 3970 2986 4024 quo
3005 3955 3182 4009 sancti
3210 3963 3418 4026 marty-

1847 4044 1925 4099 ris
1967 4043 2131 4098 Marci
2150 4060 2348 4116 corpus
2387 4049 2798 4117 requiescebat,
2834 4059 2887 4103 et
2915 4050 3084 4107 nimio
3109 4052 3294 4123 repleti
3316 4069 3413 4109 ar-

1843 4141 1997 4204 dore,
2019 4139 2458 4197 exclamaverunt
2482 4124 2757 4199 dicentesi
2790 4166 2808 4195 ι
2840 4143 3046 4216 Surge,
3066 4146 3299 4216 benigne
3317 4144 3417 4202 Pa.

1842 4239 1946 4296 ter,
1974 4231 2118 4301 quod
2140 4240 2196 4285 tu
2234 4234 2468 4303 quouis,
2501 4250 2626 4291 ecce
2655 4244 2890 4292 tenetur.
2930 4257 2953 4288 ν
2985 4235 3089 4304 Qui
3126 4239 3310 4294 statim
3347 4239 3415 4293 de

1842 4322 1965 4375 loco
1995 4336 2245 4392 surgens,
2267 4322 2539 4394 homoque
2565 4334 2891 4395 prostratus,
2920 4326 3007 4381 his
3028 4328 3208 4384 verbis
3230 4329 3412 4383 omni-

1845 4420 2119 4480 potentem
2174 4411 2466 4469 Dominum
2510 4414 2855 4470 collaudabat
2900 4435 2914 4470 :
2956 4436 2989 4475 «ί
3023 4414 3210 4471 Gratia
3265 4418 3412 4474 celsa

161 4512 369 4570 tantes,
422 4504 619 4559 restim
649 4506 911 4560 continuo
940 4503 1302 4567 eoneidentes,
1327 4503 1377 4558 ei
1407 4503 1622 4558 asinum
1644 4503 1744 4557 ab-
1777 4522 1822 4581 υ
1846 4502 1964 4567 tibi,
1999 4502 2141 4574 regis
2168 4505 2264 4573 qui
2288 4505 2470 4559 munia
2498 4506 2707 4571 mundi,
2734 4506 2829 4575 qui
2851 4507 3217 4578 quodcunque
3237 4510 3415 4578 cupis.

164 4596 444 4664 tulerunt;
482 4596 578 4664 qui
600 4594 848 4666 protinus
882 4610 914 4649 a
946 4608 1138 4650 somno
1166 4595 1462 4664 evigilans,
1483 4595 1743 4650 damnum

162 4686 408 4754 invenit.
435 4696 492 4742 et
527 4701 561 4741 a
589 4686 712 4743 loco
733 4686 905 4742 tristis
949 4685 1232 4741 abscessit.
1272 4684 1569 4757 Cmperunt
1611 4686 1742 4740 dicti

164 4781 426 4837 homines
465 4786 710 4841 metuere
752 4778 933 4833 locum
961 4819 975 4843 ,
1006 4785 1060 4833 et
1090 4776 1161 4832 ab
1195 4775 1393 4848 injuria
1436 4787 1746 4833 reverenter

163 4886 406 4928 cessare.
464 4868 814 4942 Quapropter
875 4879 1097 4943 peracto
1153 4870 1303 4927 cives
1350 4868 1585 4925 concilio
1632 4870 1738 4927 nisi

163 4969 299 5018 sunt
345 4960 609 5018 eamdem
635 4961 919 5020 ecclesiam
968 4970 1276 5020 restaurare
1298 5000 1315 5025 .
1357 4966 1412 5017 et
1445 4971 1747 5017 convocato

164 5053 431 5128 episeopo
457 5052 560 5125 qui
579 5062 711 5110 tunc
728 5054 990 5125 temporis
1018 5055 1232 5123 aderat,
1257 5052 1429 5107 altare
1458 5050 1531 5107 ibi
1567 5052 1623 5109 in
1650 5053 1751 5110 ho-

249 5161 358 5166 _.__.
390 5146 693 5166 L---!--!...2
733 5146 956 5166 -_--4-I£
988 5146 1139 5166 n--,‘1
1164 5146 1367 5166 -I-......:
1404 5146 1643 5166 J-)2--..-
1674 5147 1717 5166 ον

1217 5142 1367 5166 -..ρμέ
1404 5142 1463 5166 ΑΙ-

1848 4609 1977 4671 cum
2000 4594 2110 4657 vis,
2145 4593 2265 4649 sine
2295 4609 2447 4649 mora
2481 4604 2746 4665 patratur.
2778 4615 2799 4648 ν
2826 4595 3081 4653 Gaudeas
3119 4614 3342 4671 quoque
3366 4611 3418 4654 ct

1851 4682 2199 4739 vehementer
2220 4685 2499 4741 exsultans
2516 4685 2582 4741 de
2607 4694 2761 4741 tanto
2771 4685 2875 4745 sibi
2893 4703 3157 4755 concesso
3167 4697 3418 4762 patrato.

1851 4776 2068 4847 collegit
2100 4779 2326 4848 pignora
2357 4787 2572 4845 saneta;
2602 4777 2698 4833 sed
2732 4794 2840 4835 non
2874 4788 2989 4836 tam
3013 4770 3177 4840 hctus
3208 4784 3280 4840 de
3306 4794 3424 4845 toto

1849 4882 2082 4940 corpore
2110 4884 2274 4938 quam
2297 4868 2469 4926 tristis
2497 4869 2700 4927 mansit
2716 4870 2783 4927 de
2810 4872 3012 4943 capite,
3043 4890 3112 4930 eo
3145 4876 3291 4947 quod
3308 4893 3423 4934 non

1851 4959 2000 5016 esset
2024 4960 2258 5026 ibidem;
2288 4970 2406 5018 erat
2422 4961 2569 5019 enim
2596 4961 2895 5031 sabbatum
2917 4960 3083 5034 quasi
3104 4967 3242 5025 hora
3264 4969 3431 5023 unde.

1851 5048 2014 5121 cinia,
2043 5064 2121 5120 et,
2149 5055 2402 5127 quamvis
2429 5042 2778 5112 imerdkera
2803 5069 2873 5109 ne
2887 5054 3058 5114 alicui
3080 5056 3433 5131 panderetur.

2526 5145 2632 5166 ιι.-
2677 5145 2723 5166 1-
2768 5146 2911 5166 Ωδμ
