4020 5364
522 183 694 267 me

1660 180 1903 238 LEONIS
1942 180 2304 237 ATINENSIS
2339 162 2649 238 censear!

3661 178 3815 233 rm

523 302 677 367 ptum
699 295 926 361 invenit,
951 296 1107 367 cujus
1130 305 1183 351 et
1211 295 1463 366 superius
1501 296 1823 350 memoriam
1849 294 2101 360 fecimus,
2134 306 2176 359 Α
2211 297 2306 350 bra
2362 296 2643 350 haberent.
2679 293 2930 361 Qualiter
2958 301 3142 371 autem
3190 290 3579 365 gloriosissimi
3632 289 3809 345 “arei

523 396 640 441 erat
667 394 799 441 tunc
831 386 886 441 in
904 386 1217 441 infirmitate
1251 385 1405 440 valde
1436 385 1691 452 afflictus,
1722 386 1797 440 ita
1820 394 1879 438 ut
1908 385 1975 439 de
1995 385 2104 439 vita

523 477 868 547 desperaret;
900 476 994 545 qui
1042 484 1101 530 ut
1133 476 1245 530 haec
1285 474 1522 543 audivit,
1559 475 1709 531 misit
1748 475 2007 530 continuo
2037 476 2106 530 ad

518 584 649 624 eum
677 577 739 623 ut
756 569 1074 640 dignaretur
1096 568 1201 623 sibi
1240 582 1439 638 aquam
1482 568 1704 624 mittere
1726 569 1792 623 de
1814 584 1921 639 qua
1950 583 2107 623 saera
2133 568 2139 573 ’

520 661 772 715 abluerat
804 661 1080 731 pignora,
1129 676 1297 731 quam
1340 659 1609 715 medelam
1647 659 1716 715 ab
1745 674 1813 715 eo
1862 660 2107 730 accipere

517 761 845 807 mereretur.
894 751 1052 807 Mane
1096 752 1279 822 itaque
1314 750 1458 806 facto
1500 766 1838 823 consurgens
1878 751 2108 805 antistes

522 844 814 899 admonuit
834 845 1099 915 populum
1124 852 1184 898 ut
1202 843 1409 914 pariter
1428 858 1554 899 cum
1575 858 1642 898 eo
1662 841 2034 909 descenderet,
2053 851 2109 897 et

524 950 649 990 eum
683 937 833 990 omni
864 934 1280 990 honorificentia
1312 935 1380 989 ad
1409 934 1780 1005 supradictam
1815 935 2105 990 ecclesiam

524 1022 695 1079 liarci
727 1023 1139 1080 sanctissimum
1163 1039 1361 1095 corpus
1388 1022 1731 1080 transferret.
1753 1023 1982 1101 indutus
2010 1041 2111 1081 au-

528 1124 640 1169 tem
669 1113 843 1170 sacris
874 1114 1117 1170 vestibus
1152 1114 1317 1170 simul
1345 1129 1471 1169 cum
1502 1115 1771 1172 ministris
1793 1115 1887 1186 qui
1919 1131 2109 1172 secum

528 1206 757 1262 aderant
809 1222 935 1262 cum
978 1206 1232 1262 thuribus
1277 1215 1333 1262 et
1363 1207 1684 1276 eeraptatis,
1714 1217 1769 1263 et
1801 1224 1927 1264 cum
1957 1207 2106 1263 omni

523 1305 790 1368 apparatu
833 1297 1238 1365 ecclesiastico,
1268 1296 1404 1354 viris
1437 1308 1492 1354 et
1528 1299 1848 1355 mulieribus
1868 1341 1885 1367 ,
1924 1299 2110 1370 pueris

500 1395 505 1400 '
528 1400 582 1444 et
598 1390 805 1462 puellis
829 1434 845 1459 ,
877 1392 1127 1447 accensis
1150 1393 1352 1458 cereis,
1389 1394 1755 1464 impositaque
1782 1394 1971 1449 litania
1993 1437 2008 1462 ,
2040 1395 2109 1450 ad

524 1483 705 1540 locum
738 1484 993 1552 tetendit,
1021 1494 1074 1540 et
1099 1485 1276 1540 levato
1302 1484 1427 1541 inde
1449 1501 1708 1557 corpore,
1744 1496 1798 1542 et
1832 1487 1887 1542 in
1915 1488 2108 1543 lectica

523 1576 854 1647 composito,
884 1577 1102 1632 laudem
1136 1576 1355 1633 Domini
1379 1578 1740 1645 decantando,
1767 1581 2012 1650 pervenit
2039 1582 2107 1637 ad

2209 387 2464 459 martyris
2492 397 2656 458 caput
2685 387 2965 441 inventum
2989 395 3091 453 est,
3124 385 3340 441 silentio
3384 399 3497 439 non
3539 392 3629 438 est
3655 398 3805 453 pra».-

2210 479 2552 534 tei‘euridum.
2595 478 2732 533 Nam
2782 479 3018 549 quadam
3068 487 3224 533 nocte
3265 476 3486 532 cuidam
3534 484 3811 531 veterano

2209 572 2527 642 presbytero
2552 570 2864 636 dormienti,
2898 578 2957 625 ut
2993 571 3110 641 ipse
3156 570 3424 624 hactenus
3451 576 3667 631 narrat,
3697 582 3810 623 vox

2208 658 2353 715 facta
2373 668 2479 726 est,
2502 660 2690 716 dicens
2718 678 2732 715 :
2776 679 2792 711 ι
2815 657 3009 731 Surge,
3038 668 3092 714 et
3134 659 3245 714 noli
3275 658 3539 714 dormire.
3568 676 3587 706 ι
3615 658 3685 709 Δί
3718 655 3813 709 ille

2208 748 2675 821 exspergefactus,
2708 750 2934 820 putabat
2973 766 3032 805 se
3061 765 3094 804 a
3135 765 3238 806 suo
3272 749 3425 805 socio
3466 747 3564 818 qui
3610 762 3813 802 secum

2209 842 2526 897 morabatur
2560 841 2613 896 in
2664 841 2785 897 loco
2840 842 3050 908 vocari,
3084 850 3138 895 et
3182 841 3316 897 dum
3370 839 3763 895 sciscitaretur
3789 855 3809 893 :

2217 951 2234 982 ι
2260 930 2518 1001 Quare?»
2551 939 2606 986 et
2633 946 2796 986 nemo
2827 931 2930 986 sibi
2958 930 3330 1001 responderet,
3362 929 3569 983 iterum
3597 928 3813 983 obdor-

2211 1023 2385 1090 mivit,
2416 1032 2470 1077 et
2499 1022 2733 1079 necdum
2761 1030 2945 1092 aperte
2975 1021 3274 1088 dormiens,
3311 1020 3497 1075 denuo
3541 1033 3654 1072 vox
3706 1034 3817 1072 auc

2210 1114 2322 1169 dita
2351 1124 2454 1182 est,
2470 1115 2658 1171 dicens
2684 1116 2749 1170 ad
2772 1130 2931 1170 cum:
2965 1134 2982 1166 ι
3007 1112 3128 1168 Noli
3150 1123 3262 1169 tam
3290 1113 3443 1185 piger
3466 1126 3619 1178 esse,
3644 1127 3815 1182 surge

2209 1216 2263 1264 et
2301 1205 2354 1261 in
2379 1207 2581 1278 angulo
2611 1207 2778 1278 hujus
2804 1207 3045 1262 basilica:
3073 1220 3257 1277 quaere
3285 1205 3641 1260 thesaurum.
3666 1224 3686 1254 ι
3714 1204 3815 1257 At-

2212 1302 2418 1358 tonitus
2445 1310 2625 1356 autem
2656 1301 2938 1373 presbyter
2960 1302 3070 1367 ille,
3097 1310 3151 1355 et
3192 1300 3477 1355 admirans
3514 1314 3714 1354 secum
3742 1299 3815 1353 de

2210 1394 2420 1450 visione
2448 1394 2613 1463 coepit
2635 1400 2898 1459 tractare;
2929 1393 3024 1448 sed
3052 1401 3343 1461 antequam
3362 1391 3432 1446 de
3453 1390 3665 1445 lectulo
3685 1405 3815 1444 sur-

2212 1496 2382 1559 geret,
2412 1486 2718 1542 cousimilis
2750 1486 2905 1540 tertia
2932 1485 3116 1540 audita
3143 1492 3229 1539 est
3259 1499 3367 1538 vox
3393 1482 3730 1553 praecipiens
3750 1491 3815 1535 nt

2212 1579 2477 1633 continuo
2505 1585 2775 1649 surgeret,
2804 1585 2859 1631 et
2885 1576 3123 1632 ulterius
3142 1575 3210 1631 de
3248 1575 3462 1634 visione
3500 1589 3616 1629 non
3641 1573 3811 1628 dubi-

521 1644 819 1722 civitatem.
856 1665 965 1722 Sed
1003 1675 1296 1738 antequam
1327 1668 1666 1741 episcopium
1711 1644 2107 1739 ingrederetur,
2144 1644 2185 1703 Β
2214 1678 2370 1726 taret.
2404 1668 2557 1725 Tunc
2587 1644 2872 1741 presbyter
2900 1669 3057 1724 hctus
3082 1668 3327 1734 elIectus,
3360 1675 3680 1737 putatisque
3707 1681 3813 1735 pe-

521 1758 805 1831 presbyter
830 1759 941 1826 ille,
969 1775 1133 1830 quem
1158 1759 1410 1831 superius
1436 1776 1574 1832 pene
1599 1768 1879 1837 mortuum
1907 1775 2109 1816 memo-

524 1850 786 1916 ravimus,
810 1851 1101 1907 incolumis
1123 1867 1250 1907 cum
1276 1852 1526 1909 accensis
1556 1853 1729 1909 cereis
1748 1853 1966 1908 obviam
1990 1868 2110 1908 san-

524 1949 615 1995 cto
646 1941 866 1996 advenit
902 1943 1142 2012 corpori,
1174 1942 1404 1998 laudans
1428 1952 1482 1999 et
1506 1943 1834 1999 benedicens
1861 1944 2108 1998 omnium

522 2030 902 2086 Conditorem.
936 2030 1245 2104 Episcopus
1267 2040 1449 2087 autem
1475 2041 1657 2104 grates
1688 2033 1985 2089 immensas
2024 2049 2111 2087 re-

523 2121 708 2180 ferens
728 2122 978 2183 omnium
1000 2123 1331 2193 redemptori
1358 2123 1589 2179 Domino
1611 2123 1747 2191 Deo,
1770 2125 2110 2197 epis00pium

525 2212 771 2283 ejusdem
792 2213 1196 2285 antiquissima:
1218 2214 1520 2287 ingreditur
1535 2217 1711 2283 urbis,
1729 2226 1783 2273 et
1804 2217 2111 2272 venerabile

523 2318 727 2373 corpus
747 2304 801 2359 in
829 2304 1178 2360 confessione
1214 2305 1309 2361 Dei
1337 2306 1630 2363 Genitricis
1665 2308 1981 2376 collocavit,
2011 2324 2111 2364 ex-

531 2402 787 2465 spectans
810 2396 870 2449 'ut
895 2395 1000 2450 sibi
1038 2396 1385 2467 omnipotens
1423 2395 1567 2454 Deus
1603 2400 1891 2454 ostendere
1922 2400 2113 2471 digna-

530 2492 683 2538 retur
709 2483 888 2540 locum
916 2500 1077 2556 quem
1101 2485 1205 2545 sibi
1234 2495 1419 2558 aptum
1452 2488 1691 2558 placeret
1720 2489 1787 2544 ad
1812 2489 2113 2546 reconden-

527 2576 627 2633 das
657 2577 924 2659 reliquias
950 2577 1309 2633 venerandas.

601 2661 805 2724 Eodem
845 2685 1067 2741 quoque
1109 2670 1199 2726 die
1254 2686 1366 2741 quo
1396 2681 1644 2731 sanctum
1678 2669 1846 2737 Marci
1872 2674 2111 2728 levatum

525 2770 612 2817 est
652 2777 899 2832 corpus,
937 2764 1152 2819 accidit
1202 2773 1262 2819 ut
1309 2764 1440 2820 inde
1497 2765 1747 2841 quaedam
1810 2767 2110 2822 sanctimo—

528 2853 691 2911 nialis
734 2855 1023 2926 transiret,
1075 2866 1129 2912 et
1163 2856 1295 2912 dum
1339 2856 1557 2929 longius
1605 2857 1683 2912 ire
1720 2867 2017 2930 satageret,
2056 2868 2115 2915 ut

526 2946 738 3003 audivit
785 2947 888 3002 hoc
936 2946 1169 3016 factum,
1211 2948 1466 3011 eumdem
1518 2949 1737 3004 divertit
1799 2950 1856 3005 in
1898 2951 2112 3019 locum,

532 3053 589 3097 et
645 3044 775 3100 dum
829 3060 889 3100 se
943 3062 1110 3116 prona
1164 3056 1536 3117 prosterneret
1580 3054 1832 3103 sanctum
1882 3050 2112 3106 adorare

531 3136 893 3206 sepulcrum,
963 3139 1245 3212 respexit,
1321 3148 1377 3195 et
1447 3155 1574 3196 ecce
1644 3140 1910 3211 particula
1978 3142 2111 3197 reli-

530 3226 786 3298 quiarum
848 3227 901 3281 in
973 3229 1154 3283 medio
1208 3230 1440 3301 jacens,
1499 3230 1690 3285 furtim
1751 3233 1995 3299 levavit,
2058 3242 2114 3288 et

531 3318 721 3388 gavisa
778 3319 977 3389 gaudio
1042 3335 1282 3392 magno,
1356 3338 1545 3379 secum
1612 3332 1832 3394 portare
1897 3327 2110 3394 voluit;

529 3422 653 3481 qua:
674 3407 804 3465 dum
834 3423 944 3463 non
972 3409 1130 3478 longe
1152 3410 1221 3472 ab
1234 3411 1461 3467 ecclesia
1481 3422 1647 3481 esset,
1674 3423 1965 3485 antequam
1992 3432 2115 3486 per-

531 3498 741 3559 veniret
768 3499 835 3555 ad
858 3500 1055 3555 vadum
1081 3500 1342 3570 fluminis,
1358 3512 1543 3563 tantus
1571 3504 1735 3564 timor
1751 3506 1948 3561 invasit
1968 3525 2112 3576 eam,

536 3600 713 3647 utnec
742 3601 887 3647 retro
915 3608 1013 3648 nec
1028 3602 1155 3649 ante
1170 3604 1356 3665 posset
1376 3595 1670 3669 aliquando
1692 3596 1983 3657 declinare.
2012 3598 2116 3656 lle-

532 3684 758 3740 cordata
805 3694 987 3741 autem
1019 3687 1195 3743 sancti
1243 3688 1496 3761 martyris
1527 3688 1904 3761 reliquiarum,
1936 3693 2115 3747 conti-

532 3790 644 3828 nuo
671 3775 928 3831 ser-icium
960 3777 1137 3832 velum
1168 3794 1279 3852 quo
1302 3787 1465 3851 caput
1495 3781 1772 3852 tegebatur
1803 3783 2011 3851 tulit,et
2034 3785 2117 3840 in-

532 3868 757 3924 volvens
788 3869 858 3923 ibi
888 3878 1076 3925 sancta
1097 3871 1324 3943 pignora
1347 3872 1557 3928 remisit
1577 3875 1643 3934 ad
1671 3891 1891 3954 corpus,
1913 3887 1966 3932 et
1990 3894 2115 3933 mox

524 3960 688 4029 quasi
721 3976 752 4014 a
782 3960 1014 4017 vinculis
1034 3963 1308 4031 absoluta,
1339 3974 1578 4036 emptum
1607 3968 1814 4040 peregit
1841 3969 1962 4025 iter.
1986 3970 2113 4026 (Σω-

535 4051 615 4119 pit
648 4051 846 4107 dehinc
888 4054 1113 4109 antistes
1143 4056 1493 4113 vehementer
1521 4058 1774 4117 haesitare
1814 4061 1946 4133 quid
1991 4061 2135 4123 inde~

533 4141 756 4208 faceret,
787 4142 873 4197 vel
903 4144 955 4197 in
986 4160 1096 4213 quo
1122 4145 1246 4201 loco
1272 4162 1396 4202 eum
1436 4161 1742 4219 reponeret,
1775 4162 1870 4208 aut
1919 4144 1983 4209 si
2014 4154 2115 4210 sibi

536 4233 813 4305 pmpriam
835 4234 1059 4291 domum
1079 4234 1451 4306 construeret;
1475 4250 1529 4295 et
1549 4240 1681 4295 dum
1698 4246 1812 4298 hanc
1835 4253 2115 4313 tractaret,

2208 1764 2430 1819 cuniam
2462 1762 2668 1818 certius
2698 1760 2965 1829 invenire,
2996 1760 3232 1816 festinus
3254 1758 3516 1824 surrexit,
3552 1767 3609 1813 et
3634 1757 3813 1813 ferra—

2209 1864 2455 1910 mentum
2483 1862 2669 1924 aptum
2693 1853 2760 1908 ad
2782 1868 2974 1923 vepres
2990 1852 3315 1908 seindendas
3331 1850 3629 1920 arripiens,
3646 1850 3810 1919 quasi

2207 1943 2472 2011 divinitus
2505 1942 2573 1997 ad
2604 1942 2785 1998 locum
2815 1941 3078 2012 pervenit,
3109 1948 3163 1997 et
3190 1956 3382 2011 vepres
3407 1941 3616 2010 quibus
3650 1939 3813 1994 locis

2210 2037 2512 2107 tegebatur,
2545 2036 2799 2102 abscidit,
2830 2043 2994 2105 atque
3022 2034 3078 2088 in
3105 2034 3226 2105 ipso
3253 2034 3452 2105 angulo
3480 2033 3540 2088 in
3575 2033 3810 2088 modum

2209 2128 2446 2198 capsula:
2475 2127 2714 2182 loculum
2751 2125 2957 2181 factum
2992 2126 3215 2191 invenit,
3245 2141 3411 2181 ouem
3436 2127 3630 2180 statim
3676 2141 3811 2196 ape-

2210 2221 2342 2288 ruit,
2370 2202 2654 2276 et‘invenit
2678 2218 2731 2273 in
2761 2235 2828 2273 eo
2858 2226 3023 2289 caput
3050 2216 3431 2289 gloriosissimi
3455 2215 3630 2272 Marci
3656 2233 3807 2270 mar-

2212 2312 2347 2384 tyris
2377 2310 2541 2367 simul
2573 2310 2744 2365 clavis
2774 2308 2949 2363 affixis
2977 2324 3101 2364 cum
3149 2308 3349 2378 quibus
3392 2306 3548 2377 impii
3587 2307 3807 2361 crucia-
3836 2336 3846 2342 -

2210 2413 2402 2459 verant
2451 2404 2626 2469 illum,
2665 2411 2718 2457 et
2744 2400 2996 2472 quamvis
3038 2400 3183 2470 quod
3231 2388 3523 2469 potaverat
3577 2398 3809 2453 minim:

2213 2496 2501 2562 inveniret,
2531 2504 2712 2551 tamen
2733 2492 2933 2565 gaudio
2956 2507 3155 2563 magno
3183 2490 3423 2562 gavisus,
3454 2489 3809 2545 hetabundus

2211 2588 2279 2643 ad
2306 2588 2626 2659 episcopum
2643 2587 2871 2651 venit,et
2897 2592 3095 2640 cuncta
3114 2599 3237 2653 qua:
3257 2583 3470 2639 viderat
3497 2582 3803 2638 enarravit.

2213 2677 2412 2749 Magno
2463 2677 2647 2746 itaque
2675 2675 2877 2746 gaudio
2921 2673 3159 2745 repletus
3199 2680 3285 2728 est
3317 2672 3642 2742 cpiscopus,
3674 2681 3734 2726 ut
3759 2672 3806 2725 si

2212 2770 2399 2825 decem
2428 2768 2594 2824 millia
2638 2768 2759 2823 auri
2787 2767 2989 2823 talenta
3015 2765 3334 2830 invenisset,
3363 2780 3475 2818 non
3497 2773 3618 2819 tam
3649 2764 3807 2818 [astus

2211 2861 2515 2917 efficeretur
2559 2876 2725 2931 quam
2753 2860 2820 2915 de
2846 2859 2951 2915 hoc
2993 2858 3167 2929 capite
3207 2857 3381 2914 sancti
3430 2856 3719 2927 martyris,
3752 2865 3807 2909 et

2215 2952 2340 3008 licet
2386 2950 2502 3006 haec
2550 2950 2688 3006 visio
2729 2964 2839 3004 non
2889 2948 3092 3005 certius
3138 2961 3334 3003 nomen
3367 2944 3541 3001 istius
3584 2943 3803 2998 Domini

2215 3044 2432 3099 athleta:
2446 3042 2795 3108 declarasset,
2830 3042 2919 3096 ille
2948 3050 3131 3095 tamen
3162 3038 3468 3094 afﬁrmabat
3519 3040 3659 3109 quia
3703 3040 3807 3093 hoc

2213 3145 2298 3193 cst
2338 3135 2675 3191 sanctissimi
2710 3128 2967 3205 martyris
3005 3139 3186 3202 caput,
3216 3139 3271 3186 et
3314 3130 3417 3186 Dei
3458 3131 3809 3201 providentia

2214 3236 2589 3294 reservatum;
2635 3242 2702 3281 ne
2751 3241 2950 3296 corpus
3003 3224 3209 3294 absque
3242 3223 3419 3294 capite
3446 3224 3804 3279 conderetur.

2212 3321 2373 3377 Anno
2399 3321 2584 3391 itaque
2612 3319 2905 3389 completo,
2924 3325 3305 3373 consummata
3331 3316 3572 3371 ecclesia
3602 3317 3660 3371 in
3691 3316 3808 3385 eius

2213 3414 2443 3479 honore,
2472 3420 2526 3468 et
2562 3411 2739 3481 capite
2776 3412 2972 3482 juncto
2994 3410 3210 3481 corpori
3240 3424 3461 3464 summa
3492 3425 3626 3465 cum
3659 3426 3805 3463 reve-
3846 3416 3857 3424 ‘

2215 3506 2390 3561 rentia
2410 3514 2495 3561 est
2516 3505 2680 3560 tertio
2697 3502 2882 3560 Nonas
2903 3502 3153 3560 Octobris
3178 3501 3498 3558 solemniter
3520 3503 3803 3565 dedicata;

2214 3597 2433 3670 scripsit
2459 3607 2641 3654 autem
2669 3606 2725 3653 et
2766 3597 2987 3652 titulum
3029 3595 3300 3666 lapideum
3329 3602 3393 3648 ut
3419 3594 3674 3663 priorem
3702 3636 3717 3659 ,
3755 3602 3807 3651 et

2211 3691 2366 3761 juxta
2398 3691 2576 3746 locum
2611 3689 2792 3760 posuit
2820 3689 3187 3745 continentem
3215 3688 3319 3741 hoc
3347 3686 3516 3741 modo
3545 3706 3558 3741 :

2291 3801 2396 3872 Ilio
2426 3811 2631 3872 martyr
2656 3819 2879 3872 magnus
2910 3801 3188 3872 requiescit
3217 3808 3437 3872 corpore
3459 3798 3713 3867 Marcus,

2363 3871 2515 3937 Quod
2546 3869 2805 3928 tribuente
2834 3873 2942 3927 Deo
2972 3869 3209 3925 condidit
3237 3886 3352 3925 ecce
3372 3869 3483 3924 Leo

2289 3942 2500 3998 Prwsul
2534 3944 2823 4009 Atinamis,
2857 3940 2995 4014 lapis
3021 3943 3107 3995 hic
3130 3942 3230 3996 erit
3254 3951 3301 3995 et
3330 3941 3434 3994 sibi
3460 3942 3643 3995 testis.

2288 4060 2572 4115 inventum
2610 4068 2694 4115 est
2736 4066 2917 4114 autem
2959 4065 3116 4113 sexto
3143 4054 3359 4113 decimo
3387 4052 3674 4110 Kalendas
3704 4056 3806 4108 Διι-

2219 4154 2393 4224 gusti,
2418 4168 2565 4208 anno
2593 4151 2889 4207 Dominicac
2914 4148 3309 4217 incarnationis
3343 4147 3651 4203 millesimo
3674 4164 3805 4219 qua-

2218 4245 2528 4316 dragesimo
2558 4252 2732 4300 sexto.
2760 4242 3101 4308 Erat—autem
3130 4251 3261 4296 tunc
3289 4240 3561 4313 immensa
3589 4240 3805 4295 siccitas

534 4323 711 4382 adfuit
740 4326 971 4382 dilectus
996 4327 1210 4383 Domini
1238 4329 1455 4386 Marcus
1478 4330 1531 4388 in
1561 4333 1772 4392 somnis
1793 4336 2008 4401 cuidam
2039 4308 2119 4393 re;
2153 4365 2197 4423 ι)
2225 4308 2387 4407 super
2416 4344 2640 4402 terram,
2673 4336 2746 4390 ita
2776 4343 2837 4390 ut
2865 4333 3085 4405 plurimi
3110 4348 3177 4388 ex
3207 4308 3410 4404 populo
3441 4332 3806 4387 crederentu-

533 4418 744 4488 ligiosa:
766 4417 1000 4486 feminae,
1018 4418 1237 4478 dicens:
1265 4441 1281 4474 ι
1307 4416 1458 4478 Vade’
1474 4417 1629 4480 etdic
1650 4418 2119 4501 episcopo,anim-
2153 4416 2203 4485 ’,
2226 4444 2350 4486 nem
2385 4428 2578 4484 adesse
2607 4427 2819 4493 mundi,
2843 4441 2910 4481 eo
2939 4425 3087 4496 quod
3117 4423 3366 4480 incendia
3392 4432 3461 4503 et
3484 4423 3670 4495 caligo
3699 4438 3807 4478 ma-

534 4512 786 4587 advertat
806 4511 1113 4583 diligenter,
1144 4523 1198 4569 et
1229 4503 1478 4572 nostrum
1518 4517 1796 4575 evidenter
1822 4514 2119 4595 perpendat

534 4604 836 4670 honorem;
869 4606 997 4676 quia
1047 4606 1244 4665 domus
1272 4608 1338 4664 de
1364 4624 1472 4681 qua
1520 4620 1770 4666 nostrum
1821 4611 1943 4669 tulit
1972 4630 2119 4670 nunc

533 4712 762 4767 corpus,
781 4697 952 4751 nostri
984 4697 1209 4754 honoris
1238 4706 1404 4754 causa
1435 4701 1661 4771 mirifice
1689 4692 1899 4764 cat-stitit
1939 4703 2113 4773 facta;
2158 4694 2165 4698 ’

534 4796 869 4858 quapmpter
889 4791 1058 4847 aedem
1089 4791 1365 4861 pr-Opriam
1389 4779 1596 4863 quaero,
1621 4795 1766 4869 quod
1793 4796 1839 4852 si
1862 4786 2116 4869 neglexe-

535 4879 610 4933 rit
638 4877 835 4945 facere,
869 4880 1021 4936 sciat
1057 4883 1128 4936 se
1166 4883 1270 4939 hoc
1304 4899 1450 4939 anno
1479 4872 1727 4956 periculo
1757 4888 2071 4960 subjacere,
2094 4909 2113 4943 ι

538 4967 655 5024 lloc
683 4971 887 5036 audito,
917 4972 1207 5053 episcopus
1235 4974 1474 5045 expavit,
1505 4984 1561 5034 et
1580 4977 1646 5032 de
1675 4978 1887 5053 visione
1914 4977 1991 5053 nil
2019 4978 2122 5044 du-

538 5059 765 5125 bitabat,
813 5063 1076 5131 quoniam
1123 5052 1320 5120 ﬂfuli‘er
1356 5054 1740 5123 illa'timorata
1774 5052 2121 5139 inimiquuae

536 5148 766 5213 viderat,
798 5164 923 5204 cum
965 5150 1278 5235 iuramento
1308 5156 1537 5212 terribili
1568 5144 1896 5214 afﬁrmabat.
1937 5159 2119 5225 Colla-
2155 5228 2163 5233 ν

538 5239 687 5292 tione
718 5239 901 5310 itaque
926 5240 1067 5314 facta
1105 5245 1236 5321 eum
1256 5247 1399 5326 suis,
1440 5248 1495 5302 in
1526 5248 1658 5305 loco
1698 5246 1810 5321 quo
1838 5235 1940 5307 sibi
1970 5267 2122 5326 com-
2158 5320 2163 5326 ἤ

539 5328 938 5364 νῖοηηιίιιαηιῆηι
997 5332 1062 5364 «nl
1112 5322 1495 5364 ηηηΩέιζηηῷιηκ
1530 5328 1673 5364 Ann;
1717 5326 1874 5364 η’---ει
1925 5322 2013 5364 ιη’..
2030 5345 2080 5364 ,1-

2190 4536 2333 4600 ._.gna
2359 4529 2533 4599 totum
2565 4520 2877 4578 invaserant
2893 4518 3104 4589 orbem.
3131 4515 3268 4585 Nam
3299 4516 3480 4572 herbae
3504 4517 3693 4587 campi
3714 4516 3805 4571 de-

2206 4612 2484 4687 fecerant,
2525 4611 2759 4680 virentia
2801 4619 2999 4667 cuncta
3029 4608 3311 4665 ardebant.
3368 4606 3428 4661 ln
3471 4610 3598 4678 ipso
3626 4617 3804 4662 autem

2208 4703 2466 4775 periculo
2514 4705 2768 4780 apparuit
2813 4702 3047 4758 dilectus
3073 4700 3291 4756 Domini
3334 4698 3557 4755 Marcus
3589 4698 3802 4754 cuidam

2223 4782 2890 4873 sanctirnorrjalifeminaa,
2920 4795 3185 4865 praeclaro
3213 4793 3387 4860 vultu,
3419 4792 3588 4864 longo
3614 4802 3674 4847 et
3697 4794 3805 4863 pul-

2208 4888 2354 4949 chro
2381 4902 2631 4969 corpore,
2659 4887 2827 4942 barba
2863 4895 2916 4942 et
2937 4886 3118 4956 capite
3151 4885 3408 4952 candido,
3435 4885 3797 4955 dixitqueei:

2210 5001 2245 5057 ζα
2271 4978 2467 5053 Surge,
2518 4988 2573 5034 et
2592 4979 2681 5035 dic
2705 4979 2962 5049 cpiscOpo
2990 4993 3162 5048 quare
3189 4993 3391 5048 corpus
3405 4986 3663 5034 nostrum
3683 4987 3799 5032 tan-

2209 5072 2315 5152 ..diu
2331 5072 2542 5143 retinet
2568 5087 2735 5150 super
2762 5073 2998 5145 terram?
3026 5070 3165 5129 Ecce
3186 5071 3298 5141 jam
3321 5070 3522 5126 domus
3546 5071 3685 5125 mihi
3710 5087 3798 5140 pa-

2222 5172 2339 5217 rata
2366 5156 2633 5236 est,'quid
2661 5162 2948 5236 moratur?
2975 5160 3232 5233 Nunquid
3277 5178 3387 5219 non
3436 5163 3614 5230 cernit
3648 5161 3796 5232 quod

2209 5238 2457 5323 populus
2486 5252 2731 5308 siccitate
2755 5252 3126 5323 periclitatur?
3149 5252 3297 5307 Sciat
3329 5250 3727 5322 profectoqnia
3752 5265 3797 5305 si

3494 5361 3523 5364 __
3538 5361 3553 5364 _
3589 5344 3793 5364 “-_Q__!
