4020 5364
201 274 327 339 ΗΜ

1175 261 1269 324 DE
1301 260 1718 324 INVENTIONE
1748 259 2095 320 CORPORIS
2133 258 2191 317 ll.
2233 256 2464 319 ilMlCi.

3322 256 3463 320 242')

199 413 307 469 quo
346 407 546 465 corpus
599 393 877 447 inventum
933 386 1130 451 fuerat,
1164 385 1455 441 basilicam
1503 383 1772 440 dedicare.
1809 394 1851 451 Α
1882 389 2008 434 ante
2048 393 2268 433 sacrum
2322 377 2594 432 tumulum
2628 374 2874 430 liebiliter
2895 371 3188 428 Dominum
3221 376 3473 445 rogando.

202 483 332 542 Nam
376 484 603 539 fideliter
640 481 874 551 populus
908 478 1146 533 irruerat
1170 492 1338 546 super
1374 491 1523 540 eum,
1544 474 1774 529 dicens:

206 594 226 628 ι
257 575 521 630 Nolumus
549 574 662 643 jam
709 572 805 626 tibi
838 569 1075 640 amplius
1117 568 1364 633 credere,
1392 568 1439 622 si
1476 566 1593 622 hac
1612 565 1777 620 bene-

198 665 315 720 ﬁcia
344 678 375 717 a
395 662 505 718 Deo
530 662 689 717 nobis
711 659 982 731 promissa
1005 657 1281 712 retardare
1300 656 1558 711 volueris.
1589 673 1607 704 ι
1639 652 1780 708 San-

196 754 528 812 ctimonialis
577 762 759 808 autem
802 749 1004 806 femina
1042 765 1169 805 eum
1188 749 1505 819 juramento
1537 746 1777 801 allii-ma-

198 847 328 901 bat:
362 863 382 897 ι
427 842 511 900 ile
534 843 589 897 in
634 841 885 898 custodia
937 841 1191 906 retinete.
1221 847 1277 894 et
1306 845 1556 894 sanctum
1578 852 1780 906 corpus

197 932 407 988 reddite
422 931 736 1002 sepulturae,
761 938 816 985 et
835 930 882 985 si
917 930 1076 984 tertia
1098 929 1187 983 die
1209 927 1451 998 pluviam
1477 942 1585 982 non
1609 927 1777 981 habe—

195 1026 285 1091 tis,
316 1024 438 1080 sine
461 1039 614 1079 mora
636 1038 820 1080 meum
846 1030 1011 1093 caput
1045 1021 1383 1077 detruncate.
1428 1039 1447 1071 ο
1482 1018 1780 1074 Convictus

194 1124 377 1171 autem
427 1124 538 1170 tam
585 1114 832 1169 mulieris
877 1113 1275 1168 assertionibus
1313 1126 1480 1183 quam
1518 1111 1684 1167 etiam
1725 1119 1782 1167 et

191 1210 377 1283 populi
426 1210 919 1282 objurgationibus,
961 1218 1157 1279 quarta
1203 1208 1453 1264 videlicet
1492 1206 1626 1263 feria
1665 1208 1780 1278 ipsc

191 1306 317 1360 cum
363 1304 663 1375 aliquantis
708 1303 777 1358 de
821 1303 1021 1373 pepulo
1059 1300 1344 1372 jejunavit,
1395 1310 1450 1355 et
1493 1315 1618 1355 cum
1655 1315 1778 1355 sero

187 1402 356 1461 esset,
392 1394 530 1464 ipsis
553 1394 686 1452 solis
713 1395 890 1449 locum
925 1393 1249 1457 scientibus,
1277 1391 1543 1446 secretius
1578 1406 1778 1461 corpus

193 1486 465 1552 humavit,
487 1495 650 1556 atque
677 1494 875 1542 cuncto
901 1486 1101 1556 pepnlo
1129 1484 1273 1539 diem
1303 1483 1631 1538 sacrationis
1677 1483 1776 1539 de-

191 1578 488 1632 nuntiavit.
529 1577 863 1648 Factumque
908 1585 992 1630 est
1031 1585 1091 1630 ut
1140 1574 1229 1630 die
1275 1575 1375 1629 illo.
1410 1573 1687 1635 transiret.
1724 1583 1778 1630 et

188 1668 336 1723 sicut
362 1669 563 1723 mulier
587 1668 915 1738 repromisit,
949 1667 1053 1722 alia
1078 1666 1167 1722 die
1192 1674 1398 1721 tantam
1428 1666 1775 1735 omnipotens

188 1757 336 1815 Deus
357 1774 462 1830 pro
489 1759 694 1815 honore
727 1760 813 1814 sui
841 1759 1025 1815 dilecti
1058 1758 1316 1830 martyris
1358 1759 1633 1814 concessit
1651 1758 1776 1829 plu-
1811 1741 1853 1795 Β

183 1851 356 1917 viam,
398 1860 458 1906 ut
480 1852 662 1907 subito
685 1859 795 1906 tota
834 1859 976 1905 terra
1010 1865 1152 1921 aqua
1190 1850 1663 1906 abundantissime
1692 1865 1778 1905 re-

182 1943 452 2012 pleretur.
484 1943 567 1998 Ad
596 1943 712 1999 haec
744 1949 854 1999 tota
893 1942 1088 1998 civitas
1120 1942 1368 2009 laetatur,
1394 1942 1523 2014 quia
1552 1943 1604 1997 id
1630 1942 1777 2013 quod

178 2043 494 2104 optaverat,
521 2034 641 2090 sine
673 2049 826 2089 mora
851 2035 1086 2091 tenebat.

253 2126 721 2183 Praetermisimus
749 2135 930 2181 autem
961 2138 1220 2198 magnum
1246 2134 1298 2180 et
1326 2124 1653 2195 stupendum
1680 2123 1779 2180 mi-

178 2219 444 2274 raculum
494 2218 642 2289 quod
692 2218 1038 2289 omnipotens
1092 2217 1471 2283 Deus_eodem
1509 2217 1618 2283 die,
1650 2226 1776 2272 curn

179 2309 366 2364 adhuc
390 2317 619 2364 sanctas
646 2309 906 2379 reliquias
938 2309 1195 2363 manibus
1239 2317 1479 2363 versaret
1511 2306 1774 2378 pontifex,

177 2398 403 2468 operari
428 2384 686 2470 dignatus
710 2408 814 2453 est.
838 2395 974 2453 Nam
1020 2398 1150 2452 dum
1178 2397 1400 2468 quidam
1426 2398 1645 2467 juvenis
1667 2398 1779 2452 ari-

174 2490 307 2545 dam
340 2505 572 2546 manum
619 2489 827 2544 habens
875 2488 1267 2559 superveniret,
1311 2495 1365 2542 et
1395 2488 1649 2543 iumedio
1669 2488 1777 2541 cir-

172 2581 583 2636 cumstantium
627 2581 810 2652 populi
847 2596 907 2637 se
943 2579 1226 2650 objiciens,
1265 2580 1605 2649 prospiciens
1628 2578 1774 2648 quod

169 2674 481 2745 episcopus
514 2672 899 2745 languentibus
932 2687 1131 2742 aquam
1160 2671 1228 2727 de
1261 2685 1370 2742 qua
1401 2685 1572 2727 sacra:
1591 2670 1771 2724 ablue-

171 2767 384 2821 bantur
423 2765 672 2837 reliquiae
711 2765 778 2821 ad
823 2764 1120 2836 potandum
1159 2763 1482 2835 porrigeret,
1518 2764 1683 2835 coepit
1723 2772 1777 2820 et

166 2858 291 2927 ipse
316 2856 488 2927 plena
533 2856 638 2912 fide
657 2856 960 2926 devotaque
995 2862 1176 2910 mente
1202 2854 1480 2924 postulare
1504 2862 1776 2924 quatenus

165 2949 218 3001 ei
240 2964 350 3019 pro
373 2948 624 3003 remedio
645 2961 760 3003 sua:
788 2947 982 3002 salutis
996 2946 1315 3017 dignaretur
1329 2946 1435 3001 sibi
1462 2945 1771 3017 porrigere;

161 3042 264 3109 qui
302 3040 505 3096 statim
533 3048 757 3109 accepto
795 3039 1021 3094 vasculo
1070 3037 1367 3103 benedixit,
1402 3036 1563 3107 eique
1586 3037 1654 3091 ad
1679 3052 1776 3107 po-

162 3133 408 3187 tandum
442 3131 705 3202 porrexit.
759 3128 866 3185 Sed
914 3129 1100 3185 statim
1126 3137 1187 3183 nt
1209 3128 1276 3184 ad
1307 3143 1371 3183 os
1400 3129 1547 3185 illius
1568 3129 1775 3184 exstitit

158 3224 561 3295 propinatum,
583 3223 765 3278 divina
792 3221 1007 3279 favente
1028 3222 1221 3294 gratia,
1247 3221 1396 3278 illico
1426 3237 1624 3277 manus
1651 3220 1773 3291 ejus

157 3316 483 3372 incolumis
542 3315 773 3382 reddita,
835 3315 1092 3370 haustum
1130 3313 1415 3369 vasculum
1467 3329 1498 3369 a
1551 3314 1773 3385 proprio

152 3424 259 3463 ore
318 3407 587 3463 removit.
640 3406 772 3462 Viso
802 3414 984 3461 autem
1030 3414 1183 3459 tanto
1215 3405 1481 3460 miraculo
1521 3405 1773 3461 admirati

148 3507 475 3572 coeperunt
521 3514 713 3553 omnes
747 3499 1050 3569 gloriﬁcare
1081 3497 1531 3567 omnipotentiam
1579 3495 1795 3551 Salva-'

149 3594 302 3648 toris
335 3592 446 3663 qui
488 3598 639 3646 tanta
681 3591 737 3645 iu
768 3591 854 3646 his
884 3589 1091 3645 ultimis
1125 3589 1319 3645 diebus
1343 3589 1410 3644 ad
1438 3588 1771 3644 cnnlirman-

145 3686 295 3739 dum
357 3681 615 3737 lidclium
666 3690 877 3737 mentes
934 3680 1198 3736 miracula
1255 3680 1468 3752 operari
1515 3679 1772 3757 dignatus

144 3785 259 3832 est.

198 3865 517 3923 Prmsenti
551 3880 771 3936 quoque
798 3879 964 3932 anno,
988 3864 1119 3935 quid
1151 3864 1206 3918 in
1234 3865 1337 3919 hac
1371 3862 1504 3917 urbe
1533 3862 1773 3917 clemens

140 3958 453 4017 Dominus
489 3958 633 4027 apud
676 3958 824 4012 illius
870 3954 1341 4011 venerabilissima
1384 3954 1610 4025 pignora
1642 3968 1772 4023 ope-

139 4054 267 4108 rari
318 4053 601 4123 dignatus
639 4060 742 4116 est,
791 4050 1010 4106 silentio
1044 4046 1478 4120 praetereundum
1528 4062 1635 4101 non
1665 4054 1768 4100 est.

135 4144 295 4202 Nam
334 4145 488 4200 dum
513 4142 800 4212 cujusdam
839 4140 978 4197 fabri
1002 4141 1112 4196 filia
1152 4139 1221 4195 ab
1244 4139 1470 4209 antiquo
1499 4138 1656 4192 hoste
1680 4138 1773 4193 dc-

134 4252 318 4293 mens
351 4237 690 4302 efﬁceretur,
724 4235 797 4289 ita
838 4242 899 4289 ut
927 4234 983 4288 in
1025 4233 1149 4288 loco
1171 4232 1228 4286 in
1271 4245 1382 4301 quo
1426 4229 1770 4295 consisteret,

132 4327 233 4383 vel
258 4341 446 4383 suam
479 4323 654 4395 ipsam
683 4325 1002 4398 genitricem
1032 4324 1340 4395 ignoraret:
1369 4321 1632 4377 continuo
1653 4336 1771 4375 ma-

1881 472 2127 542 projecit.
2173 470 2304 526 Erat
2340 479 2522 527 autem
2562 478 2692 524 tunc
2725 468 2858 523 hora
2901 466 3058 522 tertia
3093 464 3223 532 diei,
3257 476 3314 521 et
3341 480 3477 537 pera

1881 564 2084 620 mansit
2114 564 2169 618 in
2208 563 2311 619 hac
2356 564 2605 619 oratione
2635 560 2747 616 fere
2775 561 2910 615 hora
2934 560 3147 630 quinta,
3175 568 3340 631 atque
3367 575 3467 630 pro

1879 674 1943 711 ea
1971 656 2299 711 sacrificium
2349 653 2460 710 Deo
2495 654 2761 719 oblatum,
2808 652 3121 718 incolumis,
3166 652 3469 709 auxiliante

1881 747 2136 813 Domino,
2164 747 2327 813 facta,
2369 761 2496 801 cum
2520 761 2619 800 sua
2659 746 2823 800 simul
2847 744 3129 816 genitrice,
3169 760 3293 815 qua:
3337 760 3473 799 cum
3543 783 3551 793 .

1881 840 2034 912 gravi
2069 838 2322 910 angustia
2362 845 2417 894 et
2471 836 2658 893 dolore
2701 837 2772 892 ad
2819 836 3159 906 episcopium
3181 845 3478 901 venerant,.

1881 947 2007 987 cum
2034 931 2232 1003 gaudio
2255 938 2311 986 et
2337 930 2524 986 laetitia
2558 928 2626 983 ad
2648 927 2866 999 propria
2895 936 3027 982 sunt
3055 943 3308 984 reversae.

1954 1023 2195 1094 Denique
2233 1038 2360 1078 cum
2410 1023 2477 1077 ad
2513 1022 2618 1077 hoc
2655 1020 2982 1075 miraculum
3016 1020 3083 1074 ad
3113 1020 3330 1075 laudem
3352 1018 3466 1075 Do-

1881 1117 2016 1171 mini
2042 1116 2215 1172 nostri
2241 1114 2370 1171 Jesu
2390 1114 2599 1170 Christi
2627 1122 2683 1169 et
2703 1113 2974 1185 przeconia
3001 1112 3085 1167 sui
3106 1112 3291 1167 dilecti
3320 1127 3468 1166 mar-

1881 1210 2016 1281 tyris
2041 1209 2207 1264 Marci
2238 1208 2592 1274 scriberetur,
2614 1207 2761 1263 etde
2797 1206 2883 1260 his
2906 1204 3202 1260 virtutibus
3225 1203 3469 1274 stupenti

1879 1302 2063 1356 anima
2087 1301 2398 1366 miraretur,
2427 1300 2651 1372 quidam
2678 1299 2982 1354 monachus
3010 1298 3167 1353 bonae
3189 1294 3468 1351 memoriae

1883 1389 1941 1445 S.
1971 1390 2247 1446 Benedicti
2287 1390 2525 1446 emnobii
2566 1390 2885 1445 adnotatum
2918 1387 3245 1442 miraculum
3275 1387 3468 1440 devote

1878 1482 1946 1538 de
1990 1482 2246 1537 manibus
2288 1481 2583 1551 accipiens,
2624 1479 2959 1535 sanctissimi
2999 1478 3164 1549 hujus
3208 1477 3467 1549 martyris

1879 1589 2039 1644 prece
2082 1573 2405 1643 deposcens,
2453 1587 2564 1643 quo
2619 1572 2721 1627 sibi
2752 1571 3070 1642 dignaretur
3097 1569 3390 1624 subvenire
3412 1577 3468 1622 et

1877 1666 2121 1721 dolorem
2144 1665 2229 1721 sui
2251 1665 2464 1736 capitis,
2486 1680 2596 1736 quo
2616 1663 2816 1734 stepius
2836 1662 3203 1727 cruciabatur,
3226 1659 3464 1725 auferre,

1878 1766 2041 1829 atque
2066 1758 2264 1830 stylum
2291 1772 2388 1828 per
2412 1757 2609 1812 lectum
2650 1756 2703 1810 in
2729 1752 2957 1825 utr‘aque
2985 1762 3137 1825 parte
3191 1752 3278 1809 sui
3312 1752 3464 1822 capi-

1880 1852 1949 1908 tis
1970 1866 2202 1922 pnnens,
2227 1849 2543 1922 suppliciter
2561 1864 2619 1904 se
2659 1848 2954 1904 sustollens
2979 1847 3033 1901 iu
3057 1861 3216 1918 prece
3242 1845 3463 1918 agebat:

1852 1947 1905 1995 ἰ
1950 1940 2067 2008 Eia,
2123 1942 2357 1997 verende
2407 1938 2639 2012 Martyr,
2694 1939 2828 1994 mihi
2877 1955 3139 1995 succurre
3196 1938 3465 2009 precanti,

1878 2043 2041 2105 atque
2062 2049 2162 2104 pro
2196 2043 2291 2090 tuo
2341 2033 2551 2088 honore
2579 2033 2685 2088 mei
2729 2033 2923 2103 capitis
2971 2033 3101 2088 tolle
3130 2032 3396 2088 dolorem.
3440 2052 3459 2081 ι

1878 2127 1947 2183 Et
1994 2143 2119 2183 cum
2148 2128 2262 2181 haec
2299 2125 2649 2181 devolissime
2672 2126 2898 2191 diceret,
2940 2126 3204 2180 continuo
3248 2124 3463 2181 Domini

1878 2217 2139 2290 largiente
2170 2217 2479 2283 clementia,
2502 2217 2659 2273 dolor
2698 2218 2892 2289 capitis
2921 2218 2990 2272 ab
3012 2232 3078 2273 eo
3108 2218 3335 2274 recessit
3362 2237 3375 2273 :
3412 2228 3469 2274 ct

1878 2326 2006 2365 mox
2029 2309 2371 2365 lzetabuudus
2398 2310 2467 2364 ad
2494 2326 2593 2365 nos
2606 2311 2873 2381 continuo
2887 2311 3193 2387 repedavit,
3212 2320 3267 2365 et
3290 2327 3469 2389 quan-

1876 2410 1990 2456 tam
2014 2401 2118 2457 sibi
2152 2400 2296 2456 Deus
2326 2400 2517 2455 fecerit
2562 2401 2997 2475 misericordiam
3031 2402 3243 2456 meritis
3265 2404 3353 2457 sui
3380 2395 3467 2455 di-

1879 2494 2001 2547 lecti
2027 2491 2215 2546 famuli
2237 2492 2549 2559 enarrabat,
2583 2486 2860 2562 humoque
2896 2501 3223 2563 prostratus,
3254 2500 3309 2548 et
3339 2506 3464 2548 ere-

1877 2586 1981 2639 ctis
2010 2584 2064 2638 in
2100 2583 2299 2638 crclum
2338 2583 2613 2649 manibus,
2648 2584 2813 2654 cmpit
2846 2600 3042 2655 magna
3078 2600 3202 2639 cum
3224 2580 3487 2640 exsultai

1878 2674 2026 2728 tione
2036 2672 2326 2731 Dominum
2344 2672 2525 2743 etejus
2537 2680 2830 2745 martyrem
2846 2673 3175 2729 collaudare.
3191 2668 3483 2729 Ltctenmr’

1878 2754 2301 2835 i:aque,fratres
2342 2762 2678 2828 charissimi,
2719 2772 2773 2819 et
2800 2764 2930 2818 totis
2963 2762 3171 2819 viribus
3192 2763 3464 2835 jucunde-

1877 2873 2020 2924 mur,
2080 2857 2418 2913 exsultemus
2456 2864 2512 2912 et
2578 2856 2909 2911 delectemur
2959 2844 3316 2921 in'Domino,
3366 2871 3465 2926 pro

1876 2949 2036 3019 cujus
2061 2964 2246 3005 amore
2271 2949 2361 3005 hic
2389 2948 2824 3021 gloriosissimus
2852 2956 3059 3019 martyr
3081 2946 3299 3003 Marcus
3326 2963 3461 3018 sup-

1878 3040 2100 3110 plicium
2145 3041 2368 3111 pertulit
2416 3039 2628 3104 mortis,
2670 3047 2725 3094 et
2767 3055 2876 3093 non
2919 3054 3026 3092 tam
3077 3048 3143 3093 de
3186 3039 3463 3093 miraculis

1875 3149 2039 3204 quam
2082 3131 2149 3188 de
2196 3132 2316 3203 ejus
2358 3131 2679 3187 dulcissimo
2727 3130 3035 3201 patrocinio
3065 3130 3378 3200 gloriemur,
3405 3129 3459 3184 in

1875 3242 1986 3297 quo
2008 3241 2131 3281 cum
2164 3240 2353 3282 amore
2380 3233 2581 3280 nostra:
2604 3224 2910 3280 devotionis
2939 3208 3089 3294 spem
3122 3232 3177 3279 ct
3196 3214 3461 3297 ﬁduciam

1877 3319 2150 3388 ponimus,
2192 3319 2365 3388 absqn
2387 3336 2395 3352 λ
2417 3316 2585 3372 dubio
2618 3316 2685 3372 de
2721 3316 2933 3388 magnis
2953 3317 3209 3387 periculis
3237 3316 3308 3371 ab
3338 3316 3463 3388 ejus
3488 3347 3493 3353 ~

1874 3419 2064 3466 sancta
2088 3410 2477 3465 intercessione
2497 3409 2727 3480 protecti
2759 3408 2848 3464 hic
2872 3418 2927 3464 ct
2950 3409 3004 3463 in
3030 3407 3215 3464 futuro
3245 3408 3461 3463 liberati

1874 3502 2197 3557 lzetabimur.
2247 3500 2322 3556 De
2354 3499 2526 3573 signis
2562 3499 2814 3555 videlicet
2844 3507 3007 3569 atque
3045 3494 3304 3570 prodigiis
3347 3515 3458 3553 non

1874 3608 2089 3663 semper
2124 3607 2396 3663 quemque
2439 3591 2699 3646 admirari
2744 3598 2976 3661 oportet,
3013 3586 3488 3661 quandoquidem‘

1874 3702 1983 3742 non
2025 3695 2238 3740 tantum
2268 3685 2465 3749 sancti,
2509 3685 2616 3740 sed'
2644 3684 2811 3739 etiam
2832 3680 2901 3738 'ct
2931 3687 3244 3752 peccatores
3278 3679 3332 3734 in
3359 3695 3459 3733 no-

1874 3779 2021 3833 mine
2050 3776 2266 3831 Domini
2298 3776 2477 3831 facere
2516 3786 2745 3847 possunt
2770 3794 2797 3844 ;7
2816 3775 2959 3831 unde
3003 3775 3055 3829 in
3081 3772 3371 3857 Evangelio
3401 3771 3456 3825 in
3481 3778 3491 3794 ’

1873 3871 1960 3925 die
1991 3870 2182 3940 judicii
2212 3870 2411 3924 dicturi
2431 3880 2596 3927 sunt:
2628 3889 2645 3921 ι
2677 3869 2925 3935 Domine,
2953 3884 3134 3924 nonne
3160 3868 3213 3923 in
3239 3868 3459 3923 nomine

1874 3974 1969 4019 tuo
2006 3962 2277 4017 daemonio
2311 3962 2595 4032 ejec‘imus,
2636 3971 2697 4017 ct-
2735 3962 2906 4016 multa
2955 3961 3111 4031 signa
3135 3960 3399 4016 fecimus?
3431 3978 3449 4011 ι

1873 4058 2083 4126 Quibus
2106 4057 2354 4113 dicturus
2375 4065 2459 4112 est
2481 4055 2747 4131 Dominus
2772 4074 2784 4110 :
2820 4054 3174 4135 «Discedite‘a
3194 4059 3301 4119 me;
3320 4049 3453 4122 o'p‘ie-

1873 4160 2083 4209 ratores
2105 4149 2432 4225 iniquitatis,
2464 4148 2592 4219 quia
2629 4162 2739 4202 non
2768 4141 2891 4202 novi
2932 4151 3062 4227 vos.’
3086 4166 3104 4197 ι
3138 4144 3273 4199 Nam
3304 4154 3358 4198 ct
3391 4143 3483 4197 ll.“

3474 4036 3491 4063 Ι

1873 4241 2167 4314 Gregorius
2191 4242 2245 4295 in
2282 4255 2440 4296 sacro
2460 4239 2678 4321 eloquio
2718 4239 2871 4309 signa
2906 4251 3125 4307 quoque
3152 4235 3491 4329 iulldelibu's‘

1871 4339 1996 4394 data
2022 4353 2142 4393 esse
2173 4334 2356 4392 refert.
2393 4333 2535 4405 Ergo
2566 4334 2610 4388 si
2639 4332 2791 4404 signa
2823 4330 3133 4385 inﬁdelibus
3153 4326 3457 4387 concedun-

132 4434 230 4476 ter
261 4418 406 4490 ejus
431 4431 564 4472 cum
590 4417 958 4488 cognovisset,
992 4415 1189 4471 festina
1229 4415 1296 4470 de
1320 4429 1452 4485 agro
1488 4413 1543 4467 in
1564 4428 1675 4484 quo
1700 4413 1767 4468 ad

1877 4444 1984 4500 tur,
2017 4449 2116 4489 cur
2148 4447 2248 4487 nos
2274 4431 2459 4486 ﬁdeles
2482 4430 2535 4484 in
2571 4428 2743 4500 signis
2764 4436 2817 4482 et
2848 4426 3130 4482 miraculis
3166 4425 3453 4489 miramur,

129 4510 517 4585 pascendum
560 4508 729 4565 boves
780 4509 1027 4575 miserat,
1068 4507 1138 4562 ad
1182 4504 1521 4576 episcopium
1556 4520 1680 4558 cum
1709 4520 1772 4559 ea

128 4601 444 4667 cucurrit,
483 4607 538 4654 et
579 4600 834 4671 pmsenti
870 4598 1129 4670 episcopo
1152 4596 1433 4653 indicavit.
1459 4594 1564 4662 Qui
1584 4597 1771 4651 statim

126 4704 199 4752 ut
236 4692 538 4766 cognovit
565 4707 687 4746 eam
708 4692 782 4746 ob
804 4690 1064 4745 invidiam
1087 4688 1299 4758 antiqui
1330 4687 1508 4742 hostis
1536 4687 1772 4742 misera-

124 4788 338 4844 biliter
363 4784 755 4849 immutatam,
789 4782 928 4838 dixit
956 4781 1023 4837 ad
1052 4797 1173 4838 eam
1203 4800 1215 4835 :
1255 4798 1274 4830 ι
1310 4777 1356 4833 0
1378 4778 1613 4833 mulier!
1638 4766 1773 4849 quid

122 4879 237 4934 tibi
276 4874 514 4932 faciam
535 4872 748 4944 ignem,
771 4873 864 4928 sed
887 4880 1148 4943 tanquam
1179 4869 1617 4928 misericordiam
1639 4884 1773 4925 con-

121 4980 411 5036 secutus,
453 4967 754 5022 consilium
788 4969 1168 5036 recuperandae
1198 4962 1326 5019 illia:
1358 4968 1553 5017 vestra:
1607 4958 1771 5016 saluti

116 5066 400 5141 prebeo.
463 5056 703 5130 Suscipe
750 5071 880 5128 ergo
924 5063 977 5110 et
1020 5061 1295 5120 continuo
1333 5067 1456 5107 eam
1501 5053 1557 5108 in
1596 5049 1771 5107 nostri

120 5151 484 5215 Salvatori‘s
536 5147 667 5204 Jesu
714 5146 914 5203 Christi
954 5145 1152 5215 ﬁducia
1211 5150 1343 5200 ante
1391 5158 1611 5199 sacrum
1650 5142 1772 5212 ejus

121 5244 387 5327 gloriosi
425 5232 689 5311 martyris
712 5237 964 5295 tumulum
994 5248 1218 5321 pmjice
1243 5253 1259 5303 ;
1292 5233 1508 5291 conﬁdo
1539 5235 1687 5292 enim
1716 5244 1774 5287 et

122 5345 156 5364 η
174 5344 244 5364 Δ--
260 5335 509 5364 -:-I:nn'
541 5330 701 5364 nulla
744 5344 837 5364 ms-
853 5328 960 5364 hinc

992 5348 1052 5364 ρ..
1072 5345 1236 5364 Δ...η-ειμι
1255 5325 1652 5364 araviiinm-n-n
1682 5326 1767 5364 in.
1812 5346 1819 5353 ο

1872 4530 1927 4576 et
1971 4537 2081 4575 non
2139 4519 2319 4589 potius
2356 4517 2411 4571 in
2460 4515 2749 4571 sanctitate
2796 4512 3160 4570 conﬁdimus?
3201 4508 3337 4565 Nam
3363 4511 3457 4565 ubi

1869 4612 2067 4666 desunt
2101 4610 2278 4681 signa,
2326 4608 2530 4663 adsunt
2569 4614 2623 4661 ct
2653 4605 2907 4674 suffragia
2935 4601 3262 4659 sanctitatis.
3299 4598 3458 4656 ldeo-
3479 4596 3495 4612 ”

1867 4684 1995 4774 que,
2020 4700 2351 4766 charissimi,
2386 4700 2537 4755 omni
2569 4696 2765 4754 ﬁducia
2814 4705 3035 4764 totaque
3069 4693 3269 4749 mentis
3290 4691 3461 4750 devo-
3490 4687 3498 4695 ’

1870 4795 2016 4849 tione
2052 4793 2169 4849 solo
2198 4789 2481 4863 prostrati,
2512 4787 2656 4862 apud
2694 4786 2839 4842 hunc
2876 4793 3127 4840 sanctum
3164 4774 3503 4863 martyrem:

1871 4884 2106 4940 Domino
2152 4884 2367 4939 veniam
2396 4883 2766 4953 postulemus,
2813 4883 3085 4948 quatenus
3119 4872 3240 4943 ejus
3292 4859 3503 4939 sacris’

1878 4979 2087 5035 meritis
2129 4976 2426 5048 impetrare
2460 4984 2789 5036 mereamur.
2821 4966 2957 5023 Nam
3002 4970 3050 5026 si
3070 4983 3137 5023 ex
3162 4971 3281 5019 toto
3306 4976 3498 5037 cum,
3545 4989 3579 5038 χ

1875 5078 1932 5125 et
1953 5069 2057 5128 fida
2088 5076 2270 5125 mente
2296 5077 2573 5134 rogamus
2612 5059 2756 5137 quod
2788 5074 2883 5129 pro
2907 5059 3082 5117 salute
3102 5062 3291 5116 nostra
3311 5055 3545 5132 depo."

1877 5157 2104 5225 scimus,
2157 5154 2375 5211 dicente
2411 5154 2696 5219 Domino:
2735 5168 2753 5199 ι
2798 5145 2853 5201 Si
2879 5147 3015 5217 quid
3056 5141 3336 5220 petieritis
3385 5146 3519 5216 pa-

1878 5259 2017 5305 trem
2044 5252 2122 5315 in,
2156 5242 2381 5304 nomine
2441 5265 2597 5316 meo,
2627 5240 2841 5321 dabitur
2876 5239 3078 5313 vobis;
3100 5256 3122 5289 ι
3150 5230 3524 5329 ﬁnieram,“
3552 5240 3559 5249 '

1875 5339 2042 5364 :_2a-._
2086 5335 2352 5364 -..ΔΗ-ιω
2400 5339 2489 5364 ..ιν
2524 5358 2576 5364 -_
2626 5331 2713 5364 ml:
2768 5336 2956 5364 nninnc
3010 5337 3089 5364 ac!
3145 5332 3195 5364 pl
3233 5332 3526 5364 ςηιπηυ..-
