4020 5364
544 198 687 255 1433
1576 190 1585 195 ’
1666 187 1926 252 ἰΕΟΝι5
1959 195 2112 251 Α’ῙἹΝ

2210 194 2324 251 515
2360 195 2666 252 EPISCOPI
3666 192 3806 249 {52$

537 315 695 372 cibus
722 312 924 383 pulsat,
948 310 1212 382 quidquid
1234 324 1333 380 pro
1355 326 1455 366 sua
1478 309 1652 365 salute
1680 312 1899 382 rogitat,
1923 310 2129 382 absque
2157 316 2202 372 Α
2228 321 2508 368 merentur
2547 323 2602 367 et
2627 310 2877 367 eﬁ‘ectum
2908 311 3081 381 prccis
3115 325 3229 367 sua:
3260 309 3666 381 adipiscuntur.
3696 309 3808 366 Vos

536 406 704 463 dubio
745 405 1030 467 obtinebat.
1080 410 1139 457 ut
1168 402 1283 471 ipse
1318 401 1567 458 ﬁdelibus
1615 401 1733 458 suis
1758 400 2005 472 polliceri
2037 410 2121 458 est
2223 404 2407 475 itaque
2423 404 2706 469 adhortor,
2730 404 3060 470 cbarissimi,
3090 404 3330 473 utbujus
3352 403 3531 459 sancti
3550 404 3809 474 martyris

535 499 830 570 dignatus;
867 494 1000 550 dicit
1021 493 1165 548 enim
1196 512 1209 547 :
1244 512 1261 544 ι
1301 491 1359 547 Si
1386 492 1688 549 habueritis
1707 492 1891 559 ﬁdem,
1916 498 1975 547 ut
1995 508 2122 561 gra-
2223 488 2391 546 Marci
2414 489 2682 546 auxilium
2707 491 3081 562 immoremus,
3106 498 3168 545 ut
3182 505 3289 545 una
3312 489 3608 545 nobiscum
3628 490 3686 543 in
3707 505 3812 543 suo

533 604 666 645 num
689 587 917 658 sinapis,
947 585 1201 641 diceretis
1242 584 1370 641 huic
1400 585 1569 640 monti
1598 604 1611 639 :
1646 583 1843 639 Transi
1878 584 2028 650 hinc,
2064 592 2121 639 et
2224 583 2530 653 patrocinio
2566 583 3028 654 congratulemur,
3070 590 3133 637 ut
3161 582 3253 638 cui
3278 582 3500 638 assidue
3534 581 3808 651 praeconia

534 679 785 745 transiet,
800 678 921 734 etsi
947 677 1001 731 in
1024 677 1128 731 ﬁde
1147 690 1257 731 non
1281 676 1683 742 haesitaveritis,
1708 675 1975 747 quidquid
1999 676 2118 733 sine
2223 675 2530 730 sanctitatis
2559 675 2616 729 in
2637 674 2799 729 terris
2821 674 3122 739 attolimus,
3152 674 3300 728 illius
3320 672 3672 728 consortium
3696 685 3811 747 mea

533 769 700 825 dubio
720 767 868 842 quod
901 766 1189 838 petieritis,
1223 767 1585 837 impetrabitis
1608 767 1660 822 id
1684 767 1885 837 ipsum.
1921 784 1940 817 ι
1979 764 2121 823 Sunt
2218 782 2440 823 reamur
2466 766 2667 822 habere
2698 766 2754 821 in
2784 766 2941 825 cmlis
2970 785 2983 819 :
3013 765 3311 821 auxiliante
3346 764 3587 819 Domino
3622 770 3811 816 nostro

532 860 754 934 quidem
805 858 1054 914 nonnulli
1105 858 1200 928 qui
1244 866 1437 929 petunt
1477 859 1655 929 tepida
1695 858 1819 925 ﬁde,
1855 858 1976 913 ideo
2008 873 2115 912 non
2214 855 2347 913 Jesu
2378 855 2621 923 Christo,
2652 857 2747 929 qui
2781 872 2907 913 cum
2950 856 3110 912 Patre
3138 864 3192 911 et
3218 854 3425 926 Spiritu
3460 861 3661 910 sancto
3681 851 3812 906 vivit

533 959 811 1006 merentur
840 949 988 1020 quod
1029 958 1284 1020 qumrunt
1329 951 1610 1021 accipere;
1660 959 1713 1006 et
1738 958 1866 1006 sunt
1907 949 1998 1004 alii
2021 950 2117 1020 qui
2216 959 2272 1007 et
2322 959 2513 1022 regnat
2563 949 2707 1006 Deus
2761 965 2858 1021 per
2923 949 3135 1004 inﬁnita
3198 946 3398 1004 stecula
3449 944 3809 1002 saeculorum.

534 1050 647 1097 tam
689 1040 1070 1097 ardentissima
1107 1041 1211 1096 ﬁde
1255 1050 1465 1112 petunt,
1508 1058 1574 1097 ac
1623 1043 1668 1097 si
1698 1050 1993 1113 praesentes
2019 1041 2118 1095 ha-
2217 1042 2415 1098 Amen.

535 1126 718 1191 beant,
756 1134 810 1180 et
851 1140 914 1180 os
949 1126 1016 1181 ad
1060 1141 1123 1181 os
1174 1126 1487 1197 loquantur.
1537 1127 1601 1183 lli
1629 1127 1834 1184 idcirco
1873 1125 2121 1182 exaudiri

1230 1254 1653 1263 υ-Α--ς--ηεσ--νι--.ο
1672 1250 2112 1260 --σ-’νοοκαα-ε--ψ

2210 1244 2534 1263 δ”--.τΐαὲ-ικ
2544 1248 3183 1263 ’σῆς-*ᾐ-

554 1248 1653 1281 ἪἪ--ηεῃαη
1672 1247 2534 1260 --σ-.--οθο-ν--α--ι--α-..ησ-...η
2544 1247 3779 1273 “*m

1467 1436 2075 1562 DOMNI
2168 1435 2870 1564 LEONIS

1811 1665 2176 1723 ATINENSIS
2208 1664 2515 1723 EPISCOPI

1048 1832 1318 1896 Duratio
1346 1828 1635 1891 solemnis
1663 1828 1833 1906 facta
1861 1823 2183 1886 canonicis
2214 1810 2577 1901 clericisque
2604 1822 2924 1884 Atincnst':
2958 1820 3269 1885 Ecclesium

1504 1998 1679 2069 (Apud
1705 1997 1965 2064 Ucnstu,
1997 1995 2164 2049 Italia
2197 2010 2371 2079 sacra,
2409 2002 2446 2046 t.
2468 1988 2566 2060 Nl,
2600 2005 2652 2060 p.
2678 1991 2827 2063 459.)

1979 2151 2319 2168 ---ι--

604 2308 662 2364 1n
693 2307 914 2365 nomine
944 2305 1159 2361 Domini
1186 2306 1361 2361 nostri
1385 2303 1515 2360 Iesu
1539 2304 1764 2361 Christi.

605 2402 766 2457 Anno
785 2399 856 2456 ab
881 2397 1261 2454 lncarnatione
1288 2397 1408 2467 ejus
1450 2397 1744 2453 millesimo
1775 2396 2116 2468 quinquage-

535 2488 676 2553 simo
723 2496 900 2555 sexto,
942 2502 1132 2542 mense
1181 2484 1348 2553 Julio,
1392 2485 1580 2542 indict.
1626 2502 1701 2554 ix,
1737 2486 2008 2541 residente
2064 2487 2118 2541 in

535 2582 669 2639 urbe
700 2580 872 2637 Roma
916 2594 1134 2637 summo
1169 2588 1224 2635 et
1264 2578 1560 2635 universali
1600 2579 1855 2650 pontiﬁce
1895 2579 2118 2635 domino

532 2689 671 2745 papa
692 2671 929 2741 Victore,
951 2680 1007 2729 et
1028 2672 1325 2743 imperante
1350 2670 1573 2727 domino
1593 2669 1845 2726 Conrado
1870 2670 2116 2740 piissimo

533 2766 880 2838 imperatore,
937 2773 993 2821 et
1044 2763 1360 2836 Capuanam
1419 2761 1718 2817 Ecelesiam
1783 2762 2118 2832 gubernante

532 2857 758 2914 domino
810 2855 1134 2926 Adenulpho
1174 2852 1603 2924 archiepiscopo.
1644 2851 1755 2908 Nos
1786 2850 1897 2907 Leo
1933 2851 2115 2906 divina

533 2948 709 3019 gratia
733 2947 1103 3018 dispensante,
1139 2943 1345 3000 Eccles.
1390 2941 1669 3013 Atinensis
1698 2943 2008 3013 episcopus,
2030 2958 2117 2995 re—

532 3047 621 3095 cto
643 3036 1097 3095 considerationis
1127 3037 1289 3093 oculo
1334 3050 1397 3092 ea
1434 3050 1556 3106 quae
1594 3034 1663 3090 ad
1696 3033 1981 3089 utilitatem
2009 3032 2114 3088 Ec-

532 3129 715 3185 clesiae
764 3129 1037 3200 pertinent
1090 3127 1371 3194 intuendo,
1419 3136 1479 3182 ut
1528 3126 1931 3182 ecclesiasticus
1981 3126 2116 3180 ordo

528 3221 677 3291 juste
704 3230 757 3275 et
780 3221 866 3290 pie
897 3220 953 3274 in
987 3220 1150 3275 domo
1178 3218 1392 3274 Domini
1425 3219 1606 3274 vivere
1637 3219 1831 3285 valeat,
1857 3218 2116 3272 ordinau-

532 3324 616 3369 tes
642 3313 696 3367 in
721 3320 900 3367 mente
922 3311 1216 3367 statuimus
1238 3320 1299 3365 ut
1323 3311 1609 3366 Atinenses
1623 3310 1805 3366 clerici
1832 3310 1897 3364 ad
1918 3310 2111 3365 ccclcs.

534 3405 593 3459 S.
621 3403 805 3460 Maria:
844 3412 1037 3475 sponte
1084 3413 1141 3458 et
1172 3402 1475 3458 voluntarie
1508 3403 1712 3473 pariter
1741 3402 2112 3467 convenirent,

531 3506 589 3555 et
605 3497 849 3552 divinum
867 3496 1149 3552 servitium
1174 3495 1506 3550 unanimiter
1518 3492 1747 3550 Domino
1764 3494 2110 3557 exhiberem;

532 3590 638 3652 hoc
676 3597 879 3645 nostra:
905 3587 1199 3644 voluntatis
1230 3587 1517 3643 arbitrium
1552 3586 1775 3657 placuit,
1816 3596 1870 3642 et
1906 3588 2041 3657 ipse,
2080 3605 2110 3643 a

532 3697 641 3751 quo
670 3696 833 3736 omne
859 3680 1062 3759 bonum
1106 3681 1370 3752 procedit,
1416 3680 1519 3736 hoc
1566 3695 1665 3735 sua
1694 3680 1980 3735 clementia
2012 3681 2112 3735 tri-
2138 3657 2182 3717 Ο

533 3773 651 3837 buit
670 3780 724 3827 et
755 3772 1045 3839 concessit,
1071 3771 1330 3842 quoniam
1360 3772 1497 3843 ipse,
1524 3772 1618 3843 qui
1644 3771 1843 3827 bonam
1869 3771 2115 3827 volunta-

530 3879 640 3919 tem
676 3862 923 3934 largitur,
969 3863 1245 3933 pncbetet
1285 3862 1619 3933 operationis
1651 3862 1800 3933 pium
1835 3862 2107 3918 cﬁ‘ectum.

531 3953 860 4009 Convocatis
880 3953 1046 4025 igitur
1073 3954 1343 4009 universis
1367 3954 1581 4009 clericis
1602 3970 1712 4011 una
1737 3970 1861 4010 cum
1888 3953 2112 4009 domino

532 4043 721 4099 Laudo
758 4045 1129 4101 illustrissimo
1162 4044 1380 4111 comite,
1410 4054 1465 4099 et
1493 4054 1683 4100 nostro
1705 4045 1967 4100 advocato
1991 4042 2114 4099 Ber-

534 4134 707 4190 nardo
720 4135 921 4205 pariter
948 4152 1073 4190 cum
1103 4136 1252 4190 omni
1280 4136 1481 4206 populo
1511 4137 1765 4205 civitatis,
1797 4146 1997 4192 nostra:
2018 4152 2112 4191 vo-

532 4224 759 4297 luntatis
799 4225 1088 4280 arbitrium
1136 4222 1519 4291 disseruimus.
1568 4237 1621 4282 et
1675 4230 2012 4299 propositum
2058 4228 2111 4283 in

536 4323 716 4370 mente
757 4324 1077 4386 conceptum
1123 4315 1232 4371 illis
1274 4316 1531 4371 omnibus
1571 4317 1693 4372 viva
1737 4333 1869 4372 voce
1901 4320 2112 4388 aperire

534 4404 863 4469 curavimus,
895 4414 956 4460 ut
989 4404 1125 4460 nihil
1165 4404 1218 4459 in
1246 4405 1407 4460 domo
1450 4404 1667 4460 Domini
1712 4406 1918 4477 absque
1946 4408 2111 4478 digno

531 4496 768 4553 consilio
803 4495 916 4565 ﬁat,
944 4497 1071 4568 quia
1109 4497 1371 4568 scriptum
1414 4507 1533 4553 est:
1591 4518 1608 4549 ι
1639 4498 1833 4600 Οξιιιία
1861 4497 1946 4554 fac
1984 4514 2108 4554 cum

533 4583 783 4657 consilio,
810 4596 865 4643 et
906 4598 1028 4659 post
1062 4587 1266 4643 factum
1297 4604 1407 4643 non
1439 4583 1747 4659 ptenitebi's.
1781 4608 1799 4640 ι
1833 4587 2109 4645 Patefacto

531 4677 766 4751 denique
795 4679 1046 4745 consilio,
1092 4680 1318 4751 dignum
1364 4687 1419 4732 et
1444 4677 1652 4749 justum
1674 4679 1852 4735 visum
1873 4688 1958 4734 est
1987 4680 2108 4733 uni-

533 4769 707 4825 versis
728 4785 795 4825 ne
822 4769 1002 4824 clerici
1045 4787 1141 4841 per
1181 4770 1394 4825 diversa
1418 4779 1697 4841 vagantes,
1733 4779 1787 4826 et
1820 4772 2107 4827 saeculares

532 4876 695 4915 curas
712 4870 873 4932 atque
901 4859 1289 4916 sollicitudines
1316 4876 1529 4932 semper
1550 4871 1815 4933 gerentes,
1844 4862 1899 4917 in
1923 4862 2105 4918 divino

533 4970 592 5028 se
636 4953 896 5009 famulatu
937 4970 1186 5009 exercere
1231 4965 1391 5026 prout
1436 4956 1695 5010 condecet
1726 4956 1949 5010 minime
1974 4970 2102 5026 pos-

534 5053 685 5114 sent;
713 5045 936 5112 proinde
955 5045 1137 5101 clerici
1162 5048 1390 5113 consilio
1411 5047 1613 5115 habito,
1631 5048 1853 5117 quidam
1875 5063 1940 5102 ex
1970 5046 2105 5119 ipsis

535 5148 645 5209 non
666 5134 819 5188 inviti
857 5150 1029 5211 neque
1060 5138 1235 5195 coacti
1268 5139 1335 5195 ad
1368 5137 1625 5197 Ecclesiae
1662 5138 1941 5193 servitium
1978 5155 2103 5209 ςγδι

532 5223 673 5285 mito
714 5231 931 5294 pectore
964 5234 1021 5279 et
1059 5226 1271 5285 sincera
1317 5230 1593 5298 voluntate
1640 5245 1701 5285 se
1733 5227 2100 5294 contulerunt,

531 5313 782 5364 uidelicet
825 5310 1062 5364 Τὶιροιο-
1128 5317 1388 5364 Angelus.
1453 5319 1692 5364 Jnnnnps
1779 5320 2078 5364 Almumlna

2152 2308 2197 2366 Β
2226 2302 2289 2358 Hi
2313 2317 2507 2359 omnes
2527 2301 2850 2358 rationabile
2896 2301 3217 2371 obsequium
3242 2301 3478 2357 Domino
3503 2318 3809 2373 represen-

2219 2403 2398 2452 tantes
2422 2402 2484 2450 ut
2507 2394 2852 2448 ambularent
2870 2393 2925 2448 in
2948 2392 3113 2448 domo
3136 2391 3351 2448 Domini
3376 2408 3507 2448 cum
3530 2411 3809 2451 consensu

2219 2488 2287 2542 ad
2328 2487 2499 2542 altare
2544 2494 2746 2542 sancta:
2778 2483 2871 2539 Dei
2914 2483 3205 2540 Cenitricis
3237 2499 3359 2541 sese
3387 2501 3515 2540 cum
3545 2488 3810 2543 omnibus

2219 2578 2334 2635 suis
2374 2577 2540 2634 rebus
2581 2578 2861 2633 humiliter
2909 2577 3240 2632 obtulerunt.
3287 2575 3385 2633 His
3436 2578 3514 2634 ita
3567 2581 3808 2650 peractis

2219 2678 2551 2727 memoratus
2591 2685 2775 2725 comes
2820 2670 2969 2724 omni
3017 2669 3216 2739 populo
3259 2669 3362 2725 sibi
3398 2670 3668 2741 adjuncto
3699 2687 3807 2727 una

2217 2780 2342 2819 eum
2372 2763 2645 2834 pradictis
2672 2762 2886 2818 clericis
2928 2762 3198 2832 supplices
3232 2762 3391 2817 nobis
3409 2779 3608 2831 preces
3630 2763 3804 2833 depo-

2217 2862 2464 2922 suerunt,
2514 2855 2769 2910 attentius
2808 2861 3098 2909 exorantes
3126 2861 3187 2907 ut
3209 2861 3321 2907 tam
3364 2852 3444 2908 illi
3473 2859 3573 2924 qui
3606 2870 3669 2910 se
3689 2856 3805 2924 ja-

2216 2945 2283 2999 ad
2309 2944 2564 3001 Ecclesiae
2587 2946 2855 3017 gremium
2900 2944 3270 3011 contulerunt,
3309 2959 3478 3015 quam
3499 2953 3559 3001 et
3594 2947 3804 3015 posteri

2216 3037 2310 3107 qui
2337 3052 2528 3094 eorum
2558 3036 2759 3092 fuerint
2780 3037 3002 3108 vestigia
3035 3036 3272 3092 secuturi
3298 3046 3485 3092 nostra
3514 3036 3805 3094 discussa-

2217 3138 2337 3185 reut
2363 3148 2377 3196 ;
2405 3146 2640 3201 quorum
2679 3146 2867 3201 preces
2892 3130 3126 3202 benigno
3154 3130 3369 3201 pietatis
3391 3130 3598 3185 intuitu
3628 3141 3809 3185 atten-

2214 3222 2424 3289 dentes,
2457 3223 2680 3295 dignum
2701 3239 2796 3279 eos
2816 3224 3075 3279 duximus
3094 3224 3358 3279 exaudiri.
3385 3222 3543 3279 Unde
3574 3235 3807 3295 accepto

2214 3324 2269 3370 et
2302 3315 2599 3371 deliberato
2635 3317 2885 3382 consilio,
2933 3316 3108 3371 cidem
3143 3325 3348 3371 sanctae
3382 3314 3476 3372 Dei
3503 3315 3803 3373 Genitricis

2215 3407 2455 3463 ecclesia:
2487 3408 2742 3464 omnibus
2775 3407 3072 3470 canonicis.
3117 3408 3258 3462 sicut
3299 3410 3688 3478 praesentibus,
3729 3411 3802 3468 ita

2214 3498 2377 3554 etiam
2408 3507 2461 3552 et
2490 3498 2947 3570 subsequentibus
2962 3499 3313 3554 concedimus
3337 3508 3506 3570 atque
3526 3500 3802 3556 donamus

2214 3589 2498 3645 ecclesiam
2531 3587 2587 3643 S.
2613 3588 2912 3655 Laurentii,
2939 3587 2996 3643 S.
3012 3587 3291 3655 Marciani,
3317 3587 3374 3643 S.
3391 3588 3662 3657 Blasii,S.
3682 3589 3800 3662 Syl-

2215 3679 2399 3745 vestri,
2427 3677 2484 3733 S.
2500 3677 2663 3744 Petri,
2684 3670 2741 3733 Sy.
2759 3677 3041 3749 Stephani,
3058 3688 3112 3735 et
3124 3696 3316 3735 omnes
3326 3679 3595 3736 ecclesias
3604 3697 3730 3753 quae
3744 3683 3796 3735 in

2214 3769 2413 3825 ﬁnibus
2440 3769 2615 3825 Atina:
2634 3769 2869 3827 civitatis
2893 3772 3136 3827 construi
3160 3779 3411 3841 possunt,
3434 3772 3651 3829 scilicet
3671 3789 3794 3829 cum

2213 3858 2460 3926 decimis,
2498 3859 2754 3929 primitiis
2793 3870 2848 3916 et
2871 3861 3239 3918 oblationibus
3272 3862 3525 3918 vivorum
3558 3872 3615 3920 et
3645 3879 3794 3919 mor-

2213 3960 2453 4006 tuorum.
2470 3949 2735 4007 Prmterea
2765 3954 2832 4007 ad
2851 3954 3112 4010 honorem
3139 3963 3339 4010 sanctae
3361 3952 3458 4010 Dei
3479 3955 3791 4022 Genitricis,

2211 4053 2264 4098 et
2286 4043 2357 4098 ob
2378 4046 2735 4099 reverentiam
2771 4046 3020 4116 corporis
3043 4047 3343 4105 beatissimi
3370 4050 3636 4121 martyris
3654 4050 3792 4105 Mar-

2213 4138 2283 4202 ci,
2298 4136 2461 4207 hujus
2481 4136 2717 4194 civitatis
2728 4138 3010 4206 antistitis,
3034 4141 3381 4197 concedimus
3395 4141 3558 4197 vobis
3569 4145 3793 4199 vestris-

2211 4245 2318 4302 que.
2365 4231 2775 4289 successoribus
2813 4234 3058 4288 omnium
3084 4242 3387 4289 vestrarum
3432 4236 3790 4292 ecclesiarum

2211 4322 2580 4379 ordinationes
2608 4323 2812 4394 pariter
2835 4333 2888 4380 et
2907 4325 3198 4380 canonicas
3221 4326 3557 4383 sanctiones.
3582 4327 3792 4384 Cone:-

2209 4415 2392 4470 dimus
2418 4414 2639 4485 insuper
2658 4416 2817 4472 vobis
2844 4426 2905 4471 ut
2929 4418 3145 4487 quoties
3171 4433 3273 4473 nos
3307 4418 3390 4472 vel
3418 4429 3645 4476 nostros
3669 4408 3807 4477 suc;

2208 4521 2455 4562 cessares
2494 4507 2748 4563 absentes
2783 4506 3068 4576 fuerimus,
3094 4525 3161 4564 ex
3190 4519 3391 4567 nostra!
3439 4514 3795 4571 auctoritatis

2208 4595 2385 4655 ollicio
2421 4599 2707 4667 potestatis
2745 4599 3132 4668 plenitudinem
3168 4602 3441 4671 habeatis;
3478 4615 3542 4660 ut
3572 4608 3789 4677 episco-

2207 4688 2313 4758 pali
2339 4688 2464 4759 jure
2486 4689 2809 4746 clericorum
2827 4690 3097 4762 judicium
3130 4694 3185 4748 in
3222 4705 3404 4751 vestro
3429 4698 3678 4767 capitulo
3701 4700 3792 4755 oi.

2206 4779 2444 4846 tineatis,
2484 4789 2539 4835 ct
2578 4780 2645 4836 de
2686 4784 2958 4840 universis
2992 4785 3390 4856 criminalibus,
3430 4790 3689 4848 videlicet
3722 4792 3790 4847 ὼ

2206 4871 2569 4927 matrimoniis
2610 4873 2973 4931 dissolvendis
3019 4876 3102 4932 vel
3148 4879 3567 4951 conjungendis,
3615 4894 3672 4939 et
3719 4883 3789 4937 de

2205 4963 2656 5031 oppressionibus
2708 4966 2972 5023 canonice
3013 4969 3340 5038 judicandis.
3388 4969 3457 5027 Et
3504 4981 3567 5028 ut
3619 4974 3785 5042 hujus

2207 5062 2410 5108 nostra:
2438 5055 2650 5125 paginae
2684 5056 3133 5127 instrumentum,
3162 5062 3307 5118 sicut
3330 5072 3386 5117 et
3416 5079 3452 5119 a
3480 5064 3667 5130 nobis,
3708 5066 3782 5121 ita

2204 5144 2368 5199 etiam
2404 5159 2435 5198 a
2473 5146 2887 5205 successoribus
2926 5152 3132 5207 nostris
3166 5153 3387 5211 ﬁrmum
3417 5164 3474 5210 et
3510 5154 3778 5212 illibatum

2204 5234 2260 5287 in
2284 5244 2603 5305 perpetuum
2636 5249 3010 5307 conservetur,
3046 5242 3352 5315 obligamus
3380 5260 3484 5303 nos
3510 5254 3564 5302 et
3596 5256 3778 5316 postc-

2203 5338 2296 5364 rm
2324 5334 2541 5364 uncti-nc
2569 5328 2737 5364 minim
2761 5340 2978 5364 (mnsam
3011 5333 3175 5364 In“.--
3207 5336 3322 5364 ..η-ς
3355 5352 3682 5364 ,λη-..-μη
3727 5348 3775 5364 ,ι
