4020 5364
217 309 359 367 “'35

1308 311 1543 368 SERMO
1581 309 1670 367 DE
1709 309 2046 367 PASSIONE
2087 312 2144 366 Β.
2189 311 2419 368 MARCI.

3364 317 3385 370 ι
3394 315 3503 372 ιιι

214 441 341 496 gere
367 423 453 478 vel
486 437 764 477 removere
809 423 1119 490 tentaverit,
1139 439 1209 480 ex
1243 437 1395 496 parte
1428 427 1522 481 Dei
1549 429 1802 498 omnipo-
1838 435 1880 490 Α
1980 427 2093 482 Hoc
2117 444 2216 499 ego
2239 426 2566 484 Benedictus
2588 429 2836 484 notarius
2861 444 2956 501 per
2976 424 3283 500 iussionem
3305 445 3498 491 supra-

215 517 403 581 tent's,
446 522 503 570 et
543 512 602 567 Β.
630 512 813 570 Maria:
855 530 1070 586 semper
1111 516 1360 588 virginis,
1403 518 1657 590 beatique
1702 519 1804 573 Mi—

214 606 422 661 chaelis
449 604 786 676 archangeli,
816 615 872 660 et
899 621 964 661 ex
990 615 1146 676 parte
1175 617 1492 664 sanctorum
1523 610 1804 680 apostolo-

215 714 338 754 rum
364 697 509 754 Petri
534 706 588 753 et
611 696 786 764 Pauli,
812 706 868 752 et
887 699 1134 754 omnium
1157 701 1556 770 apostolorum,
1587 712 1641 757 et
1666 703 1805 757 beati

215 790 385 846 Mazci
428 791 688 862 martyris
741 790 1100 862 omniumque
1155 802 1504 860 sanctorum,
1549 803 1808 865 perpetuo

214 901 340 940 eum
368 884 734 940 anathematis
762 885 984 941 vinculo
1030 886 1383 952 innodamus,
1415 897 1476 942 ut
1512 887 1567 940 in
1600 887 1689 941 die
1718 886 1808 956 ju-

212 974 343 1029 dicii
381 990 490 1029 non
517 983 769 1045 resurgat
791 975 844 1030 in
871 976 1094 1032 dextera
1126 987 1280 1048 parte
1313 979 1682 1042 coronandus,
1712 979 1806 1033 sed

209 1081 342 1120 cum
362 1064 500 1121 Juda
527 1064 744 1122 Domini
769 1067 1052 1133 traditore,
1077 1077 1130 1123 et
1155 1084 1282 1123 cum
1308 1067 1480 1122 Datan
1502 1077 1557 1123 et
1577 1069 1802 1134 Abiron,

203 1172 354 1225 quos
395 1165 539 1211 terra
579 1157 732 1214 vivos
777 1159 1082 1226 absorbuit,
1119 1175 1277 1215 suam
1319 1161 1503 1216 sedem
1549 1159 1800 1229 accipiat.

211 1248 411 1313 Amen,
442 1247 553 1312 ﬁat,
587 1246 699 1303 ﬁat.

220 1371 710 1400 mar-'—

607 1375 2036 1402 Μ

1909 520 2041 575 dicti
2069 521 2399 577 venerabilis
2434 521 2677 592 episcopi
2701 521 2918 593 scripsi.

1981 657 2175 713 Actum
2200 659 2378 713 Atina:
2407 658 2654 715 feliciter.

2058 834 2167 890 Leo
2194 833 2290 889 Dei
2317 836 2490 906 gratia
2514 835 2806 906 episcopus
2831 836 3044 909 scripsi.

2052 926 2167 998 Ego
2203 926 2388 983 Laudo
2413 929 2586 999 gratia
2615 927 2710 982 Dei
2739 944 2941 985 comes.

2051 1019 2164 1092 Ego
2186 1019 2380 1076 Petrus
2415 1020 2592 1076 Adoni
2619 1021 2807 1091 judex.

1967 1174 1970 1176 γ
2051 1110 2249 1167 Petrus
2275 1111 2476 1167 Joanni
2505 1111 2682 1184 Scrgii
2706 1113 2894 1183 judex.

2049 1202 2161 1274 Ego
2188 1202 2404 1261 Jubone
2433 1205 2587 1260 testis
2613 1221 2756 1270 sum.

2389 1372 3482 1412 W____.

2041 1392 2758 1403 ..ο-...ς--σ---ῌ-ο.

1154 1540 1766 1666 DOMNI
1861 1542 2562 1671 LEONIS

1661 1795 1792 1882 SE
1814 1792 2062 1886 RMO

829 2006 1010 2156 DE
1097 2005 1782 2124 PASSIONE
1869 2008 2292 2124 BEATI
2377 2011 2860 2129 MARCl.

1409 2231 1695 2298 (licitum,
1722 2233 1809 2287 ubi
1836 2252 2019 2306 supra,
2045 2235 2148 2288 col.
2181 2233 2327 2300 455.)

1640 2395 1730 2405 ο--ρ-
1733 2397 1974 2405 -——._——_
1983 2398 2042 2408 .—

281 2539 364 2594 .ιλιι
400 2538 593 2594 matris
626 2538 883 2594 Ecclesiae
913 2541 1204 2609 gremium,
1241 2540 1439 2595 fratres
1473 2537 1806 2606 charissimi,
1845 2546 1884 2598 Β
1911 2542 2122 2599 lescant
2146 2560 2277 2613 ergo
2307 2545 2466 2598 hodie
2514 2544 2754 2598 ﬁdelium
2785 2553 3013 2608 mentes,
3048 2551 3099 2598 ct
3137 2543 3202 2597 de
3227 2550 3378 2598 tanto
3407 2542 3516 2599 [Ic--

205 2631 514 2687 harmoniae
559 2639 873 2703 tympanum
918 2647 1012 2700 per
1050 2639 1220 2686 totum
1260 2632 1446 2686 orbem
1485 2630 1634 2700 plebs
1660 2630 1794 2685 ﬁde-

207 2725 345 2778 lium
384 2715 629 2789 sumens,
666 2724 965 2792 laudesque
988 2722 1120 2794 Regi
1154 2723 1444 2794 magniﬁco
1476 2737 1642 2793 super
1673 2722 1804 2778 bea-

205 2816 412 2870 tissimi
439 2815 604 2871 Marci
637 2816 913 2886 pontificis
955 2816 1266 2885 passionem
1304 2831 1506 2871 canens
1536 2822 1802 2870 recurrat.

208 2907 386 2963 Hodie
408 2924 647 2978 namque
671 2907 887 2963 Marcus
915 2909 1116 2979 prtesul
1139 2909 1542 2975 sanctissimus,
1574 2908 1805 2980 apost.li

207 3001 357 3055 Petri
389 3001 694 3070 discipulus
723 3010 1019 3056 coronatus
1048 3011 1177 3056 ante
1205 3000 1494 3056 Dominum
1531 3001 1803 3072 pervenit;

209 3093 374 3148 hodie
424 3093 706 3147 laureatos
749 3093 1064 3148 cmlestibus
1111 3091 1300 3147 infulis
1349 3093 1637 3149 redimitus
1681 3101 1808 3148 ante

208 3201 338 3238 cum
360 3183 591 3250 assistit,
621 3185 804 3250 hodie,
832 3185 1077 3255 inquam,
1109 3185 1298 3240 audire
1323 3185 1524 3240 meruit
1549 3205 1562 3240 :
1595 3206 1612 3236 ι
1638 3184 1804 3255 Euge,

209 3277 357 3333 bene
396 3291 552 3332 serve
574 3286 630 3332 et
658 3277 832 3332 ﬁdelis
853 3319 868 3343 ,
907 3277 1037 3348 quia
1083 3278 1138 3332 in
1180 3277 1398 3333 modico
1429 3277 1579 3334 fuisti
1609 3279 1805 3344 fidelis,

211 3370 325 3424 cris
345 3377 670 3439 potestatem
695 3370 902 3426 habens
927 3385 1091 3441 supra
1119 3370 1321 3437 multa;
1348 3370 1508 3426 hodie
1532 3385 1629 3440 pro
1649 3370 1809 3424 Chri-

211 3474 302 3519 sto
319 3465 538 3520 duobus
563 3466 733 3521 clavis
755 3466 810 3520 in
830 3466 1007 3536 capite
1026 3465 1346 3530 estai'ﬁxus;
1375 3465 1536 3520 hodie
1558 3464 1807 3519 bravium

215 3557 460 3612 victorite
495 3559 752 3628 perennis
773 3559 1012 3629 accepit;
1043 3559 1207 3613 hodie
1239 3559 1344 3613 sub
1364 3557 1572 3614 cmlesti
1603 3565 1687 3612 est
1713 3571 1807 3611 ara

215 3650 462 3717 locatus;
496 3651 680 3718 hodie,
695 3668 820 3707 cum
858 3652 945 3707 his
975 3651 1070 3722 qui
1101 3666 1202 3722 pro
1227 3651 1451 3707 Christo
1481 3651 1628 3722 passi
1657 3658 1805 3714 sunt,

212 3741 495 3797 canticum
521 3757 720 3797 novum
750 3741 862 3798 Deo
884 3743 1186 3798 decantans
1211 3743 1477 3808 exsultat;
1501 3742 1662 3796 hodie
1687 3756 1808 3796 cor-

215 3847 320 3901 pus
365 3849 528 3888 suum
574 3833 694 3888 urbi
730 3833 902 3889 Atium
938 3834 1320 3888 tumulandum
1359 3834 1604 3903 reliquit;
1643 3831 1804 3886 hodie

1911 2633 2090 2686 clcsize
2118 2633 2284 2686 ariete
2319 2633 2746 2703 congaudentes,
2803 2633 2936 2687 odas
2968 2632 3189 2688 Christo
3226 2641 3502 2702 premant,

1907 2726 2210 2795 melicaque
2258 2725 2460 2779 famina
2487 2724 2684 2780 laudis.
2722 2725 2858 2780 Nam
2905 2725 3029 2796 quis
3051 2741 3216 2795 super
3249 2734 3361 2779 tam
3393 2723 3497 2778 im-

1907 2818 2285 2873 manissimum
2317 2819 2624 2887 passionem
2665 2834 2773 2873 non
2801 2819 3195 2888 Obstupescat?
3227 2819 3353 2888 quis
3393 2834 3506 2874 non

1908 2909 2211 2964 admiretur
2240 2894 2467 2963 tortoris
2507 2925 2705 2965 szevam
2729 2909 3147 2965 crudelitatem?
3177 2909 3499 2965 Anorehen-

1908 3000 2057 3054 ditur
2082 3000 2408 3070 praedicator
2443 2999 2730 3056 Trinitatis
2785 3001 3186 3067 sanctissimus,
3211 3011 3264 3056 et
3306 3001 3510 3072 pracsul

1909 3093 2235 3162 magniﬁcus
2253 3091 2462 3147 catenis
2493 3091 2685 3147 ferreis
2709 3101 3041 3160 coarctatur,
3065 3093 3273 3150 carceri
3294 3093 3508 3149 manci,

1911 3195 2090 3254 patur,
2119 3185 2400 3254 suppliciis
2460 3184 2710 3250 afﬁcitur,
2758 3185 3150 3255 proscribitur,
3189 3185 3503 3251 damnatur,

1909 3275 1975 3330 ad
1999 3284 2334 3342 postremum
2375 3273 2543 3330 clavis
2589 3275 2924 3331 acutissimis
2955 3275 3008 3329 in
3045 3276 3222 3346 capite
3249 3275 3504 3332 confodi-

1911 3374 2018 3419 tur.
2050 3364 2257 3432 Videte,
2293 3365 2513 3432 fratres,
2539 3367 2716 3421 videte
2742 3365 2909 3422 Marci
2939 3369 3283 3440 mysterium,
3327 3367 3505 3424 videte

1911 3467 2118 3513 tantam
2167 3459 2655 3529 longanimitatem,
2715 3460 2892 3516 videte
2929 3469 3136 3516 tantam
3165 3460 3508 3531 patientiam.

1911 3552 2338 3607 Animadvertite
2363 3569 2476 3623 quo
2517 3553 2700 3608 calore
2732 3554 3014 3620 urebatur,
3038 3553 3155 3625 qui,
3181 3553 3312 3609 dum
3339 3554 3510 3608 intre-

1911 3644 2072 3713 pidus
2099 3644 2542 3714 persecutoribus
2578 3643 2804 3699 verbum
2823 3645 2949 3700 vita:
2976 3644 3286 3710 annuntiat,
3317 3651 3526 3699 acutos

1913 3735 1968 3789 in
1993 3735 2171 3805 capite
2215 3749 2318 3790 suo
2373 3751 2474 3806 pro
2503 3735 2707 3790 Christi
2733 3734 2956 3788 nomine
3006 3735 3284 3804 suscipere
3324 3734 3525 3789 clavos-

1917 3844 2025 3883 non
2062 3827 2392 3883 formidavit.
2421 3826 2692 3882 Urebatur
2722 3834 2928 3897 martyr
2958 3825 3342 3881 sanctissimus
3363 3825 3510 3881 desi-

217 3935 498 3996 pertotam
517 3924 879 3996 Campaniam
894 3927 1216 3982 catholicam
1234 3925 1806 3980 illustratEcclesiam.
1839 3913 1880 3970 C
1913 3920 2065 3976 derio
2083 3921 2207 3974 vita:
2233 3929 2468 3985 aeternae,
2508 3928 2561 3973 et
2591 3919 2794 3973 idcirco
2835 3917 3067 3972 libenter
3083 3916 3346 3973 sustinuit
3380 3932 3512 3972 acu-

218 4019 369 4074 Adeo
395 4019 542 4074 enim
573 4019 986 4089 snpereminens
1011 4019 1132 4088 ejus
1161 4017 1619 4074 excellentissima
1647 4017 1816 4071 exsti-

222 4112 286 4165 tit
305 4111 496 4176 gloria.
522 4119 584 4166 ut
611 4127 708 4166 sua
731 4110 949 4182 quidem
977 4111 1232 4181 passione
1252 4125 1362 4164 non
1393 4109 1570 4163 solum
1598 4107 1818 4162 Atinen-

223 4219 335 4257 sem
363 4203 687 4270 Ecclcstam,
716 4219 904 4258 verum
930 4203 1094 4258 etiam
1127 4211 1298 4256 totam
1326 4201 1622 4255 illustraret
1645 4199 1812 4255 Cam-

220 4296 474 4364 pazziam;
505 4295 828 4351 clariﬁcavit
860 4311 1054 4366 nempe
1088 4294 1178 4350 hic
1207 4293 1559 4349 beatissimus
1607 4301 1814 4364 martyr

219 4394 276 4439 ct
326 4385 569 4456 pontifex
615 4385 831 4442 Marcus
866 4403 963 4442 sua
1004 4386 1259 4456 passione
1300 4384 1486 4440 Jesum
1531 4383 1810 4440 Christum

223 4471 516 4530 Dominum
543 4484 812 4542 nostrum,
846 4491 969 4531 cum
1007 4490 1106 4546 pro
1127 4475 1248 4544 ejus
1283 4474 1504 4530 nomine
1533 4473 1701 4530 clavis
1730 4483 1815 4529 est

222 4567 278 4620 in
302 4567 482 4637 capite
507 4568 651 4624 binis
671 4569 950 4633 conﬁxus;
977 4582 1076 4622 sua
1109 4567 1291 4636 itaque
1317 4564 1574 4636 passione
1596 4574 1650 4620 et
1673 4580 1814 4634 prae-

220 4659 434 4715 sulatus
475 4659 636 4715 oﬁicii
668 4661 930 4731 dignitate
966 4660 1258 4714 iilustravit
1301 4657 1630 4722 Ecclesiam,
1661 4671 1808 4720 cum,

223 4752 366 4807 sicut
390 4767 418 4807 a
446 4752 606 4807 beato
631 4753 878 4822 apostolo
899 4750 1062 4805 Petro
1084 4751 1133 4804 ei
1165 4749 1343 4805 fuerat
1365 4749 1646 4813 traditum,
1675 4747 1813 4802 alios

221 4845 427 4910 verbis,
460 4845 598 4900 alios
632 4844 878 4916 corporis
909 4844 995 4899 sui
1027 4842 1315 4915 supplicio,
1344 4841 1482 4896 alios
1517 4839 1814 4896 miraculo-

217 4952 345 4995 rum
400 4937 574 5008 signis
618 4937 686 4992 ad
730 4938 843 4992 veri
892 4935 982 4991 Dei
1028 4937 1302 4992 culturam
1344 4932 1628 4999 accendit;
1683 4948 1809 4986 nam

221 5031 349 5098 quis
389 5029 443 5084 in
489 5039 692 5085 sanctae
728 5030 920 5084 matris
957 5027 1212 5086 Ecclesia:
1264 5026 1473 5101 gremio
1507 5026 1813 5080 consistens

221 5122 410 5177 clavos
465 5119 520 5174 in
583 5119 756 5190 capite
814 5133 922 5174 non
975 5119 1205 5177 libenter
1261 5131 1359 5188 pro
1411 5115 1630 5170 Christo
1685 5130 1809 5169 cum

222 5210 410 5269 Marco
456 5213 773 5282 susciperet,
815 5218 875 5264 ut
914 5226 945 5264 a
983 5211 1208 5268 Christo
1254 5208 1486 5263 Domino
1531 5207 1585 5260 in
1622 5221 1816 5277 perpe-

1199 5301 1274 5320 -.ο
1305 5297 1374 5320 n-
1405 5299 1505 5320 Ι---
1541 5297 1679 5320 ...ἓ---Ξ

1705 5299 1805 5320 1-...
1849 5288 1891 5320 n

1921 4012 2070 4066 mina
2083 4027 2222 4066 saeva
2237 4012 2535 4066 clavorum.
2552 4009 2686 4065 llinc
2705 4009 2906 4064 Paulus
2927 4009 3034 4063 ait:
3054 4008 3222 4064 Vivus
3235 4019 3514 4065 estsermo

1921 4100 2035 4166 Dei,
2070 4110 2124 4155 et
2153 4100 2361 4167 efﬁcax,
2387 4110 2442 4155 et
2461 4100 2850 4171 penetrabilior
2871 4099 3024 4154 omni
3059 4101 3238 4172 gladio
3263 4099 3522 4171 ancipiti,

1917 4193 2230 4263 pertingens
2241 4193 2406 4248 etiam
2436 4208 2610 4263 usque
2625 4192 2694 4247 ad
2709 4193 3011 4247 divisiones
3034 4192 3230 4248 anima:
3255 4209 3320 4247 ac
3342 4193 3526 4264 spiri-—

1914 4300 2024 4355 tus,
2051 4305 2374 4360 eompagum
2401 4304 2642 4360 quoque,
2684 4297 2738 4342 et
2761 4288 3124 4342 medullarum
3155 4297 3207 4343 et
3244 4289 3538 4345 discretor~

1914 4381 2830 4455 eogitationumDei(IIebr.tv.12).
2863 4382 3158 4437 Clavorum
3196 4381 3360 4453 igitur
3383 4381 3514 4436 bea»

1913 4479 2160 4533 tissimus
2198 4477 2415 4532 Marcus
2457 4476 2790 4532 afficiebatur
2835 4475 3122 4546 supplicio,
3157 4473 3250 4530 sed
3275 4473 3510 4528 validius

1912 4572 2087 4627 sancti
2114 4571 2351 4640 Spiritus
2396 4571 2659 4625 urebatur
2679 4571 2912 4634 ardore;
2952 4567 3045 4622 sed
3086 4567 3216 4621 dum
3255 4566 3514 4636 martyris

1912 4681 2066 4718 mens
2092 4664 2145 4718 in
2176 4663 2296 4718 ﬁdei
2349 4678 2536 4716 amore
2571 4663 2941 4734 succenditur,
2976 4660 3102 4714 hinc
3135 4657 3369 4726 amplius
3395 4666 3511 4711 tor—

1914 4766 2002 4810 tor
2029 4755 2300 4810 nefandus
2340 4753 2406 4808 ad
2429 4754 2549 4823 ejus
2577 4769 2766 4808 necem
2798 4768 2922 4807 eum
2953 4750 3134 4808 saevis
3162 4748 3377 4804 lanistis
3403 4765 3510 4805 xur-

1912 4858 2085 4919 getur.
2119 4847 2333 4902 Clamat
2363 4845 2617 4911 celerius,
2657 4845 2853 4898 clamat
2894 4841 3193 4899 instantius
3223 4859 3236 4892 :
3287 4857 3304 4889 ι
3333 4855 3377 4894 -ο
3404 4857 3540 4896 ma-~

1915 4943 1950 4996 li
1983 4941 2208 5008 milites,
2234 4939 2609 4996 effeminatum
2632 4938 2725 5008 qui
2757 4935 3009 4994 animum
3044 4931 3198 4988 fertis
3249 4947 3373 4986 eum
3412 4948 3528 4988 sec-

1915 5033 2245 5090 leratissimo
2257 5033 2444 5087 Marco
2459 5030 2744 5102 parcitis!»
2775 5025 2940 5080 Atina
2950 5028 3074 5088 usis
3100 5020 3362 5077 civitasin
3376 5021 3537 5076 Clu-i-

1915 5130 1983 5185 sti
2016 5127 2173 5183 laude
2209 5124 2470 5189 resultat;
2507 5129 2877 5196 przrparentur
2909 5135 3079 5184 nova
3121 5109 3545 5185 supplicia,gla—
3627 5175 3635 5188 ,_

1917 5223 2040 5279 dius
2062 5229 2315 5286 acuatur,
2362 5217 2488 5270 neci
2516 5215 2995 5278 Christianorum
3041 5198 3243 5285 prmi“
3277 5210 3333 5312 et
3376 5202 3562 5260 doctor
