4020 5364
476 235 636 323 31427

1637 245 1874 310 ιεοΝιε
1910 249 2275 314 ATINENSIS
2312 202 2655 317 EPISCOPI”

3628 257 3800 323 U28

488 329 601 450 put
613 352 731 450 ejus
746 355 1076 428 perforatur.
1099 361 1193 418 sed
1219 362 1538 419 firmissima
1562 369 1876 423 constantia
1904 378 2082 440 pecto-
2111 376 2155 432 A
2186 375 2254 429 sti
2278 373 2495 431 Domini
2527 374 2702 431 nostri
2737 361 3065 445 praedicator
3119 344 3386 448 testisque
3432 378 3795 450 magniﬁcus.

475 442 721 518 ‘r‘is‘ejus
765 466 796 505 a
847 453 1115 511 charitate
1181 474 1290 514 non
1321 460 1608 516 recedebat
1660 461 2083 534 Omnipotentis.

392 579 402 593 .
489 535 705 609 Corpus
761 545 1025 615 supplicia
1058 540 1284 619 patitur,
1312 551 1406 606 sed
1445 552 1676 610 salutem
1718 554 1843 610 vitae
1868 563 2088 613 aeterna:

488 631 743 702 acquirit.
793 634 839 691 Ο
872 636 1000 694 felix
1049 643 1401 699 constantia!
1439 660 1473 700 ο
1513 628 1638 716 spes
1679 648 2082 716 inenarrabilis,

486 739 633 793 quae,
658 727 788 784 dum
817 731 1096 790 clavorum
1121 752 1229 792 non
1257 738 1442 795 timuit
1467 740 1739 797 sustinere
1783 742 2083 810 cruciatus,

488 827 616 875 ante
649 823 1038 895 omnipotentis
1075 827 1170 885 Dei
1211 831 1557 890 clementiam
1579 834 1779 890 meruit
1800 835 2086 905 pervenire

491 911 800 972 laureatus!
829 916 1162 989 Laureatus,
1197 922 1444 994 inquam,
1481 934 1608 981 ante
1637 922 1931 983 Dominum
1957 927 2087 982 bea-

488 1011 581 1059 tus
605 1004 823 1066 Marcus
852 1013 1090 1081 advenit,
1106 1025 1161 1071 et
1184 1033 1308 1073 mox
1341 1019 1807 1077 intersanctorum
1839 1028 2088 1078 catervas

487 1110 520 1149 a
548 1095 782 1155 Domino
817 1111 903 1158 est
952 1103 1079 1161 Jesu
1107 1105 1583 1167 Christolocatus.
1636 1109 1736 1165 Hic
1756 1120 1842 1167 est
1880 1121 2089 1184 martyr

488 1188 862 1263 beatissimus,
929 1197 1020 1254 hic
1062 1209 1146 1255 est
1193 1201 1391 1270 praesul
1444 1201 1824 1275 dignissimus,
1887 1202 1976 1258 hic
2003 1214 2091 1258 est

490 1282 754 1386 principis
775 1290 1146 1359 apostolorum
1171 1292 1496 1365 discipulus,
1524 1295 1614 1351 hic
1648 1304 1733 1351 est
1760 1293 1889 1352 Jesu
1918 1295 2088 1352 Chri-

2193 466 2299 522 Sed
2327 467 2586 538 quoniam
2618 467 2794 539 ipsius
2822 467 2986 524 hodie
3020 469 3329 525 veneranda
3359 470 3613 525 nataiitia
3641 472 3795 527 cele-

2189 560 2436 627 bramus,
2465 576 2615 628 eum,
2647 569 2909 632 tanquam
2935 570 3222 632 patronum
3251 571 3529 629 nostrum,
3579 562 3800 633 ﬂagite-

2189 666 2314 709 mus
2355 652 2614 707 obnixius
2656 660 2928 723 quatenus
2963 667 3064 723 pro
3100 652 3260 708 nobis
3298 652 3524 708 assidue
3556 653 3799 709 interce-

2188 744 2283 799 dat
2307 745 2374 799 ad
2404 743 2729 811 Dominum;
2753 743 2952 799 decens
2981 743 3249 814 siquidem
3274 752 3359 799 est
3387 753 3447 799 ut
3461 759 3629 815 quem
3651 759 3799 814 pra

2191 836 2493 893 dicatorem
2522 843 2578 891 et
2600 835 2878 892 doctorem
2913 836 3161 891 veritatis
3194 835 3496 890 habuimus
3524 836 3585 889 in
3603 836 3795 898 terris,

2195 929 2498 999 adiutorem
2528 928 2734 1000 pariter
2756 928 2959 984 habere
2988 940 3299 983 mereamur
3332 926 3390 980 in
3423 927 3606 992 caelis,
3642 926 3796 996 quod

2194 1020 2449 1078 Christus
2469 1020 2630 1077 Jesus
2652 1018 2769 1076 Rex
2806 1035 2995 1092 regum
3040 1020 3286 1075 omnium
3333 1018 3608 1074 concedat
3634 1024 3796 1071 atter-

2195 1129 2321 1179 nus,
2347 1113 2441 1183 qui
2457 1112 2587 1168 vivit
2606 1120 2662 1168 et
2681 1119 2872 1183 regnat
2903 1126 3028 1166 cum
3066 1109 3226 1166 Patre
3249 1118 3306 1165 et
3352 1110 3566 1182 Spiritu
3600 1114 3797 1163 sancto

2195 1220 2292 1276 per
2318 1204 2502 1261 omnia
2529 1204 2729 1261 sarcula
2755 1203 3102 1260 saeculorum.
3131 1202 3326 1258 Amen.

498 1442 3783 1482 mw

603 1464 810 1476 -,....____
838 1469 847 1477 ,
890 1464 911 1466 ν-
936 1464 1127 1480 ..ν-ηνκῇ

1425 1585 2839 1771 DOMNILEONIS

1188 2086 1272 2149 IN
1313 2078 1639 2151 OCTAVA
1686 2090 1746 2151 s.
1796 2089 2051 2152 MA'RCI
2094 2089 2453 2153 EPISCOPI
2498 2091 2604 2153 ET
2646 2059 3084 2154 MARTYRIS.

569 2399 760 2467 llodie,
780 2399 1141 2467 dilectissimi,
1162 2406 1414 2456 octavum
1439 2399 1583 2457 diem
1605 2399 1935 2458 sanctissimi
1952 2417 2093 2458 mar—
2123 2404 2167 2462 B
2193 2418 2364 2459 unum
2391 2402 2695 2474 baptisma;
2726 2403 2980 2460 similiter
3005 2413 3056 2461 et
3089 2419 3185 2476 per
3210 2404 3447 2477 primam
3479 2405 3633 2462 diem
3675 2422 3796 2479 pos-

495 2497 636 2567 tyris
664 2504 717 2550 et
746 2494 1020 2566 pontificis
1046 2491 1213 2549 Marci
1238 2492 1600 2561 celebramus,
1649 2494 1704 2550 in
1733 2510 1844 2566 quo
1863 2495 2095 2552 calcavit

499 2588 780 2661 diabolum
833 2594 1272 2658 persequentem,
1319 2586 1452 2642 vicit
1498 2587 1766 2643 mundum
1812 2588 2094 2643 blandien-

499 2691 633 2748 tem,
668 2690 722 2737 et
749 2680 852 2737 sub
895 2680 1125 2751 pedibus
1180 2679 1297 2735 suis
1331 2679 1674 2735 conculcavit
1709 2680 2093 2751 imperatorem

498 2771 845 2829 frementem.
865 2769 1079 2839 Quanta
1108 2770 1253 2826 enim
1277 2770 1447 2843 gloria
1472 2778 1528 2827 et
1553 2771 1755 2842 quibus
1788 2770 2094 2828 honoribus

486 2871 560 2926 *iu
590 2869 697 2924 hoc
718 2866 923 2923 mundo
951 2864 1168 2931 claruit,
1197 2874 1254 2920 et
1276 2864 1514 2934 qualiter
1541 2864 1917 2935 apostolorum
1942 2864 2096 2936 prin-

502 2962 641 3034 cipis
676 2958 856 3016 faetus
878 2958 1115 3025 auditor,
1139 2958 1483 3028 qualiterque
1525 2956 1594 3011 ad
1640 2956 1883 3013 coelestia
1924 2972 2094 3028 regna

499 3042 776 3125 migravit,
803 3067 928 3108 cum
955 3048 1076 3121 ejus
1105 3049 1291 3120 passio
1312 3049 1605 3119 legeretur,
1629 3048 1861 3104 audistis
1885 3063 1902 3115 ;
1950 3057 2095 3105 recte

502 3146 670 3219 igitur
695 3144 871 3201 sancti
903 3143 1159 3215 martyris
1202 3150 1257 3197 et
1303 3140 1554 3213 praesulis
1610 3140 1876 3216 solemnia
1920 3157 2096 3214 usque

2193 2512 2386 2553 sumus
2408 2496 2709 2569 intelligere
2734 2493 2804 2553 ab
2830 2497 3004 2553 Adam
3035 2513 3208 2569 usque
3236 2498 3306 2554 ad
3333 2496 3472 2566 Noe,
3510 2507 3567 2555 et
3599 2502 3797 2556 unius-

2193 2589 2464 2662 cujusque
2522 2589 2764 2645 hominis
2804 2587 3126 2659 infantiam,
3184 2598 3240 2646 et
3279 2592 3715 2663 eorreptionem,
3741 2598 3796 2648 et

2195 2681 2496 2739 insciorum
2524 2682 2991 2753 praedicationem.

2752 2773 2831 2829 De
2868 2774 3096 2830 secundo
3119 2775 3221 2830 die.

2266 2864 2325 2923 ln
2347 2868 2590 2925 secundo
2608 2881 2739 2924 vero
2760 2882 2991 2924 numero
3015 2867 3594 2940 intelligeredebemns
3618 2870 3793 2943 legem

2194 2967 2251 3016 et
2272 2961 2529 3031 gratiam,
2581 2962 2830 3017 timorem
2857 2969 2912 3016 et
2967 2961 3369 3031 paenitentiam.
3409 2959 3590 3018 Pedes
3638 2965 3793 3031 recti,

2190 3052 2345 3123 juxta
2373 3052 2537 3108 illud;
2574 3072 2593 3104 σ
2614 3051 2765 3108 ﬂecti
2793 3053 3030 3124 diligunt
3052 3061 3136 3121 te;
3184 3072 3204 3107 ι
3241 3063 3295 3109 et
3317 3055 3558 3125 speciem
3585 3057 3793 3122 electri,

2196 3143 2249 3199 id
2279 3152 2383 3212 est,
2413 3143 2536 3199 Filii
2573 3143 2669 3200 Dei
2701 3145 3136 3201 incarnationem
3166 3162 3313 3213 ;-nec
3362 3162 3477 3201 non
3508 3156 3565 3204 et
3592 3164 3794 3219 corpus

501 3240 571 3295 ad
593 3237 736 3293 diem
767 3237 1114 3293 celebrantur
1147 3243 1423 3301 octavum,
1454 3233 1549 3306 qui
1587 3243 1796 3304 septem
1825 3242 2093 3306 tempora,
2194 3245 2250 3292 et
2275 3237 2479 3304 anima,
2501 3238 2669 3292 vitam
2693 3238 2927 3295 activam
2971 3246 3026 3294 et
3051 3238 3552 3308 contemplatiram,
3593 3242 3796 3311 practi-

503 3330 559 3386 id
579 3340 683 3396 est,
714 3338 919 3401 septem
943 3344 974 3384 a
996 3328 1198 3410 sagulo
1224 3328 1371 3399 leges
1398 3343 1495 3399 per
1511 3335 1716 3398 septem
1732 3326 1871 3394 dies,
1894 3328 2099 3398 quibus
2197 3342 2317 3383 cam
2341 3336 2395 3383 et
2438 3328 2761 3395 theoricam,
2797 3343 3021 3385 sensum
3067 3328 3393 3384 historicum
3428 3338 3485 3384 ct
3536 3329 3793 3401 allegori-

500 3421 616 3475 vita
679 3420 920 3475 humana
982 3419 1322 3490 designatur,
1397 3432 1730 3475 conservans
1756 3459 1773 3486 ,
1840 3426 2093 3475 octavum
2197 3433 2323 3474 cum
2350 3417 2530 3475 facere
2556 3428 2612 3475 et
2631 3420 2849 3486 docere,
2894 3419 3333 3489 uniuscujusque
3363 3420 3701 3490 pueritiam;
3730 3438 3795 3476 ac

504 3510 654 3565 diem
689 3551 705 3573 ,
729 3508 825 3579 qui
878 3509 1303 3566 resurrectionis
1339 3518 1395 3564 et
1429 3509 1639 3580 judicii~
1671 3518 1774 3577 est,
1823 3509 1880 3564 in
1914 3509 2097 3565 cordis
2194 3510 2352 3581 juxta
2379 3509 2596 3570 Domini
2619 3518 2947 3581 praeceptum
2972 3510 3534 3566 esurientesrelicere.
3566 3510 3632 3565 Et
3660 3521 3793 3566 tem-

503 3617 709 3680 arcano
745 3602 1008 3669 retinens,
1039 3616 1140 3673 pro
1172 3596 1292 3658 ﬁdei
1316 3600 1521 3657 Christi
1569 3601 1710 3657 mori
1746 3617 1869 3657 non
1891 3601 2093 3657 timuit.
2198 3615 2304 3671 pus
2328 3616 2358 3655 a
2391 3597 2507 3655 Noe
2530 3615 2707 3671 usque
2730 3600 2797 3655 ad
2823 3599 3097 3663 Abraham
3128 3608 3213 3665 est
3234 3599 3679 3669 delinquentium
3710 3602 3793 3654 in-

507 3691 665 3760 θυοδ
691 3708 820 3748 vero
850 3700 1034 3763 partes
1056 3700 1283 3763 septem,
1308 3707 1521 3750 necnon
1546 3702 1601 3749 et
1621 3701 1769 3761 octo,
1790 3694 2096 3764 unusquis-
2134 3690 2445 3764 _.crcpatio
2469 3708 2485 3757 ;
2508 3690 2796 3761 perlegem
2814 3706 3053 3761 namque
3074 3691 3327 3749 homines
3349 3706 3379 3745 a
3398 3699 3627 3761 peccato
3639 3707 3794 3747 coer-

502 3757 611 3858 que
650 3787 825 3843 ﬁdelis
850 3757 1005 3843 dare
1033 3757 1249 3852 debeat,
1273 3757 1539 3843 Salomon
1588 3757 1828 3843 declarat
1854 3757 2043 3842 dicens
2078 3805 2094 3841 :
2123 3757 2169 3821 ο
2199 3757 2411 3848 centur,
2557 3757 2788 3853 gratiam
2818 3757 3197 3853 peccatoribus
3244 3757 3574 3853 ignoscitur,
3600 3798 3699 3853 per
3725 3784 3790 3837 ti-

508 3899 528 3928 ο
564 3877 640 3951 Da
673 3888 857 3950 partes
910 3886 1117 3949 septem
1173 3894 1272 3933 nec
1315 3894 1423 3933 non
1459 3886 1513 3934 et
1539 3888 1683 3935 octo.
1723 3897 1741 3929 ι
1777 3877 1903 3934 Dies
1923 3879 2093 3942 enim,

501 3972 720 4038 fratres,
746 3971 801 4027 in
826 3979 1015 4028 sancta
1046 3970 1287 4027 Ecclesia
1322 3971 1672 4027 declarantur
1701 3981 1832 4037 tres,
1865 3982 1993 4028 ante
2019 3973 2095 4027 le-

504 4079 652 4136 gem,
675 4064 777 4119 sub
801 4064 939 4134 lege,
970 4072 1026 4119 et
1069 4063 1173 4119 sub
1197 4063 1403 4134 gratia;
1428 4063 1776 4119 declarantur
1801 4074 1856 4119 et
1886 4074 2092 4135 septem

501 4171 602 4226 per
628 4165 835 4227 septem
857 4172 886 4210 a
916 4156 1120 4212 saeculo
1151 4156 1325 4227 leges:
1358 4156 1452 4212 Sed
1477 4155 1619 4227 jam,
1641 4165 1803 4227 prout
1827 4156 2096 4212 Dominus

501 4247 736 4313 dederit,
756 4247 1075 4318 praedictum
1114 4263 1402 4302 numerum
1432 4247 1669 4318 qualiter
1692 4248 2096 4319 intelligendus,

502 4341 878 4411 etunicuiqne
917 4340 989 4396 sit
1038 4341 1332 4411 aptandus,
1367 4350 1421 4396 et
1470 4341 1602 4411 quid
1647 4342 1877 4414 mystice
1897 4342 2094 4413 signet,

502 4440 699 4488 vestra:
718 4429 1046 4487 fraternitati
1062 4446 1402 4503 premamus.

1100 4522 1178 4578 De
1200 4524 1372 4594 primo
1404 4523 1517 4577 die.

571 4617 633 4674 ln
664 4618 845 4689 primo
868 4632 1105 4687 namque
1132 4630 1368 4672 numero
1394 4613 1748 4685 intelligimus
1781 4611 1953 4668 Deum
1986 4611 2094 4667 Pa-

499 4720 639 4768 trem
663 4711 1114 4782 omnipotentem.
1145 4708 1204 4763 ln
1231 4707 1473 4765 secundo
1502 4706 1687 4762 Iesum
1701 4704 1980 4761 Christum
2000 4703 2094 4757 Fi-

497 4805 635 4860 lium
685 4804 811 4874 ejus
859 4802 1152 4858 Dominum
1191 4809 1465 4857 nostrum.
1503 4797 1563 4853 In
1612 4798 1774 4854 tertio
1830 4796 2095 4868 Spiritum

498 4906 781 4962 sanctum,
808 4911 839 4951 a
862 4894 1023 4951 Patre
1050 4903 1106 4950 et
1152 4892 1295 4947 Filio
1340 4890 1747 4962 procedentem.
1790 4887 1858 4945 Et
1900 4888 1954 4943 hi
1986 4896 2097 4944 tres

499 5005 675 5045 unum
705 4997 857 5054 sunt,
904 5001 1074 5042 unum
1123 4985 1178 5040 in
1227 4984 1453 5049 deitate,
1484 4990 1541 5039 et
1573 4989 1686 5037 tres
1708 4981 1764 5037 in
1818 4980 2091 5052 personis.

2197 3890 2404 3930 morem
2488 3874 2863 3930 misericordia
2938 3874 3202 3945 poscitur,
3260 3890 3359 3946 per
3410 3876 3787 3945 paenitentiam

2197 3968 2578 4039 peccatoribus
2624 3967 2781 4022 venia
2837 3967 3023 4033 datur,
3052 3983 3151 4038 per
3188 3967 3354 4039 pedes
3378 3967 3435 4023 in
3468 3969 3620 4022 viam
3650 3984 3790 4023 man—

2196 4058 2447 4112 datorum
2478 4056 2574 4112 Dei
2604 4056 2865 4123 curritur,
2893 4072 2990 4128 per
3012 4057 3277 4113 electrum
3321 4056 3449 4111 Filii
3482 4056 3581 4112 Dei
3608 4059 3786 4113 incar-

2198 4148 2348 4204 natio
2372 4148 2800 4204 demonstratur.

2786 4238 2865 4295 De
2897 4240 3051 4295 tertio
3080 4239 3186 4294 die.

2268 4330 2326 4388 in
2380 4333 2526 4389 trino
2556 4347 2785 4388 numero
2837 4332 3192 4403 intelligimus
3249 4330 3540 4386 Trinitatis
3592 4341 3785 4403 mystev

2196 4424 2364 4491 rium,
2391 4433 2447 4480 et
2475 4434 2585 4480 tres
2633 4423 2854 4480 chorda:
2878 4424 2934 4477 in
2955 4423 3188 4488 cithara,
3239 4420 3410 4477 Deum
3436 4438 3537 4493 per
3567 4422 3790 4479 artificis

2197 4531 2423 4572 manum
2452 4516 2760 4583 laudantes,
2813 4531 2881 4571 ac
2935 4525 3045 4570 tres
3081 4513 3199 4570 dies
3236 4515 3306 4570 ab
3335 4515 3553 4586 origine
3583 4514 3785 4580 mundi,

2196 4618 2259 4665 ut
2285 4618 2412 4664 ante
2440 4607 2550 4678 jam
2571 4608 2707 4674 dixi,
2733 4623 2908 4679 usque
2936 4608 3002 4663 ad
3036 4607 3570 4663 consummationem
3588 4607 3787 4665 saeculi.

2200 4698 2341 4755 Sunt
2362 4699 2509 4754 enim
2561 4700 2756 4755 itinere
2812 4699 2980 4753 trium
3019 4699 3234 4754 dierum
3298 4697 3464 4753 Pater
3495 4698 3787 4770 ingenitus,

2197 4791 2370 4848 Filius
2407 4791 2743 4863 unigenitus,
2776 4790 3015 4861 Spiritus
3045 4798 3271 4846 sanctus
3318 4790 3391 4845 ab
3413 4798 3653 4859 utroque
3673 4802 3787 4860 pro-

2197 4883 2417 4950 cedens,
2455 4884 2618 4939 Pater
2644 4884 2698 4937 in
2747 4898 2899 4948 voce,
2963 4881 3137 4938 Filius
3171 4882 3226 4937 in
3267 4882 3531 4957 .humana
3578 4891 3782 4945 natura,

2201 4972 2437 5046 Spiritus
2457 4983 2682 5031 sanctus
2705 4975 2759 5029 in
2785 4974 2966 5045 specie
2996 4974 3262 5030 columbas
3281 4981 3338 5028 et
3368 4973 3537 5044 ignis.
3567 4972 3626 5027 in
3658 4973 3785 5027 libro

500 5080 630 5137 Dies
657 5078 1021 5149 autem‘Deus
1042 5076 1203 5132 Pater
1235 5085 1341 5142 est,
1361 5075 1481 5131 dies
1505 5072 1679 5129 Filius
1700 5082 1804 5140 est,
1827 5073 1944 5128 dies
1973 5072 2097 5140 8ρί-
2129 5101 2175 5160 D
2200 5080 2437 5136 namque
2468 5064 2772 5122 Ezechielis
2801 5064 3109 5121 tria.verba
3149 5064 3429 5134 descripta
3459 5063 3697 5118 ostendit
3716 5062 3780 5116 illi

501 5172 644 5225 ritus
672 5178 898 5225 sanctus
924 5180 1027 5225 est.
1066 5169 1195 5224 Dies
1222 5167 1357 5236 diei,
1383 5166 1557 5222 Filius
1578 5167 1646 5222 de
1667 5164 1827 5221 Patre
1849 5174 1953 5221 est.
1976 5164 2091 5235 ipse

2202 5155 2367 5224 Deus,
2399 5157 2839 5223 lamentationes,
2870 5170 3117 5223 carmen,
3146 5165 3202 5212 et
3230 5170 3341 5223 vae;
3366 5171 3469 5226 per
3506 5155 3779 5209 (amentum

502 5269 559 5317 ct
579 5261 663 5316 soi
680 5260 909 5330 justitiae
927 5269 1030 5317 est.
1060 5260 1136 5317 De
1164 5262 1270 5317 hoc
1283 5261 1370 5315 die
1394 5275 1492 5331 per
1515 5259 1836 5330 prophetam
1863 5258 2090 5314 dicitur:

2202 5250 2549 5321 pcenitentia,
2573 5263 2670 5320 per
2691 5265 2904 5303 carmen
2952 5248 3213 5319 gaudium
3254 5254 3477 5302 aeterna:
3504 5245 3785 5301 beatitudi»
