4020 5364
154 325 291 397 μιν»

1228 320 1461 380 8εῆΜο
1498 316 1585 377 DE
1621 314 1958 376 PASSIDNE
1997 318 2055 375 Β.
2097 316 2332 374 ωηατ.

3277 313 3419 371 1630

158 440 364 512 species
387 436 595 503 forum,
620 435 826 493 candor
854 444 908 492 et
934 436 1118 492 rubor.
1150 435 1304 494 Unde
1335 436 1501 492 David
1525 437 1591 492 de
1613 436 1731 507 ejus
1761 434 1806 491 A
1831 471 1861 509 ε
1891 453 2059 510 David
2086 469 2259 525 usque
2283 451 2350 507 ad
2372 448 2906 521 ιηηειηίεηιίοηρω
2929 445 3237 520 Babylonis,
3262 456 3435 507 sua

157 531 332 603 specie
362 529 442 586 sic
468 529 569 583 ait:
614 548 630 582 ι
685 527 978 597 Speciosus
1021 525 1196 582 forma
1223 543 1334 598 pra:
1385 526 1513 583 ﬁliis
1551 527 1729 582 homi-

157 636 317 686 num;
341 640 359 672 ι
390 620 446 674 in
472 620 706 675 candore
720 633 938 673 carnem
961 618 1281 689 virgineam,
1302 618 1355 672 in
1382 618 1582 672 rubore
1610 633 1730 689 my-
1772 664 1779 667 μ

157 715 380 771 sterium
412 713 707 770 Dominicaz
734 713 1027 784 passionis.
1070 711 1147 767 De
1181 713 1284 768 hac
1311 710 1523 767 viviﬁca
1552 711 1734 768 hostia

160 816 267 863 tres
291 814 472 877 partes
493 807 688 861 exinde
701 805 831 861 facit
856 804 1134 871 sacerdos,
1165 805 1396 876 primam
1432 804 1486 858 in
1514 813 1731 875 patens,

157 899 447 956 secundam
478 899 532 952 in
559 899 725 954 calice
748 899 920 968 ponit,
956 899 1171 954 tertiam
1202 898 1317 968 ipse
1358 898 1620 953 sacerdos
1642 912 1736 953 su-

158 992 256 1046 mit
285 1009 300 1044 :
332 990 506 1061 prima
536 1005 683 1060 pars,
714 976 836 1061 quae
860 992 914 1045 in
946 1000 1139 1061 patena
1176 990 1417 1060 ponitur,
1465 989 1736 1060 signiﬁcat

157 1082 589 1137 lncarnationem
643 1081 763 1137 Filii
817 1081 946 1149 Dei;
1003 1081 1262 1147 secunda,
1320 1097 1444 1152 qua:
1474 1081 1527 1135 in
1568 1081 1737 1135 calice

157 1173 396 1244 ponitur,
421 1188 620 1244 corpus
644 1173 1053 1244 incorruptibile
1080 1174 1225 1244 quod
1277 1173 1332 1228 in
1360 1173 1613 1243 sepulcro
1659 1173 1737 1227 la-

156 1264 293 1330 tuit;
326 1265 508 1330 tertia,
545 1280 709 1337 quam
741 1265 996 1322 sacerdos
1045 1265 1261 1336 accipit,
1298 1263 1507 1322 Christi
1554 1279 1737 1319 resur—

156 1373 235 1411 νει
248 1356 452 1411 tionem
483 1356 753 1429 designat.

739 1489 813 1546 De
838 1500 1027 1563 quarto
1053 1493 1156 1547 die.

222 1622 280 1679 In
304 1635 501 1696 quarto
527 1640 656 1683 vero
680 1642 910 1685 numero
930 1631 1229 1702 accipimus
1256 1631 1486 1702 ﬁguram
1502 1641 1739 1703 quatuor

157 1718 494 1786 animalium,
521 1728 575 1775 et
596 1730 833 1791 quatuor
858 1732 1124 1788 rotarum,
1157 1740 1221 1779 ac
1250 1734 1486 1796 quatuor
1504 1726 1738 1783 annulos

156 1822 321 1876 arae;
359 1820 412 1866 et
441 1818 676 1882 quatuor
708 1814 1041 1887 principales
1091 1817 1343 1883 virtutes,
1392 1818 1737 1888 prudentiam

156 1902 364 1959 scilicet
421 1912 474 1958 et
529 1904 798 1974 justitiam
826 1949 842 1974 ,
905 1906 1281 1965 fortitudinem
1304 1920 1357 1965 et
1430 1920 1740 1983 temperan-

157 1997 316 2062 tiam;
358 1998 443 2051 vel
480 2006 717 2069 quatuor
742 1999 933 2055 mundi
975 2011 1192 2071 partes;
1225 2012 1320 2057 aut
1362 2003 1636 2059 hominem
1672 2020 1739 2060 ex

161 2098 397 2158 quatuor
431 2090 712 2146 elementis
740 2100 1013 2162 creatum;
1052 2102 1106 2147 ct
1134 2101 1370 2164 quatuor
1408 2093 1631 2150 ﬁumina
1672 2111 1737 2150 ex

164 2196 269 2236 uno
296 2184 554 2252 paradiso
584 2185 887 2239 manantia.
924 2184 983 2239 In
1029 2194 1229 2255 quarto
1255 2187 1417 2242 etiam
1448 2188 1570 2242 loco
1601 2188 1740 2244 scri-

162 2271 304 2328 bitur
329 2274 463 2329 illud
505 2274 652 2345 quod
682 2274 826 2331 Deus
850 2276 1024 2331 dixit:
1061 2296 1081 2328 ‹
1111 2276 1230 2331 Fiat
1257 2278 1370 2343 lux,
1402 2288 1455 2333 et
1486 2277 1627 2333 facta
1659 2289 1743 2334 est

162 2361 285 2418 lux:
313 2381 332 2414 ι
371 2363 425 2417 in
448 2374 642 2435 quarto
666 2381 882 2437 quoque
902 2365 1024 2421 loco
1048 2367 1289 2423 hominis
1311 2369 1533 2438 ponitur
1553 2369 1743 2439 juven-

165 2460 269 2520 tus,
290 2461 347 2509 et
380 2463 593 2527 tempus
617 2471 647 2511 a
675 2454 856 2530 Moyse
892 2472 1067 2527 usque
1108 2458 1173 2514 ad
1204 2459 1741 2531 transmigrationem

165 2546 219 2601 Β.
238 2550 473 2607 bvlonis.

727 2684 806 2740 De
842 2686 1024 2757 quinto
1064 2686 1169 2741 die.

232 2821 291 2877 1n
347 2824 546 2894 quinto
597 2839 827 2879 numero
880 2825 1233 2897 intelligimus
1289 2825 1532 2897 quinque
1576 2826 1745 2882 libros

166 2914 354 2987 Moysi,
391 2923 444 2970 et
480 2925 693 2986 tempus
716 2917 1211 2989 transmigrationis
1243 2916 1536 2990 Babylonis
1572 2934 1748 2990 usque

164 3005 230 3062 ad
261 3004 433 3061 David
461 3024 476 3072 ;
509 3005 593 3061 vel
624 3006 863 3077 quinque
890 3024 1086 3063 sensus
1119 3008 1388 3079 corporis,
1414 3008 1566 3066 visus
1595 3010 1746 3066 vide-

1833 563 1864 601 a
1904 545 2381 616 transmigratione
2437 542 2728 615 Babylonis
2787 557 2962 612 usque
2994 541 3059 596 ad
3100 539 3415 601 Christum;

1833 638 2109 708 capientes
2146 637 2376 708 singula:
2421 646 2679 693 metretas
2713 635 2892 703 binas,
2939 635 2991 691 id
3041 643 3123 691 est
3154 633 3324 690 Vetus
3365 643 3420 689 et

1786 782 1795 791 ,
1834 725 2045 782 Novum
2069 724 2499 781 Testamentum.

2396 855 2474 912 De
2501 857 2723 926 septimo
2748 857 2849 910 die.

1907 991 2011 1047 Per
2041 990 2411 1062 septenarium
2440 1004 2678 1060 namque
2706 1004 2996 1044 numerum
3027 998 3248 1045 sanctos
3290 1003 3423 1058 apo-

1838 1086 2009 1141 stolos
2039 1084 2414 1155 intelligimus,
2445 1083 2514 1138 de
2551 1082 2752 1153 quibus
2790 1080 3054 1137 Dominus
3098 1081 3174 1136 ait
3204 1100 3217 1136 :
3259 1100 3276 1132 ι
3311 1079 3423 1135 \‘os

1835 1178 1970 1233 estis
2014 1177 2105 1231 lux
2151 1174 2368 1240 mundi;
2408 1193 2425 1225 ι
2480 1181 2685 1243 septem
2735 1173 2902 1229 etiam
2946 1172 3258 1227 invenimus
3300 1187 3425 1228 esse

1836 1267 1979 1321 dona
2019 1264 2255 1336 Spiritus
2279 1264 2474 1329 sancti,
2505 1263 2558 1317 id
2586 1272 2689 1330 est,
2714 1264 2995 1335 sapientia:
3015 1270 3069 1319 et
3090 1263 3423 1329 intellectus,

1836 1357 2055 1413 consilii
2084 1365 2139 1412 et
2162 1355 2521 1422 fortitudinis,
2550 1354 2793 1410 scientia;
2824 1363 2879 1410 et
2905 1354 3142 1425 pietatis,
3175 1369 3241 1409 ac
3265 1353 3427 1408 timo-

1839 1451 1917 1508 ris
1945 1449 2193 1517 Domini;
2226 1448 2283 1503 in
2312 1455 2500 1504 saneta
2525 1461 2745 1517 quoque
2769 1444 3012 1501 Ecclesia
3048 1453 3255 1516 septem
3282 1444 3427 1500 dona

1841 1540 2080 1611 Spiritus
2119 1540 2293 1595 sancti
2334 1538 2719 1610 unusquisque
2760 1536 2935 1592 ﬁdelis
2978 1536 3197 1607 accipit,
3241 1535 3296 1592 id
3344 1543 3430 1591 est

1838 1632 2100 1703 pabulum
2135 1632 2293 1699 salis,
2331 1629 2576 1686 ecclesiae
2611 1629 2926 1695 introitum,
2962 1636 3205 1698 sputum,
3245 1618 3426 1682 oleum

1841 1724 2139 1792 unctionis,
2167 1724 2501 1795 baptismum
2526 1721 2756 1789 Christi,
2786 1721 3028 1776 chrisma
3054 1710 3445 1797 sacerdotum”:

1842 1823 1896 1871 et
1935 1813 2179 1872 chrisma
2228 1812 2569 1883 pontiﬁcum.
2617 1810 2835 1881 Septem
2878 1825 3099 1881 quoque
3147 1808 3329 1881 sigilla
3372 1808 3453 1865 in.

1839 1906 2166 1978 Apocalypsi
2212 1904 2443 1960 Joannis
2483 1904 2737 1976 legimus,
2778 1901 3020 1974 primum
3062 1900 3303 1979 sigillum
3344 1908 3457 1980 est!

1841 1997 2188 2054 annuntiatio
2228 1995 2629 2053 Incarnationis
2656 1993 2783 2049 Filii
2818 1993 2942 2061 Dei;
2975 1991 3449 2059 secunclum,.ba-~

1841 2091 2107 2162 ptismus;
2154 2089 2409 2156 tertium,
2462 2088 2680 2160 passio;
2731 2096 2988 2160 quartum
3006 2128 3035 2153 ,.
3071 2073 3445 2152 resurrectio;

1841 2183 2117 2253 quintum,
2160 2182 2442 2248 ascensio;
2489 2188 2726 2246 sextum,
2752 2179 3056 2250 judicium;
3108 2176 3399 2247 septimum
3415 2202 3471 2241 ,κ

1843 2274 2165 2331 meritorum
2193 2273 2517 2341 retributio;
2544 2280 2674 2329 sum
2702 2280 2757 2327 et
2784 2279 2989 2342 septem
3011 2262 3378 2347 beatitudines
3413 2284 3428 2321 :
3465 2313 3469 2316 .

1841 2384 2071 2440 regnum
2096 2367 2385 2435 caelorum,
2409 2364 2687 2437 possessio
2710 2374 2869 2421 terra:
2889 2363 3208 2429 viventium,
3241 2368 3461 2418 eonSo-u

1844 2462 1995 2528 latio,
2035 2460 2263 2531 iustitiae
2291 2460 2559 2528 societas,
2594 2456 3012 2523 misericordia,
3040 2455 3181 2510 visio
3224 2453 3338 2520 Dei,
3382 2461 3463 2509 et.

1845 2555 2035 2612 ﬁliatio
2059 2553 2177 2611 Dei.

2420 2688 2520 2744 Do-
2532 2696 2717 2742 octavo
2751 2688 2856 2741 die.

1918 2830 1978 2885 In
2001 2827 2287 2886 octonario
2308 2840 2541 2882 numero
2564 2831 2824 2881 sanctam
2859 2820 3198 2893 Seripturam
3241 2819 3459 2875 intellivt

1848 2922 2052 2995 gimus,
2076 2929 2130 2976 et
2157 2918 2502 2976 dilectionem
2544 2914 2639 2971 Dei
2671 2924 2727 2971 et
2754 2912 3017 2987 proximi,
3052 2927 3117 2968 ac
3148 2911 3457 2982 speculan-.s

1850 3015 1986 3069 tium
2022 3012 2235 3076 vitam,
2260 3017 2313 3064 et
2339 3016 2556 3077 tempus
2583 3005 2834 3077 generale
2877 3001 3321 3070 resurrectionis,
3353 3000 3453 3056 vel.

165 3094 305 3163 licet,
336 3096 584 3162 auditus,
624 3106 840 3169 gustus,
878 3099 1139 3155 odoratus
1167 3109 1221 3155 et
1246 3108 1461 3168 tactus;
1498 3100 1747 3156 similiter
1773 3119 1820 3177 ς,
1847 3106 2132 3162 hominum
2157 3100 2487 3171 decrepitam
2515 3105 2871 3155 senectutem.
2894 3092 3131 3150 Octavus
3152 3092 3268 3149 dies
3293 3091 3440 3162 apud

164 3187 324 3242 etiam
350 3196 410 3242 et
437 3187 492 3241 in
520 3189 624 3243 hoc
650 3203 877 3244 numero
902 3188 1287 3245 describuntur
1311 3191 1554 3262 quinque
1578 3193 1750 3261 plaga:

166 3278 413 3348 corporis
463 3277 668 3333 Christi
721 3278 776 3333 in
815 3295 979 3335 cruce
1027 3281 1346 3350 pendentis,
1396 3290 1451 3337 et
1506 3284 1750 3353 quinque

168 3370 346 3426 claves
374 3370 677 3441 sapientiae,
720 3372 963 3443 quinque
991 3388 1207 3443 quoque
1247 3388 1417 3443 panes
1440 3374 1747 3441 hordeacei,

167 3462 233 3516 de
266 3463 473 3532 quibus
512 3461 777 3519 Dominus
821 3463 1038 3521 satiavit
1071 3465 1316 3536 quinque
1361 3465 1533 3521 millia
1574 3466 1752 3523 homi-

167 3567 321 3609 num.

762 3688 839 3745 De
878 3700 1026 3746 sexto
1054 3691 1158 3747 die.

238 3823 298 3879 ln
339 3824 563 3880 senario
604 3840 832 3879 numero
873 3825 1249 3896 accipiendum
1292 3835 1379 3882 est
1411 3826 1753 3883 inﬁrmorum

168 3915 564 3983 visitationem,
589 3932 799 3973 necnon
825 3925 881 3973 et
900 3918 1183 3973 hominum
1208 3927 1569 3986 senectutem,
1592 3927 1755 3989 atque

169 4018 617 4077 perseverantem
648 4009 751 4064 sub
772 4008 1065 4080 Evangelia
1086 4008 1430 4077 famulatum,
1456 4019 1512 4067 et
1540 4021 1757 4081 tempus

168 4115 202 4154 a
244 4102 732 4173 transmigratione
782 4101 1072 4174 Babylonis
1100 4119 1275 4173 usque
1316 4103 1385 4158 ad
1427 4102 1703 4159 Christum
1740 4123 1752 4159 :
1798 4108 1803 4113 ’

171 4193 337 4249 simul
367 4195 533 4249 etiam
561 4194 615 4248 in
646 4193 862 4249 senario
889 4208 1117 4251 numero
1150 4193 1295 4250 Deus
1322 4195 1759 4250 eunetacreavit

171 4293 227 4339 et
263 4285 561 4352 ordinavit,
608 4286 663 4339 in
705 4292 860 4340 sexto
889 4284 977 4340 die
1017 4285 1294 4341 hominem
1335 4284 1486 4354 fecit,
1517 4295 1571 4342 et
1609 4286 1664 4341 in
1693 4302 1757 4342 ea

170 4388 331 4437 aetate
370 4382 634 4437 mundum
678 4381 1058 4453 redempturus
1092 4382 1327 4439 advenit.
1359 4381 1419 4439 In
1448 4392 1596 4439 sexta
1623 4400 1761 4456 quo—

1852 3209 2301 3268 unumquemque
2340 3191 2465 3247 ﬁnis
2503 3199 2588 3247 est
2627 3189 2750 3244 vitm
2788 3185 3072 3259 praesentis
3117 3194 3171 3241 ct
3218 3184 3439 3239 initium

1851 3289 1983 3344 vitae.
2003 3287 2234 3354 futurae;
2264 3282 2685 3341 octavumdiem
2710 3279 3053 3353 signiﬁcabat
3075 3277 3466 3349 cataclysmus.

1853 3379 2029 3436 factus
2053 3378 2156 3435 sub
2169 3376 2385 3445 Noe,.in
2411 3390 2523 3447 quo
2545 3382 2669 3437 octo
2690 3373 2888 3429 anima:
2913 3370 3079 3428 salvae
3103 3367 3261 3426 facta:
3281 3364 3412 3425 sunt
3427 3385 3442 3435 ;

1852 3482 1906 3529 et
1932 3472 1987 3526 in
2015 3470 2350 3527 Ecclesiaste
2388 3467 2651 3524 Salomon
2679 3464 2922 3537 loquitur
2949 3482 2962 3519 :
3004 3483 3022 3517 ι
3054 3462 3131 3519 Da
3153 3470 3338 3534 partes
3359 3475 3440 3517 se-
3470 3493 3477 3499 -

1864 3572 2000 3619 ~tem
2046 3576 2148 3618 nec
2188 3576 2298 3617 non
2343 3569 2398 3617 et
2432 3567 2589 3627 octo;
2621 3576 2642 3612 ι
2696 3565 2904 3629 septem
2950 3571 3189 3627 namque
3231 3563 3285 3610 et
3321 3561 3471 3610 octo~

1854 3654 2167 3726 quindecim
2195 3651 2422 3721 faciunt,
2465 3659 2522 3709 et
2562 3650 2876 3724 quindecim
2908 3658 3039 3706 sunt
3066 3647 3277 3704 cantica
3322 3655 3481 3718 grav

1854 3750 2025 3805 duum
2054 3761 2177 3818 quae
2210 3746 2306 3803 ﬁlii
2329 3745 2498 3805 lsrael
2518 3744 2739 3817 quando
2765 3742 2845 3800 ad-
2866 3742 3131 3813 templum
3162 3737 3448 3795 convenie-

1854 3841 2010 3909 bant,
2044 3840 2336 3897 decantare
2379 3838 2527 3894 soliti
2573 3844 2750 3892 erant.
2781 3834 3034 3890 Christus
3066 3844 3151 3887 est
3182 3830 3305 3885 dies
3339 3828 3448 3899 pri-

1838 3928 2002 4001 ~mus,
2046 3932 2310 4003 septimus
2359 3938 2419 3986 et
2439 3938 2693 3996 octavus;
2721 3925 2953 3998 primus,
2983 3934 3109 3980 ante
3136 3938 3296 3994 quem
3326 3920 3489 3975 mild

1857 4025 1970 4091 lus;
2018 4023 2307 4095 septimus,
2350 4021 2479 4092 quia
2527 4020 2581 4075 in
2617 4020 2738 4090 ipso
2780 4026 2984 4089 septem
3027 4015 3170 4071 dona
3209 4011 3448 4083 Spiritus

1859 4117 2034 4172 sancti
2063 4116 2408 4186 requievere;
2441 4120 2690 4177 octavus,
2722 4110 2850 4181 quia
2880 4116 3117 4164 aeternus
3154 4120 3219 4160 ac
3246 4103 3491 4175 sempi-a-

1859 4217 2049 4263 ternus
2103 4214 2216 4274 est;
2271 4214 2395 4262 octo
2441 4204 2605 4260 etiam
2667 4200 3029 4257 beatitudines
3075 4197 3342 4252 Dominus
3370 4198 3479 4250 in:

1843 4291 2047 4357 monte
2073 4299 2189 4355 suis
2212 4297 2497 4368 discipulis
2521 4294 2796 4366 exposuit,
2823 4308 2963 4364 quas
2988 4297 3196 4363 martyr
3216 4288 3306 4344 hic
3329 4303 3471 4343 san»

1861 4393 2142 4450 ctissimus
2170 4399 2225 4447 et
2258 4388 2501 4475 pontifex
2520 4387 2803 4444 .almiﬁcus
2832 4388 2886 4441 in
2923 4376 3234 4473 se'retinuit
3268 4388 3323 4436 et
3349 4394 3449 4435 ex—

172 4488 279 4543 que
302 4473 442 4528 hora
469 4488 568 4544 pro
590 4482 775 4529 nostra
796 4474 968 4532 salute
991 4474 1102 4532 Deo
1125 4474 1273 4533 Patri
1288 4476 1541 4534 Christus
1560 4486 1758 4535 semet-
1793 4463 1835 4518 ί)
1863 4483 2053 4540 crevit.
2087 4480 2245 4537 Nunc
2281 4463 2466 4552 itaque
2504 4478 2721 4534 enixius
2765 4467 3071 4549 ﬂagitenius
3110 4474 3258 4528 hunc
3304 4484 3478 4535 mar-,-

174 4564 355 4634 ipsum
409 4567 741 4623 sacriﬁcium
770 4569 985 4624 obtulit.
1014 4569 1074 4624 In
1116 4571 1321 4642 nuptiis
1362 4588 1513 4640 vero,
1544 4588 1666 4644 quae
1701 4573 1754 4628 in

172 4656 329 4717 Cana
369 4657 589 4714 Galileae
630 4658 797 4716 factae
827 4670 974 4727 sunt,
1004 4676 1099 4717 sex
1129 4662 1335 4734 hydriae
1371 4665 1564 4733 posita:
1595 4671 1756 4731 sunt;

174 4749 354 4828 prima
386 4748 578 4820 hydria
606 4759 691 4806 est
714 4752 783 4807 ab
811 4752 983 4807 Adam
1008 4769 1182 4824 usque
1210 4754 1276 4809 ad
1300 4753 1432 4822 Noe,
1465 4756 1702 4810 secunda
1729 4771 1760 4810 a

177 4834 290 4893 Noe
325 4854 503 4910 usque
528 4842 599 4898 ad
635 4843 931 4910 Abraham,
965 4836 1119 4901 tertia
1163 4845 1233 4901 ab
1251 4844 1542 4915 Abraham
1587 4861 1760 4917 usque

177 4931 244 4987 al
274 4931 521 5007 Moysen,
559 4950 748 5009 quarta
781 4956 811 4995 a
844 4939 1027 5013 Moyse
1057 4956 1231 5013 usque
1261 4939 1326 4995 ad
1343 4926 1544 5010 'David,
1571 4942 1759 5013 quinta

1862 4586 2039 4649 tyrem
2077 4584 2133 4632 et
2167 4573 2482 4646 pontiﬁcem
2516 4569 2762 4626 Marcum
2801 4578 2859 4623 ut
2886 4582 2986 4638 pro
3015 4562 3175 4621 nobis
3214 4560 3472 4637 indignis.

1861 4668 2216 4740 omnipotenti
2236 4665 2347 4722 Deo
2375 4679 2563 4736 preces
2589 4662 2850 4725 eﬁ‘undat,
2886 4668 2945 4713 ut
2974 4657 3066 4728 qui
3086 4652 3268 4719 Pater,
3303 4658 3473 4704 tutor

1863 4770 1919 4816 et
1948 4744 2202 4815 defensor
2232 4756 2392 4811 nobis
2419 4762 2595 4812 exstat
2636 4753 2690 4806 in
2722 4750 2904 4816 terris,
2935 4764 3059 4804 cum
3090 4743 3300 4800 socium
3338 4753 3455 4795 me:-

1868 4867 2088 4907 rcamur
2124 4847 2325 4903 habere
2368 4846 2424 4900 in
2451 4846 2623 4911 cmlis,
2654 4844 2771 4914 ipse
2796 4839 3093 4912 adjuvante
3123 4833 3218 4906 qui
3240 4829 3375 4887 Vivit
3405 4838 3462 4887 et

1868 4953 2057 5016 regnat
2081 4942 2136 4996 in
2164 4939 2363 4996 saecula
2401 4938 2749 4997 saeculorum.
2779 4928 2982 4992 Amen.
