4020 5364
557 442 652 503 λέ
677 443 948 502 d114,;-
1009 515 1021 531 ἱ

613 526 692 542 ,ι

276 531 357 596 ἔξω
388 542 468 598 cf
502 583 511 594 .
557 542 620 602 κίῖ
660 568 692 592 ι-

573 542 916 604 Ῐζιιΐηοη

744 625 766 664 L

597 707 756 859 SS.

1431 541 1566 580 ANNO
1605 541 1788 580 D0!!!"

3121 379 3513 397 ιὸ--α-ῌ

1891 385 3106 398 ψσα-σησ-ε--ν--οσος-ω-..ῌ--ρ-α-ο
3121 387 3138 395 υ

1829 541 1990 581 κω(κί
2032 541 2101 580 ετ
2139 541 2362 580 ILXIVI.

823 618 1408 864 nam
1442 647 2014 865 ancoris
2067 713 2212 866 ΕΤ
2266 711 3166 866 HERLEMBALDUS

1414 993 2330 1128 MARTYRES.

1136 1400 1850 1494 SANCTORUM
1922 1340 2592 1494 MARTYRUM

610 1604 1406 1718 ARIALDI
1485 1608 1724 1720 ET
1807 1608 3150 1722 HERLEMBALDI

1647 1840 2070 1957 ACTA.

303 2054 392 2115 Εἷῖ
435 2054 921 2113 ’τ’ῖΝΕῐὶΑΤΙΟΝΕ
961 2057 1264 2128 ANTIQUA
1307 2060 1808 2116 SEPULCRORUM

1912 2061 2236 2117 ACTORUM
2283 2063 2786 2120 SCRIPTORIBUS
2825 2063 2912 2119 ET
2950 2062 3432 2134 CERTAMINUM,

1275 2151 1474 2208 SOCIO
1513 2151 1955 2209 LUITPRANDO
1990 2153 2468 2210 PRESBYTERO.

923 2329 1099 2398 (Apud
1123 2326 1390 2382 BOLLAND.
1410 2370 1424 2395 ,
1450 2328 1583 2381 Acta
1606 2338 1908 2382 sanctorum
1927 2371 1941 2395 ,
1970 2329 2140 2395 Junii,
2166 2339 2204 2383 t.
2236 2327 2300 2393 ν,
2331 2329 2419 2384 die
2439 2329 2530 2395 27,
2558 2347 2611 2400 p.
2645 2331 2796 2399 280.)

301 2662 346 2716 1.
377 2658 619 2714 Joannes
647 2657 840 2713 Petrus
869 2657 1191 2721 Puricellus,
1221 2653 1818 2712 Laurentianmfdedio-
1847 2661 1890 2716 Α
1987 2658 2040 2711 Ξ.
2087 2657 2190 2712 Sed
2225 2659 2270 2713 si
2303 2661 2373 2713 ibi
2405 2663 2831 2730 praetermittitur
2872 2683 2890 2714 ι
2925 2662 2979 2716 8.
3014 2662 3444 2734 llerlembaldus,
3478 2689 3495 2721 ο

224 2755 344 2809 lani'
372 2753 677 2822 collegiate:
707 2750 1162 2821 archipresbyter,
1187 2763 1309 2804 cum
1346 2764 1490 2802 anno
1517 2748 1650 2800 “345
1676 2748 1810 2800 Am-

224 2846 502 2899 brosiame
527 2843 723 2897 ibidem
751 2844 987 2897 basilicze
1007 2857 1071 2896 ac
1098 2840 1414 2895 monasterii
1460 2850 1812 2894 monumenta

225 2937 570 3006 (vulgasset,
603 2936 793 2989 ordine
827 2934 1214 3004 chronologico
1262 2933 1490 3004 digesta,
1525 2933 1614 2987 ubi
1668 2933 1812 2987 haud

225 3043 391 3098 parce
420 3027 734 3082 delibantur
765 3036 884 3082 acta
923 3025 1438 3096 prmnominatorum
1477 3035 1810 3090 sanctorum,

228 3121 457 3174 liennio
482 3127 606 3190 post
645 3119 924 3189 proprium
947 3119 1012 3172 de
1044 3117 1130 3171 his
1171 3116 1440 3186 evulgavit
1470 3133 1627 3186 opus,
1660 3116 1812 3169 libris

223 3219 464 3278 quatuor
489 3208 826 3273 distinctum,
854 3221 1086 3276 quorum
1115 3207 1324 3274 primus
1373 3206 1612 3260 continet
1659 3225 1676 3257 ι
1707 3205 1812 3258 Te-

224 3300 508 3364 stimonia,
537 3314 635 3368 pro
682 3299 922 3367 ipsorum
977 3297 1264 3351 sanctitate
1317 3298 1562 3362 collecta,
1612 3317 1629 3348 ι
1691 3313 1813 3366 quae

223 3393 448 3461 quidem
474 3393 733 3462 pleraque
757 3391 1144 3446 historicorum
1172 3397 1321 3455 sunt,
1350 3389 1538 3443 ordine
1567 3389 1740 3444 :etatis
1781 3405 1811 3442 a

226 3484 428 3538 saeculo
452 3499 510 3536 ιι
537 3498 710 3552 usque
731 3483 796 3536 ad
823 3498 934 3536 xvn
953 3481 1355 3551 propositorum
1378 3495 1473 3549 per
1487 3479 1664 3548 capita
1681 3495 1808 3542 xxx,

225 3585 279 3629 et
310 3591 506 3630 eorum
537 3575 776 3644 potiores
799 3589 897 3629 suo
920 3573 1306 3629 iudicabuntur
1326 3572 1468 3626 loco.
1524 3569 1640 3624 Prae
1695 3571 1811 3625 istis

227 3666 333 3719 huc
357 3667 705 3736 potissimum
731 3673 937 3735 spectat
973 3685 989 3717 ι
1029 3664 1562 3734 archiepiscoporum
1606 3661 1810 3717 Medio-

227 3756 537 3810 lanensium
561 3757 841 3826 catalogus
875 3775 894 3806 ι
930 3771 1076 3810 anno
1107 3755 1244 3809 1510
1295 3755 1574 3818 collectus,
1602 3753 1694 3807 tibi
1742 3753 1809 3807 ad

227 3847 499 3903 Guidonis
545 3847 938 3917 archiepiscopi
969 3864 1116 3901 Lxxn
1158 3863 1375 3911 nomen,
1431 3847 1510 3902 sic
1549 3853 1806 3900 notatur:

236 3957 254 3987 ι
279 3938 390 3994 isto
425 3950 670 4010 tempore
699 3955 892 4009 passus
923 3949 1007 3993 est
1035 3939 1094 3992 Β.
1121 3939 1395 4004 Arialdus,
1433 3947 1637 4009 martyr
1659 3949 1711 3993 et
1735 3939 1810 3992 le-

225 4028 356 4092 vita,
391 4030 596 4084 scilicet
624 4029 912 4083 millesimo
941 4029 1279 4098 sexagesimo
1319 4037 1492 4082 sexto.
1547 4027 1698 4082 Jacet
1753 4028 1806 4080 in

227 4135 458 4188 corpore
479 4119 724 4175 ecclesia:
758 4118 815 4173 S.
857 4119 1119 4190 Dionysii.
1164 4118 1360 4174 Beatus
1397 4134 1615 4188 quoque
1653 4117 1805 4174 Πενία

226 4207 423 4264 baldus
459 4210 636 4276 miles,
665 4210 760 4280 qui
792 4209 1028 4264 amasias
1052 4217 1105 4263 et
1135 4209 1274 4263 ﬁlios
1299 4210 1639 4263 sacerdotum
1685 4226 1807 4278 per-

229 4302 582 4370 sequebatur.
626 4320 644 4353 ι
675 4301 957 4356 Fundatur
977 4310 1156 4354 autem
1203 4301 1518 4369 bujusmodi
1563 4302 1808 4355 testimo-

231 4390 379 4445 nium
408 4393 462 4446 in
501 4394 790 4464 utriusque
821 4393 1190 4448 monumentis
1218 4394 1310 4448 diu
1342 4393 1808 4462 superstitibus,ct

231 4483 526 4554 epitaphiis
573 4485 627 4538 in
673 4485 988 4540 eorumdem
1036 4485 1308 4540 erectione
1355 4484 1600 4553 sculptis,
1645 4495 1807 4555 atque

230 4573 366 4628 infra
417 4577 802 4645 producendis.
837 4577 1149 4632 Proximum
1190 4578 1265 4630 illi
1323 4578 1570 4646 catalogo
1626 4576 1804 4631 locum

229 4677 468 4721 meretur
499 4687 518 4720 ς
555 4667 936 4722 Kalendarium
971 4669 1412 4732 Ambrosianum,
1449 4686 1466 4718 ι
1503 4683 1647 4721 anno
1673 4667 1799 4720 1581

227 4757 504 4821 pne-ﬁxum
529 4759 880 4813 membranco
908 4759 1078 4812 codici
1106 4758 1469 4826 Epistolarum
1520 4758 1587 4812 ad
1611 4757 1807 4812 missas

230 4861 322 4915 per
349 4866 554 4905 annum
580 4852 960 4922 legendarum;
1000 4851 1087 4905 ubi
1120 4850 1185 4905 ad
1220 4849 1290 4903 28
1316 4848 1464 4903 Junii
1516 4850 1594 4904 sic
1636 4850 1796 4904 habe-

225 4944 313 4990 tur
346 4957 357 4991 :
397 4958 414 4990 ι
449 4942 510 4997 S.
551 4942 752 4996 Arialdi
782 4942 953 4996 levita:
967 4951 1018 4996 et
1040 4939 1312 5011 martyris.
1339 4937 1490 4994 Jaeet
1512 4941 1578 4996 ad
1608 4940 1664 4994 8.
1684 4939 1808 4993 Dio—

226 5029 464 5096 nysium.
501 5053 518 5084 ι
559 5033 780 5089 Accedit
830 5034 965 5088 liber
1018 5034 1194 5103 ipsius
1248 5031 1498 5086 Puricelli
1555 5032 1810 5103 proprius

219 5120 373 5174 annis
405 5125 638 5190 pmcise
666 5135 882 5180 centum
915 5127 1215 5194 pastillum
1257 5123 1496 5177 codicem
1549 5125 1806 5194 scriptus,

231 5224 249 5256 ι
269 5209 437 5266 deind
452 5216 701 5286 ulgentiis
724 5232 846 5286 quae
871 5231 1145 5273 concessae
1174 5223 1300 5269 sunt
1324 5213 1610 5274 Mediolani
1636 5217 1809 5272 eccle-

1916 2749 1963 2802 is
2021 2749 2146 2802 alibi
2221 2751 2387 2803 etiam
2455 2751 2661 2820 absque
2732 2774 2749 2803 ι
2800 2753 3021 2807 Arialdo
3066 2772 3085 2805 ι
3142 2753 3376 2810 refertur
3443 2764 3504 2813 ut

1921 2859 1938 2890 ι
1959 2851 2212 2904 sanctus;
2240 2861 2257 2891 ι
2286 2842 2534 2896 videlicet
2557 2843 2610 2896 in
2643 2843 2824 2897 tabula
2853 2846 3172 2916 perantiqua
3205 2847 3503 2918 collegiate:

1913 2932 2155 2986 ccclesia-
2183 2932 2238 2986 8.
2269 2931 2501 3004 Babylzr,
2527 2949 2592 2987 ex
2619 2934 2898 2989 asseribus
2926 2946 3229 3006 compacta,
3260 2937 3326 2992 ad
3354 2939 3500 2994 istud

1915 3024 2170 3077 sacellum
2216 3025 2361 3094 quod
2389 3026 2603 3094 capella:
2627 3026 2897 3094 primaria:
2920 3027 3202 3082 sinistrum
3229 3038 3314 3084 est
3337 3071 3351 3094 ,
3406 3031 3498 3085 ubi

1921 3137 1936 3164 ι
1959 3115 2196 3169 medium
2225 3117 2402 3170 locum
2422 3116 2636 3171 tenetS.
2669 3117 3016 3184 Ambrosius,
3049 3118 3381 3176 indumentis
3405 3137 3499 3176 ar—

1914 3207 2402 3276 chiepiscopalibus
2441 3219 2669 3263 ornatus
2693 3251 2706 3272 .
2751 3209 3018 3280 ﬂagellum
3063 3210 3348 3266 minaciter
3386 3213 3499 3267 ela—

1915 3307 2029 3352 tum
2071 3299 2289 3354 dextera
2333 3316 2496 3354 manu
2554 3310 2772 3369 gestans
2797 3342 2812 3366 ,
2854 3301 3075 3356 sinistra
3119 3302 3373 3357 vexillum
3401 3322 3414 3358 :
3441 3305 3495 3358 in

1913 3407 2022 3460 quo
2044 3391 2200 3460 picta:
2223 3400 2350 3446 sunt
2378 3392 2736 3447 sanctissima:
2763 3391 3045 3448 Trinitatis
3067 3409 3328 3464 personae,
3363 3394 3496 3449 nihil

1914 3482 2056 3536 inter
2083 3497 2140 3535 se
2173 3480 2346 3535 forma
2373 3481 2457 3536 vel
2485 3490 2641 3535 aetate
2674 3481 3004 3537 diil‘crentes.
3037 3482 3328 3538 Ambrosio
3363 3482 3496 3537 dex-

1914 3583 1994 3627 ter
2036 3572 2240 3628 assidet
2286 3583 2507 3629 sanctus
2548 3575 2704 3629 miles
2739 3581 3001 3639 armatus,
3045 3574 3371 3643 gentilitium
3409 3573 3493 3628 fa-

1913 3666 2074 3719 milia:
2109 3665 2280 3720 Cottae
2306 3675 2534 3720 stemma
2564 3666 2856 3735 przei‘erens
2882 3681 3047 3734 supra
3078 3675 3267 3734 pectus
3310 3667 3363 3717 in
3411 3667 3491 3718 la-

1913 3767 2024 3812 tere
2063 3757 2306 3822 dextero,
2345 3757 2557 3812 Cottam
2589 3758 2796 3812 scilicet
2829 3757 3030 3819 albam,
3074 3765 3127 3810 ct
3173 3756 3256 3810 his
3300 3755 3493 3809 litteris

1913 3848 2183 3902 indicatus
2199 3858 2421 3904 sanctus
2443 3847 2831 3913 Arembaldus;
2861 3848 3085 3901 sinistra
3106 3862 3324 3916 qucque
3347 3863 3492 3900 mar-

1911 3939 2135 4006 tyricam
2167 3949 2386 4008 gestans
2415 3940 2680 4008 palmam,
2727 3938 2916 3992 dextra
2959 3953 3087 3991 vero
3127 3938 3377 3991 vexillum
3408 3937 3492 3990 al-

1843 3999 1880 4055 “
1909 4026 2037 4080 bum
2069 4028 2232 4082 rubra
2253 4043 2415 4082 cruce
2442 4027 2760 4097 interposita
2791 4027 3081 4080 variatum.
3116 4023 3303 4079 Simile
3330 4042 3492 4095 porro

1909 4117 2163 4170 vexillum
2207 4127 2260 4170 et
2303 4117 2535 4187 palmam
2587 4117 2837 4171 similiter
2881 4123 3054 4186 gestat
3095 4115 3233 4168 alter
3277 4115 3386 4179 ille,
3435 4116 3489 4169 iu

1909 4208 2132 4262 sinistro
2160 4208 2409 4263 assidens
2436 4209 2622 4272 latere,
2667 4223 2729 4262 ac
2765 4216 2988 4262 sanctus
3021 4205 3272 4261 Julianus
3303 4207 3489 4276 appel-

1909 4299 2068 4353 latus.
2099 4319 2117 4350 ι
2155 4299 2257 4353 Sed
2290 4299 2376 4353 hic
2411 4299 2534 4369 quis
2563 4299 2654 4363 sit,
2694 4299 2956 4353 hactenus
2999 4313 3105 4352 non
3136 4297 3352 4362 divino;
3393 4298 3492 4350 ba-

1909 4391 2054 4448 bitus
2083 4401 2226 4447 certe
2264 4392 2432 4446 alium
2471 4391 2675 4446 indicat
2718 4392 2786 4446 ab
2830 4392 2990 4445 istius
3026 4390 3260 4445 nominis
3303 4399 3493 4444 sancto

1907 4485 2160 4552 diacono,
2205 4487 2297 4556 qui
2346 4503 2470 4541 cum
2516 4485 2682 4542 fratre
2733 4486 2789 4541 8.
2821 4486 2965 4540 Julio
2996 4484 3242 4540 Novariam:
3270 4483 3493 4556 presby-

1908 4587 2025 4632 tero
2055 4579 2252 4634 colitur
2278 4579 2338 4632 51
2374 4577 2640 4633 Januarii.

1979 4671 2030 4724 5.
2072 4669 2354 4725 Secundus
2385 4670 2702 4738 prmlaudati
2749 4669 2929 4737 operis
2957 4667 3094 4720 liber
3148 4685 3164 4716 ο
3205 4666 3261 4718 8.
3315 4663 3491 4719 Arial-

1907 4762 1961 4814 di
1995 4761 2169 4814 Vitam
2202 4782 2218 4812 ι
2260 4761 2520 4827 continet,
2564 4776 2727 4830 quam
2769 4759 3161 4814 Constantinus
3199 4755 3494 4812 Caietanus

1911 4851 2174 4912 Puricello
2203 4852 2650 4917 communicavit,
2695 4868 2761 4906 ex
2786 4853 2954 4906 veteri
2979 4850 3166 4906 codice
3196 4859 3493 4918 acceptam,

1909 4946 2165 5016 scriptam
2200 4952 2381 4998 autem
2447 4962 2556 5000 non
2604 4961 2634 4998 a
2682 4943 2820 5014 Syro
2864 4942 3142 5001 sacerdote
3179 4940 3370 5010 (cujus
3401 4959 3498 4997 ex-

1909 5046 2013 5092 stat
2042 5035 2108 5090 ad
2135 5035 2339 5090 calcem
2372 5035 2625 5104 cpistola,
2655 5044 2708 5089 et
2747 5031 2836 5086 cui
2885 5034 3062 5105 ipsam
3088 5043 3371 5099 perperam
3405 5033 3504 5086 ad-

1909 5127 2044 5182 dixit
2088 5123 2358 5180 Baronius
2382 5126 2451 5179 ad
2485 5145 2574 5183 an.
2623 5123 2758 5178 1066
2782 5122 2823 5192 ).
2882 5127 2985 5184 sed
3036 5137 3068 5175 a
3093 5139 3110 5169 ι
3132 5117 3193 5171 Β.
3223 5116 3462 5189 Audrea,
3492 5142 3510 5174 ι

1909 5220 2142 5289 primum
2213 5217 2272 5271 S.
2323 5213 2533 5276 Arialii
2584 5232 2755 5290 usque
2823 5217 2903 5272 ad
2967 5217 3170 5276 obitum
3232 5208 3542 5284 discipulo,

1930 5311 1990 5326 ιο
2055 5306 2398 5328 ιμΑκκμηιι.-
2441 5311 2538 5328 ἶνι
2602 5311 2731 5328 γε..-

2745 5319 2883 5328 ---ι-
2983 5322 2992 5328 .
3039 5320 3100 5328 κ--
3127 5299 3312 5328 αδκιιΛΙΛ
3344 5301 3379 5328 ρ
3443 5307 3497 5328 Ινδέ
