4020 5364
2678 222 2703 253 α

502 335 642 394 ηδτ.
1636 331 1737 390 SS.
1764 326 2061 389 "ARMLDI

2231 332 2672 393 EllLEMBAl.Dl
3644 342 3779 400 1136

494 448 774 513 Andreas;
796 445 892 504 sed
914 445 1059 517 quod
1082 444 1321 517 scripsit,
1338 461 1446 501 non
1476 443 1770 500 invenitur.
1799 443 1938 511 Quia
1964 460 2096 500 vero
2126 451 2169 506 Λ
2200 462 2463 531 passuum
2487 448 2654 503 millia
2683 449 2846 505 distet
2868 448 3190 520 Mediolano,
3214 467 3315 509 nec
3339 451 3411 508 ita
3441 454 3633 524 procul
3662 454 3784 511 inde

495 531 587 597 ille
625 540 796 595 multa
839 540 1120 605 omiserat,
1151 538 1366 609 plenius
1412 545 1467 593 et
1514 538 1827 594 accuratius
1878 538 2098 609 scripsit
2198 548 2389 607 captus
2416 535 2504 593 ille
2547 540 2638 605 sit,
2681 540 2943 596 horarum
2971 559 3267 613 paucarum
3300 544 3615 607 intervallo;
3651 546 3785 601 satis

466 633 768 700 Andreas,
823 632 984 703 jussu
1034 631 1248 687 abbatis
1292 630 1378 686 sui
1425 629 1676 699 Rudolli,
1725 630 1937 687 decimo
1972 628 2097 702 pos1
2198 628 2399 684 mirum
2426 629 2527 685 fuit
2571 631 2933 702 proditionem
2963 649 3105 703 eam,
3138 652 3233 706 per
3259 653 3426 707 quam
3453 637 3509 692 in
3541 638 3783 693 bestiam

497 732 731 780 mortem
770 725 945 780 sancti
992 739 1168 792 anno;
1216 723 1549 795 incompleto
1583 723 1813 791 scilicet,
1858 732 1921 779 ut
1962 724 2094 779 alibi

494 818 803 886 ostendam,
837 834 1011 875 annos
1039 818 1401 885 numerando,
1434 818 1486 873 id
1508 826 1593 874 est
1612 833 1758 873 anno
1783 817 1941 884 1075,
1967 834 2091 874 cum

498 921 748 968 recenter
778 912 998 977 abiisse,
1047 911 1244 967 similis
1265 910 1515 983 martyrii
1546 910 1730 965 laurea
1778 919 2091 976 coronatus,

502 1025 521 1057 ι
549 1003 606 1060 S.
635 1003 1112 1071 Herlembardus,»
1131 1004 1291 1074 cujus
1317 1003 1404 1059 ille
1431 1003 1742 1074 passionem
1765 1004 1946 1059 «alteri
1979 1011 2090 1059 tam

493 1099 760 1155 volumini
796 1115 961 1171 quam
1000 1098 1255 1170 scriptori
1290 1118 1308 1150 ι
1350 1098 1657 1169 relinquere
1693 1110 1753 1154 se
1787 1097 2090 1168 professus,

497 1207 652 1245 num.
705 1192 805 1257 Η,
854 1190 1234 1247 necessitatem
1282 1189 1442 1247 nobis
1489 1190 1751 1261 imposuit
1801 1189 1921 1267 ejus
1968 1198 2089 1245 acta

497 1286 785 1357 colligendi
826 1301 893 1341 ex
925 1293 1212 1341 auctorum
1256 1299 1587 1352 coaevorum,
1636 1284 1728 1340 sed
1774 1282 1945 1339 ferme
1988 1285 2091 1339 ad-

494 1378 865 1435 versariorum
897 1378 1143 1435 historiis
1172 1392 1268 1434 seu
1300 1377 1610 1445 annalibus,
1657 1391 1798 1449 quos
1826 1377 1879 1433 in
1910 1376 2088 1433 lucem

496 1470 738 1527 rdendos
793 1470 1046 1541 promisit
1096 1469 1315 1541 quidem
1374 1468 1710 1536 Purieellus,
1769 1468 1865 1527 sed
1915 1479 2089 1527 morte

495 1570 803 1633 praeventus
862 1562 1085 1635 longum
1134 1563 1452 1639 earumdem
1515 1562 1847 1619 desiderium
1909 1564 2088 1620 adhuc

494 1662 619 1724 post
652 1669 711 1709 se
746 1653 982 1724 reliquit.

564 1748 617 1803 4.
659 1746 797 1803 Sunt
825 1758 1007 1805 autem
1056 1749 1131 1805 illi
1159 1748 1397 1821 primum
1438 1770 1457 1803 ι
1491 1750 1754 1807 Arnulfus
1782 1770 1799 1803 ι
1834 1751 2081 1823 quidam,

493 1852 732 1912 quatuor
763 1842 920 1899 libris
964 1843 1252 1899 historiam
1296 1844 1529 1915 patriam
1572 1844 1920 1915 complexus;
1968 1855 2019 1901 et
2055 1861 2088 1902 a

494 1934 635 1991 libro
664 1952 702 1990 ιι
744 1933 1027 2007 professus
1064 1952 1127 1993 ea
1170 1952 1229 1993 se
1267 1937 1523 2008 deinceps
1566 1938 1921 2009 scripturum,
1967 1953 2090 2009 quae

494 2029 565 2084 ab
593 2028 829 2085 Ariberti
854 2029 1252 2101 archiepiscopi
1290 2029 1557 2086 electione
1604 2029 1747 2086 facta
1776 2047 1921 2087 anno
1953 2030 2090 2087 1019

495 2118 724 2189 ipsemet
750 2113 983 2176 videndo
1014 2122 1392 2193 cognovisset;
1445 2123 1587 2179 sicut
1631 2121 1759 2179 fecit
1802 2139 1978 2196 usque
2022 2123 2089 2179 ad

495 2208 656 2265 1077.
695 2208 899 2267 Deinde
942 2231 959 2263 ι
990 2209 1313 2279 Landulfus,
1344 2232 1361 2264 ι
1399 2214 1647 2283 respectu
1676 2214 1904 2269 alterius
1948 2213 2089 2269 infra

496 2302 839 2371 nominandi,
896 2324 913 2356 ι
948 2290 1182 2360 Senio“
1240 2305 1626 2376 appellandus,
1677 2307 1771 2377 qui
1821 2305 2093 2363 scribebat

496 2394 645 2450 circa
694 2411 897 2451 annum
932 2395 1090 2463 1080,
1138 2397 1193 2451 in
1239 2397 1327 2453 his
1377 2397 1449 2453 ob
1492 2413 1615 2468 qua:
1666 2398 1987 2454 «Arialdum
2038 2410 2093 2455 et

496 2484 938 2543 Herlemhaldum
978 2507 997 2541 ι
1054 2488 1384 2556 laudamus,
1435 2505 1667 2561 quasque
1716 2490 1784 2545 ad
1831 2490 2089 2546 invidiam

495 2576 715 2647 utrique
778 2577 1120 2634 eonﬂandam
1173 2577 1287 2650 ipse
1334 2579 1657 2651 detorquet,
1709 2589 1861 2637 tanto
1916 2582 2092 2653 magis

493 2669 820 2737 credendus,
844 2670 1024 2740 quoad
1049 2672 1124 2727 rei
1148 2680 1313 2743 gestae
1334 2672 1721 2741 substantiam,
1748 2683 1956 2745 quanto
1982 2674 2084 2729 ini-

494 2758 673 2828 quiori
710 2760 897 2815 animo
927 2776 991 2816 ea
1027 2761 1267 2832 scripsit,
1298 2761 1514 2818 etiamsi
1546 2761 1834 2818 manifeste
1889 2783 1908 2815 ι
1938 2779 2094 2819 men-

494 2851 620 2918 dax,
651 2851 781 2907 dum
812 2853 1050 2909 asseruit
1102 2861 1155 2909 et
1192 2853 1475 2909 Arialdum
1505 2865 1559 2909 et
1586 2852 1954 2910 Alexandrum
1988 2870 2090 2925 pa-

495 2959 621 3015 pam
650 2943 695 2999 ll
729 2947 1057 3016 pmnitenter
1088 2948 1389 3004 indoluisse
1443 2948 1702 3005 omnibus
1748 2965 1871 3021 qure
1899 2957 2089 3006 contra

496 3034 794 3095 Nieolaitas
843 3049 897 3095 et
946 3038 1291 3097 Simoniacos
1341 3039 1631 3097 Mediolani
1689 3041 1918 3099 clericos
1962 3051 2089 3099 ante

2195 734 2395 777 manus
2438 721 2555 792 ipse
2595 723 2777 791 venit,
2826 726 3085 794 postridie
3134 742 3294 782 mane
3336 729 3689 797 personnisse
3730 730 3783 784 in

2195 814 2351 880 urbe,
2380 814 2508 870 licet
2539 815 2717 875 adhuc
2745 816 2864 881 sine
2893 818 3000 873 ulla
3038 817 3105 873 de
3136 834 3265 875 nece
3304 819 3389 875 vel
3428 821 3581 876 necis
3622 822 3786 877 modo

2194 904 2545 973 certitudine;
2594 922 2760 977 quam
2808 907 3047 979 primum
3095 910 3181 965 die
3222 909 3293 964 29
3340 922 3671 967 consecutus
3699 922 3787 968 est

2193 1004 2404 1063 auctor,
2430 1005 2599 1051 totam
2629 998 2771 1052 diem
2794 1006 3118 1070 noctemque
3142 1001 3471 1056 ambulando
3502 1001 3632 1057 illuc
3657 1018 3786 1073 pro-

2193 1106 2433 1160 gressus.
2472 1090 2627 1148 Tunc
2670 1094 2940 1164 siquidem
2982 1098 3383 1153 consceleratus
3429 1100 3689 1156 sacerdos
3733 1101 3783 1156 ei

2191 1182 2407 1238 obviam
2439 1182 2637 1253 factus,
2665 1185 2803 1241 dixit
2829 1205 2842 1241 :
2888 1207 2907 1239 ι
2932 1185 3008 1241 Ex
3046 1197 3198 1244 terna
3228 1190 3315 1245 die
3343 1206 3448 1246 vox
3480 1192 3730 1258 lmtifera,
3760 1214 3779 1244 ο

2191 1274 2244 1330 id
2274 1283 2359 1331 est
2382 1276 2580 1333 laetitia;
2608 1278 2788 1349 plena,
2852 1298 2871 1331 ι
2907 1280 3028 1335 loco
3054 1289 3246 1336 nostro
3274 1282 3521 1338 insonuit
3548 1303 3560 1338 :
3604 1284 3785 1339 Arial-

2189 1367 2313 1436 dus,
2337 1368 2663 1425 clericorum
2687 1370 3059 1441 adversarius,
3075 1373 3292 1429 vinctus
3316 1375 3553 1430 habetur
3582 1377 3638 1430 in
3662 1379 3786 1433 navi

2188 1465 2243 1513 et
2273 1458 2328 1513 in
2357 1459 2474 1530 ripa
2504 1460 2628 1528 laci,
2649 1480 2668 1512 ι
2703 1461 3006 1532 eodemque
3032 1462 3119 1518 die
3149 1473 3419 1533 peractam
3457 1466 3666 1521 czcdem
3692 1466 3788 1521 de-

2188 1550 2396 1605 scribit.
2428 1550 2529 1607 Ubi
2558 1569 2667 1608 non
2699 1554 2818 1625 lego
2848 1571 2971 1611 cum
3011 1554 3278 1611 Purieello
3320 1576 3339 1607 ι
3367 1566 3627 1625 externa,
3663 1578 3683 1610 ι
3730 1568 3788 1615 ut

2186 1641 2357 1698 videri
2396 1654 2602 1715 posset,
2650 1642 2981 1715 «hesterna;
3021 1670 3038 1698 ι
3077 1647 3171 1703 sed
3216 1663 3317 1703 «ex
3350 1656 3504 1704 terna
3533 1693 3548 1717 ,
3585 1669 3606 1702 ι
3674 1650 3789 1706 sive

2195 1755 2213 1788 ι
2234 1724 2303 1791 ex
2333 1738 2490 1793 tertia
2522 1736 2630 1806 die,
2652 1758 2670 1789 ι
2715 1738 2767 1794 id
2798 1750 2913 1808 est,
2951 1740 3153 1797 nudius
3192 1741 3414 1807 tertius,
3444 1751 3578 1797 tunc
3608 1760 3643 1796 v
3667 1742 3785 1797 Kal~

2120 1807 2162 1864 Β
2186 1827 2333 1885 Julii.
2372 1829 2643 1898 Quoniam
2685 1841 2867 1888 autem
2902 1807 2973 1889 de
3015 1853 3033 1885 ι
3067 1832 3123 1889 S.
3170 1833 3550 1890 llerlembaldo
3585 1855 3605 1887 ι
3654 1835 3790 1890 nihil

2190 1922 2445 1979 distincte
2497 1925 2670 1980 scitur
2698 1926 2877 1996 quoad
2907 1926 3050 1982 diem
3082 1928 3295 1995 mortis,
3329 1928 3493 1983 obita:
3529 1930 3628 1988 (ut
3656 1929 3792 1985 satis

2189 2019 2547 2090 probaturum
2577 2037 2663 2076 me
2688 2020 2848 2093 puto)
2881 2037 3028 2075 anno
3073 2021 3229 2088 1073,
3277 2032 3385 2077 n‘on
3428 2021 3589 2092 1076,
3643 2023 3788 2079 haud

2190 2112 2284 2167 diu
2309 2123 2433 2184 post
2459 2112 2800 2168 Dominicam
2825 2114 2879 2168 in
2903 2112 3076 2181 Albis,
3101 2123 3231 2170 tunc
3256 2114 3322 2169 ιε
3342 2113 3548 2186 Aprilis
3576 2126 3786 2185 actam;

2191 2220 2493 2276 congruum
2524 2206 2736 2273 censui,
2772 2221 3008 2277 quorum
3050 2207 3340 2276 conjuncta
3372 2207 3599 2264 fuerunt
3625 2217 3682 2263 et
3702 2210 3790 2263 vi-

2191 2298 2434 2352 ventium
2466 2307 2607 2364 acta,
2635 2305 2689 2352 et
2723 2306 3064 2354 mortuorum
3098 2310 3449 2355 monumenta
3471 2301 3786 2371 cultusque,

2192 2404 2303 2444 non
2334 2389 2590 2445 dirimere
2618 2390 2928 2458 historiam,
2968 2392 3063 2447 sed
3091 2390 3229 2446 Vita:
3251 2391 3455 2447 Arialdi
3498 2393 3791 2447 subtexere

2191 2482 2401 2553 reliqua
2428 2498 2602 2553 usque
2631 2483 2698 2539 ad
2735 2503 2754 2535 ι
2772 2481 3134 2540 Herlembaldi
3157 2504 3175 2537 ι
3207 2485 3405 2540 caedem
3428 2495 3574 2541 acta.

2261 2577 2314 2632 6.
2355 2576 2628 2645 Quoniam
2674 2581 2839 2635 etiam
2888 2578 3117 2634 extremi
3189 2580 3530 2635 discriminis
3602 2580 3789 2635 socius

2192 2669 2282 2726 ille
2316 2670 2421 2727 fuit
2461 2692 2479 2724 ι
2508 2669 2879 2742 Luitprandus
2897 2672 3178 2744 presbyter
3209 2690 3228 2724 ι
3266 2672 3660 2742 przelaudatns.
3708 2672 3791 2727 di-

2190 2772 2313 2819 ctus
2338 2762 2505 2818 etiam
2532 2782 2550 2814 ι
2570 2762 2909 2834 ιίριιιιιᾱιιε»
2941 2775 2999 2819 et
3019 2762 3453 2835 «Leoprandusn
3481 2780 3631 2819 anno
3657 2765 3793 2819 1513

2190 2856 2280 2912 die
2327 2857 2361 2911 6
2390 2854 2668 2925 Januarii,
2717 2858 2773 2912 in
2822 2865 3105 2913 senectute
3151 2864 3205 2912 et
3249 2856 3599 2913 confessione
3648 2858 3789 2914 bona

2157 2948 2504 3017 .defunctus,
2556 2950 2613 3006 in
2656 2950 2910 3007 Pontidia
2957 2949 3015 3006 S.
3053 2949 3241 3007 Jacobi
3287 2950 3645 3015 monasterio,
3696 2951 3789 3005 sed

2194 3042 2400 3098 sanctis
2438 3041 2671 3098 necdum
2714 3051 3147 3109 annumeratus;
3195 3058 3317 3114 qua:
3356 3042 3423 3099 de
3467 3042 3562 3097 illo
3590 3058 3786 3113 super-

495 3130 777 3201 egissent;
815 3130 946 3187 dum
986 3132 1151 3188 etiam
1194 3132 1298 3188 tria
1337 3133 1605 3189 confinxit
1640 3134 1929 3201 miracula,
1967 3151 2092 3207 qua:
2118 3152 2160 3211 (ς
2193 3141 2351 3189 erant
2383 3134 2542 3205 plane
2569 3134 2913 3201 admiranda,
2962 3142 3016 3189 et
3062 3134 3131 3189 ad
3178 3134 3319 3189 idem
3360 3149 3592 3204 prorsus
3625 3149 3791 3204 argu-

498 3219 645 3278 Deus
673 3224 907 3293 patravit
939 3223 993 3278 in
1024 3223 1264 3281 favorem
1308 3241 1489 3282 causa;
1533 3242 1698 3298 quam
1760 3229 1975 3285 uxorati
2005 3246 2095 3285 sa-

499 3315 750 3370 cerdotes
797 3316 1151 3385 pertinaciter
1194 3317 1554 3386 tutabantur,
1606 3335 1883 3393 quamque
1934 3322 2095 3378 toties

500 3403 744 3461 Ecclesia
792 3408 1057 3464 catholica
1107 3408 1353 3465 Romana
1395 3411 1695 3467 damnavit.
1737 3431 1757 3466 ι
1806 3412 1882 3470 Ita
1932 3413 2094 3470 Puri-

503 3497 675 3552 eellus
705 3500 757 3552 in
789 3498 1108 3568 praefatione
1133 3501 1200 3556 ad
1228 3501 1426 3557 librum
1455 3518 1495 3568 ι,
1532 3504 1727 3560 merito
1763 3504 2096 3578 redarguens

504 3586 819 3644 Tristanum
845 3588 1171 3659 Chalehum,
1184 3590 1442 3648 Carolum
1474 3592 1781 3665 Sigonium,
1797 3594 2095 3667 Joscphum

504 3678 937 3751 Ripamontium,
987 3684 1312 3740 recentioris
1351 3685 1452 3741 aevi
1496 3686 1790 3743 historicos
1833 3687 2097 3745 Mediola-

504 3788 721 3839 nenses,
744 3774 889 3845 quod
914 3775 968 3829 in
987 3776 1322 3847 explicandis
1348 3778 1525 3834 turbis
1570 3780 1790 3850 quibus,
1817 3781 2018 3836 saeculo
2040 3798 2097 3837 xI

506 3867 650 3922 ultra
688 3868 1036 3924 medietatem
1060 3880 1434 3941 procurrente,
1449 3871 1652 3943 agitata
1678 3870 2100 3929 Mediolanensis

504 3959 746 4017 Ecclesia
795 3971 899 4029 est,
950 3971 1005 4018 et
1052 3979 1286 4034 quarum
1335 3978 1501 4019 causa
1545 3964 1635 4019 isti
1671 3965 1885 4035 publice
1929 3966 2097 4022 habiti

504 4049 681 4110 1‘aneti
706 4054 871 4109 vitam
904 4056 1228 4123 amiserunt,
1275 4056 1522 4127 martyrii
1552 4056 1711 4111 titulo
1757 4072 1788 4111 a
1838 4055 2100 4113 Romanis

507 4146 863 4216 pontificibus
892 4156 1296 4215 consecratam,
1332 4148 1627 4203 maluerint
1658 4158 1915 4205 auctores
1953 4152 2102 4205 schi-

507 4238 769 4293 smatieos
800 4239 957 4308 sequi
1005 4239 1265 4309 ipsosque
1320 4246 1541 4295 sanctos
1580 4239 1896 4311 ineulpare,
1932 4255 2099 4311 quam

515 4350 534 4383 ι
556 4330 884 4386 Landulfnm
917 4328 1218 4399 Juniorem,
1251 4350 1269 4383 ι
1312 4332 1405 4401 qui
1433 4331 1536 4387 sub
1557 4347 1763 4387 annum
1797 4333 1935 4389 1515
1963 4334 2101 4390 scri-

507 4420 673 4476 bebat
712 4421 894 4491 qualia
946 4436 1013 4477 ex
1062 4440 1081 4473 ι
1113 4421 1405 4476 venerabili
1438 4420 1731 4493 Liprando,
1764 4442 1782 4475 ι
1829 4425 2100 4480 avunculo

2193 3234 2438 3281 mentum
2468 3225 2745 3293 facientia,
2789 3242 2883 3296 per
2923 3226 3145 3281 modum
3186 3224 3504 3296 appendicis
3545 3226 3787 3282 historia

2193 3328 2509 3375 sanctorum
2535 3318 2771 3374 duorum
2801 3318 3005 3389 placuit
3029 3318 3340 3389 adjungere.
3382 3316 3459 3373 De
3487 3317 3657 3388 hujus
3687 3319 3788 3373 ali-

2194 3428 2306 3484 quo
2333 3412 2481 3468 cultu
2511 3412 2654 3483 aqnd
2684 3410 3065 3468 Pontidienses
3094 3411 3419 3478 monachos,
3466 3411 3615 3483 apud
3649 3428 3789 3483 quos

2195 3506 2333 3561 obiit
2363 3514 2419 3561 et
2450 3505 2695 3575 sepultus
2725 3513 2829 3572 est,
2868 3504 2914 3560 si
2957 3504 3089 3576 quid
3125 3504 3422 3559 invenisset
3459 3501 3788 3570 Purieellus,

2196 3593 2388 3652 fuisset
2435 3595 2580 3650 haud
2643 3595 2808 3651 dubie
2849 3594 3094 3651 studiose
3139 3608 3502 3665 expensorus.
3556 3594 3789 3651 Attentis

2196 3696 2379 3742 tamen
2401 3686 2469 3741 iis
2490 3701 2613 3757 qua:
2635 3700 2806 3756 nepos
2828 3686 2988 3741 istius
3008 3684 3324 3755 Luitprandi
3347 3693 3539 3739 narrat
3555 3683 3676 3757 [de]
3708 3686 3758 3740 vi
3776 3715 3789 3725 -

2197 3780 2375 3835 ventis
2385 3778 2696 3848 mortuique
2706 3777 2986 3833 miraculis
3001 3795 3016 3845 ;
3034 3786 3196 3848 atque
3220 3776 3273 3831 in
3295 3774 3787 3848 primis[de]animi

2198 3871 2537 3938 fortitudine,
2572 3870 2835 3925 divinitus
2863 3869 3148 3940 inspirata,
3180 3868 3248 3923 ad
3277 3867 3622 3925 subcundem
3652 3868 3790 3922 ultro

2198 3967 2340 4039 ignis
2365 3965 2662 4035 judicium;
2695 3963 2948 4019 dubitare
2973 3961 3063 4018 vix
3089 3975 3313 4032 possum
3332 3960 3467 4031 quin
3494 3960 3646 4015 hunc
3667 3959 3791 4015 hea-

2202 4057 2271 4112 tis
2305 4056 2422 4111 suis
2456 4054 2852 4121 aceensuerint,
2891 4062 2948 4109 et
2983 4068 3108 4109 ossa
3135 4051 3374 4108 defuncti
3413 4049 3794 4106 Pontidienses

2200 4148 2491 4205 habuerint
2520 4148 2574 4201 in
2605 4150 2836 4214 honore,
2886 4146 2981 4202 sed
3019 4159 3118 4217 per
3142 4145 3365 4200 bellicas
3411 4143 3625 4198 aliasve
3648 4142 3793 4197 cala-

2200 4241 2441 4307 mitates,
2456 4240 2737 4295 destructo
2761 4237 3054 4309 aliquando
3075 4236 3161 4291 vel
3183 4236 3409 4291 incenso
3430 4233 3790 4298 monasterio,

2201 4331 2453 4402 suspicor
2474 4330 2703 4402 periisse
2726 4329 2899 4400 ipsius
2925 4327 3158 4398 sepulcri
3185 4325 3532 4389 memoriam,
3556 4334 3615 4380 et
3637 4324 3793 4395 quid-

2202 4424 2334 4496 quid
2363 4422 2542 4478 facere
2567 4428 2753 4492 posset
2782 4420 2849 4475 ad
2873 4420 3124 4475 eumdem
3156 4418 3274 4473 sine
3300 4417 3561 4488 scrupulo
3593 4432 3791 4472 vocan-

508 4519 631 4579 suo,
674 4510 959 4579 didicerat,
999 4525 1100 4583 pro
1145 4511 1334 4567 eadem
1374 4527 1541 4568 causa
1585 4528 1722 4568 naso
1763 4514 2098 4586 auribusque
2129 4517 2328 4582 nilum
2377 4534 2397 4567 ι
2428 4516 2665 4580 beatum,
2692 4532 2709 4565 ι
2754 4514 2866 4568 imo
2915 4520 2972 4567 et
3006 4519 3319 4576 «sanctum,
3357 4528 3375 4559 ι
3421 4509 3470 4564 si
3515 4517 3793 4563 constaret

508 4604 779 4661 mutilata.

672 4696 876 4755 Damus
919 4698 1009 4754 hic
1054 4697 1288 4769 primam
1351 4717 1371 4749 ‹
1402 4695 1459 4752 S.
1503 4697 1709 4754 Arialdi
1742 4718 1760 4751 ι
1806 4698 1985 4755 Vitam
2030 4717 2097 4757 ex

507 4789 612 4844 ista
648 4788 897 4846 Purieelli
932 4789 1187 4857 editione,
1230 4805 1357 4844 cum
1396 4805 1570 4860 eaque
1609 4800 1838 4873 mortem
1870 4792 2100 4848 ascribi-

508 4898 633 4940 mus
664 4897 810 4939 anno
847 4882 1003 4949 1066,
1046 4892 1100 4937 et
1141 4883 1362 4954 quidem
1399 4883 1505 4938 hac
1539 4882 1659 4954 ipso
1707 4900 1817 4955 quo
1854 4874 2158 4959 Andreas,

506 4990 732 5045 passum
771 4992 788 5026 ι
818 4974 1097 5030 ArialJnm
1121 4994 1139 5025 ι
1170 4973 1402 5029 allii-mat
1425 4973 1532 5040 die,
1570 4975 1799 5045 «quinto
1829 4975 2099 5034 Kalendas

508 5065 664 5112 Julii?
698 5086 716 5112 ι
761 5066 853 5112 nni
913 5076 1093 5112 tamen
1154 5067 1269 5112 dios
1306 5084 1429 5112 cum
1476 5076 1621 5112 esset
1663 5069 1984 5112 ρριρὶιιιοητιει
2038 5070 2076 5110 ς

2199 4610 2319 4680 ejus
2349 4623 2471 4665 esse
2498 4623 2646 4673 ossa,
2675 4621 2797 4678 quae.
2830 4604 3012 4675 Papiae
3055 4604 3197 4659 inter
3233 4603 3369 4658 alias
3397 4601 3667 4671 reliquias
3697 4617 3793 4656 no»

2200 4702 2498 4757 minantur.
2533 4696 2717 4754 Talem
2755 4699 2821 4753 de
2851 4695 3283 4752 Pontidiensium
3324 4708 3454 4764 erga
3499 4692 3792 4764 Luitpran-

2200 4794 2331 4851 dum
2380 4792 2575 4848 affectu
2628 4789 2938 4861 opinionem
3004 4788 3292 4844 confirmat
3338 4786 3475 4841 mihi
3527 4787 3792 4841 memoria

2200 4886 2380 4942 cultus
2414 4899 2443 4939 a
2487 4878 2959 4937 \‘allumbrosanis
2992 4876 3279 4933 monachis
3312 4874 3479 4930 delati
3511 4873 3573 4929 S.
3610 4873 3791 4935 Petro,

2203 4992 2365 5049 quem
2413 4995 2430 5027 ι
2452 4973 2672 5046 lgneum
2706 4991 2725 5025 ι
2761 4970 3173 5043 cognominant,
3214 4967 3283 5022 ah
3307 4981 3375 5022 eo
3406 4975 3608 5022 eventu
3632 5008 3649 5031 ,
3688 4980 3794 5036 quo

2204 5070 2383 5110 cimilo
2429 5066 2571 5108 iani:
2615 5063 2872 5108 indit-inm
2914 5062 3079 5106 cuhiit
3123 5058 3411 5104 VII-mntis!
3451 5073 3603 5102 annn
3634 5058 3783 5100 11163,
