4020 5364
131 247 318 326 usa
1287 275 1295 320 _-
1685 249 1884 306 ACTA.
2313 271 2317 280 ι
3287 244 3427 300 uss

127 363 386 434 quario,
436 377 532 432 per
577 359 642 416 Ν.
697 359 995 415 Fontanam
1048 360 1100 414 in
1151 377 1284 417 mss.
1338 361 1567 432 allegato
1603 363 1745 432 apud
1777 369 1820 422 Α
1848 364 2124 433 pendium,
2147 364 2392 434 quaedam
2420 365 2582 434 paulo
2606 362 2800 418 melius
2820 360 3077 417 ordinans
3103 368 3156 414 et
3175 357 3430 428 suppleas

130 451 489 505 Purlcellum
538 466 657 520 pag.
708 451 794 514 15,
839 469 856 502 ε
886 451 1091 504 Arialdi
1133 465 1200 505 ex
1238 450 1444 504 Alciata
1473 461 1631 522 gente
1659 467 1748 507 se-
1849 470 1915 509 ex
1939 454 2125 509 eadem
2157 455 2402 520 scientia,
2436 463 2490 509 et
2523 459 2654 509 suos
2683 465 2812 509 tunc
2837 453 2998 508 etiam
3028 449 3263 504 Annales
3288 448 3428 503 scri-

130 541 413 608 pulcrum
440 562 457 592 »
496 541 736 595 indicare
763 541 988 608 dicitur;
1037 550 1091 595 et
1122 541 1340 608 addere,
1383 543 1576 613 «cujus
1621 558 1752 598 con-

131 632 374 695 ciones,
425 631 838 700 disputationes,
889 647 1095 697 necem,
1146 633 1440 700 miracula,
1492 634 1753 690 Arnulfus

132 724 461 780 historicus
487 723 820 779 Mediolanus
847 724 1154 794 descripsit.
1182 743 1199 774 ›
1237 723 1341 781 Sed
1367 727 1625 796 quoniam
1649 727 1753 782 Aru

134 816 285 871 nqu
285 835 354 872 us
382 819 482 872 iste
508 817 628 882 fuit,
643 816 804 872 sicuti
825 818 875 872 vi
887 817 1079 880 limus,
1108 817 1429 888 periniquus
1446 839 1463 870 (
1479 819 1717 886 Arialdo,
1730 839 1748 872 ι

137 924 269 963 non
337 918 421 962 est
463 909 772 964 vcrosimile
809 909 951 977 quod
987 908 1074 963 ille
1107 910 1335 964 seorsim
1367 926 1397 964 a
1429 927 1528 966 sua
1569 909 1755 966 Histo-

135 997 259 1062 ria,
287 1000 510 1070 qualem
539 1000 797 1064 diximus,
831 997 1004 1054 Vitam
1037 1001 1211 1055 sancti
1242 1002 1474 1055 voluerit
1494 1003 1753 1078 scribere,

1852 545 2006 612 bens,
2035 546 2088 599 in
2119 547 2413 615 appendice
2438 546 2595 600 nobis
2621 546 2966 616 potissimum
2997 542 3320 613 sequendos.

1922 641 1975 696 8.
2025 639 2168 695 Idem
2203 640 2444 694 Alciatus
2491 640 2654 693 aliam
2686 638 2863 693 Vitam
2906 657 2924 690 ι
2964 637 3020 692 S.
3051 635 3256 689 Arialdi
3293 653 3312 685 ι
3345 633 3432 686 vel

1855 733 2076 802 scripsit
2103 731 2186 785 vel
2213 731 2451 784 scribere
2483 730 2774 784 inchoavit.
2823 729 3080 798 Superest
3117 728 3262 781 cnim
3310 725 3450 794 ejus.

1857 825 2093 887 initium,
2117 821 2260 893 quod
2293 821 2563 875 Puricello
2592 821 2720 874 facit
2757 821 2878 874 libri
2913 835 2928 874 ι
2961 827 3123 889 caput
3155 818 3240 883 ~12,
3292 817 3435 870 sicut

1857 916 1986 970 illud
2011 915 2098 970 hic
2124 914 2332 978 habuit,
2357 913 2752 983 suppeditatam
2789 911 2892 965 sibi
2923 927 2952 964 a
2984 910 3234 964 Mattham
3277 907 3373 961 Val
3387 925 3435 960 .‘-

1857 1009 1960 1074 rio,
1989 1007 2296 1062 Carthusize
2339 1004 2623 1074 Papiensis
2663 1002 2850 1072 priori,
2897 1011 2950 1056 et
2999 1001 3160 1055 simili
3209 1014 3437 1069 prorsus

138 1090 286 1145 licet
314 1091 382 1145 ad
411 1101 712 1146 extremum
742 1091 1062 1146 emendatus
1091 1099 1144 1146 et
1173 1093 1550 1148 reconciliatus
1575 1092 1700 1149 Eccl
1713 1111 1758 1147 3-

139 1177 289 1244 si:e;
329 1171 454 1232 cum
496 1195 561 1233 ne
601 1188 728 1234 tunc
766 1181 983 1250 quidem
1029 1180 1292 1235 dimoveri
1342 1183 1579 1252 potuerit
1623 1184 1757 1253 quin

141 1272 392 1328 sentiret
421 1281 639 1327 sanctos
667 1272 1025 1342 prrelaudatos
1067 1273 1266 1328 bonam
1304 1289 1526 1329 causam
1576 1277 1758 1330 minus

141 1361 300 1416 bene
345 1361 684 1430 discretaque
719 1361 912 1430 egisse,
954 1363 1196 1432 adeoque
1240 1379 1338 1418 nec
1379 1365 1433 1418 in
1473 1374 1646 1419 morte
1681 1365 1758 1420 sic

142 1453 312 1506 obita
347 1451 667 1506 laudandos.
710 1450 973 1518 L’tutcst,
997 1453 1114 1522 ejus
1147 1469 1255 1508 non
1287 1464 1463 1524 potest
1482 1471 1602 1511 esse
1617 1455 1756 1522 Vita,

141 1559 280 1614 qua:
313 1541 588 1597 Puricello
619 1543 746 1597 facit
776 1544 974 1598 librum
1009 1545 1250 1610 tertium,
1281 1554 1332 1599 et
1362 1562 1472 1616 quo
1499 1547 1552 1600 in
1583 1548 1756 1602 adno—

144 1633 287 1688 tatis
346 1633 658 1703 frequenter
710 1643 942 1689 utemur.
997 1635 1364 1706 Praeterquam
1414 1639 1559 1692 enim
1614 1639 1758 1708 quod

1856 1099 2104 1168 exemplo
2133 1098 2265 1153 vidit
2299 1098 2353 1151 in
2378 1111 2584 1150 musam
2619 1094 2825 1165 Aloysti
2869 1093 2936 1146 ab
2969 1091 3231 1155 Ecclesia,
3255 1106 3434 1160 quon-

1857 1190 1981 1244 dam
2016 1187 2294 1244 secretarii
2328 1185 2556 1241 Urbani.
2604 1183 2718 1238 Hoc
2775 1197 2993 1254 quoque
3051 1181 3437 1252 fragmentum,

1859 1263 2132 1337 adnotatis
2194 1278 2401 1334 nostris
2459 1278 2748 1340 insertum,
2805 1275 2974 1328 lector
3031 1272 3267 1327 inveniet
3309 1291 3321 1324 :
3359 1273 3438 1326 uti

1857 1372 2019 1426 etiam
2051 1370 2296 1441 quaedam
2332 1388 2350 1420 ι
2379 1368 2524 1423 Petri
2551 1367 2752 1430 Azarii,
2788 1386 2805 1416 ι
2841 1365 2965 1430 viri,
3000 1373 3058 1418 ut
3080 1373 3299 1433 apparet
3331 1363 3437 1416 nti-

1858 1462 2054 1525 litaris,
2083 1461 2176 1532 qui
2205 1477 2349 1514 anno
2380 1461 2516 1514 1456
2539 1459 2748 1512 militia:
2781 1455 3138 1512 reformandae
3164 1455 3440 1509 adhibitus

1859 1552 2147 1608 Annalium
2174 1550 2657 1606 Mediolanensium
2709 1564 2868 1620 opus,
2921 1547 3080 1618 quale
3120 1545 3260 1616 apud
3307 1545 3440 1600 Car-

1861 1645 2054 1700 thusiaa
2082 1644 2317 1714 priorem
2370 1642 2760 1713 praelaudatum
2819 1639 3135 1694 servabatJr
3187 1637 3240 1690 in
3302 1652 3437 1690 mss.

146 1726 376 1795 ubique
413 1735 728 1780 sanctorum
760 1735 880 1782 acta
908 1727 1100 1798 probet
1128 1704 1494 1797 vehementer,
1525 1704 1648 1786 sese
1673 1731 1758 1786 in-
1792 1704 1833 1760 Β
1861 1704 2111 1807 perduxit
2147 1735 2213 1789 ad
2242 1704 2445 1788 annum
2471 1733 2609 1787 1402
2630 1733 2786 1803 plane
2813 1731 3155 1802 grandaevus.
3180 1729 3441 1799 Reliquos

146 1817 307 1872 dicat
338 1825 534 1871 auctor
561 1818 846 1889 scripsisse
871 1828 993 1889 post
1014 1835 1215 1874 annum
1237 1820 1390 1886 “00,
1433 1823 1651 1892 quando
1695 1823 1762 1878 de

157 1926 176 1958 α
195 1907 436 1962 ecclesia
468 1907 703 1964 Rozonis
723 1929 740 1962 ι
772 1911 998 1981 loquens
1018 1911 1183 1977 addit,
1207 1931 1222 1962 ‹
1243 1929 1364 1984 qua!
1393 1929 1537 1968 nunc
1563 1914 1762 1968 dicitur

151 1995 214 2052 S.
275 1999 561 2070 Sepulcri,
601 2019 620 2052 ι
671 2003 812 2071 quol
855 2019 1051 2056 nomen
1092 2003 1181 2058 illa
1227 2004 1462 2074 primum
1513 2013 1761 2060 assecuta

153 2103 293 2149 tunc
322 2102 434 2149 est.
469 2092 628 2148 Plura
674 2094 726 2148 in
773 2095 913 2150 hanc
943 2111 1056 2150 rem
1089 2097 1333 2168 congerit
1372 2095 1670 2153 Puricellus
1703 2097 1759 2152 in

153 2188 493 2258 praefatione
516 2189 580 2243 ad
612 2189 775 2244 istum
806 2189 897 2244 lib.
931 2205 1012 2254 ιιι,
1036 2199 1325 2259 censetque
1351 2207 1414 2244 ex
1446 2189 1586 2261 stylo
1637 2205 1758 2244 eam

155 2297 285 2335 esse
320 2299 340 2332 ι
366 2280 635 2346 Laudulli,
677 2296 707 2336 a
744 2279 800 2334 S.
844 2280 1012 2336 Paulo
1039 2300 1057 2332 ›
1097 2281 1247 2348 dicti,
1291 2279 1570 2335 «Junioris
1608 2299 1626 2329 ι
1665 2297 1761 2350 per

157 2385 263 2424 nos
294 2370 629 2439 appellandi,
657 2370 750 2440 qui
779 2371 915 2426 lecta
946 2383 1198 2426 accurate
1227 2369 1348 2425 Vita
1371 2387 1466 2440 per
1487 2369 1758 2424 Andream

159 2461 376 2531 scripta
405 2462 567 2531 (hanc
593 2472 773 2516 autem
806 2463 1001 2533 legisse
1026 2463 1288 2519 Arnulfus
1308 2463 1396 2517 vix
1429 2464 1622 2533 potuit,
1660 2479 1758 2519 ne-

159 2552 296 2606 dum
328 2561 387 2606 et
417 2560 528 2606 tam
560 2555 832 2608 contraria
879 2553 1032 2624 prius
1078 2554 1363 2622 scripsisse
1410 2554 1541 2623 quin
1574 2563 1759 2624 postea

161 2641 487 2698 distinctius
521 2647 872 2714 retractaret)’
917 2644 1160 2700 eamdem
1201 2644 1464 2715 redegerit
1512 2644 1566 2698 in
1613 2659 1764 2699 com-

1862 1835 2394 1897 auctores.qnorum
2430 1825 2547 1879 loca
2598 1840 2662 1880 ac
2721 1824 3031 1880 testimonia
3088 1823 3310 1892 implent
3369 1821 3439 1874 li-

1861 1918 1959 1972 bru
1986 1936 2016 1972 n
2049 1917 2362 1982 tPuricclli,
2407 1931 2754 1971 communem
2806 1935 2824 1967 ‹
2860 1915 2958 1970 SS.
2989 1914 3206 1968 Arialdo
3228 1923 3281 1968 et
3307 1911 3443 1967 Iler-
3477 1925 3482 1928 '

1861 2007 2128 2062 lenibaldo
2163 2027 2181 2059 ι
2224 2008 2422 2077 (quam
2445 2007 2613 2076 aliqui
2645 2025 2663 2057 ι
2694 2005 3099 2071 Arcmbaldum,
3146 2003 3442 2058 Herenbal-

1859 2099 1988 2153 dum
2002 2119 2018 2148 ι
2035 2107 2087 2152 et
2111 2117 2127 2149 ‹
2140 2096 2485 2153 lleribaldum
2503 2117 2518 2148 ι
2549 2096 2848 2167 nominant)
2864 2096 3064 2150 videsis
3079 2094 3217 2164 apud
3240 2095 3458 2163 ipsuma

1866 2191 1998 2248 Vide
2023 2193 2455 2264 etiam‘ejusdem
2482 2193 2681 2247 librum
2703 2200 2990 2262 quartum;
3017 2189 3109 2258 qui
3133 2189 3296 2243 unius
3319 2187 3444 2256 qui-

1863 2285 1985 2340 dem
2055 2305 2071 2336 ι
2103 2284 2466 2340 IIerlembaldi
2515 2282 2688 2338 Vitam
2726 2301 2743 2334 ι
2815 2281 3100 2352 profitetur
3156 2279 3305 2345 dare,
3348 2277 3444 2331 sed

1866 2393 2051 2432 revera
2091 2377 2374 2432 historiam
2418 2375 2660 2430 continet
2711 2373 2877 2428 totius
2933 2371 3245 2426 schismatis
3298 2367 3444 2438 quod

1865 2463 2064 2518 sarculo
2086 2479 2140 2516 XI
2164 2461 2458 2517 Ecclesiam
2474 2462 2748 2526 laceravit,
2771 2459 3009 2515 Cadaloo
3033 2467 3086 2512 et
3103 2457 3361 2512 Guiberto
3388 2456 3444 2509 in

1865 2542 2149 2624 antipapas
2170 2553 2412 2619 elevatis,
2437 2569 2534 2622 per
2555 2551 2807 2606 rebellem
2855 2549 3107 2604 Ecclesia:
3147 2546 3444 2601 IIcnricum

1869 2646 1987 2716 ejus
2010 2645 2247 2701 nominis
2271 2660 2449 2715 regem
2481 2643 2570 2710 IV,
2600 2643 2974 2712 imperatorem
2999 2639 3084 2694 ill.

1012 2991 1711 3122 SANCTI
1805 2988 2616 3118 ABIALDI

1649 3250 2003 3366 ViTA

186 3445 286 3540 ’.ῖκ
418 3457 446 3483 ⁷
855 3471 1130 3535 Auctore
1173 3473 1240 3533 B.
1289 3440 1575 3541 Auente;5
1600 3468 2161 3542 Vallumbrosano,
2207 3469 2411 3530 sancti
2449 3467 2786 3546 discipulo.

790 3803 1178 3861 I’RASFATIO.

263 3900 314 3956 I.
350 3899 684 3969 Praecepisti,
718 3897 1020 3953 venerande
1054 3897 1214 3952 Pater
1241 3895 1492 3963 Rudolfe,
1527 3906 1588 3952 ut
1632 3897 1774 3952 beati

189 3995 450 4064 martyris
485 3990 687 4045 Arialdi
716 3990 1029 4061 passionem
1058 3989 1442 4044 describerem.
1469 3989 1623 4055 Quod
1654 3989 1778 4043 licet

192 4083 373 4149 facere
404 4091 638 4139 conatus
695 4083 798 4137 sim
837 4082 915 4151 (in
946 4081 1202 4148 veritate,
1256 4097 1365 4134 non
1409 4097 1508 4151 pro
1555 4081 1778 4135 humili-

191 4184 302 4230 tate
324 4177 465 4242 sola,
495 4184 554 4229 ut
574 4175 816 4244 plerique
839 4173 1111 4242 sapientes
1137 4173 1330 4238 solent,
1350 4172 1589 4240 loquor),
1617 4171 1779 4240 quid-

194 4268 327 4336 quid
350 4269 404 4322 in
431 4283 495 4322 ea
529 4276 612 4322 est
666 4266 812 4336 quod
836 4265 1164 4320 conveniens
1216 4263 1308 4329 sit,
1350 4263 1512 4317 etiam
1554 4262 1606 4315 in
1661 4262 1780 4332 ipsa

195 4357 487 4412 verborum
510 4356 924 4426 compositione,
971 4369 1077 4409 non
1125 4369 1257 4408 mea:
1303 4353 1600 4422 sapientiae,
1656 4367 1780 4421 qua:

198 4447 277 4502 sic
303 4457 388 4503 est
409 4465 576 4518 parva
623 4458 679 4503 ut
703 4464 840 4518 pene
865 4448 937 4502 sit
969 4445 1140 4510 nulla,
1178 4445 1272 4500 sed
1302 4445 1402 4500 soli
1431 4444 1524 4499 Dei
1573 4445 1779 4516 gratias,

201 4537 522 4608 meritisque
553 4539 746 4608 ipsius,
786 4548 948 4607 atque
977 4546 1084 4592 tute
1109 4537 1344 4591 orationi
1367 4537 1567 4590 tribuo.
1592 4535 1648 4588 In
1672 4551 1780 4605 qua

199 4627 358 4693 sciat,
421 4646 542 4683 eam
601 4629 912 4699 quicunque
976 4627 1187 4698 legerit,
1233 4643 1318 4680 me
1369 4643 1591 4696 prorsus
1647 4627 1782 4680 nihil

201 4716 404 4773 dixisse
453 4719 554 4774 nisi
578 4718 723 4789 quod
758 4717 888 4772 viris
909 4717 1072 4773 certis
1114 4715 1779 4780 narrantibusdidicerim,

203 4823 234 4861 a
272 4810 592 4865 marchione
621 4810 890 4875 videlicet,
923 4808 1095 4878 ipsius
1119 4822 1378 4878 germano
1420 4807 1582 4868 fideli,
1605 4805 1689 4860 vel
1750 4819 1781 4860 a

205 4894 538 4956 Bonovisino
578 4901 821 4970 ejusdem
868 4899 1182 4954 ﬁdelissimo
1245 4895 1467 4961 famulo,
1510 4897 1603 4966 qui
1649 4897 1697 4951 ei
1751 4911 1782 4950 a

209 4990 496 5048 cunabulis
518 5000 603 5047 est
631 4990 928 5046 famulatus
962 4990 1232 5054 similiter,
1255 4987 1366 5040 imo
1391 4987 1457 5041 de
1478 4987 1676 5057 quibus
1700 4995 1784 5041 tot

207 5079 438 5136 existere
472 5093 702 5153 possunt
723 5092 890 5138 testes
923 5091 1057 5151 quot
1093 5081 1186 5136 illo
1227 5079 1281 5131 in
1320 5077 1438 5131 loco
1466 5093 1592 5132 cum
1625 5086 1783 5134 astate

209 5171 442 5238 perfecta
476 5191 718 5245 sanoque
745 5189 910 5230 sensu
935 5182 1063 5228 sunt
1091 5170 1359 5228 homines.

279 5263 333 5318 2.
373 5264 590 5333 Verum,
616 5284 710 5337 per
728 5276 900 5322 totum
926 5265 1071 5322 hunc
1095 5262 1355 5328 libellum,
1379 5276 1561 5317 meum
1584 5277 1784 5320 nomen

1799 3789 1843 3850 (ἶ
1879 3822 2001 3861 men
2036 3807 2089 3861 in
2113 3806 2232 3876 ejus
2263 3805 2440 3860 fronte
2473 3807 2769 3870 habeatur;
2803 3804 3082 3874 quoniam,
3115 3802 3248 3859 velis
3287 3784 3449 3869 nolis,

1879 3914 2044 3967 super
2089 3898 2511 3962 candelabrum,
2544 3905 2603 3950 ut
2624 3895 2876 3951 onmibus
2918 3896 3119 3959 luceas,
3169 3903 3220 3949 te
3270 3897 3452 3965 posuit

1877 3988 2157 4054 Christus;
2184 3997 2474 4058 quatenus,
2513 3988 2560 4042 is
2590 3989 2682 4058 qui
2711 3987 2930 4058 scripsit
2972 3987 3016 4042 si
3038 3987 3318 4058 ignoratur
3340 4029 3354 4052 ,
3382 3987 3451 4042 ad

1878 4097 2039 4152 quem
2064 4081 2300 4151 scriptus
2333 4090 2417 4137 est
2468 4096 2576 4135 non
2614 4081 2910 4151 ignoretur.
2937 4079 3106 4134 Porro
3129 4080 3256 4150 quia
3275 4079 3328 4133 in
3348 4081 3452 4135 hoc

1879 4177 2034 4246 plura
2061 4183 2189 4230 sunt
2212 4175 2266 4229 in
2289 4175 2467 4231 verbis
2494 4183 2548 4230 et
2578 4174 2733 4229 factis
2758 4171 3099 4228 aedificationi
3128 4171 3454 4238 utilia,duo—-

1879 4267 2055 4322 decim
2087 4267 2433 4322 monasteriis
2453 4267 2652 4337 quibus
2679 4274 2730 4320 te
2752 4281 3022 4336 supernus
3043 4263 3216 4318 Judex
3251 4277 3452 4333 propo--
3479 4335 3490 4345 _

1881 4359 2009 4425 suit,
2034 4375 2133 4414 oro
2168 4367 2230 4412 ut
2272 4358 2338 4412 ad
2369 4358 2656 4429 legendum
2707 4358 2936 4424 tribuas,
2988 4365 3276 4428 quatenus,
3323 4355 3454 4409 dum

1880 4452 2171 4517 audierint,
2196 4451 2250 4504 in
2279 4449 2594 4505 defensione
2629 4450 2907 4514 veritatis,
2935 4449 3077 4518 quod
3120 4449 3211 4502 alii
3264 4455 3456 4501 nostro

1882 4542 1936 4597 in
1969 4551 2212 4612 tempore
2245 4542 2503 4596 dixerunt
2531 4549 2580 4595 et
2622 4540 2864 4611 perpessi
2915 4549 3062 4606 sunt,
3091 4536 3456 4592 accendantur

1882 4643 1932 4688 et
1965 4634 2066 4704 ipsi
2103 4643 2163 4688 ut
2208 4633 2336 4687 talia
2379 4634 2582 4697 dicant,
2634 4640 2707 4697 et,
2763 4632 2808 4685 si
2858 4645 3079 4685 necesse
3127 4627 3310 4691 fuerit,
3357 4640 3456 4696 pro

1881 4725 2070 4779 eadem
2099 4724 2325 4778 veritate
2351 4724 2550 4778 similia
2574 4723 2872 4793 patiantur.

2389 4863 2618 4921 CAPUT
2652 4861 2950 4920 PRIMUM.

1885 4978 2098 5034 Arialdi
2130 4977 2354 5043 natales,
2387 4977 2684 5042 institutio,
2725 4976 2904 5055 prima
2939 4983 3142 5039 contra
3177 4963 3371 5018 clerum
3403 4969 3490 5025 in-

2457 5059 2652 5104 cestum
2691 5061 2892 5099 concw.

1814 5143 1859 5200 Ῐ)
1956 5163 2010 5217 3.
2039 5161 2190 5217 Licet
2213 5161 2325 5231 jam
2349 5160 2429 5218 sic
2452 5178 2615 5220 senex
2648 5161 2721 5214 sit
2749 5161 3044 5231 mund“.3
3087 5161 3154 5209 ut
3192 5141 3530 5218 itmiaquic

1887 5254 2099 5312 vicinus
2121 5251 2242 5320 ejus
2269 5263 2530 5309 cernatur
2570 5265 2822 5313 occasus,
2849 5255 3096 5322 tanlcn
3131 5233 3261 5308 quia
3299 5232 3368 5286 ab
3405 5243 3537 5295 uni-

3125 5327 3346 5364 nniumr
3414 5327 3548 5364 tum.
