  <div class='ocr_page' id='page_1' title='image "/cluster/home/n/w/nwhite01/storage/ocr_20150623/143/hvd.32044015471816/721.png"; bbox 0 0 4020 5364; ppageno 0'>
   <div class='ocr_carea' id='block_1_1' title="bbox 550 301 691 359">
    <p class='ocr_par' dir='ltr' id='par_1_1' title="bbox 550 301 691 359">
     <span class='ocr_line' id='line_1_1' title="bbox 550 301 691 359; baseline -0.014 0"><span class='ocrx_word' id='word_1_1' title='bbox 550 304 575 359; x_wconf 75' lang='grc' dir='ltr'>ί</span> <span class='ocrx_word' id='word_1_2' title='bbox 590 301 691 359; x_wconf 62' lang='grc'><strong>459</strong></span> 
     </span>
    </p>
   </div>
   <div class='ocr_carea' id='block_1_2' title="bbox 1690 286 2731 356">
    <p class='ocr_par' dir='ltr' id='par_1_2' title="bbox 1690 286 2731 356">
     <span class='ocr_line' id='line_1_2' title="bbox 1690 286 2731 356; baseline -0.003 0"><span class='ocrx_word' id='word_1_3' title='bbox 1690 297 1789 356; x_wconf 86' lang='lat' dir='ltr'><strong>SS.</strong></span> <span class='ocrx_word' id='word_1_4' title='bbox 1832 296 2114 354; x_wconf 77' lang='lat' dir='ltr'><strong>ARIALDI</strong></span> <span class='ocrx_word' id='word_1_5' title='bbox 2154 288 2242 352; x_wconf 80' lang='grc' dir='ltr'><strong>ΕΤ</strong></span> <span class='ocrx_word' id='word_1_6' title='bbox 2284 286 2731 353; x_wconf 70' lang='lat' dir='ltr'><strong>ERLEMBALDI</strong></span> 
     </span>
    </p>
   </div>
   <div class='ocr_carea' id='block_1_3' title="bbox 3701 278 3845 350">
    <p class='ocr_par' dir='ltr' id='par_1_3' title="bbox 3701 278 3845 350">
     <span class='ocr_line' id='line_1_3' title="bbox 3701 278 3845 350; baseline 0 -1"><span class='ocrx_word' id='word_1_7' title='bbox 3701 278 3845 350; x_wconf 59' lang='lat' dir='ltr'><strong>me</strong></span> 
     </span>
    </p>
   </div>
   <div class='ocr_carea' id='block_1_4' title="bbox 540 406 3841 488">
    <p class='ocr_par' dir='ltr' id='par_1_4' title="bbox 540 406 3841 488">
     <span class='ocr_line' id='line_1_4' title="bbox 540 406 3841 488; baseline -0.001 -16"><span class='ocrx_word' id='word_1_8' title='bbox 540 418 631 483; x_wconf 80' lang='lat' dir='ltr'><strong>lis,</strong></span> <span class='ocrx_word' id='word_1_9' title='bbox 656 416 924 488; x_wconf 84' lang='lat' dir='ltr'><strong>persecuti</strong></span> <span class='ocrx_word' id='word_1_10' title='bbox 949 423 1098 482; x_wconf 88' lang='lat' dir='ltr'><strong>sunt,</strong></span> <span class='ocrx_word' id='word_1_11' title='bbox 1131 414 1350 486; x_wconf 72' lang='lat' dir='ltr'><strong>scriptis</strong></span> <span class='ocrx_word' id='word_1_12' title='bbox 1384 411 1599 470; x_wconf 79' lang='lat' dir='ltr'><strong>tradere</strong></span> <span class='ocrx_word' id='word_1_13' title='bbox 1622 421 1786 484; x_wconf 85' lang='lat' dir='ltr'><strong>atque</strong></span> <span class='ocrx_word' id='word_1_14' title='bbox 1807 412 2044 484; x_wconf 90' lang='lat' dir='ltr'><strong>posteris</strong></span> <span class='ocrx_word' id='word_1_15' title='bbox 2066 411 2132 467; x_wconf 89' lang='lat' dir='ltr'><strong>ad</strong></span> <span class='ocrx_word' id='word_1_16' title='bbox 2166 416 2207 472; x_wconf 72' lang='grc' dir='ltr'><strong>Α</strong></span> <span class='ocrx_word' id='word_1_17' title='bbox 2241 425 2400 480; x_wconf 87' lang='lat' dir='ltr'><strong>peres</strong></span> <span class='ocrx_word' id='word_1_18' title='bbox 2422 410 2655 466; x_wconf 82' lang='lat' dir='ltr'><strong>invicem</strong></span> <span class='ocrx_word' id='word_1_19' title='bbox 2679 406 3012 473; x_wconf 81' lang='lat' dir='ltr'><strong>conferrent,</strong></span> <span class='ocrx_word' id='word_1_20' title='bbox 3045 406 3291 465; x_wconf 77' lang='lat' dir='ltr'><strong>dicentes</strong></span> <span class='ocrx_word' id='word_1_21' title='bbox 3327 427 3340 440; x_wconf 73' lang='grc' dir='ltr'><strong>ο</strong></span> <span class='ocrx_word' id='word_1_22' title='bbox 3372 406 3430 464; x_wconf 90' lang='lat' dir='ltr'><strong>Si</strong></span> <span class='ocrx_word' id='word_1_23' title='bbox 3466 408 3589 465; x_wconf 60' lang='lat' dir='ltr'><strong>bare</strong></span> <span class='ocrx_word' id='word_1_24' title='bbox 3615 409 3841 469; x_wconf 72' lang='lat' dir='ltr'><strong>abierit.</strong></span> 
     </span>
    </p>
   </div>
   <div class='ocr_carea' id='block_1_5' title="bbox 541 508 1479 565">
    <p class='ocr_par' dir='ltr' id='par_1_5' title="bbox 541 508 1479 565">
     <span class='ocr_line' id='line_1_5' title="bbox 541 508 1479 565; baseline -0.003 0"><span class='ocrx_word' id='word_1_25' title='bbox 541 524 734 565; x_wconf 82' lang='lat' dir='ltr'><strong>eorum</strong></span> <span class='ocrx_word' id='word_1_26' title='bbox 758 508 1174 564; x_wconf 67' lang='lat' dir='ltr'><strong>aediﬁcationem</strong></span> <span class='ocrx_word' id='word_1_27' title='bbox 1204 508 1479 563; x_wconf 88' lang='lat' dir='ltr'><strong>intimare.</strong></span> 
     </span>
    </p>
   </div>
   <div class='ocr_carea' id='block_1_6' title="bbox 613 595 2140 673">
    <p class='ocr_par' dir='ltr' id='par_1_6' title="bbox 613 595 2140 673">
     <span class='ocr_line' id='line_1_6' title="bbox 613 595 2140 673; baseline -0.005 -16"><span class='ocrx_word' id='word_1_28' title='bbox 613 603 667 658; x_wconf 70' lang='grc'><strong>4.</strong></span> <span class='ocrx_word' id='word_1_29' title='bbox 706 601 877 673; x_wconf 92' lang='lat' dir='ltr'><strong>lgitur</strong></span> <span class='ocrx_word' id='word_1_30' title='bbox 897 602 953 656; x_wconf 93' lang='lat' dir='ltr'><strong>in</strong></span> <span class='ocrx_word' id='word_1_31' title='bbox 976 602 1204 656; x_wconf 84' lang='lat' dir='ltr'><strong>Cutiaco</strong></span> <span class='ocrx_word' id='word_1_32' title='bbox 1235 602 1311 672; x_wconf 86' lang='lat' dir='ltr'><strong>(l)</strong></span> <span class='ocrx_word' id='word_1_33' title='bbox 1338 600 1576 671; x_wconf 91' lang='lat' dir='ltr'><strong>quodam</strong></span> <span class='ocrx_word' id='word_1_34' title='bbox 1601 598 1904 664; x_wconf 89' lang='lat' dir='ltr'><strong>vico,inter</strong></span> <span class='ocrx_word' id='word_1_35' title='bbox 1932 595 2140 652; x_wconf 84' lang='lat' dir='ltr'><strong>Medio-</strong></span> 
     </span>
    </p>
   </div>
   <div class='ocr_carea' id='block_1_7' title="bbox 542 688 2137 763">
    <p class='ocr_par' dir='ltr' id='par_1_7' title="bbox 542 688 2137 763">
     <span class='ocr_line' id='line_1_7' title="bbox 542 688 2137 763; baseline -0.004 -16"><span class='ocrx_word' id='word_1_36' title='bbox 542 694 729 749; x_wconf 90' lang='lat' dir='ltr'><strong>lanum</strong></span> <span class='ocrx_word' id='word_1_37' title='bbox 775 693 1119 763; x_wconf 86' lang='lat' dir='ltr'><strong>Comumque</strong></span> <span class='ocrx_word' id='word_1_38' title='bbox 1154 690 1304 758; x_wconf 76' lang='lat' dir='ltr'><strong>sito,</strong></span> <span class='ocrx_word' id='word_1_39' title='bbox 1327 690 1586 745; x_wconf 89' lang='lat' dir='ltr'><strong>milliario</strong></span> <span class='ocrx_word' id='word_1_40' title='bbox 1609 689 1877 761; x_wconf 85' lang='lat' dir='ltr'><strong>vigesimo</strong></span> <span class='ocrx_word' id='word_1_41' title='bbox 1901 688 2137 743; x_wconf 76' lang='lat' dir='ltr'><strong>distante</strong></span> 
     </span>
    </p>
   </div>
   <div class='ocr_carea' id='block_1_8' title="bbox 542 779 2137 857">
    <p class='ocr_par' dir='ltr' id='par_1_8' title="bbox 542 779 2137 857">
     <span class='ocr_line' id='line_1_8' title="bbox 542 779 2137 857; baseline -0.005 -16"><span class='ocrx_word' id='word_1_42' title='bbox 542 802 574 841; x_wconf 92' lang='lat' dir='ltr'><strong>a</strong></span> <span class='ocrx_word' id='word_1_43' title='bbox 605 786 832 857; x_wconf 84' lang='lat' dir='ltr'><strong>majore,</strong></span> <span class='ocrx_word' id='word_1_44' title='bbox 857 786 1052 857; x_wconf 90' lang='lat' dir='ltr'><strong>quinto</strong></span> <span class='ocrx_word' id='word_1_45' title='bbox 1076 800 1208 840; x_wconf 80' lang='lat' dir='ltr'><strong>vero</strong></span> <span class='ocrx_word' id='word_1_46' title='bbox 1238 801 1268 839; x_wconf 91' lang='lat' dir='ltr'><strong>a</strong></span> <span class='ocrx_word' id='word_1_47' title='bbox 1292 784 1506 839; x_wconf 90' lang='lat' dir='ltr'><strong>minore</strong></span> <span class='ocrx_word' id='word_1_48' title='bbox 1531 779 1819 855; x_wconf 75' lang='lat' dir='ltr'><strong>[civitate],</strong></span> <span class='ocrx_word' id='word_1_49' title='bbox 1844 789 1906 836; x_wconf 90' lang='lat' dir='ltr'><strong>ut</strong></span> <span class='ocrx_word' id='word_1_50' title='bbox 1928 780 2137 851; x_wconf 83' lang='lat' dir='ltr'><strong>vulgari</strong></span> 
     </span>
    </p>
   </div>
   <div class='ocr_carea' id='block_1_9' title="bbox 542 874 2138 949">
    <p class='ocr_par' dir='ltr' id='par_1_9' title="bbox 542 874 2138 949">
     <span class='ocr_line' id='line_1_9' title="bbox 542 874 2138 949; baseline -0.004 -16"><span class='ocrx_word' id='word_1_51' title='bbox 542 877 720 933; x_wconf 77' lang='lat' dir='ltr'><strong>fertur</strong></span> <span class='ocrx_word' id='word_1_52' title='bbox 746 877 1024 949; x_wconf 87' lang='lat' dir='ltr'><strong>opinione,</strong></span> <span class='ocrx_word' id='word_1_53' title='bbox 1048 877 1190 932; x_wconf 84' lang='lat' dir='ltr'><strong>Bezo</strong></span> <span class='ocrx_word' id='word_1_54' title='bbox 1213 876 1436 947; x_wconf 66' lang='lat' dir='ltr'><strong>quidam</strong></span> <span class='ocrx_word' id='word_1_55' title='bbox 1460 891 1585 931; x_wconf 93' lang='lat' dir='ltr'><strong>cum</strong></span> <span class='ocrx_word' id='word_1_56' title='bbox 1632 874 1771 929; x_wconf 81' lang='lat' dir='ltr'><strong>Beza</strong></span> <span class='ocrx_word' id='word_1_57' title='bbox 1817 889 1917 930; x_wconf 89' lang='lat' dir='ltr'><strong>sua</strong></span> <span class='ocrx_word' id='word_1_58' title='bbox 1964 887 2138 927; x_wconf 89' lang='lat' dir='ltr'><strong>uxore</strong></span> 
     </span>
    </p>
   </div>
   <div class='ocr_carea' id='block_1_10' title="bbox 540 965 2137 1041">
    <p class='ocr_par' dir='ltr' id='par_1_10' title="bbox 540 965 2137 1041">
     <span class='ocr_line' id='line_1_10' title="bbox 540 965 2137 1041; baseline -0.003 -16"><span class='ocrx_word' id='word_1_59' title='bbox 540 970 772 1038; x_wconf 80' lang='lat' dir='ltr'><strong>exstitit,</strong></span> <span class='ocrx_word' id='word_1_60' title='bbox 801 970 1012 1026; x_wconf 88' lang='lat' dir='ltr'><strong>nobiles</strong></span> <span class='ocrx_word' id='word_1_61' title='bbox 1037 970 1113 1041; x_wconf 73' lang='grc'>(2)</span> <span class='ocrx_word' id='word_1_62' title='bbox 1140 970 1359 1040; x_wconf 84' lang='lat' dir='ltr'><strong>utrique</strong></span> <span class='ocrx_word' id='word_1_63' title='bbox 1413 969 1654 1035; x_wconf 88' lang='lat' dir='ltr'><strong>natione,</strong></span> <span class='ocrx_word' id='word_1_64' title='bbox 1699 967 1791 1023; x_wconf 90' lang='lat' dir='ltr'><strong>sed</strong></span> <span class='ocrx_word' id='word_1_65' title='bbox 1841 965 2137 1021; x_wconf 76' lang='lat' dir='ltr'><strong>nobiliores</strong></span> 
     </span>
    </p>
   </div>
   <div class='ocr_carea' id='block_1_11' title="bbox 542 1058 2137 1132">
    <p class='ocr_par' dir='ltr' id='par_1_11' title="bbox 542 1058 2137 1132">
     <span class='ocr_line' id='line_1_11' title="bbox 542 1058 2137 1132; baseline -0.004 -15"><span class='ocrx_word' id='word_1_66' title='bbox 542 1063 835 1132; x_wconf 74' lang='lat' dir='ltr'><strong>probitate.</strong></span> <span class='ocrx_word' id='word_1_67' title='bbox 869 1060 929 1117; x_wconf 87' lang='lat' dir='ltr'><strong>lu</strong></span> <span class='ocrx_word' id='word_1_68' title='bbox 959 1077 1196 1132; x_wconf 86' lang='lat' dir='ltr'><strong>quorum</strong></span> <span class='ocrx_word' id='word_1_69' title='bbox 1221 1059 1465 1131; x_wconf 77' lang='lat' dir='ltr'><strong>profecto</strong></span> <span class='ocrx_word' id='word_1_70' title='bbox 1487 1059 1649 1115; x_wconf 88' lang='lat' dir='ltr'><strong>laude</strong></span> <span class='ocrx_word' id='word_1_71' title='bbox 1694 1073 1989 1129; x_wconf 90' lang='lat' dir='ltr'><strong>parumper</strong></span> <span class='ocrx_word' id='word_1_72' title='bbox 2034 1058 2137 1111; x_wconf 87' lang='lat' dir='ltr'><strong>im-</strong></span> 
     </span>
    </p>
   </div>
   <div class='ocr_carea' id='block_1_12' title="bbox 543 1148 2137 1222">
    <p class='ocr_par' dir='ltr' id='par_1_12' title="bbox 543 1148 2137 1222">
     <span class='ocr_line' id='line_1_12' title="bbox 543 1148 2137 1222; baseline -0.003 -15"><span class='ocrx_word' id='word_1_73' title='bbox 543 1153 750 1208; x_wconf 83' lang='lat' dir='ltr'><strong>morari</strong></span> <span class='ocrx_word' id='word_1_74' title='bbox 776 1168 845 1207; x_wconf 82' lang='lat' dir='ltr'><strong>ex</strong></span> <span class='ocrx_word' id='word_1_75' title='bbox 873 1161 1189 1207; x_wconf 89' lang='lat' dir='ltr'><strong>sanctorum</strong></span> <span class='ocrx_word' id='word_1_76' title='bbox 1221 1150 1387 1222; x_wconf 83' lang='lat' dir='ltr'><strong>gestis</strong></span> <span class='ocrx_word' id='word_1_77' title='bbox 1432 1149 1854 1221; x_wconf 88' lang='lat' dir='ltr'><strong>quamplurimis</strong></span> <span class='ocrx_word' id='word_1_78' title='bbox 1906 1148 2137 1203; x_wconf 89' lang='lat' dir='ltr'><strong>instrui-</strong></span> 
     </span>
    </p>
   </div>
   <div class='ocr_carea' id='block_1_13' title="bbox 546 1237 2153 1308">
    <p class='ocr_par' dir='ltr' id='par_1_13' title="bbox 546 1237 2153 1308">
     <span class='ocr_line' id='line_1_13' title="bbox 546 1237 2153 1308; baseline -0.003 -12"><span class='ocrx_word' id='word_1_79' title='bbox 546 1258 692 1308; x_wconf 91' lang='lat' dir='ltr'><strong>mur,</strong></span> <span class='ocrx_word' id='word_1_80' title='bbox 716 1252 770 1298; x_wconf 89' lang='lat' dir='ltr'><strong>et</strong></span> <span class='ocrx_word' id='word_1_81' title='bbox 807 1242 991 1297; x_wconf 89' lang='lat' dir='ltr'><strong>cuncti</strong></span> <span class='ocrx_word' id='word_1_82' title='bbox 1018 1241 1226 1296; x_wconf 88' lang='lat' dir='ltr'><strong>scimus</strong></span> <span class='ocrx_word' id='word_1_83' title='bbox 1251 1240 1562 1295; x_wconf 83' lang='lat' dir='ltr'><strong>liberiorem</strong></span> <span class='ocrx_word' id='word_1_84' title='bbox 1598 1239 1713 1295; x_wconf 77' lang='lat' dir='ltr'><strong>fore</strong></span> <span class='ocrx_word' id='word_1_85' title='bbox 1743 1239 1957 1294; x_wconf 90' lang='lat' dir='ltr'><strong>laudem</strong></span> <span class='ocrx_word' id='word_1_86' title='bbox 2005 1237 2153 1301; x_wconf 32' lang='lat' dir='ltr'><strong>celsi.</strong></span> 
     </span>
    </p>
   </div>
   <div class='ocr_carea' id='block_1_14' title="bbox 543 1330 2137 1401">
    <p class='ocr_par' dir='ltr' id='par_1_14' title="bbox 543 1330 2137 1401">
     <span class='ocr_line' id='line_1_14' title="bbox 543 1330 2137 1401; baseline -0.001 -14"><span class='ocrx_word' id='word_1_87' title='bbox 543 1333 778 1399; x_wconf 80' lang='lat' dir='ltr'><strong>:eliﬁcii,</strong></span> <span class='ocrx_word' id='word_1_88' title='bbox 814 1333 861 1388; x_wconf 91' lang='lat' dir='ltr'><strong>si</strong></span> <span class='ocrx_word' id='word_1_89' title='bbox 887 1332 1157 1388; x_wconf 82' lang='lat' dir='ltr'><strong>certitudo</strong></span> <span class='ocrx_word' id='word_1_90' title='bbox 1187 1330 1477 1387; x_wconf 80' lang='lat' dir='ltr'><strong>manifesta</strong></span> <span class='ocrx_word' id='word_1_91' title='bbox 1504 1331 1771 1400; x_wconf 75' lang='lat' dir='ltr'><strong>habeatur</strong></span> <span class='ocrx_word' id='word_1_92' title='bbox 1798 1330 1939 1385; x_wconf 80' lang='lat' dir='ltr'><strong>ﬁrmi</strong></span> <span class='ocrx_word' id='word_1_93' title='bbox 1965 1330 2137 1401; x_wconf 89' lang='lat' dir='ltr'><strong>ipsius</strong></span> 
     </span>
    </p>
   </div>
   <div class='ocr_carea' id='block_1_15' title="bbox 547 1414 2139 1491">
    <p class='ocr_par' dir='ltr' id='par_1_15' title="bbox 547 1414 2139 1491">
     <span class='ocr_line' id='line_1_15' title="bbox 547 1414 2139 1491; baseline -0.001 -15"><span class='ocrx_word' id='word_1_94' title='bbox 547 1414 912 1477; x_wconf 79' lang='lat' dir='ltr'><strong>fundamenti.</strong></span> <span class='ocrx_word' id='word_1_95' title='bbox 945 1418 1013 1475; x_wconf 87' lang='lat' dir='ltr'><strong>lli</strong></span> <span class='ocrx_word' id='word_1_96' title='bbox 1059 1435 1300 1491; x_wconf 87' lang='lat' dir='ltr'><strong>namque</strong></span> <span class='ocrx_word' id='word_1_97' title='bbox 1344 1435 1569 1476; x_wconf 82' lang='lat' dir='ltr'><strong>causam</strong></span> <span class='ocrx_word' id='word_1_98' title='bbox 1606 1420 1985 1490; x_wconf 87' lang='lat' dir='ltr'><strong>reproborum,</strong></span> <span class='ocrx_word' id='word_1_99' title='bbox 2016 1432 2139 1490; x_wconf 64' lang='lat' dir='ltr'><strong>qua:</strong></span> 
     </span>
    </p>
   </div>
   <div class='ocr_carea' id='block_1_16' title="bbox 541 1511 2136 1585">
    <p class='ocr_par' dir='ltr' id='par_1_16' title="bbox 541 1511 2136 1585">
     <span class='ocr_line' id='line_1_16' title="bbox 541 1511 2136 1585; baseline -0.003 -15"><span class='ocrx_word' id='word_1_100' title='bbox 541 1523 629 1571; x_wconf 82' lang='lat' dir='ltr'><strong>est</strong></span> <span class='ocrx_word' id='word_1_101' title='bbox 650 1515 942 1585; x_wconf 88' lang='lat' dir='ltr'><strong>rapacitas,</strong></span> <span class='ocrx_word' id='word_1_102' title='bbox 969 1522 1080 1569; x_wconf 88' lang='lat' dir='ltr'><strong>tam</strong></span> <span class='ocrx_word' id='word_1_103' title='bbox 1108 1528 1329 1569; x_wconf 84' lang='lat' dir='ltr'><strong>cxosam</strong></span> <span class='ocrx_word' id='word_1_104' title='bbox 1371 1512 1628 1580; x_wconf 85' lang='lat' dir='ltr'><strong>habeant,</strong></span> <span class='ocrx_word' id='word_1_105' title='bbox 1656 1521 1715 1567; x_wconf 92' lang='lat' dir='ltr'><strong>ut</strong></span> <span class='ocrx_word' id='word_1_106' title='bbox 1763 1511 1905 1566; x_wconf 90' lang='lat' dir='ltr'><strong>inter</strong></span> <span class='ocrx_word' id='word_1_107' title='bbox 1943 1519 2136 1566; x_wconf 67' lang='lat' dir='ltr'><strong>caetera</strong></span> 
     </span>
    </p>
   </div>
   <div class='ocr_carea' id='block_1_17' title="bbox 543 1605 2136 1677">
    <p class='ocr_par' dir='ltr' id='par_1_17' title="bbox 543 1605 2136 1677">
     <span class='ocr_line' id='line_1_17' title="bbox 543 1605 2136 1677; baseline -0.003 -13"><span class='ocrx_word' id='word_1_108' title='bbox 543 1622 737 1664; x_wconf 90' lang='lat' dir='ltr'><strong>eorum</strong></span> <span class='ocrx_word' id='word_1_109' title='bbox 768 1608 934 1676; x_wconf 89' lang='lat' dir='ltr'><strong>bona,</strong></span> <span class='ocrx_word' id='word_1_110' title='bbox 959 1623 1084 1663; x_wconf 90' lang='lat' dir='ltr'><strong>cum</strong></span> <span class='ocrx_word' id='word_1_111' title='bbox 1120 1608 1175 1662; x_wconf 92' lang='lat' dir='ltr'><strong>in</strong></span> <span class='ocrx_word' id='word_1_112' title='bbox 1198 1607 1371 1663; x_wconf 83' lang='lat' dir='ltr'><strong>servis</strong></span> <span class='ocrx_word' id='word_1_113' title='bbox 1390 1607 1660 1677; x_wconf 84' lang='lat' dir='ltr'><strong>equisque</strong></span> <span class='ocrx_word' id='word_1_114' title='bbox 1691 1605 1855 1663; x_wconf 91' lang='lat' dir='ltr'><strong>nimis</strong></span> <span class='ocrx_word' id='word_1_115' title='bbox 1886 1605 2136 1661; x_wconf 87' lang='lat' dir='ltr'><strong>abunda-</strong></span> 
     </span>
    </p>
   </div>
   <div class='ocr_carea' id='block_1_18' title="bbox 544 1697 2135 1770">
    <p class='ocr_par' dir='ltr' id='par_1_18' title="bbox 544 1697 2135 1770">
     <span class='ocr_line' id='line_1_18' title="bbox 544 1697 2135 1770; baseline -0.003 -14"><span class='ocrx_word' id='word_1_116' title='bbox 544 1711 699 1769; x_wconf 82' lang='lat' dir='ltr'><strong>rent,</strong></span> <span class='ocrx_word' id='word_1_117' title='bbox 726 1701 912 1757; x_wconf 89' lang='lat' dir='ltr'><strong>nullus</strong></span> <span class='ocrx_word' id='word_1_118' title='bbox 938 1709 1057 1756; x_wconf 88' lang='lat' dir='ltr'><strong>erat</strong></span> <span class='ocrx_word' id='word_1_119' title='bbox 1085 1700 1265 1755; x_wconf 83' lang='lat' dir='ltr'><strong>audax</strong></span> <span class='ocrx_word' id='word_1_120' title='bbox 1294 1714 1358 1755; x_wconf 84' lang='lat' dir='ltr'><strong>ex</strong></span> <span class='ocrx_word' id='word_1_121' title='bbox 1399 1699 1533 1770; x_wconf 86' lang='lat' dir='ltr'><strong>ipsis</strong></span> <span class='ocrx_word' id='word_1_122' title='bbox 1557 1698 1730 1756; x_wconf 86' lang='lat' dir='ltr'><strong>servis</strong></span> <span class='ocrx_word' id='word_1_123' title='bbox 1755 1698 1849 1768; x_wconf 89' lang='lat' dir='ltr'><strong>qui</strong></span> <span class='ocrx_word' id='word_1_124' title='bbox 1880 1697 2135 1769; x_wconf 89' lang='lat' dir='ltr'><strong>manipu-</strong></span> 
     </span>
    </p>
   </div>
   <div class='ocr_carea' id='block_1_19' title="bbox 544 1764 2213 1865">
    <p class='ocr_par' dir='ltr' id='par_1_19' title="bbox 544 1764 2213 1865">
     <span class='ocr_line' id='line_1_19' title="bbox 544 1764 2213 1865; baseline -0.002 -17"><span class='ocrx_word' id='word_1_125' title='bbox 544 1794 661 1850; x_wconf 87' lang='lat' dir='ltr'><strong>lum</strong></span> <span class='ocrx_word' id='word_1_126' title='bbox 686 1764 910 1865; x_wconf 84' lang='lat' dir='ltr'><strong>quidem</strong></span> <span class='ocrx_word' id='word_1_127' title='bbox 939 1793 992 1847; x_wconf 90' lang='lat' dir='ltr'><strong>vi</strong></span> <span class='ocrx_word' id='word_1_128' title='bbox 1017 1792 1274 1847; x_wconf 84' lang='lat' dir='ltr'><strong>l&#39;urtimve</strong></span> <span class='ocrx_word' id='word_1_129' title='bbox 1301 1764 1494 1847; x_wconf 70' lang='lat' dir='ltr'><strong>alienae</strong></span> <span class='ocrx_word' id='word_1_130' title='bbox 1533 1791 1730 1862; x_wconf 82' lang='lat' dir='ltr'><strong>segetis</strong></span> <span class='ocrx_word' id='word_1_131' title='bbox 1769 1764 1986 1861; x_wconf 80' lang='lat' dir='ltr'><strong>raptum</strong></span> <span class='ocrx_word' id='word_1_132' title='bbox 2033 1764 2134 1844; x_wconf 81' lang='lat' dir='ltr'><strong>de-</strong></span> <span class='ocrx_word' id='word_1_133' title='bbox 2166 1764 2213 1824; x_wconf 69' lang='grc' dir='ltr'><strong>Β</strong></span> 
     </span>
    </p>
   </div>
   <div class='ocr_carea' id='block_1_20' title="bbox 543 1876 2135 1955">
    <p class='ocr_par' dir='ltr' id='par_1_20' title="bbox 543 1876 2135 1955">
     <span class='ocr_line' id='line_1_20' title="bbox 543 1876 2135 1955; baseline -0.002 -16"><span class='ocrx_word' id='word_1_134' title='bbox 543 1883 689 1940; x_wconf 81' lang='lat' dir='ltr'><strong>ferre</strong></span> <span class='ocrx_word' id='word_1_135' title='bbox 715 1884 939 1940; x_wconf 87' lang='lat' dir='ltr'><strong>auderet</strong></span> <span class='ocrx_word' id='word_1_136' title='bbox 960 1884 1117 1955; x_wconf 85' lang='lat' dir='ltr'><strong>equis</strong></span> <span class='ocrx_word' id='word_1_137' title='bbox 1142 1876 1326 1939; x_wconf 84' lang='lat' dir='ltr'><strong>coram</strong></span> <span class='ocrx_word' id='word_1_138' title='bbox 1353 1882 1579 1938; x_wconf 86' lang='lat' dir='ltr'><strong>eisdem.</strong></span> <span class='ocrx_word' id='word_1_139' title='bbox 1600 1880 1772 1937; x_wconf 86' lang='lat' dir='ltr'><strong>Porro</strong></span> <span class='ocrx_word' id='word_1_140' title='bbox 1796 1881 2135 1953; x_wconf 88' lang='lat' dir='ltr'><strong>superbiam,</strong></span> 
     </span>
    </p>
   </div>
   <div class='ocr_carea' id='block_1_21' title="bbox 540 1968 2136 2047">
    <p class='ocr_par' dir='ltr' id='par_1_21' title="bbox 540 1968 2136 2047">
     <span class='ocr_line' id='line_1_21' title="bbox 540 1968 2136 2047; baseline -0.001 -18"><span class='ocrx_word' id='word_1_141' title='bbox 540 1968 669 2047; x_wconf 72' lang='lat' dir='ltr'><strong>qua:</strong></span> <span class='ocrx_word' id='word_1_142' title='bbox 689 1984 773 2032; x_wconf 91' lang='lat' dir='ltr'><strong>cst</strong></span> <span class='ocrx_word' id='word_1_143' title='bbox 797 1991 964 2032; x_wconf 90' lang='lat' dir='ltr'><strong>causa</strong></span> <span class='ocrx_word' id='word_1_144' title='bbox 995 1974 1219 2040; x_wconf 90' lang='lat' dir='ltr'><strong>diaboli,</strong></span> <span class='ocrx_word' id='word_1_145' title='bbox 1281 1974 1354 2030; x_wconf 90' lang='lat' dir='ltr'><strong>ita</strong></span> <span class='ocrx_word' id='word_1_146' title='bbox 1402 1974 1833 2031; x_wconf 79' lang='lat' dir='ltr'><strong>exsecrabantur</strong></span> <span class='ocrx_word' id='word_1_147' title='bbox 1880 1982 1959 2039; x_wconf 93' lang='lat' dir='ltr'><strong>ut,</strong></span> <span class='ocrx_word' id='word_1_148' title='bbox 2010 1989 2136 2029; x_wconf 91' lang='lat' dir='ltr'><strong>cum</strong></span> 
     </span>
    </p>
   </div>
   <div class='ocr_carea' id='block_1_22' title="bbox 545 2066 2140 2137">
    <p class='ocr_par' dir='ltr' id='par_1_22' title="bbox 545 2066 2140 2137">
     <span class='ocr_line' id='line_1_22' title="bbox 545 2066 2140 2137; baseline 0.001 -18"><span class='ocrx_word' id='word_1_149' title='bbox 545 2066 713 2123; x_wconf 85' lang='lat' dir='ltr'><strong>libere</strong></span> <span class='ocrx_word' id='word_1_150' title='bbox 738 2067 918 2123; x_wconf 89' lang='lat' dir='ltr'><strong>modis</strong></span> <span class='ocrx_word' id='word_1_151' title='bbox 947 2066 1204 2121; x_wconf 91' lang='lat' dir='ltr'><strong>omnibus</strong></span> <span class='ocrx_word' id='word_1_152' title='bbox 1230 2066 1348 2122; x_wconf 89' lang='lat' dir='ltr'><strong>suis</strong></span> <span class='ocrx_word' id='word_1_153' title='bbox 1373 2066 1569 2121; x_wconf 85' lang='lat' dir='ltr'><strong>vicinis</strong></span> <span class='ocrx_word' id='word_1_154' title='bbox 1595 2066 1945 2121; x_wconf 87' lang='lat' dir='ltr'><strong>imminerent</strong></span> <span class='ocrx_word' id='word_1_155' title='bbox 1976 2076 2140 2137; x_wconf 88' lang='lat' dir='ltr'><strong>atque</strong></span> 
     </span>
    </p>
   </div>
   <div class='ocr_carea' id='block_1_23' title="bbox 557 2158 2137 2231">
    <p class='ocr_par' dir='ltr' id='par_1_23' title="bbox 557 2158 2137 2231">
     <span class='ocr_line' id='line_1_23' title="bbox 557 2158 2137 2231; baseline -0.001 -16"><span class='ocrx_word' id='word_1_156' title='bbox 557 2177 578 2215; x_wconf 75' lang='grc' dir='ltr'><strong><em>ι</em></strong></span> <span class='ocrx_word' id='word_1_157' title='bbox 609 2160 827 2215; x_wconf 89' lang='lat' dir='ltr'><strong>nemine</strong></span> <span class='ocrx_word' id='word_1_158' title='bbox 853 2174 1044 2214; x_wconf 87' lang='lat' dir='ltr'><strong>eorum</strong></span> <span class='ocrx_word' id='word_1_159' title='bbox 1070 2160 1115 2213; x_wconf 92' lang='lat' dir='ltr'><strong>si</strong></span> <span class='ocrx_word' id='word_1_160' title='bbox 1141 2159 1365 2225; x_wconf 88' lang='lat' dir='ltr'><strong>nollent,</strong></span> <span class='ocrx_word' id='word_1_161' title='bbox 1395 2158 1694 2229; x_wconf 84' lang='lat' dir='ltr'><strong>constringi</strong></span> <span class='ocrx_word' id='word_1_162' title='bbox 1734 2168 1989 2231; x_wconf 80' lang='lat' dir='ltr'><strong>possent;</strong></span> <span class='ocrx_word' id='word_1_163' title='bbox 2039 2175 2137 2215; x_wconf 88' lang='lat' dir='ltr'><strong>ceu</strong></span> 
     </span>
    </p>
   </div>
   <div class='ocr_carea' id='block_1_24' title="bbox 545 2249 2139 2315">
    <p class='ocr_par' dir='ltr' id='par_1_24' title="bbox 545 2249 2139 2315">
     <span class='ocr_line' id='line_1_24' title="bbox 545 2249 2139 2315; baseline 0.003 -12"><span class='ocrx_word' id='word_1_164' title='bbox 545 2258 734 2305; x_wconf 83' lang='lat' dir='ltr'><strong>essent</strong></span> <span class='ocrx_word' id='word_1_165' title='bbox 758 2265 825 2304; x_wconf 90' lang='lat' dir='ltr'><strong>ex</strong></span> <span class='ocrx_word' id='word_1_166' title='bbox 860 2249 1080 2304; x_wconf 89' lang='lat' dir='ltr'><strong>illorum</strong></span> <span class='ocrx_word' id='word_1_167' title='bbox 1118 2249 1382 2315; x_wconf 88' lang='lat' dir='ltr'><strong>minimis,</strong></span> <span class='ocrx_word' id='word_1_168' title='bbox 1415 2250 1495 2305; x_wconf 91' lang='lat' dir='ltr'><strong>sic</strong></span> <span class='ocrx_word' id='word_1_169' title='bbox 1539 2267 1599 2305; x_wconf 90' lang='lat' dir='ltr'><strong>se</strong></span> <span class='ocrx_word' id='word_1_170' title='bbox 1641 2250 1785 2305; x_wconf 89' lang='lat' dir='ltr'><strong>ultro</strong></span> <span class='ocrx_word' id='word_1_171' title='bbox 1834 2252 2139 2307; x_wconf 87' lang='lat' dir='ltr'><strong>subdebant</strong></span> 
     </span>
    </p>
   </div>
   <div class='ocr_carea' id='block_1_25' title="bbox 547 2340 1566 2411">
    <p class='ocr_par' dir='ltr' id='par_1_25' title="bbox 547 2340 1566 2411">
     <span class='ocr_line' id='line_1_25' title="bbox 547 2340 1566 2411; baseline 0.001 -16"><span class='ocrx_word' id='word_1_172' title='bbox 547 2341 797 2411; x_wconf 87' lang='lat' dir='ltr'><strong>ipsorum</strong></span> <span class='ocrx_word' id='word_1_173' title='bbox 829 2341 979 2396; x_wconf 91' lang='lat' dir='ltr'><strong>omni</strong></span> <span class='ocrx_word' id='word_1_174' title='bbox 1007 2340 1171 2411; x_wconf 75' lang='lat' dir='ltr'><strong>justae</strong></span> <span class='ocrx_word' id='word_1_175' title='bbox 1195 2341 1566 2396; x_wconf 86' lang='lat' dir='ltr'><strong>conventioni.</strong></span> 
     </span>
    </p>
   </div>
   <div class='ocr_carea' id='block_1_26' title="bbox 620 2431 2137 2504">
    <p class='ocr_par' dir='ltr' id='par_1_26' title="bbox 620 2431 2137 2504">
     <span class='ocr_line' id='line_1_26' title="bbox 620 2431 2137 2504; baseline 0.001 -16"><span class='ocrx_word' id='word_1_176' title='bbox 620 2433 674 2488; x_wconf 84' lang='lat'><strong>5.</strong></span> <span class='ocrx_word' id='word_1_177' title='bbox 705 2431 910 2488; x_wconf 81' lang='lat' dir='ltr'><strong>Verum</strong></span> <span class='ocrx_word' id='word_1_178' title='bbox 969 2432 1229 2503; x_wconf 89' lang='lat' dir='ltr'><strong>quoniam</strong></span> <span class='ocrx_word' id='word_1_179' title='bbox 1287 2433 1587 2504; x_wconf 86' lang='lat' dir='ltr'><strong>unicuique</strong></span> <span class='ocrx_word' id='word_1_180' title='bbox 1642 2449 1834 2504; x_wconf 86' lang='lat' dir='ltr'><strong>parum</strong></span> <span class='ocrx_word' id='word_1_181' title='bbox 1887 2443 1972 2489; x_wconf 92' lang='lat' dir='ltr'><strong>est</strong></span> <span class='ocrx_word' id='word_1_182' title='bbox 2028 2450 2137 2489; x_wconf 93' lang='lat' dir='ltr'><strong>non</strong></span> 
     </span>
    </p>
   </div>
   <div class='ocr_carea' id='block_1_27' title="bbox 549 2512 2137 2599">
    <p class='ocr_par' dir='ltr' id='par_1_27' title="bbox 549 2512 2137 2599">
     <span class='ocr_line' id='line_1_27' title="bbox 549 2512 2137 2599; baseline 0.003 -16"><span class='ocrx_word' id='word_1_183' title='bbox 549 2542 712 2598; x_wconf 80' lang='lat' dir='ltr'><strong>agere</strong></span> <span class='ocrx_word' id='word_1_184' title='bbox 741 2542 908 2597; x_wconf 87' lang='lat' dir='ltr'><strong>prava</strong></span> <span class='ocrx_word' id='word_1_185' title='bbox 942 2527 1047 2582; x_wconf 90' lang='lat' dir='ltr'><strong>nisi</strong></span> <span class='ocrx_word' id='word_1_186' title='bbox 1084 2528 1137 2582; x_wconf 91' lang='lat' dir='ltr'><strong>in</strong></span> <span class='ocrx_word' id='word_1_187' title='bbox 1182 2528 1343 2585; x_wconf 90' lang='lat' dir='ltr'><strong>bonis</strong></span> <span class='ocrx_word' id='word_1_188' title='bbox 1388 2529 1643 2599; x_wconf 86' lang='lat' dir='ltr'><strong>operibus</strong></span> <span class='ocrx_word' id='word_1_189' title='bbox 1693 2512 2137 2587; x_wconf 74' lang='lat' dir='ltr'><strong>exercitationem</strong></span> 
     </span>
    </p>
   </div>
   <div class='ocr_carea' id='block_1_28' title="bbox 547 2617 2139 2691">
    <p class='ocr_par' dir='ltr' id='par_1_28' title="bbox 547 2617 2139 2691">
     <span class='ocr_line' id='line_1_28' title="bbox 547 2617 2139 2691; baseline 0.004 -20"><span class='ocrx_word' id='word_1_190' title='bbox 547 2625 738 2687; x_wconf 81' lang='lat' dir='ltr'><strong>ponat,</strong></span> <span class='ocrx_word' id='word_1_191' title='bbox 771 2632 1073 2688; x_wconf 89' lang='lat' dir='ltr'><strong>pauperum</strong></span> <span class='ocrx_word' id='word_1_192' title='bbox 1098 2617 1554 2691; x_wconf 86' lang='lat' dir='ltr'><strong>intirmorumque</strong></span> <span class='ocrx_word' id='word_1_193' title='bbox 1600 2622 1914 2677; x_wconf 88' lang='lat' dir='ltr'><strong>necessitati</strong></span> <span class='ocrx_word' id='word_1_194' title='bbox 1963 2622 2139 2677; x_wconf 86' lang='lat' dir='ltr'><strong>inten-</strong></span> 
     </span>
    </p>
   </div>
   <div class='ocr_carea' id='block_1_29' title="bbox 547 2708 2139 2785">
    <p class='ocr_par' dir='ltr' id='par_1_29' title="bbox 547 2708 2139 2785">
     <span class='ocr_line' id='line_1_29' title="bbox 547 2708 2139 2785; baseline 0.003 -21"><span class='ocrx_word' id='word_1_195' title='bbox 547 2708 765 2775; x_wconf 86' lang='lat' dir='ltr'><strong>debant,</strong></span> <span class='ocrx_word' id='word_1_196' title='bbox 803 2716 863 2764; x_wconf 93' lang='lat' dir='ltr'><strong>ut</strong></span> <span class='ocrx_word' id='word_1_197' title='bbox 895 2725 961 2765; x_wconf 89' lang='lat' dir='ltr'><strong>ex</strong></span> <span class='ocrx_word' id='word_1_198' title='bbox 984 2710 1178 2766; x_wconf 84' lang='lat' dir='ltr'><strong>vicinis</strong></span> <span class='ocrx_word' id='word_1_199' title='bbox 1202 2727 1384 2777; x_wconf 89' lang='lat' dir='ltr'><strong>nemo,</strong></span> <span class='ocrx_word' id='word_1_200' title='bbox 1412 2712 1729 2769; x_wconf 80' lang='lat' dir='ltr'><strong>inﬁrmitate</strong></span> <span class='ocrx_word' id='word_1_201' title='bbox 1755 2715 2139 2785; x_wconf 87' lang='lat' dir='ltr'><strong>oppressus,in</strong></span> 
     </span>
    </p>
   </div>
   <div class='ocr_carea' id='block_1_30' title="bbox 547 2800 2141 2877">
    <p class='ocr_par' dir='ltr' id='par_1_30' title="bbox 547 2800 2141 2877">
     <span class='ocr_line' id='line_1_30' title="bbox 547 2800 2141 2877; baseline 0.003 -20"><span class='ocrx_word' id='word_1_202' title='bbox 547 2808 723 2857; x_wconf 86' lang='lat' dir='ltr'><strong>strato</strong></span> <span class='ocrx_word' id='word_1_203' title='bbox 739 2800 946 2870; x_wconf 86' lang='lat' dir='ltr'><strong>jaceret</strong></span> <span class='ocrx_word' id='word_1_204' title='bbox 965 2802 1058 2873; x_wconf 86' lang='lat' dir='ltr'><strong>qui</strong></span> <span class='ocrx_word' id='word_1_205' title='bbox 1086 2819 1117 2858; x_wconf 91' lang='lat' dir='ltr'><strong>a</strong></span> <span class='ocrx_word' id='word_1_206' title='bbox 1145 2802 1281 2859; x_wconf 74' lang='lat' dir='ltr'><strong>Bcza</strong></span> <span class='ocrx_word' id='word_1_207' title='bbox 1309 2804 1576 2860; x_wconf 87' lang='lat' dir='ltr'><strong>memoria</strong></span> <span class='ocrx_word' id='word_1_208' title='bbox 1597 2804 1760 2877; x_wconf 87' lang='lat' dir='ltr'><strong>digna</strong></span> <span class='ocrx_word' id='word_1_209' title='bbox 1801 2822 1912 2862; x_wconf 92' lang='lat' dir='ltr'><strong>non</strong></span> <span class='ocrx_word' id='word_1_210' title='bbox 1950 2806 2141 2863; x_wconf 88' lang='lat' dir='ltr'><strong>visita-</strong></span> 
     </span>
    </p>
   </div>
   <div class='ocr_carea' id='block_1_31' title="bbox 547 2896 2139 2969">
    <p class='ocr_par' dir='ltr' id='par_1_31' title="bbox 547 2896 2139 2969">
     <span class='ocr_line' id='line_1_31' title="bbox 547 2896 2139 2969; baseline 0.004 -20"><span class='ocrx_word' id='word_1_211' title='bbox 547 2903 719 2961; x_wconf 82' lang='lat' dir='ltr'><strong>retur,</strong></span> <span class='ocrx_word' id='word_1_212' title='bbox 756 2905 811 2951; x_wconf 87' lang='lat' dir='ltr'><strong>et</strong></span> <span class='ocrx_word' id='word_1_213' title='bbox 856 2896 993 2963; x_wconf 90' lang='lat' dir='ltr'><strong>suis,</strong></span> <span class='ocrx_word' id='word_1_214' title='bbox 1023 2897 1067 2952; x_wconf 92' lang='lat' dir='ltr'><strong>si</strong></span> <span class='ocrx_word' id='word_1_215' title='bbox 1095 2906 1275 2969; x_wconf 82' lang='lat' dir='ltr'><strong>egeret</strong></span> <span class='ocrx_word' id='word_1_216' title='bbox 1303 2898 1640 2967; x_wconf 85' lang='lat' dir='ltr'><strong>bujusmodi,</strong></span> <span class='ocrx_word' id='word_1_217' title='bbox 1675 2900 1998 2956; x_wconf 86' lang='lat' dir='ltr'><strong>substantiis</strong></span> <span class='ocrx_word' id='word_1_218' title='bbox 2029 2916 2139 2956; x_wconf 90' lang='lat' dir='ltr'><strong>non</strong></span> 
     </span>
    </p>
   </div>
   <div class='ocr_carea' id='block_1_32' title="bbox 551 2985 2132 3065">
    <p class='ocr_par' dir='ltr' id='par_1_32' title="bbox 551 2985 2132 3065">
     <span class='ocr_line' id='line_1_32' title="bbox 551 2985 2132 3065; baseline 0.006 -26"><span class='ocrx_word' id='word_1_219' title='bbox 551 2986 812 3042; x_wconf 82' lang='lat' dir='ltr'><strong>aleretur.</strong></span> <span class='ocrx_word' id='word_1_220' title='bbox 843 2985 1111 3043; x_wconf 73' lang='lat' dir='ltr'><strong>Prteterca</strong></span> <span class='ocrx_word' id='word_1_221' title='bbox 1142 2989 1194 3043; x_wconf 90' lang='lat' dir='ltr'><strong>in</strong></span> <span class='ocrx_word' id='word_1_222' title='bbox 1220 2999 1543 3045; x_wconf 65' lang='lat' dir='ltr'><strong>cancrorum</strong></span> <span class='ocrx_word' id='word_1_223' title='bbox 1597 2992 1969 3062; x_wconf 81' lang='lat' dir='ltr'><strong>orphanorum</strong></span> <span class='ocrx_word' id='word_1_224' title='bbox 2017 3009 2132 3065; x_wconf 64' lang='grc' dir='ltr'><strong>(δεοσ</strong></span> 
     </span>
    </p>
   </div>
   <div class='ocr_carea' id='block_1_33' title="bbox 550 3080 2210 3171">
    <p class='ocr_par' dir='ltr' id='par_1_33' title="bbox 550 3080 2210 3171">
     <span class='ocr_line' id='line_1_33' title="bbox 550 3080 2210 3171; baseline 0.005 -40"><span class='ocrx_word' id='word_1_225' title='bbox 550 3092 859 3171; x_wconf 69' lang='lat' dir='ltr'><strong>nurumque</strong></span> <span class='ocrx_word' id='word_1_226' title='bbox 893 3080 1195 3145; x_wconf 81' lang='lat' dir='ltr'><strong>beneﬁciis,</strong></span> <span class='ocrx_word' id='word_1_227' title='bbox 1223 3095 1346 3152; x_wconf 68' lang='lat' dir='ltr'><strong>qua:</strong></span> <span class='ocrx_word' id='word_1_228' title='bbox 1384 3081 1491 3137; x_wconf 89' lang='lat' dir='ltr'><strong>illis</strong></span> <span class='ocrx_word' id='word_1_229' title='bbox 1546 3083 1732 3139; x_wconf 86' lang='lat' dir='ltr'><strong>sedule</strong></span> <span class='ocrx_word' id='word_1_230' title='bbox 1775 3085 2139 3154; x_wconf 85' lang='lat' dir='ltr'><strong>impendebat,</strong></span> <span class='ocrx_word' id='word_1_231' title='bbox 2169 3114 2210 3171; x_wconf 69' lang='grc' dir='ltr'>Ο</span> 
     </span>
    </p>
   </div>
   <div class='ocr_carea' id='block_1_34' title="bbox 551 3166 2144 3247">
    <p class='ocr_par' dir='ltr' id='par_1_34' title="bbox 551 3166 2144 3247">
     <span class='ocr_line' id='line_1_34' title="bbox 551 3166 2144 3247; baseline 0.004 -23"><span class='ocrx_word' id='word_1_232' title='bbox 551 3166 664 3225; x_wconf 87' lang='lat' dir='ltr'><strong>Deo</strong></span> <span class='ocrx_word' id='word_1_233' title='bbox 686 3179 741 3225; x_wconf 91' lang='lat' dir='ltr'><strong>et</strong></span> <span class='ocrx_word' id='word_1_234' title='bbox 767 3170 1082 3228; x_wconf 88' lang='lat' dir='ltr'><strong>hominibus</strong></span> <span class='ocrx_word' id='word_1_235' title='bbox 1114 3173 1233 3243; x_wconf 92' lang='lat' dir='ltr'><strong>ejus</strong></span> <span class='ocrx_word' id='word_1_236' title='bbox 1256 3174 1365 3228; x_wconf 88' lang='lat' dir='ltr'><strong>vita</strong></span> <span class='ocrx_word' id='word_1_237' title='bbox 1392 3173 1471 3229; x_wconf 89' lang='lat' dir='ltr'><strong>sic</strong></span> <span class='ocrx_word' id='word_1_238' title='bbox 1491 3188 1604 3229; x_wconf 87' lang='lat' dir='ltr'><strong>erat</strong></span> <span class='ocrx_word' id='word_1_239' title='bbox 1627 3184 1778 3247; x_wconf 83' lang='lat' dir='ltr'><strong>grata</strong></span> <span class='ocrx_word' id='word_1_240' title='bbox 1802 3184 1863 3230; x_wconf 93' lang='lat' dir='ltr'><strong>ut</strong></span> <span class='ocrx_word' id='word_1_241' title='bbox 1887 3176 1989 3247; x_wconf 87' lang='lat' dir='ltr'><strong>ipsi</strong></span> <span class='ocrx_word' id='word_1_242' title='bbox 2016 3193 2144 3246; x_wconf 88' lang='lat' dir='ltr'><strong>pau-</strong></span> 
     </span>
    </p>
   </div>
   <div class='ocr_carea' id='block_1_35' title="bbox 634 3434 2141 3514">
    <p class='ocr_par' dir='ltr' id='par_1_35' title="bbox 634 3434 2141 3514">
     <span class='ocr_line' id='line_1_35' title="bbox 634 3434 2141 3514; baseline 0.007 -26"><span class='ocrx_word' id='word_1_243' title='bbox 634 3434 703 3506; x_wconf 81' lang='lat' dir='ltr'><strong>(l)</strong></span> <span class='ocrx_word' id='word_1_244' title='bbox 740 3434 1287 3514; x_wconf 64' lang='lat' dir='ltr'><strong>bandulfus_.lunior,</strong></span> <span class='ocrx_word' id='word_1_245' title='bbox 1323 3441 1480 3496; x_wconf 73' lang='lat' dir='ltr'><strong>«loca</strong></span> <span class='ocrx_word' id='word_1_246' title='bbox 1506 3459 1524 3491; x_wconf 73' lang='grc' dir='ltr'><strong><em>ι</em></strong></span> <span class='ocrx_word' id='word_1_247' title='bbox 1553 3440 1616 3514; x_wconf 93' lang='lat' dir='ltr'><strong>_in</strong></span> <span class='ocrx_word' id='word_1_248' title='bbox 1651 3460 1669 3492; x_wconf 71' lang='grc' dir='ltr'>ί</span> <span class='ocrx_word' id='word_1_249' title='bbox 1695 3439 1935 3514; x_wconf 84' lang='lat' dir='ltr'><strong>Cuzago,</strong></span> <span class='ocrx_word' id='word_1_250' title='bbox 1971 3458 2141 3514; x_wconf 73' lang='lat' dir='ltr'><strong>p&#39;ope</strong></span> 
     </span>
    </p>
   </div>
   <div class='ocr_carea' id='block_1_36' title="bbox 554 3505 2138 3586">
    <p class='ocr_par' dir='ltr' id='par_1_36' title="bbox 554 3505 2138 3586">
     <span class='ocr_line' id='line_1_36' title="bbox 554 3505 2138 3586; baseline 0.006 -29"><span class='ocrx_word' id='word_1_251' title='bbox 554 3505 933 3586; x_wconf 59' lang='lat' dir='ltr'><strong>llattturium,»</strong></span> <span class='ocrx_word' id='word_1_252' title='bbox 964 3508 1126 3586; x_wconf 75' lang='lat' dir='ltr'><strong>vulgo</strong></span> <span class='ocrx_word' id='word_1_253' title='bbox 1138 3505 1399 3586; x_wconf 49' lang='lat' dir='ltr'><strong>gCantuli</strong></span> <span class='ocrx_word' id='word_1_254' title='bbox 1423 3512 1569 3586; x_wconf 83' lang='lat' dir='ltr'><strong>quod</strong></span> <span class='ocrx_word' id='word_1_255' title='bbox 1592 3521 1813 3567; x_wconf 90' lang='lat' dir='ltr'><strong>notatur</strong></span> <span class='ocrx_word' id='word_1_256' title='bbox 1842 3505 1894 3586; x_wconf 60' lang='lat' dir='ltr'><strong>in</strong></span> <span class='ocrx_word' id='word_1_257' title='bbox 1918 3505 2138 3586; x_wconf 80' lang='lat' dir='ltr'><strong>tabulis,</strong></span> 
     </span>
    </p>
   </div>
   <div class='ocr_carea' id='block_1_37' title="bbox 556 3576 2142 3640">
    <p class='ocr_par' dir='ltr' id='par_1_37' title="bbox 556 3576 2142 3640">
     <span class='ocr_line' id='line_1_37' title="bbox 556 3576 2142 3640; baseline 0.008 -12"><span class='ocrx_word' id='word_1_258' title='bbox 556 3576 701 3630; x_wconf 88' lang='lat' dir='ltr'><strong>istud</strong></span> <span class='ocrx_word' id='word_1_259' title='bbox 728 3592 838 3631; x_wconf 90' lang='lat' dir='ltr'><strong>non</strong></span> <span class='ocrx_word' id='word_1_260' title='bbox 868 3577 1017 3633; x_wconf 78' lang='lat' dir='ltr'><strong>item.</strong></span> <span class='ocrx_word' id='word_1_261' title='bbox 1036 3576 1281 3636; x_wconf 66' lang='lat' dir='ltr'><strong>chiatus</strong></span> <span class='ocrx_word' id='word_1_262' title='bbox 1309 3576 1698 3637; x_wconf 66' lang='lat' dir='ltr'><strong>«Cucciacumu</strong></span> <span class='ocrx_word' id='word_1_263' title='bbox 1726 3584 1975 3639; x_wconf 90' lang='lat' dir='ltr'><strong>nominat</strong></span> <span class='ocrx_word' id='word_1_264' title='bbox 2009 3576 2142 3640; x_wconf 69' lang='lat' dir='ltr'><strong>«sub</strong></span> 
     </span>
    </p>
   </div>
   <div class='ocr_carea' id='block_1_38' title="bbox 554 3644 2141 3726">
    <p class='ocr_par' dir='ltr' id='par_1_38' title="bbox 554 3644 2141 3726">
     <span class='ocr_line' id='line_1_38' title="bbox 554 3644 2141 3726; baseline 0.008 -27"><span class='ocrx_word' id='word_1_265' title='bbox 554 3644 923 3726; x_wconf 34' lang='lat' dir='ltr'><strong>ganturiensi.</strong></span> <span class='ocrx_word' id='word_1_266' title='bbox 939 3648 1285 3726; x_wconf 59' lang='lat' dir='ltr'><strong>prtefectulja,</strong></span> <span class='ocrx_word' id='word_1_267' title='bbox 1299 3671 1316 3702; x_wconf 72' lang='grc' dir='ltr'><strong>ι</strong></span> <span class='ocrx_word' id='word_1_268' title='bbox 1348 3652 1760 3726; x_wconf 26' lang='grc' dir='ltr'><strong>ινίριρμννορὶιιξ</strong></span> <span class='ocrx_word' id='word_1_269' title='bbox 1780 3654 1954 3726; x_wconf 73' lang='lat' dir='ltr'><strong>como</strong></span> <span class='ocrx_word' id='word_1_270' title='bbox 1973 3670 2141 3726; x_wconf 90' lang='lat' dir='ltr'><strong>quam</strong></span> 
     </span>
    </p>
   </div>
   <div class='ocr_carea' id='block_1_39' title="bbox 554 3714 1943 3785">
    <p class='ocr_par' dir='ltr' id='par_1_39' title="bbox 554 3714 1943 3785">
     <span class='ocr_line' id='line_1_39' title="bbox 554 3714 1943 3785; baseline 0.007 -15"><span class='ocrx_word' id='word_1_271' title='bbox 554 3714 886 3785; x_wconf 80' lang='lat' dir='ltr'><strong>Mediolano,</strong></span> <span class='ocrx_word' id='word_1_272' title='bbox 909 3714 1051 3775; x_wconf 79' lang='lat' dir='ltr'><strong>inter</strong></span> <span class='ocrx_word' id='word_1_273' title='bbox 1071 3714 1367 3776; x_wconf 83' lang='lat' dir='ltr'><strong>Lambrum</strong></span> <span class='ocrx_word' id='word_1_274' title='bbox 1392 3714 1447 3777; x_wconf 74' lang='lat' dir='ltr'><strong>et</strong></span> <span class='ocrx_word' id='word_1_275' title='bbox 1481 3714 1691 3778; x_wconf 73' lang='lat' dir='ltr'><strong>Murain</strong></span> <span class='ocrx_word' id='word_1_276' title='bbox 1726 3724 1943 3780; x_wconf 85' lang='lat' dir='ltr'><strong>ﬂuvios.</strong></span> 
     </span>
    </p>
   </div>
   <div class='ocr_carea' id='block_1_40' title="bbox 627 3787 2143 3865">
    <p class='ocr_par' dir='ltr' id='par_1_40' title="bbox 627 3787 2143 3865">
     <span class='ocr_line' id='line_1_40' title="bbox 627 3787 2143 3865; baseline 0.007 -24"><span class='ocrx_word' id='word_1_277' title='bbox 627 3788 705 3859; x_wconf 76' lang='lat'><strong>(2)</strong></span> <span class='ocrx_word' id='word_1_278' title='bbox 725 3787 1044 3865; x_wconf 52' lang='lat' dir='ltr'><strong>gNobilibus</strong></span> <span class='ocrx_word' id='word_1_279' title='bbox 1065 3793 1386 3865; x_wconf 86' lang='lat' dir='ltr'><strong>parentibus</strong></span> <span class='ocrx_word' id='word_1_280' title='bbox 1416 3794 1482 3849; x_wconf 90' lang='lat' dir='ltr'><strong>de</strong></span> <span class='ocrx_word' id='word_1_281' title='bbox 1497 3794 1729 3865; x_wconf 17' lang='lat' dir='ltr'><strong>Ailzates,</strong></span> <span class='ocrx_word' id='word_1_282' title='bbox 1744 3815 1761 3843; x_wconf 75' lang='grc' dir='ltr'><strong>ι</strong></span> <span class='ocrx_word' id='word_1_283' title='bbox 1789 3811 1899 3865; x_wconf 91' lang='lat' dir='ltr'><strong>quo</strong></span> <span class='ocrx_word' id='word_1_284' title='bbox 1922 3797 2143 3853; x_wconf 89' lang='lat' dir='ltr'><strong>nomine</strong></span> 
     </span>
    </p>
   </div>
   <div class='ocr_carea' id='block_1_41' title="bbox 555 3858 2142 3933">
    <p class='ocr_par' dir='ltr' id='par_1_41' title="bbox 555 3858 2142 3933">
     <span class='ocr_line' id='line_1_41' title="bbox 555 3858 2142 3933; baseline 0.006 -20"><span class='ocrx_word' id='word_1_285' title='bbox 555 3858 833 3933; x_wconf 73' lang='lat' dir='ltr'><strong>invenitur</strong></span> <span class='ocrx_word' id='word_1_286' title='bbox 861 3862 1017 3933; x_wconf 86' lang='lat' dir='ltr'><strong>vicus</strong></span> <span class='ocrx_word' id='word_1_287' title='bbox 1054 3858 1107 3928; x_wconf 78' lang='lat'><strong>6,</strong></span> <span class='ocrx_word' id='word_1_288' title='bbox 1138 3878 1192 3933; x_wconf 91' lang='lat' dir='ltr'><strong>p.</strong></span> <span class='ocrx_word' id='word_1_289' title='bbox 1234 3879 1309 3918; x_wconf 93' lang='lat' dir='ltr'><strong>m.</strong></span> <span class='ocrx_word' id='word_1_290' title='bbox 1339 3865 1480 3919; x_wconf 89' lang='lat' dir='ltr'><strong>ultra</strong></span> <span class='ocrx_word' id='word_1_291' title='bbox 1506 3858 1830 3927; x_wconf 61' lang='lat' dir='ltr'><strong>N&#39;Ovariam&#39;;</strong></span> <span class='ocrx_word' id='word_1_292' title='bbox 1865 3868 1956 3922; x_wconf 90' lang='lat' dir='ltr'><strong>alii</strong></span> <span class='ocrx_word' id='word_1_293' title='bbox 1981 3866 2142 3923; x_wconf 82' lang='lat' dir='ltr'><strong>fami-</strong></span> 
     </span>
    </p>
   </div>
   <div class='ocr_carea' id='block_1_42' title="bbox 551 3928 2137 4007">
    <p class='ocr_par' dir='ltr' id='par_1_42' title="bbox 551 3928 2137 4007">
     <span class='ocr_line' id='line_1_42' title="bbox 551 3928 2137 4007; baseline 0.006 -23"><span class='ocrx_word' id='word_1_294' title='bbox 551 3928 647 4007; x_wconf 60' lang='lat' dir='ltr'><strong>lia;</strong></span> <span class='ocrx_word' id='word_1_295' title='bbox 666 3945 864 4007; x_wconf 78' lang='lat' dir='ltr'><strong>nomen</strong></span> <span class='ocrx_word' id='word_1_296' title='bbox 893 3928 1208 4007; x_wconf 54' lang='lat' dir='ltr'><strong>faciunt,_&#39;et</strong></span> <span class='ocrx_word' id='word_1_297' title='bbox 1248 3953 1267 3986; x_wconf 73' lang='grc' dir='ltr'><strong><em>ι</em></strong></span> <span class='ocrx_word' id='word_1_298' title='bbox 1297 3936 1540 4007; x_wconf 81' lang='lat' dir='ltr'><strong>Alciatos</strong></span> <span class='ocrx_word' id='word_1_299' title='bbox 1586 3955 1604 3987; x_wconf 76' lang='grc' dir='ltr'><strong><em>ι</em></strong></span> <span class='ocrx_word' id='word_1_300' title='bbox 1644 3936 1837 3992; x_wconf 83' lang='lat' dir='ltr'><strong>Latine</strong></span> <span class='ocrx_word' id='word_1_301' title='bbox 1869 3939 2137 4007; x_wconf 87' lang='lat' dir='ltr'><strong>reddunt;</strong></span> 
     </span>
    </p>
   </div>
   <div class='ocr_carea' id='block_1_43' title="bbox 555 4000 2143 4077">
    <p class='ocr_par' dir='ltr' id='par_1_43' title="bbox 555 4000 2143 4077">
     <span class='ocr_line' id='line_1_43' title="bbox 555 4000 2143 4077; baseline 0.006 -22"><span class='ocrx_word' id='word_1_302' title='bbox 555 4000 650 4077; x_wconf 77' lang='lat' dir='ltr'><strong>sed</strong></span> <span class='ocrx_word' id='word_1_303' title='bbox 673 4002 1040 4077; x_wconf 66' lang='lat' dir='ltr'><strong>prmlaudatus</strong></span> <span class='ocrx_word' id='word_1_304' title='bbox 1077 4005 1324 4063; x_wconf 82' lang='lat' dir='ltr'><strong>Alciatus</strong></span> <span class='ocrx_word' id='word_1_305' title='bbox 1364 4007 1422 4062; x_wconf 80' lang='lat' dir='ltr'><strong>in</strong></span> <span class='ocrx_word' id='word_1_306' title='bbox 1470 4006 1776 4077; x_wconf 83' lang='lat' dir='ltr'><strong>fragmento</strong></span> <span class='ocrx_word' id='word_1_307' title='bbox 1825 4007 1980 4077; x_wconf 70' lang='lat' dir='ltr'><strong>Viue,</strong></span> <span class='ocrx_word' id='word_1_308' title='bbox 2028 4000 2143 4065; x_wconf 56' lang='lat' dir='ltr'><strong>An;</strong></span> 
     </span>
    </p>
   </div>
   <div class='ocr_carea' id='block_1_44' title="bbox 554 4071 2139 4154">
    <p class='ocr_par' dir='ltr' id='par_1_44' title="bbox 554 4071 2139 4154">
     <span class='ocr_line' id='line_1_44' title="bbox 554 4071 2139 4154; baseline 0.006 -29"><span class='ocrx_word' id='word_1_309' title='bbox 554 4071 910 4154; x_wconf 42' lang='lat' dir='ltr'><strong>dreaiverbis</strong></span> <span class='ocrx_word' id='word_1_310' title='bbox 944 4084 1467 4154; x_wconf 63' lang='lat' dir='ltr'><strong>contegtu_s,_taecrc</strong></span> <span class='ocrx_word' id='word_1_311' title='bbox 1518 4071 1584 4133; x_wconf 76' lang='lat' dir='ltr'><strong>id</strong></span> <span class='ocrx_word' id='word_1_312' title='bbox 1626 4079 1859 4154; x_wconf 25' lang='lat' dir='ltr'><strong>maluit.‘</strong></span> <span class='ocrx_word' id='word_1_313' title='bbox 1889 4071 1976 4134; x_wconf 48' lang='lat' dir='ltr'><strong>au&#39;</strong></span> <span class='ocrx_word' id='word_1_314' title='bbox 2010 4080 2139 4151; x_wconf 86' lang='lat' dir='ltr'><strong>quia</strong></span> 
     </span>
    </p>
   </div>
   <div class='ocr_carea' id='block_1_45' title="bbox 554 4142 2141 4213">
    <p class='ocr_par' dir='ltr' id='par_1_45' title="bbox 554 4142 2141 4213">
     <span class='ocr_line' id='line_1_45' title="bbox 554 4142 2141 4213; baseline 0.008 -19"><span class='ocrx_word' id='word_1_315' title='bbox 554 4142 808 4213; x_wconf 83' lang='lat' dir='ltr'><strong>gentilem</strong></span> <span class='ocrx_word' id='word_1_316' title='bbox 841 4161 1000 4200; x_wconf 91' lang='lat' dir='ltr'><strong>suum</strong></span> <span class='ocrx_word' id='word_1_317' title='bbox 1034 4165 1053 4197; x_wconf 72' lang='grc' dir='ltr'><strong>ε</strong></span> <span class='ocrx_word' id='word_1_318' title='bbox 1100 4146 1157 4201; x_wconf 90' lang='lat' dir='ltr'><strong>S.</strong></span> <span class='ocrx_word' id='word_1_319' title='bbox 1192 4142 1471 4204; x_wconf 62' lang='lat' dir='ltr'><strong>Arialtlum</strong></span> <span class='ocrx_word' id='word_1_320' title='bbox 1509 4169 1527 4199; x_wconf 79' lang='grc' dir='ltr'><strong>ι</strong></span> <span class='ocrx_word' id='word_1_321' title='bbox 1560 4164 1669 4203; x_wconf 91' lang='lat' dir='ltr'><strong>non</strong></span> <span class='ocrx_word' id='word_1_322' title='bbox 1703 4151 1940 4206; x_wconf 85' lang='lat' dir='ltr'><strong>audebat</strong></span> <span class='ocrx_word' id='word_1_323' title='bbox 1988 4142 2141 4206; x_wconf 77' lang='lat' dir='ltr'><strong>asse-</strong></span> 
     </span>
    </p>
   </div>
   <div class='ocr_carea' id='block_1_46' title="bbox 554 4213 2139 4293">
    <p class='ocr_par' dir='ltr' id='par_1_46' title="bbox 554 4213 2139 4293">
     <span class='ocr_line' id='line_1_46' title="bbox 554 4213 2139 4293; baseline 0.004 -24"><span class='ocrx_word' id='word_1_324' title='bbox 554 4213 716 4269; x_wconf 74' lang='lat' dir='ltr'><strong>rere?</strong></span> <span class='ocrx_word' id='word_1_325' title='bbox 737 4214 808 4293; x_wconf 85' lang='lat' dir='ltr'><strong>A_t</strong></span> <span class='ocrx_word' id='word_1_326' title='bbox 835 4226 1022 4293; x_wconf 77' lang='lat' dir='ltr'><strong>postea</strong></span> <span class='ocrx_word' id='word_1_327' title='bbox 1047 4217 1102 4272; x_wconf 90' lang='lat' dir='ltr'><strong>id</strong></span> <span class='ocrx_word' id='word_1_328' title='bbox 1137 4217 1342 4293; x_wconf 75' lang='lat' dir='ltr'><strong>fecitin</strong></span> <span class='ocrx_word' id='word_1_329' title='bbox 1375 4220 1705 4293; x_wconf 60' lang='lat' dir='ltr'><strong>Antiquam-io</strong></span> <span class='ocrx_word' id='word_1_330' title='bbox 1736 4236 1872 4287; x_wconf 90' lang='lat' dir='ltr'><strong>suo,</strong></span> <span class='ocrx_word' id='word_1_331' title='bbox 1905 4222 2139 4293; x_wconf 83' lang='lat' dir='ltr'><strong>allegato</strong></span> 
     </span>
    </p>
   </div>
   <div class='ocr_carea' id='block_1_47' title="bbox 554 4284 2137 4366">
    <p class='ocr_par' dir='ltr' id='par_1_47' title="bbox 554 4284 2137 4366">
     <span class='ocr_line' id='line_1_47' title="bbox 554 4284 2137 4366; baseline 0.008 -31"><span class='ocrx_word' id='word_1_332' title='bbox 554 4297 709 4366; x_wconf 68' lang='lat' dir='ltr'><strong>num.</strong></span> <span class='ocrx_word' id='word_1_333' title='bbox 766 4284 823 4366; x_wconf 54' lang='lat'><strong>7&quot;</strong></span> <span class='ocrx_word' id='word_1_334' title='bbox 847 4285 1067 4366; x_wconf 52' lang='lat' dir='ltr'><strong>Comm.</strong></span> <span class='ocrx_word' id='word_1_335' title='bbox 1116 4284 1325 4366; x_wconf 73' lang='lat' dir='ltr'><strong>prtevii,</strong></span> <span class='ocrx_word' id='word_1_336' title='bbox 1362 4290 1430 4346; x_wconf 89' lang='lat' dir='ltr'><strong>de</strong></span> <span class='ocrx_word' id='word_1_337' title='bbox 1465 4284 1732 4366; x_wconf 60' lang='lat' dir='ltr'><strong>cltlejata</strong></span> <span class='ocrx_word' id='word_1_338' title='bbox 1760 4284 1920 4366; x_wconf 29' lang='lat' dir='ltr'><strong>gen-te</strong></span> <span class='ocrx_word' id='word_1_339' title='bbox 1959 4313 1977 4345; x_wconf 72' lang='grc' dir='ltr'><strong>ι</strong></span> <span class='ocrx_word' id='word_1_340' title='bbox 2013 4284 2137 4348; x_wconf 67' lang='lat' dir='ltr'><strong>cum</strong></span> 
     </span>
    </p>
   </div>
   <div class='ocr_carea' id='block_1_48' title="bbox 551 4350 2142 4421">
    <p class='ocr_par' dir='ltr' id='par_1_48' title="bbox 551 4350 2142 4421">
     <span class='ocr_line' id='line_1_48' title="bbox 551 4350 2142 4421; baseline 0.008 -16"><span class='ocrx_word' id='word_1_341' title='bbox 551 4350 748 4421; x_wconf 71' lang='lat' dir='ltr'><strong>fuisse,</strong></span> <span class='ocrx_word' id='word_1_342' title='bbox 773 4355 959 4411; x_wconf 86' lang='lat' dir='ltr'><strong>dicens</strong></span> <span class='ocrx_word' id='word_1_343' title='bbox 984 4375 997 4411; x_wconf 90' lang='lat'><strong>:</strong></span> <span class='ocrx_word' id='word_1_344' title='bbox 1025 4350 1224 4413; x_wconf 70' lang='lat' dir='ltr'><strong>Verum</strong></span> <span class='ocrx_word' id='word_1_345' title='bbox 1260 4350 1375 4416; x_wconf 54' lang='lat' dir='ltr'><strong>htee</strong></span> <span class='ocrx_word' id='word_1_346' title='bbox 1404 4362 1564 4416; x_wconf 87' lang='lat' dir='ltr'><strong>verba</strong></span> <span class='ocrx_word' id='word_1_347' title='bbox 1597 4350 1849 4419; x_wconf 70' lang='lat' dir='ltr'><strong>fortassis</strong></span> <span class='ocrx_word' id='word_1_348' title='bbox 1880 4362 2142 4418; x_wconf 69' lang='lat' dir='ltr'><strong>Fontante</strong></span> 
     </span>
    </p>
   </div>
   <div class='ocr_carea' id='block_1_49' title="bbox 555 4430 2141 4500">
    <p class='ocr_par' dir='ltr' id='par_1_49' title="bbox 555 4430 2141 4500">
     <span class='ocr_line' id='line_1_49' title="bbox 555 4430 2141 4500; baseline 0.008 -23"><span class='ocrx_word' id='word_1_349' title='bbox 555 4432 797 4500; x_wconf 82' lang='lat' dir='ltr'><strong>sunt;_et</strong></span> <span class='ocrx_word' id='word_1_350' title='bbox 824 4434 1039 4500; x_wconf 71' lang='lat' dir='ltr'><strong>oportet</strong></span> <span class='ocrx_word' id='word_1_351' title='bbox 1062 4443 1172 4500; x_wconf 77' lang='lat' dir='ltr'><strong>non</strong></span> <span class='ocrx_word' id='word_1_352' title='bbox 1204 4430 1496 4485; x_wconf 89' lang='lat' dir='ltr'><strong>admodum</strong></span> <span class='ocrx_word' id='word_1_353' title='bbox 1549 4433 1783 4488; x_wconf 87' lang='lat' dir='ltr'><strong>nobilem</strong></span> <span class='ocrx_word' id='word_1_354' title='bbox 1832 4434 2020 4500; x_wconf 80' lang='lat' dir='ltr'><strong>fuisse,</strong></span> <span class='ocrx_word' id='word_1_355' title='bbox 2074 4433 2141 4489; x_wconf 87' lang='lat' dir='ltr'><strong>de</strong></span> 
     </span>
    </p>
   </div>
   <div class='ocr_carea' id='block_1_50' title="bbox 553 4494 2134 4577">
    <p class='ocr_par' dir='ltr' id='par_1_50' title="bbox 553 4494 2134 4577">
     <span class='ocr_line' id='line_1_50' title="bbox 553 4494 2134 4577; baseline 0.007 -30"><span class='ocrx_word' id='word_1_356' title='bbox 553 4509 667 4577; x_wconf 79' lang='lat' dir='ltr'><strong>quo</strong></span> <span class='ocrx_word' id='word_1_357' title='bbox 694 4495 774 4550; x_wconf 88' lang='lat' dir='ltr'><strong>ait</strong></span> <span class='ocrx_word' id='word_1_358' title='bbox 820 4494 1017 4577; x_wconf 57' lang='lat' dir='ltr'><strong>senior</strong></span> <span class='ocrx_word' id='word_1_359' title='bbox 1043 4496 1442 4577; x_wconf 78' lang='lat' dir='ltr'><strong>_Landulphus,</strong></span> <span class='ocrx_word' id='word_1_360' title='bbox 1474 4505 1629 4577; x_wconf 71' lang='lat' dir='ltr'><strong>quod</strong></span> <span class='ocrx_word' id='word_1_361' title='bbox 1672 4523 1689 4556; x_wconf 83' lang='grc'>‹</span> <span class='ocrx_word' id='word_1_362' title='bbox 1724 4494 2076 4577; x_wconf 84' lang='lat' dir='ltr'><strong>Landull&#39;um,</strong></span> <span class='ocrx_word' id='word_1_363' title='bbox 2116 4523 2134 4577; x_wconf 59' lang='grc' dir='ltr'>ξ</span> 
     </span>
    </p>
   </div>
   <div class='ocr_carea' id='block_1_51' title="bbox 552 4567 2145 4649">
    <p class='ocr_par' dir='ltr' id='par_1_51' title="bbox 552 4567 2145 4649">
     <span class='ocr_line' id='line_1_51' title="bbox 552 4567 2145 4649; baseline 0.008 -31"><span class='ocrx_word' id='word_1_364' title='bbox 552 4567 820 4649; x_wconf 80' lang='lat' dir='ltr'><strong>majorem</strong></span> <span class='ocrx_word' id='word_1_365' title='bbox 847 4567 1200 4649; x_wconf 72' lang='lat' dir='ltr'><strong>Canonicum</strong></span> <span class='ocrx_word' id='word_1_366' title='bbox 1227 4590 1247 4624; x_wconf 73' lang='grc' dir='ltr'><strong><em>ι</em></strong></span> <span class='ocrx_word' id='word_1_367' title='bbox 1269 4567 1371 4627; x_wconf 79' lang='lat' dir='ltr'><strong>sibi</strong></span> <span class='ocrx_word' id='word_1_368' title='bbox 1414 4567 1961 4649; x_wconf 54' lang='lat' dir='ltr'><strong>praeviditapplicare</strong></span> <span class='ocrx_word' id='word_1_369' title='bbox 1984 4567 2145 4646; x_wconf 81' lang='lat' dir='ltr'><strong>quasi</strong></span> 
     </span>
    </p>
   </div>
   <div class='ocr_carea' id='block_1_52' title="bbox 553 4640 2141 4717">
    <p class='ocr_par' dir='ltr' id='par_1_52' title="bbox 553 4640 2141 4717">
     <span class='ocr_line' id='line_1_52' title="bbox 553 4640 2141 4717; baseline 0.007 -27"><span class='ocrx_word' id='word_1_370' title='bbox 553 4652 587 4717; x_wconf 61' lang='grc' dir='ltr'><strong><em>ς</em></strong></span> <span class='ocrx_word' id='word_1_371' title='bbox 622 4640 1011 4717; x_wconf 65' lang='lat' dir='ltr'><strong>nerosior_em,»</strong></span> <span class='ocrx_word' id='word_1_372' title='bbox 1034 4640 1163 4717; x_wconf 80' lang='lat' dir='ltr'><strong>quia</strong></span> <span class='ocrx_word' id='word_1_373' title='bbox 1187 4642 1303 4712; x_wconf 90' lang='lat' dir='ltr'><strong>ipse</strong></span> <span class='ocrx_word' id='word_1_374' title='bbox 1325 4640 1471 4717; x_wconf 70' lang='lat' dir='ltr'><strong>«erat</strong></span> <span class='ocrx_word' id='word_1_375' title='bbox 1490 4640 1772 4717; x_wconf 75' lang='lat' dir='ltr'><strong>humiliter</strong></span> <span class='ocrx_word' id='word_1_376' title='bbox 1786 4655 1948 4703; x_wconf 92' lang='lat' dir='ltr'><strong>natus</strong></span> <span class='ocrx_word' id='word_1_377' title='bbox 1964 4665 1978 4714; x_wconf 88' lang='lat'><strong>;</strong></span> <span class='ocrx_word' id='word_1_378' title='bbox 1993 4640 2020 4698; x_wconf 73' lang='grc' dir='ltr'><strong>ι’</strong></span> <span class='ocrx_word' id='word_1_379' title='bbox 2033 4661 2141 4717; x_wconf 90' lang='lat' dir='ltr'><strong>qua</strong></span> 
     </span>
    </p>
   </div>
   <div class='ocr_carea' id='block_1_53' title="bbox 552 4708 2143 4791">
    <p class='ocr_par' dir='ltr' id='par_1_53' title="bbox 552 4708 2143 4791">
     <span class='ocr_line' id='line_1_53' title="bbox 552 4708 2143 4791; baseline 0.005 -28"><span class='ocrx_word' id='word_1_380' title='bbox 552 4708 942 4791; x_wconf 79' lang='lat' dir='ltr'><strong>in_re,_crcd_o,_</strong></span> <span class='ocrx_word' id='word_1_381' title='bbox 984 4708 1250 4768; x_wconf 80' lang='lat' dir='ltr'><strong>noluisset</strong></span> <span class='ocrx_word' id='word_1_382' title='bbox 1297 4715 1535 4791; x_wconf 77' lang='lat' dir='ltr'><strong>mentiri</strong></span> <span class='ocrx_word' id='word_1_383' title='bbox 1573 4717 1809 4791; x_wconf 88' lang='lat' dir='ltr'><strong>scriptor</strong></span> <span class='ocrx_word' id='word_1_384' title='bbox 1861 4708 2143 4791; x_wconf 65' lang='lat' dir='ltr'><strong>ille,_li&#39;cet</strong></span> 
     </span>
    </p>
   </div>
   <div class='ocr_carea' id='block_1_54' title="bbox 555 4779 2139 4858">
    <p class='ocr_par' dir='ltr' id='par_1_54' title="bbox 555 4779 2139 4858">
     <span class='ocr_line' id='line_1_54' title="bbox 555 4779 2139 4858; baseline 0.004 -24"><span class='ocrx_word' id='word_1_385' title='bbox 555 4779 788 4834; x_wconf 82' lang='lat' dir='ltr'><strong>subinde</strong></span> <span class='ocrx_word' id='word_1_386' title='bbox 809 4781 1039 4837; x_wconf 89' lang='lat' dir='ltr'><strong>minime</strong></span> <span class='ocrx_word' id='word_1_387' title='bbox 1063 4798 1249 4847; x_wconf 86' lang='lat' dir='ltr'><strong>verax,</strong></span> <span class='ocrx_word' id='word_1_388' title='bbox 1281 4800 1405 4840; x_wconf 92' lang='lat' dir='ltr'><strong>cum</strong></span> <span class='ocrx_word' id='word_1_389' title='bbox 1453 4788 1634 4858; x_wconf 88' lang='lat' dir='ltr'><strong>agitur</strong></span> <span class='ocrx_word' id='word_1_390' title='bbox 1675 4779 1743 4844; x_wconf 84' lang='lat' dir='ltr'><strong>de</strong></span> <span class='ocrx_word' id='word_1_391' title='bbox 1773 4804 1941 4844; x_wconf 89' lang='lat' dir='ltr'><strong>causa</strong></span> <span class='ocrx_word' id='word_1_392' title='bbox 1970 4779 2139 4843; x_wconf 77' lang='lat' dir='ltr'><strong>cleri-</strong></span> 
     </span>
    </p>
   </div>
   <div class='ocr_carea' id='block_1_55' title="bbox 554 4858 2137 4929">
    <p class='ocr_par' dir='ltr' id='par_1_55' title="bbox 554 4858 2137 4929">
     <span class='ocr_line' id='line_1_55' title="bbox 554 4858 2137 4929; baseline 0.006 -25"><span class='ocrx_word' id='word_1_393' title='bbox 554 4866 749 4929; x_wconf 78' lang='lat' dir='ltr'><strong>eorum</strong></span> <span class='ocrx_word' id='word_1_394' title='bbox 777 4862 1157 4929; x_wconf 82' lang='lat' dir='ltr'><strong>quam__tuetur</strong></span> <span class='ocrx_word' id='word_1_395' title='bbox 1177 4865 1367 4911; x_wconf 88' lang='lat' dir='ltr'><strong>contra</strong></span> <span class='ocrx_word' id='word_1_396' title='bbox 1393 4868 1669 4914; x_wconf 88' lang='lat' dir='ltr'><strong>sanctum.</strong></span> <span class='ocrx_word' id='word_1_397' title='bbox 1723 4858 1895 4929; x_wconf 82' lang='lat' dir='ltr'><strong>Igitur</strong></span> <span class='ocrx_word' id='word_1_398' title='bbox 1939 4858 2034 4929; x_wconf 90' lang='lat' dir='ltr'><strong>qui</strong></span> <span class='ocrx_word' id='word_1_399' title='bbox 2082 4858 2137 4913; x_wconf 91' lang='lat' dir='ltr'><strong>in</strong></span> 
     </span>
    </p>
   </div>
   <div class='ocr_carea' id='block_1_56' title="bbox 552 4922 2133 4997">
    <p class='ocr_par' dir='ltr' id='par_1_56' title="bbox 552 4922 2133 4997">
     <span class='ocr_line' id='line_1_56' title="bbox 552 4922 2133 4997; baseline 0.004 -22"><span class='ocrx_word' id='word_1_400' title='bbox 552 4922 778 4993; x_wconf 44' lang='lat' dir='ltr'><strong>prologo</strong></span> <span class='ocrx_word' id='word_1_401' title='bbox 834 4924 1148 4997; x_wconf 76' lang='lat' dir='ltr'><strong>attribuitur</strong></span> <span class='ocrx_word' id='word_1_402' title='bbox 1204 4935 1396 4982; x_wconf 89' lang='lat' dir='ltr'><strong>sancto</strong></span> <span class='ocrx_word' id='word_1_403' title='bbox 1446 4922 1788 4997; x_wconf 51' lang='lat' dir='ltr'><strong>germanus?</strong></span> <span class='ocrx_word' id='word_1_404' title='bbox 1825 4922 2087 4995; x_wconf 78' lang='lat' dir='ltr'><strong>Maréhio,</strong></span> <span class='ocrx_word' id='word_1_405' title='bbox 2115 4947 2133 4981; x_wconf 73' lang='grc' dir='ltr'><strong><em>ι</em></strong></span> 
     </span>
    </p>
   </div>
   <div class='ocr_carea' id='block_1_57' title="bbox 541 4994 2137 5081">
    <p class='ocr_par' dir='ltr' id='par_1_57' title="bbox 541 4994 2137 5081">
     <span class='ocr_line' id='line_1_57' title="bbox 541 4994 2137 5081; baseline 0.005 -35"><span class='ocrx_word' id='word_1_406' title='bbox 541 5006 681 5046; x_wconf 80' lang='lat' dir='ltr'><strong>eum</strong></span> <span class='ocrx_word' id='word_1_407' title='bbox 732 5007 858 5081; x_wconf 78' lang='lat' dir='ltr'><strong>reor</strong></span> <span class='ocrx_word' id='word_1_408' title='bbox 900 4995 974 5049; x_wconf 90' lang='lat' dir='ltr'><strong>ita</strong></span> <span class='ocrx_word' id='word_1_409' title='bbox 1017 4994 1220 5081; x_wconf 70' lang='lat' dir='ltr'><strong>dictum</strong></span> <span class='ocrx_word' id='word_1_410' title='bbox 1244 4994 1474 5081; x_wconf 62' lang='lat' dir='ltr'><strong>proprio</strong></span> <span class='ocrx_word' id='word_1_411' title='bbox 1486 4999 1706 5055; x_wconf 90' lang='lat' dir='ltr'><strong>nomine</strong></span> <span class='ocrx_word' id='word_1_412' title='bbox 1730 5015 1758 5053; x_wconf 91' lang='lat' dir='ltr'><strong>a</strong></span> <span class='ocrx_word' id='word_1_413' title='bbox 1788 4999 2137 5081; x_wconf 71' lang='lat' dir='ltr'><strong>baptismate,</strong></span> 
     </span>
    </p>
   </div>
   <div class='ocr_carea' id='block_1_58' title="bbox 556 5066 2137 5140">
    <p class='ocr_par' dir='ltr' id='par_1_58' title="bbox 556 5066 2137 5140">
     <span class='ocr_line' id='line_1_58' title="bbox 556 5066 2137 5140; baseline 0.006 -26"><span class='ocrx_word' id='word_1_414' title='bbox 556 5076 667 5115; x_wconf 88' lang='lat' dir='ltr'><strong>non</strong></span> <span class='ocrx_word' id='word_1_415' title='bbox 698 5071 882 5140; x_wconf 78' lang='lat' dir='ltr'><strong>autem</strong></span> <span class='ocrx_word' id='word_1_416' title='bbox 909 5066 1288 5140; x_wconf 53' lang='lat' dir='ltr'><strong>appellativo&#39;a</strong></span> <span class='ocrx_word' id='word_1_417' title='bbox 1317 5066 1583 5140; x_wconf 76' lang='lat' dir='ltr'><strong>dignitate</strong></span> <span class='ocrx_word' id='word_1_418' title='bbox 1634 5084 1788 5140; x_wconf 75' lang='lat' dir='ltr'><strong>aeque</strong></span> <span class='ocrx_word' id='word_1_419' title='bbox 1830 5066 1895 5126; x_wconf 78' lang='lat' dir='ltr'><strong>ac</strong></span> <span class='ocrx_word' id='word_1_420' title='bbox 1947 5066 2137 5137; x_wconf 79' lang='lat' dir='ltr'><strong>alium,</strong></span> 
     </span>
    </p>
   </div>
   <div class='ocr_carea' id='block_1_59' title="bbox 556 5134 2139 5212">
    <p class='ocr_par' dir='ltr' id='par_1_59' title="bbox 556 5134 2139 5212">
     <span class='ocr_line' id='line_1_59' title="bbox 556 5134 2139 5212; baseline 0.008 -28"><span class='ocrx_word' id='word_1_421' title='bbox 556 5146 722 5212; x_wconf 72' lang='lat' dir='ltr'><strong>quem</strong></span> <span class='ocrx_word' id='word_1_422' title='bbox 744 5134 886 5200; x_wconf 87' lang='lat' dir='ltr'><strong>apud</strong></span> <span class='ocrx_word' id='word_1_423' title='bbox 920 5134 1251 5212; x_wconf 79' lang='lat' dir='ltr'><strong>Puricellum</strong></span> <span class='ocrx_word' id='word_1_424' title='bbox 1274 5134 1521 5212; x_wconf 40' lang='lat' dir='ltr'><strong>pagi}???</strong></span> <span class='ocrx_word' id='word_1_425' title='bbox 1542 5136 1606 5194; x_wconf 79' lang='lat' dir='ltr'><strong>ex</strong></span> <span class='ocrx_word' id='word_1_426' title='bbox 1636 5134 1869 5212; x_wconf 54' lang='lat' dir='ltr'><strong>Annulfo</strong></span> <span class='ocrx_word' id='word_1_427' title='bbox 1907 5134 2139 5212; x_wconf 82' lang='lat' dir='ltr'><strong>legimus</strong></span> 
     </span>
    </p>
   </div>
   <div class='ocr_carea' id='block_1_60' title="bbox 558 5201 2137 5284">
    <p class='ocr_par' dir='ltr' id='par_1_60' title="bbox 558 5201 2137 5284">
     <span class='ocr_line' id='line_1_60' title="bbox 558 5201 2137 5284; baseline 0.008 -31"><span class='ocrx_word' id='word_1_428' title='bbox 558 5202 628 5254; x_wconf 66' lang='grc' dir='ltr'><strong>θ’)</strong></span> <span class='ocrx_word' id='word_1_429' title='bbox 656 5201 761 5284; x_wconf 48' lang='grc' dir='ltr'><strong>περ)</strong></span> <span class='ocrx_word' id='word_1_430' title='bbox 784 5201 1373 5284; x_wconf 59' lang='lat' dir='ltr'><strong>rupepramipitattim:</strong></span> <span class='ocrx_word' id='word_1_431' title='bbox 1393 5207 1663 5284; x_wconf 73' lang='lat' dir='ltr'><strong>piamans</strong></span> <span class='ocrx_word' id='word_1_432' title='bbox 1704 5201 2043 5284; x_wconf 76' lang='lat' dir='ltr'><strong>Marinoniis,</strong></span> <span class='ocrx_word' id='word_1_433' title='bbox 2082 5212 2137 5265; x_wconf 93' lang='lat' dir='ltr'><strong>in</strong></span> 
     </span>
    </p>
   </div>
   <div class='ocr_carea' id='block_1_61' title="bbox 558 5268 2149 5364">
    <p class='ocr_par' dir='ltr' id='par_1_61' title="bbox 558 5268 2149 5364">
     <span class='ocr_line' id='line_1_61' title="bbox 558 5268 2149 5364; baseline 0.01 -44"><span class='ocrx_word' id='word_1_434' title='bbox 558 5268 1099 5364; x_wconf 48' lang='lat' dir='ltr'><strong>iube-originibus</strong></span> <span class='ocrx_word' id='word_1_435' title='bbox 1116 5268 1276 5364; x_wconf 63' lang='lat' dir='ltr'><strong>urbis</strong></span> <span class='ocrx_word' id='word_1_436' title='bbox 1387 5277 1738 5364; x_wconf 66' lang='lat' dir='ltr'><strong>familiarqu</strong></span> <span class='ocrx_word' id='word_1_437' title='bbox 1764 5268 2149 5364; x_wconf 39' lang='lat' dir='ltr'><strong>Mediolan&#39;enf</strong></span> 
     </span>
    </p>
   </div>
   <div class='ocr_carea' id='block_1_62' title="bbox 2239 499 3845 573">
    <p class='ocr_par' dir='ltr' id='par_1_62' title="bbox 2239 499 3845 573">
     <span class='ocr_line' id='line_1_62' title="bbox 2239 499 3845 573; baseline 0.002 -16"><span class='ocrx_word' id='word_1_438' title='bbox 2239 504 2488 572; x_wconf 79' lang='lat' dir='ltr'><strong>proiecto</strong></span> <span class='ocrx_word' id='word_1_439' title='bbox 2518 502 2679 557; x_wconf 88' lang='lat' dir='ltr'><strong>nobis</strong></span> <span class='ocrx_word' id='word_1_440' title='bbox 2706 502 2889 556; x_wconf 84' lang='lat' dir='ltr'><strong>vivere</strong></span> <span class='ocrx_word' id='word_1_441' title='bbox 2919 516 3028 555; x_wconf 91' lang='lat' dir='ltr'><strong>non</strong></span> <span class='ocrx_word' id='word_1_442' title='bbox 3052 502 3286 572; x_wconf 82' lang='lat' dir='ltr'><strong>expedit.</strong></span> <span class='ocrx_word' id='word_1_443' title='bbox 3312 499 3428 557; x_wconf 78' lang='lat' dir='ltr'><strong>Hoc</strong></span> <span class='ocrx_word' id='word_1_444' title='bbox 3451 500 3661 573; x_wconf 83' lang='lat' dir='ltr'><strong>quippe</strong></span> <span class='ocrx_word' id='word_1_445' title='bbox 3682 520 3845 560; x_wconf 75' lang='lat' dir='ltr'><strong>exer-</strong></span> 
     </span>
    </p>
   </div>
   <div class='ocr_carea' id='block_1_63' title="bbox 2237 592 3843 663">
    <p class='ocr_par' dir='ltr' id='par_1_63' title="bbox 2237 592 3843 663">
     <span class='ocr_line' id='line_1_63' title="bbox 2237 592 3843 663; baseline 0.002 -15"><span class='ocrx_word' id='word_1_446' title='bbox 2237 594 2426 648; x_wconf 88' lang='lat' dir='ltr'><strong>citium</strong></span> <span class='ocrx_word' id='word_1_447' title='bbox 2457 602 2659 649; x_wconf 66' lang='lat' dir='ltr'><strong>sanctre</strong></span> <span class='ocrx_word' id='word_1_448' title='bbox 2683 592 2914 649; x_wconf 90' lang='lat' dir='ltr'><strong>actualis</strong></span> <span class='ocrx_word' id='word_1_449' title='bbox 2934 593 3078 659; x_wconf 64' lang='lat' dir='ltr'><strong>vitae,</strong></span> <span class='ocrx_word' id='word_1_450' title='bbox 3094 608 3192 663; x_wconf 90' lang='lat' dir='ltr'><strong>per</strong></span> <span class='ocrx_word' id='word_1_451' title='bbox 3218 594 3519 650; x_wconf 79' lang='lat' dir='ltr'><strong>multarum</strong></span> <span class='ocrx_word' id='word_1_452' title='bbox 3558 598 3843 652; x_wconf 85' lang='lat' dir='ltr'><strong>curricula</strong></span> 
     </span>
    </p>
   </div>
   <div class='ocr_carea' id='block_1_64' title="bbox 2239 684 3845 758">
    <p class='ocr_par' dir='ltr' id='par_1_64' title="bbox 2239 684 3845 758">
     <span class='ocr_line' id='line_1_64' title="bbox 2239 684 3845 758; baseline 0.002 -17"><span class='ocrx_word' id='word_1_453' title='bbox 2239 701 2535 753; x_wconf 86' lang='lat' dir='ltr'><strong>annorum,</strong></span> <span class='ocrx_word' id='word_1_454' title='bbox 2571 686 2625 740; x_wconf 91' lang='lat' dir='ltr'><strong>in</strong></span> <span class='ocrx_word' id='word_1_455' title='bbox 2649 684 2983 741; x_wconf 82' lang='lat' dir='ltr'><strong>venerabilis</strong></span> <span class='ocrx_word' id='word_1_456' title='bbox 3004 684 3157 741; x_wconf 73' lang='lat' dir='ltr'><strong>Bezze</strong></span> <span class='ocrx_word' id='word_1_457' title='bbox 3179 694 3551 758; x_wconf 87' lang='lat' dir='ltr'><strong>natorumque</strong></span> <span class='ocrx_word' id='word_1_458' title='bbox 3581 689 3709 757; x_wconf 88' lang='lat' dir='ltr'><strong>ejus</strong></span> <span class='ocrx_word' id='word_1_459' title='bbox 3749 690 3845 744; x_wconf 60' lang='lat' dir='ltr'><strong>de.</strong></span> 
     </span>
    </p>
   </div>
   <div class='ocr_carea' id='block_1_65' title="bbox 2237 778 3845 851">
    <p class='ocr_par' dir='ltr' id='par_1_65' title="bbox 2237 778 3845 851">
     <span class='ocr_line' id='line_1_65' title="bbox 2237 778 3845 851; baseline 0.001 -15"><span class='ocrx_word' id='word_1_460' title='bbox 2237 780 2543 847; x_wconf 88' lang='lat' dir='ltr'><strong>sudatione,</strong></span> <span class='ocrx_word' id='word_1_461' title='bbox 2567 780 2688 834; x_wconf 91' lang='lat' dir='ltr'><strong>viro</strong></span> <span class='ocrx_word' id='word_1_462' title='bbox 2723 779 2895 851; x_wconf 90' lang='lat' dir='ltr'><strong>ipsius</strong></span> <span class='ocrx_word' id='word_1_463' title='bbox 2911 779 3024 850; x_wconf 91' lang='lat' dir='ltr'><strong>jam</strong></span> <span class='ocrx_word' id='word_1_464' title='bbox 3046 778 3324 846; x_wconf 85' lang='lat' dir='ltr'><strong>defuncto,</strong></span> <span class='ocrx_word' id='word_1_465' title='bbox 3354 788 3578 851; x_wconf 86' lang='lat' dir='ltr'><strong>egomet</strong></span> <span class='ocrx_word' id='word_1_466' title='bbox 3602 780 3715 835; x_wconf 87' lang='lat' dir='ltr'><strong>vidi</strong></span> <span class='ocrx_word' id='word_1_467' title='bbox 3740 796 3845 837; x_wconf 72' lang='lat' dir='ltr'><strong>c2-</strong></span> 
     </span>
    </p>
   </div>
   <div class='ocr_carea' id='block_1_66' title="bbox 2237 870 3842 943">
    <p class='ocr_par' dir='ltr' id='par_1_66' title="bbox 2237 870 3842 943">
     <span class='ocr_line' id='line_1_66' title="bbox 2237 870 3842 943; baseline 0.002 -16"><span class='ocrx_word' id='word_1_468' title='bbox 2237 880 2466 942; x_wconf 88' lang='lat' dir='ltr'><strong>teraque</strong></span> <span class='ocrx_word' id='word_1_469' title='bbox 2516 872 2771 943; x_wconf 87' lang='lat' dir='ltr'><strong>perplura</strong></span> <span class='ocrx_word' id='word_1_470' title='bbox 2810 870 3158 927; x_wconf 62' lang='lat' dir='ltr'><strong>aediﬁcationi</strong></span> <span class='ocrx_word' id='word_1_471' title='bbox 3210 887 3474 943; x_wconf 84' lang='lat' dir='ltr'><strong>congrua.</strong></span> <span class='ocrx_word' id='word_1_472' title='bbox 3525 872 3667 940; x_wconf 81' lang='lat' dir='ltr'><strong>Qua:</strong></span> <span class='ocrx_word' id='word_1_473' title='bbox 3720 875 3842 931; x_wconf 87' lang='lat' dir='ltr'><strong>ideo</strong></span> 
     </span>
    </p>
   </div>
   <div class='ocr_carea' id='block_1_67' title="bbox 2237 962 3843 1036">
    <p class='ocr_par' dir='ltr' id='par_1_67' title="bbox 2237 962 3843 1036">
     <span class='ocr_line' id='line_1_67' title="bbox 2237 962 3843 1036; baseline 0.003 -19"><span class='ocrx_word' id='word_1_474' title='bbox 2237 964 2612 1034; x_wconf 70' lang='lat' dir='ltr'><strong>praetermitto,</strong></span> <span class='ocrx_word' id='word_1_475' title='bbox 2641 962 2769 1034; x_wconf 91' lang='lat' dir='ltr'><strong>quia</strong></span> <span class='ocrx_word' id='word_1_476' title='bbox 2797 964 3057 1019; x_wconf 81' lang='lat' dir='ltr'><strong>velociter</strong></span> <span class='ocrx_word' id='word_1_477' title='bbox 3082 965 3147 1019; x_wconf 87' lang='lat' dir='ltr'><strong>ad</strong></span> <span class='ocrx_word' id='word_1_478' title='bbox 3181 980 3247 1020; x_wconf 87' lang='lat' dir='ltr'><strong>ea</strong></span> <span class='ocrx_word' id='word_1_479' title='bbox 3278 981 3519 1036; x_wconf 87' lang='lat' dir='ltr'><strong>quorum</strong></span> <span class='ocrx_word' id='word_1_480' title='bbox 3540 982 3717 1021; x_wconf 87' lang='lat' dir='ltr'><strong>causa</strong></span> <span class='ocrx_word' id='word_1_481' title='bbox 3741 968 3843 1023; x_wconf 84' lang='lat' dir='ltr'><strong>hoc</strong></span> 
     </span>
    </p>
   </div>
   <div class='ocr_carea' id='block_1_68' title="bbox 2239 1054 3270 1125">
    <p class='ocr_par' dir='ltr' id='par_1_68' title="bbox 2239 1054 3270 1125">
     <span class='ocr_line' id='line_1_68' title="bbox 2239 1054 3270 1125; baseline 0.001 -17"><span class='ocrx_word' id='word_1_482' title='bbox 2239 1069 2379 1125; x_wconf 89' lang='lat' dir='ltr'><strong>opus</strong></span> <span class='ocrx_word' id='word_1_483' title='bbox 2398 1054 2673 1124; x_wconf 81' lang='lat' dir='ltr'><strong>assumpsi</strong></span> <span class='ocrx_word' id='word_1_484' title='bbox 2706 1054 2891 1109; x_wconf 82' lang='lat' dir='ltr'><strong>venire</strong></span> <span class='ocrx_word' id='word_1_485' title='bbox 2919 1055 3270 1125; x_wconf 89' lang='lat' dir='ltr'><strong>concupisco.</strong></span> 
     </span>
    </p>
   </div>
   <div class='ocr_carea' id='block_1_69' title="bbox 2309 1143 3842 1216">
    <p class='ocr_par' dir='ltr' id='par_1_69' title="bbox 2309 1143 3842 1216">
     <span class='ocr_line' id='line_1_69' title="bbox 2309 1143 3842 1216; baseline 0.005 -17"><span class='ocrx_word' id='word_1_486' title='bbox 2309 1144 2362 1199; x_wconf 85' lang='lat'><strong>6.</strong></span> <span class='ocrx_word' id='word_1_487' title='bbox 2401 1143 2538 1200; x_wconf 80' lang='lat' dir='ltr'><strong>Huic</strong></span> <span class='ocrx_word' id='word_1_488' title='bbox 2562 1145 2768 1216; x_wconf 83' lang='lat' dir='ltr'><strong>utique.</strong></span> <span class='ocrx_word' id='word_1_489' title='bbox 2803 1143 2943 1201; x_wconf 88' lang='lat' dir='ltr'><strong>sicut</strong></span> <span class='ocrx_word' id='word_1_490' title='bbox 2967 1146 3113 1201; x_wconf 90' lang='lat' dir='ltr'><strong>illius</strong></span> <span class='ocrx_word' id='word_1_491' title='bbox 3155 1146 3421 1203; x_wconf 89' lang='lat' dir='ltr'><strong>relatione</strong></span> <span class='ocrx_word' id='word_1_492' title='bbox 3445 1146 3644 1215; x_wconf 81' lang='lat' dir='ltr'><strong>didici,</strong></span> <span class='ocrx_word' id='word_1_493' title='bbox 3682 1159 3842 1206; x_wconf 76' lang='lat' dir='ltr'><strong>nocte</strong></span> 
     </span>
    </p>
   </div>
   <div class='ocr_carea' id='block_1_70' title="bbox 2238 1236 3842 1313">
    <p class='ocr_par' dir='ltr' id='par_1_70' title="bbox 2238 1236 3842 1313">
     <span class='ocr_line' id='line_1_70' title="bbox 2238 1236 3842 1313; baseline 0.002 -20"><span class='ocrx_word' id='word_1_494' title='bbox 2238 1238 2475 1310; x_wconf 88' lang='lat' dir='ltr'><strong>quadam</strong></span> <span class='ocrx_word' id='word_1_495' title='bbox 2496 1236 2812 1306; x_wconf 87' lang='lat' dir='ltr'><strong>dormienti,</strong></span> <span class='ocrx_word' id='word_1_496' title='bbox 2838 1239 2957 1309; x_wconf 87' lang='lat' dir='ltr'><strong>ejus</strong></span> <span class='ocrx_word' id='word_1_497' title='bbox 2980 1239 3160 1295; x_wconf 86' lang='lat' dir='ltr'><strong>adhuc</strong></span> <span class='ocrx_word' id='word_1_498' title='bbox 3180 1240 3396 1296; x_wconf 81' lang='lat' dir='ltr'><strong>vivente</strong></span> <span class='ocrx_word' id='word_1_499' title='bbox 3416 1241 3552 1297; x_wconf 83' lang='lat' dir='ltr'><strong>viro</strong></span> <span class='ocrx_word' id='word_1_500' title='bbox 3598 1258 3671 1296; x_wconf 89' lang='lat' dir='ltr'><strong>ex</strong></span> <span class='ocrx_word' id='word_1_501' title='bbox 3733 1258 3842 1313; x_wconf 86' lang='lat' dir='ltr'><strong>quo</strong></span> 
     </span>
    </p>
   </div>
   <div class='ocr_carea' id='block_1_71' title="bbox 2239 1330 3839 1395">
    <p class='ocr_par' dir='ltr' id='par_1_71' title="bbox 2239 1330 3839 1395">
     <span class='ocr_line' id='line_1_71' title="bbox 2239 1330 3839 1395; baseline 0.001 -9"><span class='ocrx_word' id='word_1_502' title='bbox 2239 1341 2372 1387; x_wconf 91' lang='lat' dir='ltr'><strong>tunc</strong></span> <span class='ocrx_word' id='word_1_503' title='bbox 2396 1330 2451 1385; x_wconf 90' lang='lat' dir='ltr'><strong>in</strong></span> <span class='ocrx_word' id='word_1_504' title='bbox 2481 1340 2636 1385; x_wconf 90' lang='lat' dir='ltr'><strong>utero</strong></span> <span class='ocrx_word' id='word_1_505' title='bbox 2672 1330 2909 1386; x_wconf 82' lang='lat' dir='ltr'><strong>habebat</strong></span> <span class='ocrx_word' id='word_1_506' title='bbox 2943 1331 3136 1395; x_wconf 82' lang='lat' dir='ltr'><strong>(ilium,</strong></span> <span class='ocrx_word' id='word_1_507' title='bbox 3186 1330 3512 1388; x_wconf 89' lang='lat' dir='ltr'><strong>admirabile</strong></span> <span class='ocrx_word' id='word_1_508' title='bbox 3550 1333 3747 1389; x_wconf 89' lang='lat' dir='ltr'><strong>lumen</strong></span> <span class='ocrx_word' id='word_1_509' title='bbox 3787 1333 3839 1387; x_wconf 88' lang='lat' dir='ltr'><strong>in</strong></span> 
     </span>
    </p>
   </div>
   <div class='ocr_carea' id='block_1_72' title="bbox 2239 1422 3842 1496">
    <p class='ocr_par' dir='ltr' id='par_1_72' title="bbox 2239 1422 3842 1496">
     <span class='ocr_line' id='line_1_72' title="bbox 2239 1422 3842 1496; baseline 0 -18"><span class='ocrx_word' id='word_1_510' title='bbox 2239 1423 2472 1492; x_wconf 86' lang='lat' dir='ltr'><strong>visione,</strong></span> <span class='ocrx_word' id='word_1_511' title='bbox 2510 1439 2608 1479; x_wconf 89' lang='lat' dir='ltr'><strong>ceu</strong></span> <span class='ocrx_word' id='word_1_512' title='bbox 2635 1424 2769 1478; x_wconf 88' lang='lat' dir='ltr'><strong>solis</strong></span> <span class='ocrx_word' id='word_1_513' title='bbox 2799 1422 3090 1477; x_wconf 88' lang='lat' dir='ltr'><strong>meridiani</strong></span> <span class='ocrx_word' id='word_1_514' title='bbox 3132 1423 3422 1494; x_wconf 88' lang='lat' dir='ltr'><strong>splendor,</strong></span> <span class='ocrx_word' id='word_1_515' title='bbox 3445 1424 3695 1496; x_wconf 84' lang='lat' dir='ltr'><strong>desuper</strong></span> <span class='ocrx_word' id='word_1_516' title='bbox 3723 1425 3842 1479; x_wconf 78' lang='lat' dir='ltr'><strong>illu-</strong></span> 
     </span>
    </p>
   </div>
   <div class='ocr_carea' id='block_1_73' title="bbox 2242 1516 3841 1589">
    <p class='ocr_par' dir='ltr' id='par_1_73' title="bbox 2242 1516 3841 1589">
     <span class='ocr_line' id='line_1_73' title="bbox 2242 1516 3841 1589; baseline 0.001 -18"><span class='ocrx_word' id='word_1_517' title='bbox 2242 1517 2348 1584; x_wconf 89' lang='lat' dir='ltr'><strong>xit;</strong></span> <span class='ocrx_word' id='word_1_518' title='bbox 2399 1517 2559 1586; x_wconf 89' lang='lat' dir='ltr'><strong>cujus</strong></span> <span class='ocrx_word' id='word_1_519' title='bbox 2589 1517 2842 1582; x_wconf 88' lang='lat' dir='ltr'><strong>claritas,</strong></span> <span class='ocrx_word' id='word_1_520' title='bbox 2869 1516 3127 1570; x_wconf 85' lang='lat' dir='ltr'><strong>omnibus</strong></span> <span class='ocrx_word' id='word_1_521' title='bbox 3160 1517 3400 1573; x_wconf 79' lang='lat' dir='ltr'><strong>tenebris</strong></span> <span class='ocrx_word' id='word_1_522' title='bbox 3442 1518 3515 1574; x_wconf 92' lang='lat' dir='ltr'><strong>ab</strong></span> <span class='ocrx_word' id='word_1_523' title='bbox 3544 1534 3611 1572; x_wconf 86' lang='lat' dir='ltr'><strong>ea</strong></span> <span class='ocrx_word' id='word_1_524' title='bbox 3650 1519 3841 1589; x_wconf 81' lang='lat' dir='ltr'><strong>expul-</strong></span> 
     </span>
    </p>
   </div>
   <div class='ocr_carea' id='block_1_74' title="bbox 2241 1608 3842 1681">
    <p class='ocr_par' dir='ltr' id='par_1_74' title="bbox 2241 1608 3842 1681">
     <span class='ocr_line' id='line_1_74' title="bbox 2241 1608 3842 1681; baseline 0.001 -19"><span class='ocrx_word' id='word_1_525' title='bbox 2241 1608 2338 1666; x_wconf 87' lang='lat' dir='ltr'><strong>sis.</strong></span> <span class='ocrx_word' id='word_1_526' title='bbox 2366 1617 2533 1663; x_wconf 88' lang='lat' dir='ltr'><strong>totam</strong></span> <span class='ocrx_word' id='word_1_527' title='bbox 2566 1608 2812 1675; x_wconf 90' lang='lat' dir='ltr'><strong>domum,</strong></span> <span class='ocrx_word' id='word_1_528' title='bbox 2840 1608 2930 1663; x_wconf 87' lang='lat' dir='ltr'><strong>ubi</strong></span> <span class='ocrx_word' id='word_1_529' title='bbox 2964 1617 3080 1662; x_wconf 90' lang='lat' dir='ltr'><strong>erat</strong></span> <span class='ocrx_word' id='word_1_530' title='bbox 3097 1608 3309 1679; x_wconf 90' lang='lat' dir='ltr'><strong>jacens,</strong></span> <span class='ocrx_word' id='word_1_531' title='bbox 3363 1608 3637 1681; x_wconf 79' lang='lat' dir='ltr'><strong>implevit.</strong></span> <span class='ocrx_word' id='word_1_532' title='bbox 3691 1609 3842 1664; x_wconf 67' lang='lat' dir='ltr'><strong>Mane</strong></span> 
     </span>
    </p>
   </div>
   <div class='ocr_carea' id='block_1_75' title="bbox 2241 1699 3841 1769">
    <p class='ocr_par' dir='ltr' id='par_1_75' title="bbox 2241 1699 3841 1769">
     <span class='ocr_line' id='line_1_75' title="bbox 2241 1699 3841 1769; baseline 0.003 -14"><span class='ocrx_word' id='word_1_533' title='bbox 2241 1709 2424 1756; x_wconf 88' lang='lat' dir='ltr'><strong>autem</strong></span> <span class='ocrx_word' id='word_1_534' title='bbox 2466 1699 2632 1767; x_wconf 84' lang='lat' dir='ltr'><strong>facto,</strong></span> <span class='ocrx_word' id='word_1_535' title='bbox 2666 1700 2943 1757; x_wconf 87' lang='lat' dir='ltr'><strong>insolitam</strong></span> <span class='ocrx_word' id='word_1_536' title='bbox 2989 1716 3174 1756; x_wconf 87' lang='lat' dir='ltr'><strong>secum</strong></span> <span class='ocrx_word' id='word_1_537' title='bbox 3203 1701 3474 1758; x_wconf 87' lang='lat' dir='ltr'><strong>visionem</strong></span> <span class='ocrx_word' id='word_1_538' title='bbox 3533 1702 3841 1769; x_wconf 83' lang='lat' dir='ltr'><strong>admirans,</strong></span> 
     </span>
    </p>
   </div>
   <div class='ocr_carea' id='block_1_76' title="bbox 2240 1791 3849 1866">
    <p class='ocr_par' dir='ltr' id='par_1_76' title="bbox 2240 1791 3849 1866">
     <span class='ocr_line' id='line_1_76' title="bbox 2240 1791 3849 1866; baseline 0.002 -19"><span class='ocrx_word' id='word_1_539' title='bbox 2240 1791 2481 1863; x_wconf 80' lang='lat' dir='ltr'><strong>antiquis</strong></span> <span class='ocrx_word' id='word_1_540' title='bbox 2507 1792 2777 1848; x_wconf 87' lang='lat' dir='ltr'><strong>matronis</strong></span> <span class='ocrx_word' id='word_1_541' title='bbox 2802 1793 3018 1863; x_wconf 83' lang='lat' dir='ltr'><strong>pandit;</strong></span> <span class='ocrx_word' id='word_1_542' title='bbox 3069 1810 3099 1848; x_wconf 86' lang='lat' dir='ltr'><strong>a</strong></span> <span class='ocrx_word' id='word_1_543' title='bbox 3127 1794 3327 1865; x_wconf 87' lang='lat' dir='ltr'><strong>quibus</strong></span> <span class='ocrx_word' id='word_1_544' title='bbox 3375 1796 3639 1866; x_wconf 85' lang='lat' dir='ltr'><strong>protinus</strong></span> <span class='ocrx_word' id='word_1_545' title='bbox 3694 1794 3849 1851; x_wconf 72' lang='lat' dir='ltr'><strong>audii</strong></span> 
     </span>
    </p>
   </div>
   <div class='ocr_carea' id='block_1_77' title="bbox 2239 1885 3842 1956">
    <p class='ocr_par' dir='ltr' id='par_1_77' title="bbox 2239 1885 3842 1956">
     <span class='ocr_line' id='line_1_77' title="bbox 2239 1885 3842 1956; baseline 0.002 -15"><span class='ocrx_word' id='word_1_546' title='bbox 2239 1886 2442 1942; x_wconf 88' lang='lat' dir='ltr'><strong>habere</strong></span> <span class='ocrx_word' id='word_1_547' title='bbox 2477 1901 2537 1942; x_wconf 90' lang='lat' dir='ltr'><strong>se</strong></span> <span class='ocrx_word' id='word_1_548' title='bbox 2562 1887 2616 1941; x_wconf 91' lang='lat' dir='ltr'><strong>in</strong></span> <span class='ocrx_word' id='word_1_549' title='bbox 2640 1895 2797 1941; x_wconf 88' lang='lat' dir='ltr'><strong>utero</strong></span> <span class='ocrx_word' id='word_1_550' title='bbox 2820 1885 3081 1941; x_wconf 76' lang='lat' dir='ltr'><strong>infantem</strong></span> <span class='ocrx_word' id='word_1_551' title='bbox 3107 1903 3272 1943; x_wconf 87' lang='lat' dir='ltr'><strong>sexus</strong></span> <span class='ocrx_word' id='word_1_552' title='bbox 3306 1888 3640 1956; x_wconf 86' lang='lat' dir='ltr'><strong>masculini,</strong></span> <span class='ocrx_word' id='word_1_553' title='bbox 3674 1890 3842 1944; x_wconf 71' lang='lat' dir='ltr'><strong>meﬁ—</strong></span> 
     </span>
    </p>
   </div>
   <div class='ocr_carea' id='block_1_78' title="bbox 2240 1966 3847 2053">
    <p class='ocr_par' dir='ltr' id='par_1_78' title="bbox 2240 1966 3847 2053">
     <span class='ocr_line' id='line_1_78' title="bbox 2240 1966 3847 2053; baseline 0.001 -18"><span class='ocrx_word' id='word_1_554' title='bbox 2240 1981 2390 2051; x_wconf 89' lang='lat' dir='ltr'><strong>tiquc</strong></span> <span class='ocrx_word' id='word_1_555' title='bbox 2418 1978 2662 2035; x_wconf 80' lang='lat' dir='ltr'><strong>futurum</strong></span> <span class='ocrx_word' id='word_1_556' title='bbox 2689 1980 2839 2035; x_wconf 84' lang='lat' dir='ltr'><strong>celsi.</strong></span> <span class='ocrx_word' id='word_1_557' title='bbox 2875 1978 3047 2046; x_wconf 80' lang='lat' dir='ltr'><strong>Quem</strong></span> <span class='ocrx_word' id='word_1_558' title='bbox 3080 1996 3205 2035; x_wconf 90' lang='lat' dir='ltr'><strong>cum</strong></span> <span class='ocrx_word' id='word_1_559' title='bbox 3228 1981 3388 2036; x_wconf 81' lang='lat' dir='ltr'><strong>enixa</strong></span> <span class='ocrx_word' id='word_1_560' title='bbox 3417 1990 3524 2047; x_wconf 84' lang='lat' dir='ltr'><strong>est,</strong></span> <span class='ocrx_word' id='word_1_561' title='bbox 3553 1990 3688 2052; x_wconf 88' lang='lat' dir='ltr'><strong>apto</strong></span> <span class='ocrx_word' id='word_1_562' title='bbox 3707 1966 3847 2053; x_wconf 45' lang='lat' dir='ltr'><strong>prmi</strong></span> 
     </span>
    </p>
   </div>
   <div class='ocr_carea' id='block_1_79' title="bbox 2241 2070 3845 2142">
    <p class='ocr_par' dir='ltr' id='par_1_79' title="bbox 2241 2070 3845 2142">
     <span class='ocr_line' id='line_1_79' title="bbox 2241 2070 3845 2142; baseline -0.001 -16"><span class='ocrx_word' id='word_1_563' title='bbox 2241 2071 2441 2126; x_wconf 85' lang='lat' dir='ltr'><strong>stolato</strong></span> <span class='ocrx_word' id='word_1_564' title='bbox 2510 2080 2774 2142; x_wconf 79' lang='lat' dir='ltr'><strong>tempore,</strong></span> <span class='ocrx_word' id='word_1_565' title='bbox 2834 2070 3115 2124; x_wconf 73' lang='lat' dir='ltr'><strong>Arialdum</strong></span> <span class='ocrx_word' id='word_1_566' title='bbox 3181 2078 3401 2136; x_wconf 87' lang='lat' dir='ltr'><strong>vocant,</strong></span> <span class='ocrx_word' id='word_1_567' title='bbox 3446 2071 3719 2126; x_wconf 80' lang='lat' dir='ltr'><strong>clericum</strong></span> <span class='ocrx_word' id='word_1_568' title='bbox 3767 2070 3845 2125; x_wconf 52' lang='lat' dir='ltr'><strong>fa-</strong></span> 
     </span>
    </p>
   </div>
   <div class='ocr_carea' id='block_1_80' title="bbox 2240 2162 3844 2234">
    <p class='ocr_par' dir='ltr' id='par_1_80' title="bbox 2240 2162 3844 2234">
     <span class='ocr_line' id='line_1_80' title="bbox 2240 2162 3844 2234; baseline 0 -15"><span class='ocrx_word' id='word_1_569' title='bbox 2240 2163 2412 2228; x_wconf 89' lang='lat' dir='ltr'><strong>ciunt,</strong></span> <span class='ocrx_word' id='word_1_570' title='bbox 2436 2163 2641 2219; x_wconf 85' lang='lat' dir='ltr'><strong>scholis</strong></span> <span class='ocrx_word' id='word_1_571' title='bbox 2673 2163 2963 2233; x_wconf 72' lang='lat' dir='ltr'><strong>diligenter</strong></span> <span class='ocrx_word' id='word_1_572' title='bbox 2996 2178 3062 2217; x_wconf 77' lang='lat' dir='ltr'><strong>eo</strong></span> <span class='ocrx_word' id='word_1_573' title='bbox 3087 2178 3262 2234; x_wconf 91' lang='lat' dir='ltr'><strong>usque</strong></span> <span class='ocrx_word' id='word_1_574' title='bbox 3287 2162 3516 2218; x_wconf 89' lang='lat' dir='ltr'><strong>tradunt</strong></span> <span class='ocrx_word' id='word_1_575' title='bbox 3550 2179 3844 2234; x_wconf 75' lang='lat' dir='ltr'><strong>quousque</strong></span> 
     </span>
    </p>
   </div>
   <div class='ocr_carea' id='block_1_81' title="bbox 2242 2252 3843 2325">
    <p class='ocr_par' dir='ltr' id='par_1_81' title="bbox 2242 2252 3843 2325">
     <span class='ocr_line' id='line_1_81' title="bbox 2242 2252 3843 2325; baseline 0.002 -20"><span class='ocrx_word' id='word_1_576' title='bbox 2242 2253 2601 2323; x_wconf 78' lang='lat' dir='ltr'><strong>provinciales</strong></span> <span class='ocrx_word' id='word_1_577' title='bbox 2632 2252 2880 2325; x_wconf 80' lang='lat' dir='ltr'><strong>magistri</strong></span> <span class='ocrx_word' id='word_1_578' title='bbox 2909 2254 3002 2323; x_wconf 90' lang='lat' dir='ltr'><strong>qui</strong></span> <span class='ocrx_word' id='word_1_579' title='bbox 3027 2268 3150 2308; x_wconf 86' lang='lat' dir='ltr'><strong>cum</strong></span> <span class='ocrx_word' id='word_1_580' title='bbox 3180 2263 3407 2324; x_wconf 86' lang='lat' dir='ltr'><strong>possent</strong></span> <span class='ocrx_word' id='word_1_581' title='bbox 3436 2254 3720 2309; x_wconf 87' lang='lat' dir='ltr'><strong>instruere</strong></span> <span class='ocrx_word' id='word_1_582' title='bbox 3754 2255 3843 2309; x_wconf 49' lang='lat' dir='ltr'><strong>de.</strong></span> 
     </span>
    </p>
   </div>
   <div class='ocr_carea' id='block_1_82' title="bbox 2240 2343 3842 2415">
    <p class='ocr_par' dir='ltr' id='par_1_82' title="bbox 2240 2343 3842 2415">
     <span class='ocr_line' id='line_1_82' title="bbox 2240 2343 3842 2415; baseline 0.002 -17"><span class='ocrx_word' id='word_1_583' title='bbox 2240 2344 2451 2398; x_wconf 85' lang='lat' dir='ltr'><strong>ticiunt.</strong></span> <span class='ocrx_word' id='word_1_584' title='bbox 2485 2343 2530 2397; x_wconf 79' lang='grc' dir='ltr'>Α</span> <span class='ocrx_word' id='word_1_585' title='bbox 2562 2344 2765 2414; x_wconf 90' lang='lat' dir='ltr'><strong>quibus</strong></span> <span class='ocrx_word' id='word_1_586' title='bbox 2796 2360 2920 2399; x_wconf 85' lang='lat' dir='ltr'><strong>eum</strong></span> <span class='ocrx_word' id='word_1_587' title='bbox 2954 2360 3051 2415; x_wconf 85' lang='lat' dir='ltr'><strong>per</strong></span> <span class='ocrx_word' id='word_1_588' title='bbox 3088 2353 3356 2414; x_wconf 89' lang='lat' dir='ltr'><strong>tempora,</strong></span> <span class='ocrx_word' id='word_1_589' title='bbox 3392 2353 3461 2400; x_wconf 89' lang='lat' dir='ltr'><strong>ut</strong></span> <span class='ocrx_word' id='word_1_590' title='bbox 3495 2346 3842 2402; x_wconf 85' lang='lat' dir='ltr'><strong>scholaribus</strong></span> 
     </span>
    </p>
   </div>
   <div class='ocr_carea' id='block_1_83' title="bbox 2243 2433 3843 2506">
    <p class='ocr_par' dir='ltr' id='par_1_83' title="bbox 2243 2433 3843 2506">
     <span class='ocr_line' id='line_1_83' title="bbox 2243 2433 3843 2506; baseline 0.003 -20"><span class='ocrx_word' id='word_1_591' title='bbox 2243 2433 2411 2487; x_wconf 88' lang='lat' dir='ltr'><strong>moris</strong></span> <span class='ocrx_word' id='word_1_592' title='bbox 2437 2441 2541 2498; x_wconf 87' lang='lat' dir='ltr'><strong>est,</strong></span> <span class='ocrx_word' id='word_1_593' title='bbox 2569 2442 2935 2488; x_wconf 83' lang='lat' dir='ltr'><strong>reverteretur</strong></span> <span class='ocrx_word' id='word_1_594' title='bbox 2965 2433 3132 2505; x_wconf 86' lang='lat' dir='ltr'><strong>(sicut</strong></span> <span class='ocrx_word' id='word_1_595' title='bbox 3153 2450 3183 2489; x_wconf 90' lang='lat' dir='ltr'><strong>a</strong></span> <span class='ocrx_word' id='word_1_596' title='bbox 3206 2443 3382 2489; x_wconf 86' lang='lat' dir='ltr'><strong>matre</strong></span> <span class='ocrx_word' id='word_1_597' title='bbox 3404 2434 3533 2504; x_wconf 87' lang='lat' dir='ltr'><strong>ejus</strong></span> <span class='ocrx_word' id='word_1_598' title='bbox 3557 2436 3679 2505; x_wconf 88' lang='lat' dir='ltr'><strong>jam</strong></span> <span class='ocrx_word' id='word_1_599' title='bbox 3705 2450 3843 2506; x_wconf 67' lang='lat' dir='ltr'><strong>saepe</strong></span> 
     </span>
    </p>
   </div>
   <div class='ocr_carea' id='block_1_84' title="bbox 2240 2523 3843 2595">
    <p class='ocr_par' dir='ltr' id='par_1_84' title="bbox 2240 2523 3843 2595">
     <span class='ocr_line' id='line_1_84' title="bbox 2240 2523 3843 2595; baseline 0.002 -17"><span class='ocrx_word' id='word_1_600' title='bbox 2240 2523 2383 2578; x_wconf 83' lang='lat' dir='ltr'><strong>dicta</strong></span> <span class='ocrx_word' id='word_1_601' title='bbox 2412 2524 2689 2595; x_wconf 83' lang='lat' dir='ltr'><strong>cognovit)</strong></span> <span class='ocrx_word' id='word_1_602' title='bbox 2759 2534 2812 2579; x_wconf 88' lang='lat' dir='ltr'><strong>ct</strong></span> <span class='ocrx_word' id='word_1_603' title='bbox 2853 2524 3045 2595; x_wconf 68' lang='lat' dir='ltr'><strong>puellm</strong></span> <span class='ocrx_word' id='word_1_604' title='bbox 3095 2524 3268 2595; x_wconf 89' lang='lat' dir='ltr'><strong>ipsius</strong></span> <span class='ocrx_word' id='word_1_605' title='bbox 3318 2524 3640 2581; x_wconf 86' lang='lat' dir='ltr'><strong>ornatiores</strong></span> <span class='ocrx_word' id='word_1_606' title='bbox 3695 2541 3843 2581; x_wconf 83' lang='lat' dir='ltr'><strong>more</strong></span> 
     </span>
    </p>
   </div>
   <div class='ocr_carea' id='block_1_85' title="bbox 2243 2614 3838 2687">
    <p class='ocr_par' dir='ltr' id='par_1_85' title="bbox 2243 2614 3838 2687">
     <span class='ocr_line' id='line_1_85' title="bbox 2243 2614 3838 2687; baseline 0.003 -18"><span class='ocrx_word' id='word_1_607' title='bbox 2243 2615 2404 2669; x_wconf 70' lang='lat' dir='ltr'><strong>solito</strong></span> <span class='ocrx_word' id='word_1_608' title='bbox 2440 2614 2836 2686; x_wconf 68' lang='lat' dir='ltr'><strong>nitidiore-sque</strong></span> <span class='ocrx_word' id='word_1_609' title='bbox 2857 2631 2914 2670; x_wconf 90' lang='lat' dir='ltr'><strong>se</strong></span> <span class='ocrx_word' id='word_1_610' title='bbox 2937 2615 3057 2686; x_wconf 84' lang='lat' dir='ltr'><strong>ejus</strong></span> <span class='ocrx_word' id='word_1_611' title='bbox 3081 2616 3253 2671; x_wconf 88' lang='lat' dir='ltr'><strong>vultui</strong></span> <span class='ocrx_word' id='word_1_612' title='bbox 3292 2625 3706 2687; x_wconf 66' lang='lat' dir='ltr'><strong>prmsentamnt</strong></span> <span class='ocrx_word' id='word_1_613' title='bbox 3730 2618 3806 2687; x_wconf 84' lang='lat'><strong>(&#39;5)</strong></span> <span class='ocrx_word' id='word_1_614' title='bbox 3822 2660 3838 2683; x_wconf 88' lang='lat'><strong>,</strong></span> 
     </span>
    </p>
   </div>
   <div class='ocr_carea' id='block_1_86' title="bbox 2240 2695 3843 2776">
    <p class='ocr_par' dir='ltr' id='par_1_86' title="bbox 2240 2695 3843 2776">
     <span class='ocr_line' id='line_1_86' title="bbox 2240 2695 3843 2776; baseline 0.003 -19"><span class='ocrx_word' id='word_1_615' title='bbox 2240 2706 2700 2776; x_wconf 88' lang='lat' dir='ltr'><strong>quemadmodum</strong></span> <span class='ocrx_word' id='word_1_616' title='bbox 2726 2695 2871 2762; x_wconf 73' lang='lat' dir='ltr'><strong>esset</strong></span> <span class='ocrx_word' id='word_1_617' title='bbox 2905 2707 3207 2774; x_wconf 86' lang='lat' dir='ltr'><strong>viderc,sic</strong></span> <span class='ocrx_word' id='word_1_618' title='bbox 3228 2707 3644 2764; x_wconf 82' lang='lat' dir='ltr'><strong>exterminabat</strong></span> <span class='ocrx_word' id='word_1_619' title='bbox 3684 2726 3715 2763; x_wconf 89' lang='lat' dir='ltr'><strong>a</strong></span> <span class='ocrx_word' id='word_1_620' title='bbox 3748 2711 3843 2763; x_wconf 68' lang='lat' dir='ltr'><strong>sua&quot;</strong></span> 
     </span>
    </p>
   </div>
   <div class='ocr_carea' id='block_1_87' title="bbox 2243 2793 3840 2866">
    <p class='ocr_par' dir='ltr' id='par_1_87' title="bbox 2243 2793 3840 2866">
     <span class='ocr_line' id='line_1_87' title="bbox 2243 2793 3840 2866; baseline 0.003 -16"><span class='ocrx_word' id='word_1_621' title='bbox 2243 2795 2411 2863; x_wconf 80' lang='lat' dir='ltr'><strong>faeie,</strong></span> <span class='ocrx_word' id='word_1_622' title='bbox 2449 2796 2638 2851; x_wconf 89' lang='lat' dir='ltr'><strong>dicens</strong></span> <span class='ocrx_word' id='word_1_623' title='bbox 2682 2814 2695 2851; x_wconf 90' lang='lat'><strong>:</strong></span> <span class='ocrx_word' id='word_1_624' title='bbox 2735 2793 2929 2866; x_wconf 89' lang='lat' dir='ltr'><strong>Captio</strong></span> <span class='ocrx_word' id='word_1_625' title='bbox 2973 2796 3087 2852; x_wconf 75' lang='lat' dir='ltr'><strong>htec</strong></span> <span class='ocrx_word' id='word_1_626' title='bbox 3120 2805 3205 2853; x_wconf 89' lang='lat' dir='ltr'><strong>est</strong></span> <span class='ocrx_word' id='word_1_627' title='bbox 3239 2796 3483 2851; x_wconf 51' lang='lat' dir='ltr'><strong>Satanan</strong></span> <span class='ocrx_word' id='word_1_628' title='bbox 3522 2796 3840 2854; x_wconf 62' lang='lat' dir='ltr'><strong>lndesineoo</strong></span> 
     </span>
    </p>
   </div>
   <div class='ocr_carea' id='block_1_88' title="bbox 2242 2885 3839 2957">
    <p class='ocr_par' dir='ltr' id='par_1_88' title="bbox 2242 2885 3839 2957">
     <span class='ocr_line' id='line_1_88' title="bbox 2242 2885 3839 2957; baseline 0 -15"><span class='ocrx_word' id='word_1_629' title='bbox 2242 2897 2325 2942; x_wconf 89' lang='lat' dir='ltr'><strong>ter</strong></span> <span class='ocrx_word' id='word_1_630' title='bbox 2353 2885 2607 2957; x_wconf 84' lang='lat' dir='ltr'><strong>denique,</strong></span> <span class='ocrx_word' id='word_1_631' title='bbox 2634 2886 2686 2940; x_wconf 91' lang='lat' dir='ltr'><strong>in</strong></span> <span class='ocrx_word' id='word_1_632' title='bbox 2714 2885 2949 2943; x_wconf 88' lang='lat' dir='ltr'><strong>diversis</strong></span> <span class='ocrx_word' id='word_1_633' title='bbox 2982 2887 3163 2954; x_wconf 84' lang='lat' dir='ltr'><strong>terris,</strong></span> <span class='ocrx_word' id='word_1_634' title='bbox 3197 2887 3556 2944; x_wconf 85' lang='lat' dir='ltr'><strong>scholasticis</strong></span> <span class='ocrx_word' id='word_1_635' title='bbox 3613 2905 3677 2943; x_wconf 87' lang='lat' dir='ltr'><strong>se</strong></span> <span class='ocrx_word' id='word_1_636' title='bbox 3726 2896 3839 2943; x_wconf 85' lang='lat' dir='ltr'><strong>stu-</strong></span> 
     </span>
    </p>
   </div>
   <div class='ocr_carea' id='block_1_89' title="bbox 2240 2977 3841 3050">
    <p class='ocr_par' dir='ltr' id='par_1_89' title="bbox 2240 2977 3841 3050">
     <span class='ocr_line' id='line_1_89' title="bbox 2240 2977 3841 3050; baseline -0.001 -15"><span class='ocrx_word' id='word_1_637' title='bbox 2240 2978 2347 3035; x_wconf 88' lang='lat' dir='ltr'><strong>diis</strong></span> <span class='ocrx_word' id='word_1_638' title='bbox 2380 2978 2569 3034; x_wconf 91' lang='lat' dir='ltr'><strong>tandiu</strong></span> <span class='ocrx_word' id='word_1_639' title='bbox 2610 2977 2854 3045; x_wconf 87' lang='lat' dir='ltr'><strong>tradidit,</strong></span> <span class='ocrx_word' id='word_1_640' title='bbox 2876 2979 3056 3034; x_wconf 86' lang='lat' dir='ltr'><strong>donec</strong></span> <span class='ocrx_word' id='word_1_641' title='bbox 3105 2978 3309 3050; x_wconf 87' lang='lat' dir='ltr'><strong>optime</strong></span> <span class='ocrx_word' id='word_1_642' title='bbox 3364 2987 3480 3034; x_wconf 89' lang='lat' dir='ltr'><strong>tam</strong></span> <span class='ocrx_word' id='word_1_643' title='bbox 3536 2980 3841 3035; x_wconf 83' lang='lat' dir='ltr'><strong>liberalium</strong></span> 
     </span>
    </p>
   </div>
   <div class='ocr_carea' id='block_1_90' title="bbox 2242 3068 3841 3141">
    <p class='ocr_par' dir='ltr' id='par_1_90' title="bbox 2242 3068 3841 3141">
     <span class='ocr_line' id='line_1_90' title="bbox 2242 3068 3841 3141; baseline 0.003 -21"><span class='ocrx_word' id='word_1_644' title='bbox 2242 3086 2404 3141; x_wconf 87' lang='lat' dir='ltr'><strong>quam</strong></span> <span class='ocrx_word' id='word_1_645' title='bbox 2445 3068 2757 3125; x_wconf 89' lang='lat' dir='ltr'><strong>divinarum</strong></span> <span class='ocrx_word' id='word_1_646' title='bbox 2795 3069 3099 3124; x_wconf 87' lang='lat' dir='ltr'><strong>litterarum</strong></span> <span class='ocrx_word' id='word_1_647' title='bbox 3159 3070 3384 3125; x_wconf 84' lang='lat' dir='ltr'><strong>haberet</strong></span> <span class='ocrx_word' id='word_1_648' title='bbox 3428 3070 3726 3126; x_wconf 84' lang='lat' dir='ltr'><strong>scientiam</strong></span> <span class='ocrx_word' id='word_1_649' title='bbox 3776 3070 3841 3125; x_wconf 80' lang='lat' dir='ltr'><strong>si-</strong></span> 
     </span>
    </p>
   </div>
   <div class='ocr_carea' id='block_1_91' title="bbox 2245 3160 3161 3233">
    <p class='ocr_par' dir='ltr' id='par_1_91' title="bbox 2245 3160 3161 3233">
     <span class='ocr_line' id='line_1_91' title="bbox 2245 3160 3161 3233; baseline -0.002 -16"><span class='ocrx_word' id='word_1_650' title='bbox 2245 3162 2468 3233; x_wconf 85' lang='lat' dir='ltr'><strong>tnulque</strong></span> <span class='ocrx_word' id='word_1_651' title='bbox 2493 3169 2707 3217; x_wconf 67' lang='lat' dir='ltr'><strong>aetatem</strong></span> <span class='ocrx_word' id='word_1_652' title='bbox 2733 3160 3028 3232; x_wconf 85' lang='lat' dir='ltr'><strong>perfectam</strong></span> <span class='ocrx_word' id='word_1_653' title='bbox 3063 3161 3161 3233; x_wconf 63' lang='grc' dir='ltr'><strong>(λ).</strong></span> 
     </span>
    </p>
   </div>
   <div class='ocr_carea' id='block_1_92' title="bbox 2242 3430 3839 3503">
    <p class='ocr_par' dir='ltr' id='par_1_92' title="bbox 2242 3430 3839 3503">
     <span class='ocr_line' id='line_1_92' title="bbox 2242 3430 3839 3503; baseline -0.001 -15"><span class='ocrx_word' id='word_1_654' title='bbox 2242 3440 2327 3488; x_wconf 88' lang='lat' dir='ltr'><strong>cst</strong></span> <span class='ocrx_word' id='word_1_655' title='bbox 2357 3452 2376 3484; x_wconf 70' lang='grc' dir='ltr'><em>ς</em></span> <span class='ocrx_word' id='word_1_656' title='bbox 2414 3432 2649 3496; x_wconf 88' lang='lat' dir='ltr'><strong>elevare,</strong></span> <span class='ocrx_word' id='word_1_657' title='bbox 2691 3452 2708 3483; x_wconf 74' lang='grc' dir='ltr'><strong>ι</strong></span> <span class='ocrx_word' id='word_1_658' title='bbox 2741 3430 2899 3503; x_wconf 75' lang='grc' dir='ltr'><strong>ἐμιοά</strong></span> <span class='ocrx_word' id='word_1_659' title='bbox 2946 3431 3083 3503; x_wconf 84' lang='lat' dir='ltr'><strong>satis</strong></span> <span class='ocrx_word' id='word_1_660' title='bbox 3105 3445 3226 3486; x_wconf 77' lang='lat' dir='ltr'><strong>esse</strong></span> <span class='ocrx_word' id='word_1_661' title='bbox 3269 3430 3338 3485; x_wconf 89' lang='lat' dir='ltr'><strong>ad</strong></span> <span class='ocrx_word' id='word_1_662' title='bbox 3382 3445 3584 3486; x_wconf 88' lang='lat' dir='ltr'><strong>verum</strong></span> <span class='ocrx_word' id='word_1_663' title='bbox 3610 3431 3839 3487; x_wconf 81' lang='lat' dir='ltr'><strong>nominis</strong></span> 
     </span>
    </p>
   </div>
   <div class='ocr_carea' id='block_1_93' title="bbox 2241 3502 3160 3575">
    <p class='ocr_par' dir='ltr' id='par_1_93' title="bbox 2241 3502 3160 3575">
     <span class='ocr_line' id='line_1_93' title="bbox 2241 3502 3160 3575; baseline -0.003 -17"><span class='ocrx_word' id='word_1_664' title='bbox 2241 3512 2460 3575; x_wconf 74' lang='lat' dir='ltr'><strong>etymon</strong></span> <span class='ocrx_word' id='word_1_665' title='bbox 2488 3519 2630 3575; x_wconf 48' lang='lat' dir='ltr'><strong>reor:</strong></span> <span class='ocrx_word' id='word_1_666' title='bbox 2646 3502 2919 3575; x_wconf 68' lang='lat' dir='ltr'><strong>pbligatis</strong></span> <span class='ocrx_word' id='word_1_667' title='bbox 2941 3502 3160 3575; x_wconf 64' lang='lat' dir='ltr'><strong>fabulis.</strong></span> 
     </span>
    </p>
   </div>
   <div class='ocr_carea' id='block_1_94' title="bbox 2339 3570 3833 3645">
    <p class='ocr_par' dir='ltr' id='par_1_94' title="bbox 2339 3570 3833 3645">
     <span class='ocr_line' id='line_1_94' title="bbox 2339 3570 3833 3645; baseline -0.001 -16"><span class='ocrx_word' id='word_1_668' title='bbox 2339 3575 2393 3645; x_wconf 77' lang='grc' dir='ltr'><strong>ὅ)</strong></span> <span class='ocrx_word' id='word_1_669' title='bbox 2424 3572 2726 3629; x_wconf 83' lang='lat' dir='ltr'><strong>Laudullus</strong></span> <span class='ocrx_word' id='word_1_670' title='bbox 2759 3570 2953 3629; x_wconf 73' lang='lat' dir='ltr'><strong>Iunior</strong></span> <span class='ocrx_word' id='word_1_671' title='bbox 2985 3591 3026 3645; x_wconf 91' lang='lat'><strong>:_</strong></span> <span class='ocrx_word' id='word_1_672' title='bbox 3059 3592 3076 3623; x_wconf 81' lang='grc' dir='ltr'>ι</span> <span class='ocrx_word' id='word_1_673' title='bbox 3110 3570 3256 3645; x_wconf 61' lang='lat' dir='ltr'><strong>Vidit</strong></span> <span class='ocrx_word' id='word_1_674' title='bbox 3279 3587 3516 3645; x_wconf 80' lang='lat' dir='ltr'><strong>sorores</strong></span> <span class='ocrx_word' id='word_1_675' title='bbox 3536 3572 3607 3645; x_wconf 89' lang='lat' dir='ltr'><strong>in</strong></span> <span class='ocrx_word' id='word_1_676' title='bbox 3641 3574 3833 3629; x_wconf 83' lang='lat' dir='ltr'><strong>lascivo</strong></span> 
     </span>
    </p>
   </div>
   <div class='ocr_carea' id='block_1_95' title="bbox 2244 3642 3832 3714">
    <p class='ocr_par' dir='ltr' id='par_1_95' title="bbox 2244 3642 3832 3714">
     <span class='ocr_line' id='line_1_95' title="bbox 2244 3642 3832 3714; baseline -0.003 -14"><span class='ocrx_word' id='word_1_677' title='bbox 2244 3642 2434 3701; x_wconf 83' lang='lat' dir='ltr'><strong>habitu</strong></span> <span class='ocrx_word' id='word_1_678' title='bbox 2461 3661 2586 3699; x_wconf 91' lang='lat' dir='ltr'><strong>cum</strong></span> <span class='ocrx_word' id='word_1_679' title='bbox 2646 3653 2820 3699; x_wconf 87' lang='lat' dir='ltr'><strong>matre</strong></span> <span class='ocrx_word' id='word_1_680' title='bbox 2866 3662 2877 3697; x_wconf 88' lang='lat'><strong>:</strong></span> <span class='ocrx_word' id='word_1_681' title='bbox 2936 3664 2953 3694; x_wconf 74' lang='grc' dir='ltr'><strong><em>ι</em></strong></span> <span class='ocrx_word' id='word_1_682' title='bbox 2993 3642 3147 3710; x_wconf 82' lang='lat' dir='ltr'><strong>Quod</strong></span> <span class='ocrx_word' id='word_1_683' title='bbox 3199 3643 3366 3712; x_wconf 90' lang='lat' dir='ltr'><strong>hujus</strong></span> <span class='ocrx_word' id='word_1_684' title='bbox 3422 3644 3691 3714; x_wconf 86' lang='lat' dir='ltr'><strong>probitati</strong></span> <span class='ocrx_word' id='word_1_685' title='bbox 3734 3659 3832 3698; x_wconf 82' lang='lat' dir='ltr'><strong>non</strong></span> 
     </span>
    </p>
   </div>
   <div class='ocr_carea' id='block_1_96' title="bbox 2245 3714 3831 3786">
    <p class='ocr_par' dir='ltr' id='par_1_96' title="bbox 2245 3714 3831 3786">
     <span class='ocr_line' id='line_1_96' title="bbox 2245 3714 3831 3786; baseline -0.001 -16"><span class='ocrx_word' id='word_1_686' title='bbox 2245 3715 2381 3771; x_wconf 91' lang='lat' dir='ltr'><strong>satis</strong></span> <span class='ocrx_word' id='word_1_687' title='bbox 2427 3714 2947 3786; x_wconf 10' lang='lat' dir='ltr'><strong>convenit;gpotuit</strong></span> <span class='ocrx_word' id='word_1_688' title='bbox 2998 3724 3180 3786; x_wconf 80' lang='lat' dir='ltr'><strong>tamen</strong></span> <span class='ocrx_word' id='word_1_689' title='bbox 3225 3714 3425 3784; x_wconf 88' lang='lat' dir='ltr'><strong>puellis</strong></span> <span class='ocrx_word' id='word_1_690' title='bbox 3474 3715 3619 3786; x_wconf 83' lang='lat' dir='ltr'><strong>suis,</strong></span> <span class='ocrx_word' id='word_1_691' title='bbox 3652 3725 3745 3781; x_wconf 86' lang='lat' dir='ltr'><strong>et,</strong></span> <span class='ocrx_word' id='word_1_692' title='bbox 3789 3715 3831 3769; x_wconf 85' lang='lat' dir='ltr'><strong>si</strong></span> 
     </span>
    </p>
   </div>
   <div class='ocr_carea' id='block_1_97' title="bbox 2243 3784 3831 3857">
    <p class='ocr_par' dir='ltr' id='par_1_97' title="bbox 2243 3784 3831 3857">
     <span class='ocr_line' id='line_1_97' title="bbox 2243 3784 3831 3857; baseline -0.001 -16"><span class='ocrx_word' id='word_1_693' title='bbox 2243 3802 2383 3856; x_wconf 88' lang='lat' dir='ltr'><strong>quas</strong></span> <span class='ocrx_word' id='word_1_694' title='bbox 2436 3784 2937 3857; x_wconf 13' lang='lat' dir='ltr'><strong>habebat,gﬁliabus</strong></span> <span class='ocrx_word' id='word_1_695' title='bbox 2979 3785 3100 3855; x_wconf 91' lang='lat' dir='ltr'><strong>plus</strong></span> <span class='ocrx_word' id='word_1_696' title='bbox 3142 3793 3373 3840; x_wconf 89' lang='lat' dir='ltr'><strong>ornatus</strong></span> <span class='ocrx_word' id='word_1_697' title='bbox 3404 3785 3697 3857; x_wconf 81' lang='lat' dir='ltr'><strong>indulgere</strong></span> <span class='ocrx_word' id='word_1_698' title='bbox 3726 3800 3831 3839; x_wconf 81' lang='lat' dir='ltr'><strong>ma-</strong></span> 
     </span>
    </p>
   </div>
   <div class='ocr_carea' id='block_1_98' title="bbox 2243 3855 3269 3927">
    <p class='ocr_par' dir='ltr' id='par_1_98' title="bbox 2243 3855 3269 3927">
     <span class='ocr_line' id='line_1_98' title="bbox 2243 3855 3269 3927; baseline -0.003 -15"><span class='ocrx_word' id='word_1_699' title='bbox 2243 3855 2347 3921; x_wconf 78' lang='lat' dir='ltr'><strong>ter,</strong></span> <span class='ocrx_word' id='word_1_700' title='bbox 2380 3857 2475 3927; x_wconf 87' lang='lat' dir='ltr'><strong>qui</strong></span> <span class='ocrx_word' id='word_1_701' title='bbox 2498 3864 2679 3911; x_wconf 89' lang='lat' dir='ltr'><strong>tamen</strong></span> <span class='ocrx_word' id='word_1_702' title='bbox 2703 3855 2942 3911; x_wconf 87' lang='lat' dir='ltr'><strong>lascivus</strong></span> <span class='ocrx_word' id='word_1_703' title='bbox 2964 3870 3071 3927; x_wconf 87' lang='lat' dir='ltr'><strong>non</strong></span> <span class='ocrx_word' id='word_1_704' title='bbox 3102 3863 3269 3927; x_wconf 85' lang='lat' dir='ltr'><strong>esset.</strong></span> 
     </span>
    </p>
   </div>
   <div class='ocr_carea' id='block_1_99' title="bbox 2315 3925 3830 3998">
    <p class='ocr_par' dir='ltr' id='par_1_99' title="bbox 2315 3925 3830 3998">
     <span class='ocr_line' id='line_1_99' title="bbox 2315 3925 3830 3998; baseline -0.003 -16"><span class='ocrx_word' id='word_1_705' title='bbox 2315 3925 2681 3998; x_wconf 26' lang='lat' dir='ltr'><strong>(4)?Alciatus,</strong></span> <span class='ocrx_word' id='word_1_706' title='bbox 2707 3946 2724 3979; x_wconf 74' lang='grc' dir='ltr'>α</span> <span class='ocrx_word' id='word_1_707' title='bbox 2747 3926 2968 3998; x_wconf 35' lang='lat' dir='ltr'><strong>Prius“</strong></span> <span class='ocrx_word' id='word_1_708' title='bbox 2986 3926 3185 3998; x_wconf 88' lang='lat' dir='ltr'><strong>inquit,</strong></span> <span class='ocrx_word' id='word_1_709' title='bbox 3204 3925 3380 3981; x_wconf 68' lang='lat' dir='ltr'><strong>«dedit</strong></span> <span class='ocrx_word' id='word_1_710' title='bbox 3411 3942 3640 3998; x_wconf 87' lang='lat' dir='ltr'><strong>operam</strong></span> <span class='ocrx_word' id='word_1_711' title='bbox 3662 3926 3830 3981; x_wconf 81' lang='lat' dir='ltr'><strong>omni-</strong></span> 
     </span>
    </p>
   </div>
   <div class='ocr_carea' id='block_1_100' title="bbox 2243 3996 3827 4068">
    <p class='ocr_par' dir='ltr' id='par_1_100' title="bbox 2243 3996 3827 4068">
     <span class='ocr_line' id='line_1_100' title="bbox 2243 3996 3827 4068; baseline -0.002 -16"><span class='ocrx_word' id='word_1_712' title='bbox 2243 3997 2347 4053; x_wconf 92' lang='lat' dir='ltr'><strong>bus</strong></span> <span class='ocrx_word' id='word_1_713' title='bbox 2376 3996 2696 4068; x_wconf 87' lang='lat' dir='ltr'><strong>liberalibus</strong></span> <span class='ocrx_word' id='word_1_714' title='bbox 2719 3997 2936 4068; x_wconf 81' lang='lat' dir='ltr'><strong>studiis,</strong></span> <span class='ocrx_word' id='word_1_715' title='bbox 2959 3997 3014 4052; x_wconf 88' lang='lat' dir='ltr'><strong>in</strong></span> <span class='ocrx_word' id='word_1_716' title='bbox 3038 3996 3262 4068; x_wconf 82' lang='lat' dir='ltr'><strong>quibus,</strong></span> <span class='ocrx_word' id='word_1_717' title='bbox 3290 4006 3349 4052; x_wconf 92' lang='lat' dir='ltr'><strong>ut</strong></span> <span class='ocrx_word' id='word_1_718' title='bbox 3368 3996 3620 4068; x_wconf 84' lang='lat' dir='ltr'><strong>tempora</strong></span> <span class='ocrx_word' id='word_1_719' title='bbox 3660 4007 3827 4063; x_wconf 79' lang='lat' dir='ltr'><strong>erant,</strong></span> 
     </span>
    </p>
   </div>
   <div class='ocr_carea' id='block_1_101' title="bbox 2244 4066 3829 4140">
    <p class='ocr_par' dir='ltr' id='par_1_101' title="bbox 2244 4066 3829 4140">
     <span class='ocr_line' id='line_1_101' title="bbox 2244 4066 3829 4140; baseline -0.001 -18"><span class='ocrx_word' id='word_1_720' title='bbox 2244 4069 2476 4140; x_wconf 80' lang='lat' dir='ltr'><strong>multum</strong></span> <span class='ocrx_word' id='word_1_721' title='bbox 2500 4066 2748 4140; x_wconf 78' lang='lat' dir='ltr'><strong>profecit.</strong></span> <span class='ocrx_word' id='word_1_722' title='bbox 2783 4066 3072 4140; x_wconf 72' lang='lat' dir='ltr'><strong>Perierant</strong></span> <span class='ocrx_word' id='word_1_723' title='bbox 3090 4068 3235 4123; x_wconf 90' lang='lat' dir='ltr'><strong>enim</strong></span> <span class='ocrx_word' id='word_1_724' title='bbox 3257 4083 3339 4140; x_wconf 14' lang='lat' dir='ltr'><strong>Aea</strong></span> <span class='ocrx_word' id='word_1_725' title='bbox 3372 4066 3829 4140; x_wconf 30' lang='lat' dir='ltr'><strong>tempestateuct</strong></span> 
     </span>
    </p>
   </div>
   <div class='ocr_carea' id='block_1_102' title="bbox 2244 4137 3825 4205">
    <p class='ocr_par' dir='ltr' id='par_1_102' title="bbox 2244 4137 3825 4205">
     <span class='ocr_line' id='line_1_102' title="bbox 2244 4137 3825 4205; baseline -0.001 -13"><span class='ocrx_word' id='word_1_726' title='bbox 2244 4139 2484 4195; x_wconf 85' lang='lat' dir='ltr'><strong>assiduis</strong></span> <span class='ocrx_word' id='word_1_727' title='bbox 2505 4137 2777 4195; x_wconf 81' lang='lat' dir='ltr'><strong>bellorum</strong></span> <span class='ocrx_word' id='word_1_728' title='bbox 2803 4139 3148 4205; x_wconf 89' lang='lat' dir='ltr'><strong>tumultibus,</strong></span> <span class='ocrx_word' id='word_1_729' title='bbox 3172 4147 3224 4193; x_wconf 92' lang='lat' dir='ltr'><strong>et</strong></span> <span class='ocrx_word' id='word_1_730' title='bbox 3252 4138 3335 4193; x_wconf 88' lang='lat' dir='ltr'><strong>ira</strong></span> <span class='ocrx_word' id='word_1_731' title='bbox 3371 4137 3517 4203; x_wconf 57' lang='lat' dir='ltr'><strong>Dci,&#39;</strong></span> <span class='ocrx_word' id='word_1_732' title='bbox 3548 4141 3707 4194; x_wconf 61' lang='lat' dir='ltr'><strong>bona:</strong></span> <span class='ocrx_word' id='word_1_733' title='bbox 3745 4138 3825 4192; x_wconf 82' lang='lat' dir='ltr'><strong>lit-</strong></span> 
     </span>
    </p>
   </div>
   <div class='ocr_carea' id='block_1_103' title="bbox 2243 4207 3825 4282">
    <p class='ocr_par' dir='ltr' id='par_1_103' title="bbox 2243 4207 3825 4282">
     <span class='ocr_line' id='line_1_103' title="bbox 2243 4207 3825 4282; baseline -0.001 -17"><span class='ocrx_word' id='word_1_734' title='bbox 2243 4219 2406 4282; x_wconf 70' lang='lat' dir='ltr'><strong>term,</strong></span> <span class='ocrx_word' id='word_1_735' title='bbox 2444 4210 2703 4280; x_wconf 89' lang='lat' dir='ltr'><strong>nullaque</strong></span> <span class='ocrx_word' id='word_1_736' title='bbox 2731 4211 3012 4282; x_wconf 74' lang='lat' dir='ltr'><strong>gymnasia</strong></span> <span class='ocrx_word' id='word_1_737' title='bbox 3033 4225 3132 4282; x_wconf 79' lang='lat' dir='ltr'><strong>per</strong></span> <span class='ocrx_word' id='word_1_738' title='bbox 3156 4224 3372 4282; x_wconf 72' lang='lat' dir='ltr'><strong>omnem</strong></span> <span class='ocrx_word' id='word_1_739' title='bbox 3413 4207 3627 4282; x_wconf 79' lang='lat' dir='ltr'><strong>Italiam</strong></span> <span class='ocrx_word' id='word_1_740' title='bbox 3672 4210 3825 4263; x_wconf 82' lang='lat' dir='ltr'><strong>babe-</strong></span> 
     </span>
    </p>
   </div>
   <div class='ocr_carea' id='block_1_104' title="bbox 2242 4225 3824 4351">
    <p class='ocr_par' dir='ltr' id='par_1_104' title="bbox 2242 4225 3824 4351">
     <span class='ocr_line' id='line_1_104' title="bbox 2243 4225 3824 4334; baseline -0.001 -70"><span class='ocrx_word' id='word_1_741' title='bbox 2243 4225 2406 4276; x_wconf 69' lang='lat' dir='ltr'><strong>teraz,</strong></span> <span class='ocrx_word' id='word_1_742' title='bbox 2444 4225 2703 4280; x_wconf 76' lang='lat' dir='ltr'><strong>nullaque</strong></span> <span class='ocrx_word' id='word_1_743' title='bbox 2731 4225 3012 4282; x_wconf 79' lang='lat' dir='ltr'><strong>gymnasia</strong></span> <span class='ocrx_word' id='word_1_744' title='bbox 3030 4225 3132 4334; x_wconf 58' lang='lat' dir='ltr'><strong>Per</strong></span> <span class='ocrx_word' id='word_1_745' title='bbox 3156 4225 3372 4264; x_wconf 88' lang='lat' dir='ltr'><strong>omnem</strong></span> <span class='ocrx_word' id='word_1_746' title='bbox 3414 4225 3627 4265; x_wconf 85' lang='lat' dir='ltr'><strong>uanam</strong></span> <span class='ocrx_word' id='word_1_747' title='bbox 3672 4225 3824 4263; x_wconf 82' lang='lat' dir='ltr'><strong>nane-</strong></span> 
     </span>
     <span class='ocr_line' id='line_1_105' title="bbox 2242 4278 3824 4351; baseline -0.001 -16"><span class='ocrx_word' id='word_1_748' title='bbox 2242 4280 2477 4347; x_wconf 87' lang='lat' dir='ltr'><strong>bantur;</strong></span> <span class='ocrx_word' id='word_1_749' title='bbox 2511 4291 2844 4351; x_wconf 89' lang='lat' dir='ltr'><strong>quapropter</strong></span> <span class='ocrx_word' id='word_1_750' title='bbox 2871 4281 2925 4335; x_wconf 94' lang='lat' dir='ltr'><strong>in</strong></span> <span class='ocrx_word' id='word_1_751' title='bbox 2947 4279 3023 4351; x_wconf 75' lang='lat' dir='ltr'><strong>Ca</strong></span> <span class='ocrx_word' id='word_1_752' title='bbox 3050 4280 3176 4335; x_wconf 91' lang='lat' dir='ltr'><strong>liam</strong></span> <span class='ocrx_word' id='word_1_753' title='bbox 3223 4279 3291 4334; x_wconf 87' lang='lat' dir='ltr'><strong>ad</strong></span> <span class='ocrx_word' id='word_1_754' title='bbox 3314 4278 3666 4351; x_wconf 85' lang='lat' dir='ltr'><strong>Parisiorum</strong></span> <span class='ocrx_word' id='word_1_755' title='bbox 3712 4294 3824 4334; x_wconf 83' lang='lat' dir='ltr'><strong>aca-</strong></span> 
     </span>
    </p>
   </div>
   <div class='ocr_carea' id='block_1_105' title="bbox 2212 4350 3820 4421">
    <p class='ocr_par' dir='ltr' id='par_1_105' title="bbox 2212 4350 3820 4421">
     <span class='ocr_line' id='line_1_106' title="bbox 2212 4350 3820 4421; baseline 0 -17"><span class='ocrx_word' id='word_1_756' title='bbox 2212 4351 2481 4405; x_wconf 89' lang='lat' dir='ltr'><strong>&#39;demiam</strong></span> <span class='ocrx_word' id='word_1_757' title='bbox 2511 4367 2572 4406; x_wconf 90' lang='lat' dir='ltr'><strong>se</strong></span> <span class='ocrx_word' id='word_1_758' title='bbox 2625 4350 2886 4416; x_wconf 75' lang='lat' dir='ltr'><strong>contulit;</strong></span> <span class='ocrx_word' id='word_1_759' title='bbox 2944 4350 2998 4404; x_wconf 91' lang='lat' dir='ltr'><strong>in</strong></span> <span class='ocrx_word' id='word_1_760' title='bbox 3047 4366 3222 4421; x_wconf 86' lang='lat' dir='ltr'><strong>eaque</strong></span> <span class='ocrx_word' id='word_1_761' title='bbox 3270 4350 3480 4421; x_wconf 83' lang='lat' dir='ltr'><strong>diutius</strong></span> <span class='ocrx_word' id='word_1_762' title='bbox 3542 4358 3820 4421; x_wconf 73' lang='lat' dir='ltr'><strong>versatus,</strong></span> 
     </span>
    </p>
   </div>
   <div class='ocr_carea' id='block_1_106' title="bbox 2244 4419 3824 4490">
    <p class='ocr_par' dir='ltr' id='par_1_106' title="bbox 2244 4419 3824 4490">
     <span class='ocr_line' id='line_1_107' title="bbox 2244 4419 3824 4490; baseline -0.001 -15"><span class='ocrx_word' id='word_1_763' title='bbox 2244 4435 2502 4490; x_wconf 77' lang='lat' dir='ltr'><strong>magnum</strong></span> <span class='ocrx_word' id='word_1_764' title='bbox 2529 4437 2727 4477; x_wconf 91' lang='lat' dir='ltr'><strong>nomen</strong></span> <span class='ocrx_word' id='word_1_765' title='bbox 2760 4429 3087 4477; x_wconf 85' lang='lat' dir='ltr'><strong>consecutus</strong></span> <span class='ocrx_word' id='word_1_766' title='bbox 3122 4419 3224 4477; x_wconf 81' lang='lat' dir='ltr'><strong>est.</strong></span> <span class='ocrx_word' id='word_1_767' title='bbox 3263 4441 3281 4472; x_wconf 70' lang='grc' dir='ltr'><strong>ι</strong></span> <span class='ocrx_word' id='word_1_768' title='bbox 3337 4420 3432 4476; x_wconf 85' lang='lat' dir='ltr'><strong>Sic</strong></span> <span class='ocrx_word' id='word_1_769' title='bbox 3469 4421 3639 4476; x_wconf 85' lang='lat' dir='ltr'><strong>etiam</strong></span> <span class='ocrx_word' id='word_1_770' title='bbox 3695 4419 3824 4473; x_wconf 54' lang='lat' dir='ltr'><strong>Lac.</strong></span> 
     </span>
    </p>
   </div>
   <div class='ocr_carea' id='block_1_107' title="bbox 2248 4490 3824 4562">
    <p class='ocr_par' dir='ltr' id='par_1_107' title="bbox 2248 4490 3824 4562">
     <span class='ocr_line' id='line_1_108' title="bbox 2248 4490 3824 4562; baseline -0.001 -17"><span class='ocrx_word' id='word_1_771' title='bbox 2248 4490 2436 4562; x_wconf 79' lang='lat' dir='ltr'><strong>dulfus</strong></span> <span class='ocrx_word' id='word_1_772' title='bbox 2469 4490 2684 4557; x_wconf 84' lang='lat' dir='ltr'><strong>Junior,</strong></span> <span class='ocrx_word' id='word_1_773' title='bbox 2718 4493 2772 4546; x_wconf 88' lang='lat' dir='ltr'><strong>in</strong></span> <span class='ocrx_word' id='word_1_774' title='bbox 2822 4492 3060 4562; x_wconf 75' lang='lat' dir='ltr'><strong>Monum.</strong></span> <span class='ocrx_word' id='word_1_775' title='bbox 3108 4491 3366 4562; x_wconf 61' lang='lat' dir='ltr'><strong>Ambros.</strong></span> <span class='ocrx_word' id='word_1_776' title='bbox 3392 4506 3520 4562; x_wconf 78' lang='lat' dir='ltr'><strong>pag.</strong></span> <span class='ocrx_word' id='word_1_777' title='bbox 3550 4490 3677 4555; x_wconf 77' lang='lat'><strong>550,</strong></span> <span class='ocrx_word' id='word_1_778' title='bbox 3706 4490 3824 4562; x_wconf 80' lang='lat' dir='ltr'><strong>dicit</strong></span> 
     </span>
    </p>
   </div>
   <div class='ocr_carea' id='block_1_108' title="bbox 2249 4560 3826 4627">
    <p class='ocr_par' dir='ltr' id='par_1_108' title="bbox 2249 4560 3826 4627">
     <span class='ocr_line' id='line_1_109' title="bbox 2249 4560 3826 4627; baseline -0.001 -11"><span class='ocrx_word' id='word_1_779' title='bbox 2249 4560 2492 4618; x_wconf 80' lang='lat' dir='ltr'><strong>Olricum</strong></span> <span class='ocrx_word' id='word_1_780' title='bbox 2526 4563 2647 4617; x_wconf 89' lang='lat' dir='ltr'><strong>vice</strong></span> <span class='ocrx_word' id='word_1_781' title='bbox 2676 4563 2960 4618; x_wconf 91' lang='lat' dir='ltr'><strong>dominum</strong></span> <span class='ocrx_word' id='word_1_782' title='bbox 3004 4560 3490 4627; x_wconf 79' lang='lat' dir='ltr'><strong>Mediolanensem,</strong></span> <span class='ocrx_word' id='word_1_783' title='bbox 3537 4570 3594 4616; x_wconf 84' lang='lat' dir='ltr'><strong>et.</strong></span> <span class='ocrx_word' id='word_1_784' title='bbox 3643 4560 3826 4615; x_wconf 51' lang='lat' dir='ltr'><strong>Ausci.</strong></span> 
     </span>
    </p>
   </div>
   <div class='ocr_carea' id='block_1_109' title="bbox 2250 4630 3826 4698">
    <p class='ocr_par' dir='ltr' id='par_1_109' title="bbox 2250 4630 3826 4698">
     <span class='ocr_line' id='line_1_110' title="bbox 2250 4630 3826 4698; baseline -0.002 -11"><span class='ocrx_word' id='word_1_785' title='bbox 2250 4648 2400 4688; x_wconf 86' lang='lat' dir='ltr'><strong>mum</strong></span> <span class='ocrx_word' id='word_1_786' title='bbox 2439 4633 2507 4687; x_wconf 90' lang='lat' dir='ltr'><strong>de</strong></span> <span class='ocrx_word' id='word_1_787' title='bbox 2528 4632 2779 4688; x_wconf 89' lang='lat' dir='ltr'><strong>Pusterla</strong></span> <span class='ocrx_word' id='word_1_788' title='bbox 2807 4652 2825 4684; x_wconf 74' lang='grc' dir='ltr'>ι</span> <span class='ocrx_word' id='word_1_789' title='bbox 2867 4632 3187 4688; x_wconf 86' lang='lat' dir='ltr'><strong>Leodunum</strong></span> <span class='ocrx_word' id='word_1_790' title='bbox 3219 4648 3255 4698; x_wconf 91' lang='lat' dir='ltr'><strong>I,</strong></span> <span class='ocrx_word' id='word_1_791' title='bbox 3289 4652 3307 4684; x_wconf 76' lang='grc' dir='ltr'><strong>ι</strong></span> <span class='ocrx_word' id='word_1_792' title='bbox 3348 4631 3681 4687; x_wconf 86' lang='lat' dir='ltr'><strong>Laudunum</strong></span> <span class='ocrx_word' id='word_1_793' title='bbox 3710 4630 3826 4686; x_wconf 80' lang='lat' dir='ltr'><strong>Gal-</strong></span> 
     </span>
    </p>
   </div>
   <div class='ocr_carea' id='block_1_110' title="bbox 2248 4701 3824 4774">
    <p class='ocr_par' dir='ltr' id='par_1_110' title="bbox 2248 4701 3824 4774">
     <span class='ocr_line' id='line_1_111' title="bbox 2248 4701 3824 4774; baseline -0.002 -16"><span class='ocrx_word' id='word_1_794' title='bbox 2248 4704 2336 4759; x_wconf 62' lang='lat' dir='ltr'><strong>liae</strong></span> <span class='ocrx_word' id='word_1_795' title='bbox 2361 4704 2572 4770; x_wconf 88' lang='lat' dir='ltr'><strong>iniisse,</strong></span> <span class='ocrx_word' id='word_1_796' title='bbox 2604 4722 2623 4755; x_wconf 71' lang='grc' dir='ltr'>ε</span> <span class='ocrx_word' id='word_1_797' title='bbox 2656 4703 2725 4759; x_wconf 90' lang='lat' dir='ltr'><strong>ad</strong></span> <span class='ocrx_word' id='word_1_798' title='bbox 2755 4703 3088 4774; x_wconf 62' lang='lat' dir='ltr'><strong>praecipuum</strong></span> <span class='ocrx_word' id='word_1_799' title='bbox 3142 4703 3465 4774; x_wconf 83' lang='lat' dir='ltr'><strong>magistrum</strong></span> <span class='ocrx_word' id='word_1_800' title='bbox 3520 4701 3824 4774; x_wconf 77' lang='lat' dir='ltr'><strong>Anselmum</strong></span> 
     </span>
    </p>
   </div>
   <div class='ocr_carea' id='block_1_111' title="bbox 2248 4771 3825 4845">
    <p class='ocr_par' dir='ltr' id='par_1_111' title="bbox 2248 4771 3825 4845">
     <span class='ocr_line' id='line_1_112' title="bbox 2248 4771 3825 4845; baseline -0.003 -15"><span class='ocrx_word' id='word_1_801' title='bbox 2248 4775 2316 4830; x_wconf 88' lang='lat' dir='ltr'><strong>de</strong></span> <span class='ocrx_word' id='word_1_802' title='bbox 2337 4774 2539 4841; x_wconf 77' lang='lat' dir='ltr'><strong>Monte,</strong></span> <span class='ocrx_word' id='word_1_803' title='bbox 2573 4793 2592 4826; x_wconf 74' lang='grc' dir='ltr'><strong><em>ι</em></strong></span> <span class='ocrx_word' id='word_1_804' title='bbox 2620 4771 3186 4844; x_wconf 81' lang='lat' dir='ltr'><strong>audiendttm,quibus</strong></span> <span class='ocrx_word' id='word_1_805' title='bbox 3206 4771 3420 4845; x_wconf 72' lang='lat' dir='ltr'><strong>gratum</strong></span> <span class='ocrx_word' id='word_1_806' title='bbox 3442 4771 3609 4845; x_wconf 76' lang='lat' dir='ltr'><strong>fuerit</strong></span> <span class='ocrx_word' id='word_1_807' title='bbox 3632 4773 3825 4845; x_wconf 79' lang='lat' dir='ltr'><strong>ipsum-</strong></span> 
     </span>
    </p>
   </div>
   <div class='ocr_carea' id='block_1_112' title="bbox 2248 4842 3824 4909">
    <p class='ocr_par' dir='ltr' id='par_1_112' title="bbox 2248 4842 3824 4909">
     <span class='ocr_line' id='line_1_113' title="bbox 2248 4842 3824 4909; baseline -0.003 -9"><span class='ocrx_word' id='word_1_808' title='bbox 2248 4854 2362 4901; x_wconf 90' lang='lat' dir='ltr'><strong>met</strong></span> <span class='ocrx_word' id='word_1_809' title='bbox 2390 4845 2720 4900; x_wconf 80' lang='lat' dir='ltr'><strong>Landulfum</strong></span> <span class='ocrx_word' id='word_1_810' title='bbox 2743 4860 2931 4900; x_wconf 87' lang='lat' dir='ltr'><strong>secum</strong></span> <span class='ocrx_word' id='word_1_811' title='bbox 2960 4842 3181 4901; x_wconf 83' lang='lat' dir='ltr'><strong>ducere.</strong></span> <span class='ocrx_word' id='word_1_812' title='bbox 3213 4842 3266 4895; x_wconf 65' lang='grc' dir='ltr'><strong><em>ἰ</em></strong></span> <span class='ocrx_word' id='word_1_813' title='bbox 3320 4843 3383 4898; x_wconf 85' lang='lat' dir='ltr'><strong>Et</strong></span> <span class='ocrx_word' id='word_1_814' title='bbox 3418 4844 3666 4909; x_wconf 88' lang='lat' dir='ltr'><strong>tradunt,</strong></span> <span class='ocrx_word' id='word_1_815' title='bbox 3704 4862 3723 4894; x_wconf 71' lang='grc' dir='ltr'>ι</span> <span class='ocrx_word' id='word_1_816' title='bbox 3753 4842 3824 4896; x_wconf 86' lang='lat' dir='ltr'><strong>in-</strong></span> 
     </span>
    </p>
   </div>
   <div class='ocr_carea' id='block_1_113' title="bbox 2248 4913 3821 4986">
    <p class='ocr_par' dir='ltr' id='par_1_113' title="bbox 2248 4913 3821 4986">
     <span class='ocr_line' id='line_1_114' title="bbox 2248 4913 3821 4986; baseline -0.003 -15"><span class='ocrx_word' id='word_1_817' title='bbox 2248 4916 2370 4986; x_wconf 88' lang='lat' dir='ltr'><strong>quit</strong></span> <span class='ocrx_word' id='word_1_818' title='bbox 2401 4916 2646 4973; x_wconf 83' lang='lat' dir='ltr'><strong>Alciatus</strong></span> <span class='ocrx_word' id='word_1_819' title='bbox 2669 4916 2735 4970; x_wconf 88' lang='lat' dir='ltr'><strong>de</strong></span> <span class='ocrx_word' id='word_1_820' title='bbox 2766 4914 2823 4970; x_wconf 86' lang='lat' dir='ltr'><strong>S.</strong></span> <span class='ocrx_word' id='word_1_821' title='bbox 2854 4914 3098 4986; x_wconf 79' lang='lat' dir='ltr'><strong>Arialdo,</strong></span> <span class='ocrx_word' id='word_1_822' title='bbox 3136 4933 3156 4968; x_wconf 82' lang='grc'><em>‹</em></span> <span class='ocrx_word' id='word_1_823' title='bbox 3192 4915 3246 4969; x_wconf 89' lang='lat' dir='ltr'><strong>in</strong></span> <span class='ocrx_word' id='word_1_824' title='bbox 3283 4913 3603 4969; x_wconf 87' lang='lat' dir='ltr'><strong>divinarum</strong></span> <span class='ocrx_word' id='word_1_825' title='bbox 3653 4928 3821 4969; x_wconf 81' lang='lat' dir='ltr'><strong>rerum</strong></span> 
     </span>
    </p>
   </div>
   <div class='ocr_carea' id='block_1_114' title="bbox 2284 4985 3825 5107">
    <p class='ocr_par' dir='ltr' id='par_1_114' title="bbox 2284 4985 3825 5107">
     <span class='ocr_line' id='line_1_115' title="bbox 2284 4985 3825 5107; baseline -0.001 -66"><span class='ocrx_word' id='word_1_826' title='bbox 2284 4985 2607 5053; x_wconf 81' lang='lat' dir='ltr'><strong>rofessione,</strong></span> <span class='ocrx_word' id='word_1_827' title='bbox 2639 5002 2804 5057; x_wconf 90' lang='lat' dir='ltr'><strong>quam</strong></span> <span class='ocrx_word' id='word_1_828' title='bbox 2831 4985 3161 5056; x_wconf 86' lang='lat' dir='ltr'><strong>theologiam</strong></span> <span class='ocrx_word' id='word_1_829' title='bbox 3197 4996 3421 5047; x_wconf 88' lang='lat' dir='ltr'><strong>vocant,</strong></span> <span class='ocrx_word' id='word_1_830' title='bbox 3461 4994 3681 5040; x_wconf 87' lang='lat' dir='ltr'><strong>tantum</strong></span> <span class='ocrx_word' id='word_1_831' title='bbox 3707 4998 3825 5107; x_wconf 54' lang='lat' dir='ltr'><strong>suo</strong></span> 
     </span>
     <span class='ocr_line' id='line_1_116' title="bbox 2284 5055 3819 5107; baseline 0 0"><span class='ocrx_word' id='word_1_832' title='bbox 2284 5057 2439 5107; x_wconf 62' lang='lat' dir='ltr'><strong>icisse</strong></span> <span class='ocrx_word' id='word_1_833' title='bbox 2474 5066 2534 5107; x_wconf 85' lang='lat' dir='ltr'><strong>ut</strong></span> <span class='ocrx_word' id='word_1_834' title='bbox 2556 5072 2749 5107; x_wconf 86' lang='lat' dir='ltr'><strong>omnes</strong></span> <span class='ocrx_word' id='word_1_835' title='bbox 2775 5056 3015 5107; x_wconf 69' lang='lat' dir='ltr'><strong>collegas</strong></span> <span class='ocrx_word' id='word_1_836' title='bbox 3037 5065 3158 5107; x_wconf 80' lang='lat' dir='ltr'><strong>post</strong></span> <span class='ocrx_word' id='word_1_837' title='bbox 3206 5071 3264 5107; x_wconf 88' lang='lat' dir='ltr'><strong>se</strong></span> <span class='ocrx_word' id='word_1_838' title='bbox 3310 5056 3665 5107; x_wconf 76' lang='lat' dir='ltr'><strong>relinqueret.</strong></span> <span class='ocrx_word' id='word_1_839' title='bbox 3752 5055 3819 5106; x_wconf 85' lang='lat' dir='ltr'><strong>ia-</strong></span> 
     </span>
    </p>
   </div>
   <div class='ocr_carea' id='block_1_115' title="bbox 2265 5055 3819 5127">
    <p class='ocr_par' dir='ltr' id='par_1_115' title="bbox 2265 5055 3819 5127">
     <span class='ocr_line' id='line_1_117' title="bbox 2265 5055 3819 5127; baseline -0.004 -15"><span class='ocrx_word' id='word_1_840' title='bbox 2265 5057 2439 5114; x_wconf 76' lang='lat' dir='ltr'><strong>eeisse</strong></span> <span class='ocrx_word' id='word_1_841' title='bbox 2474 5066 2534 5112; x_wconf 90' lang='lat' dir='ltr'><strong>ut</strong></span> <span class='ocrx_word' id='word_1_842' title='bbox 2556 5055 2749 5112; x_wconf 83' lang='lat' dir='ltr'><strong>omnes</strong></span> <span class='ocrx_word' id='word_1_843' title='bbox 2775 5055 3158 5127; x_wconf 39' lang='lat' dir='ltr'><strong>eollegas’post</strong></span> <span class='ocrx_word' id='word_1_844' title='bbox 3206 5071 3264 5111; x_wconf 90' lang='lat' dir='ltr'><strong>se</strong></span> <span class='ocrx_word' id='word_1_845' title='bbox 3310 5056 3665 5127; x_wconf 80' lang='lat' dir='ltr'><strong>relinqueret.</strong></span> <span class='ocrx_word' id='word_1_846' title='bbox 3707 5055 3819 5127; x_wconf 72' lang='lat' dir='ltr'><strong>Dia-</strong></span> 
     </span>
    </p>
   </div>
   <div class='ocr_carea' id='block_1_116' title="bbox 2243 5124 3819 5198">
    <p class='ocr_par' dir='ltr' id='par_1_116' title="bbox 2243 5124 3819 5198">
     <span class='ocr_line' id='line_1_118' title="bbox 2243 5124 3819 5198; baseline -0.002 -18"><span class='ocrx_word' id='word_1_847' title='bbox 2243 5127 2492 5183; x_wconf 89' lang='lat' dir='ltr'><strong>lecticam</strong></span> <span class='ocrx_word' id='word_1_848' title='bbox 2516 5143 2668 5195; x_wconf 92' lang='lat' dir='ltr'><strong>vero,</strong></span> <span class='ocrx_word' id='word_1_849' title='bbox 2693 5143 2858 5198; x_wconf 90' lang='lat' dir='ltr'><strong>quam</strong></span> <span class='ocrx_word' id='word_1_850' title='bbox 2881 5124 3147 5182; x_wconf 72' lang='lat' dir='ltr'><strong>doctrinae</strong></span> <span class='ocrx_word' id='word_1_851' title='bbox 3167 5124 3511 5198; x_wconf 80' lang='lat' dir='ltr'><strong>superﬁciem</strong></span> <span class='ocrx_word' id='word_1_852' title='bbox 3540 5125 3819 5198; x_wconf 77' lang='lat' dir='ltr'><strong>quamdam</strong></span> 
     </span>
    </p>
   </div>
   <div class='ocr_carea' id='block_1_117' title="bbox 2238 5194 3820 5270">
    <p class='ocr_par' dir='ltr' id='par_1_117' title="bbox 2238 5194 3820 5270">
     <span class='ocr_line' id='line_1_119' title="bbox 2238 5194 3820 5270; baseline -0.001 -19"><span class='ocrx_word' id='word_1_853' title='bbox 2238 5198 2563 5270; x_wconf 70' lang='lat' dir='ltr'><strong>appellabat,</strong></span> <span class='ocrx_word' id='word_1_854' title='bbox 2576 5194 2905 5270; x_wconf 74' lang='lat' dir='ltr'><strong>contempsit</strong></span> <span class='ocrx_word' id='word_1_855' title='bbox 2925 5198 3101 5270; x_wconf 80' lang='lat' dir='ltr'><strong>magis</strong></span> <span class='ocrx_word' id='word_1_856' title='bbox 3121 5194 3301 5270; x_wconf 60' lang='lat' dir='ltr'><strong>quam</strong></span> <span class='ocrx_word' id='word_1_857' title='bbox 3316 5194 3611 5270; x_wconf 73' lang='lat' dir='ltr'><strong>ignoravit.</strong></span> <span class='ocrx_word' id='word_1_858' title='bbox 3643 5215 3663 5249; x_wconf 73' lang='grc' dir='ltr'><strong><em>ι</em></strong></span> <span class='ocrx_word' id='word_1_859' title='bbox 3699 5194 3820 5270; x_wconf 58' lang='lat' dir='ltr'><strong>lae:</strong></span> 
     </span>
    </p>
   </div>
   <div class='ocr_carea' id='block_1_118' title="bbox 2239 5265 3815 5364">
    <p class='ocr_par' dir='ltr' id='par_1_118' title="bbox 2239 5265 3815 5364">
     <span class='ocr_line' id='line_1_120' title="bbox 2239 5265 3815 5364; baseline 0 0"><span class='ocrx_word' id='word_1_860' title='bbox 2239 5265 2657 5364; x_wconf 49' lang='lat' dir='ltr'><strong>{Messias</strong></span> <span class='ocrx_word' id='word_1_861' title='bbox 2681 5268 2731 5364; x_wconf 66' lang='lat' dir='ltr'><strong>si</strong></span> <span class='ocrx_word' id='word_1_862' title='bbox 2765 5265 3043 5364; x_wconf 54' lang='lat' dir='ltr'><strong>esse?</strong></span> <span class='ocrx_word' id='word_1_863' title='bbox 3057 5265 3647 5364; x_wconf 60' lang='lat' dir='ltr'><strong>.erud...&quot;:&quot;&quot;is“m::_</strong></span> <span class='ocrx_word' id='word_1_864' title='bbox 3674 5265 3815 5364; x_wconf 65' lang='grc' dir='ltr'><strong>ίιιιεξί</strong></span> 
     </span>
    </p>
   </div>
   <div class='ocr_carea' id='block_1_119' title="bbox 3209 5335 3800 5364">
    <p class='ocr_par' dir='ltr' id='par_1_119' title="bbox 3209 5335 3800 5364">
     <span class='ocr_line' id='line_1_121' title="bbox 3209 5335 3800 5364; baseline 0 0"><span class='ocrx_word' id='word_1_865' title='bbox 3209 5337 3333 5364; x_wconf 63' lang='grc' dir='ltr'>μἰιικ</span> <span class='ocrx_word' id='word_1_866' title='bbox 3388 5338 3461 5364; x_wconf 59' lang='grc'><strong>..2.</strong></span> <span class='ocrx_word' id='word_1_867' title='bbox 3537 5353 3647 5364; x_wconf 61' lang='grc' dir='ltr'><strong>Μ-</strong></span> <span class='ocrx_word' id='word_1_868' title='bbox 3693 5335 3800 5364; x_wconf 41' lang='grc'><strong>7³</strong></span> 
     </span>
    </p>
   </div>
   <div class='ocr_carea' id='block_1_120' title="bbox 2843 5353 3053 5364">
    <p class='ocr_par' dir='ltr' id='par_1_120' title="bbox 2843 5353 3053 5364">
     <span class='ocr_line' id='line_1_122' title="bbox 2843 5353 3053 5364; baseline 0 0"><span class='ocrx_word' id='word_1_869' title='bbox 2843 5353 2931 5364; x_wconf 67' lang='lat' dir='ltr'><strong>nam</strong></span> <span class='ocrx_word' id='word_1_870' title='bbox 2957 5354 3053 5364; x_wconf 64' lang='grc' dir='ltr'><strong>Διει-</strong></span> 
     </span>
    </p>
   </div>
  </div>
