4020 5364
100 335 353 448 μυί

1729 344 1928 402 ACTA.

3339 355 3480 410 ΝΒ

194 508 203 515 .
259 461 325 516 7.
369 459 495 518 Erat
519 463 664 518 enim
692 471 819 517 tunc
850 462 983 518 ordo
1009 462 1413 519 ecclesiasticus
1440 462 1494 516 in
1524 470 1605 516 tot
1633 476 1786 516 ωπο-
1814 467 1860 522 Α
1885 467 2041 525 erant
2066 458 2409 516 illuminandi
2463 461 2917 530 illuminarentur,
2946 473 2997 520 et
3028 478 3201 537 uSque
3230 466 3284 521 in
3315 467 3477 523 tinem

166 554 356 611 ribus
380 554 657 621 seductus,
683 563 744 609 ut
774 570 841 611 ex
875 555 968 610 illo
994 555 1081 609 vix
1109 555 1379 625 quispiam
1408 554 1663 608 existeret
1688 553 1784 622 qui

169 646 238 700 in
275 660 391 700 suo
416 645 539 701 loco
565 647 831 701 veraciter
856 647 1080 717 reperiri
1112 654 1316 716 posset.
1345 644 1480 699 Nam
1512 645 1625 710 alii,
1657 660 1780 699 cum

168 734 427 790 canibus
458 743 513 789 et
548 735 901 805 acc'pitrlbus
954 736 1061 790 huc
1118 735 1352 805 illucque
1405 741 1780 805 pervagantes,

167 842 363 881 suum
391 827 669 881 venationi
717 828 940 882 lubrica:
980 826 1302 887 famulatum
1348 825 1651 890 tradebant,
1690 826 1783 880 alii

167 934 323 975 vero
351 919 664 984 tabernarii,
709 928 762 973 et
785 934 1017 990 nequam
1041 919 1227 985 villici,
1253 918 1343 972 alii
1369 918 1518 989 impii
1545 918 1783 975 usurarii

169 1011 538 1077 existebant,
570 1011 750 1066 cuncti
787 1012 900 1065 lere
934 1026 1060 1067 cum
1102 1010 1336 1081 publicis
1373 1010 1637 1064 uxoribus
1669 1008 1783 1064 sive

166 1103 396 1169 scortis
411 1118 567 1158 suam
582 1103 945 1173 ignominioso
963 1102 1408 1173 ducebantvvitam
1424 1120 1439 1168 ;
1463 1117 1779 1171 omnesque,

165 1210 311 1265 qua:
346 1211 447 1251 sua
474 1204 648 1261 erant,
691 1210 800 1249 non
838 1210 960 1265 qua:
992 1194 1218 1260 Christi,
1255 1194 1589 1264 quaerebant.
1622 1190 1779 1259 Nam,

164 1289 338 1361 quod
384 1289 504 1345 sine
550 1288 752 1360 gemitu
800 1288 907 1343 dici
948 1287 1033 1341 vel
1075 1287 1256 1343 audiri
1293 1303 1393 1342 nec
1460 1294 1640 1356 potest
1682 1302 1794 1342 nec.

163 1381 373 1448 debet,
402 1380 645 1435 universi
680 1379 758 1435 sic
800 1378 904 1433 sub
944 1376 1255 1432 Simoniaca
1294 1376 1487 1431 haeresi
1520 1377 1780 1431 teneban-

168 1484 269 1530 tur
301 1472 580 1544 impliciti,
609 1482 880 1542 quatenus
906 1486 938 1524 a
959 1470 1187 1524 minimo
1211 1484 1383 1539 usque
1400 1468 1466 1523 ad
1481 1470 1780 1523 maximum

166 1565 375 1621 nullus
396 1565 532 1620 ordo
560 1564 642 1618 vel
671 1563 873 1635 gradus
903 1561 1091 1616 haberi
1118 1570 1302 1632 posset
1333 1561 1439 1615 nisi
1470 1561 1549 1615 sic
1572 1576 1781 1616 emere-

165 1668 268 1713 tur
299 1656 586 1728 quomodo
613 1656 813 1711 emitur
850 1670 1038 1726 pecus.
1087 1652 1173 1720 Et,
1211 1653 1360 1724 quod
1402 1661 1487 1708 est
1525 1654 1778 1724 nequius,

166 1764 347 1804 nemo
380 1757 511 1803 tunc
539 1747 635 1819 qui
665 1756 828 1803 tantae
855 1746 1194 1818 perversitati
1230 1746 1507 1802 resisteret
1546 1760 1780 1816 appare-

1884 552 2069 609 szeculi
2117 568 2333 623 semper
2387 567 2771 625 permanerent
2833 558 3026 625 lucidi;
3081 569 3189 614 tam
3244 561 3332 615 isti
3381 563 3476 631 qui

1883 642 2063 707 adhuc
2087 652 2245 699 erant
2272 645 2614 702 illuminandi
2646 662 2809 717 quam
2839 649 2931 718 qui
2959 649 3074 718 jam
3103 649 3321 705 fuerant
3348 651 3475 704 illu-

1884 730 2095 786 minati.
2132 729 2310 786 Vultis
2336 748 2500 788 nosse
2533 750 2612 790 ea:
2652 751 2740 790 res
2770 753 2892 807 qua:
2934 736 3189 794 fuerunt?
3238 737 3473 795 Verbum

1884 824 2093 893 scilicet
2121 823 2217 879 Dei
2242 833 2297 880 et
2325 825 2615 881 doctorum
2641 828 2772 884 vita.
2805 829 2878 883 De
2915 830 3087 887 Verbo
3129 841 3311 888 autem
3356 832 3473 900 Dei,

1883 914 2030 984 quod
2073 915 2167 968 lux
2211 915 2316 982 sit,
2364 930 2475 969 non
2525 932 2751 984 meum,
2800 921 2894 974 sed
2946 920 3247 977 Psalmista:
3292 924 3477 980 audite
3554 918 3561 925 ’

1884 1007 2258 1073 testimonium
2297 1025 2312 1063 :
2362 1027 2381 1059 ι
2414 1006 2773 1079 Prazceptum,
2828 1010 3026 1082 inquit,
3078 1013 3293 1069 Domini
3339 1017 3479 1072 luci-

1883 1098 2035 1165 dum,
2055 1099 2374 1156 illuminans
2401 1101 2593 1158 oculos
2625 1102 2811 1174 (Psal.
2852 1120 3009 1169 xvut,
3046 1107 3149 1175 9);
3183 1128 3200 1158 ι
3225 1117 3279 1164 et
3307 1109 3471 1165 item:

1889 1209 1907 1242 ι
1938 1189 2185 1246 Lucerna
2210 1192 2438 1262 pedibus
2468 1194 2608 1249 meis
2634 1196 2859 1251 verbum
2900 1198 3244 1267 tuum(Psal.
3282 1217 3473 1268 cxvtu,

1882 1290 1937 1335 et
1971 1280 2151 1350 103.).
2206 1301 2224 1333 ι
2292 1281 2367 1337 De
2418 1284 2524 1338 vita
2593 1300 2724 1340 vero
2781 1286 3101 1354 doctorum,
3149 1290 3297 1359 quod
3353 1306 3477 1346 esse

1881 1373 2074 1428 debeat
2100 1374 2192 1428 lux
2222 1373 2275 1428 in
2304 1375 2483 1431 verbis
2511 1376 2647 1443 suis,
2677 1377 2791 1447 ipsa
2819 1393 2915 1448 per
2948 1395 3008 1435 se
3052 1379 3267 1436 Veritas
3290 1389 3476 1451 aperte

1882 1464 2235 1521 manifestat:
2266 1485 2285 1517 ί
2317 1465 2449 1533 Vos,
2482 1467 2679 1539 inquit,
2713 1471 2845 1526 estis
2875 1471 2967 1525 lux
3002 1471 3193 1526 mundi
3240 1474 3257 1543 (
3275 1472 3470 1526 Matth.

1881 1572 1935 1623 v,
1969 1556 2078 1625 14),
2111 1575 2129 1607 ι
2166 1566 2220 1611 et
2249 1557 2502 1627 protinus
2527 1559 2734 1615 addidit
2759 1579 2773 1614 :
2804 1580 2822 1612 ι
2852 1559 2943 1616 Sic
2974 1562 3149 1617 luceat
3176 1563 3268 1617 lux
3293 1572 3472 1618 vestra

1881 1665 2066 1705 coram
2100 1650 2434 1717 hominibus,
2466 1659 2524 1706 ut
2555 1652 2770 1708 videant
2802 1669 2966 1724 opera
2997 1662 3175 1710 vestra
3204 1655 3368 1720 bona,
3415 1664 3474 1709 et

1881 1741 2184 1811 gloriﬁcent
2225 1741 2441 1797 Patrem
2478 1753 2723 1800 vestrum
2760 1747 2854 1816 qui
2889 1755 2974 1801 est
3002 1746 3058 1801 in
3088 1747 3243 1802 etelis
3275 1745 3469 1817 (lbid.,

167 1839 300 1906 bat;
346 1839 470 1906 sed,
507 1853 631 1895 cum
665 1837 777 1909 lupi
804 1846 989 1893 essent
1018 1853 1263 1908 rapaces,
1302 1837 1415 1893 veri
1444 1838 1778 1909 putabantur
1807 1819 1995 1903 316).
2029 1853 2047 1885 ι
2089 1832 2168 1889 Ex
2219 1833 2306 1890 his
2354 1836 2538 1906 itaque
2586 1852 2750 1891 unam
2790 1836 2935 1895 idem
2982 1835 3246 1892 Dominus
3287 1844 3471 1908 posuit

166 1944 301 1985 esse
339 1938 612 1999 pastores.

240 2022 299 2075 8.
342 2021 431 2076 Ad
452 2036 686 2093 quorum
704 2020 963 2076 nimirum
987 2019 1395 2091 perversitatem
1421 2019 1775 2092 detegendam

167 2120 226 2166 et
273 2110 695 2182 corrigendam,
746 2108 1143 2175 Mediolanum,
1204 2109 1297 2163 ubi
1352 2109 1470 2165 inec
1514 2109 1776 2180 iniquitas

166 2209 333 2263 tanto
365 2207 488 2255 erat
514 2198 789 2271 cupiosior
819 2207 1024 2270 quanto
1056 2198 1281 2255 urbibus
1310 2198 1521 2255 caneris
1544 2199 1660 2269 ipsa
1693 2208 1778 2255 est

168 2288 522 2360 papulosior,
553 2304 584 2343 a
611 2288 720 2344 Deo
748 2290 936 2361 procul
965 2288 1131 2344 dubio
1174 2288 1434 2360 praefatus
1465 2290 1667 2345 missus
1693 2298 1776 2345 est

168 2383 462 2452 Arialdus,
490 2382 711 2449 divinis,
741 2393 800 2438 ut
832 2382 1203 2454 pnndiximus,
1239 2383 1450 2455 legibus
1481 2382 1617 2438 bene
1648 2397 1776 2437 eru-

168 2473 346 2529 ditus.
385 2472 494 2540 Qui
522 2473 800 2543 ingressus
830 2474 1016 2527 urbem
1047 2474 1145 2544 (5),
1191 2472 1449 2545 populum
1486 2488 1622 2543 pene
1649 2473 1773 2528 uni—
1802 2535 1818 2545 η

167 2582 430 2643 versum,
455 2566 523 2621 ad
548 2566 668 2636 ejus
697 2567 857 2620 verba
880 2566 1267 2632 conﬂuentem,
1298 2563 1400 2619 fari
1431 2564 1510 2620 sic
1540 2564 1773 2620 adorsus

168 2667 255 2714 est
283 2677 297 2714 :
331 2678 351 2711 ι
379 2656 542 2724 Volo,
572 2658 932 2725 dilectissimi,
956 2658 1112 2713 vobis
1137 2658 1336 2725 dicere,
1367 2658 1421 2711 in
1451 2657 1625 2711 nostri
1657 2673 1773 2712 ser-

171 2752 359 2807 monis
391 2751 640 2816 exordlo,
679 2766 802 2821 qua:
836 2750 977 2805 scire
1010 2766 1107 2805 vos
1137 2750 1272 2815 scio,
1318 2756 1377 2803 ut
1394 2748 1654 2819 paulatim
1692 2748 1772 2804 sic

172 2858 272 2899 vos
310 2842 663 2898 introducam
702 2841 769 2896 ad
806 2858 869 2897 ea
908 2857 1027 2912 qua:
1064 2840 1287 2896 nescitis
1329 2849 1383 2895 et
1427 2841 1581 2896 vobis
1630 2842 1770 2897 scire

174 2948 514 3003 magnopere
564 2931 875 2988 necessaria
931 2938 1079 2986 sunt.
1137 2929 1415 2986 Veracitcr
1461 2931 1622 2986 credo
1673 2947 1770 2987 vos

173 3038 342 3079 nosse
395 3024 698 3078 humanum
746 3038 916 3093 genus
964 3037 1139 3091 usque
1191 3022 1257 3077 ad
1297 3022 1504 3077 Christi
1552 3021 1768 3078 Domini

174 3119 352 3174 nostri
389 3118 683 3173 adventura
721 3132 923 3172 caecum
954 3115 1145 3184 fuisse,
1179 3132 1286 3171 non
1319 3116 1492 3172 oculis
1522 3118 1769 3187 corporis

174 3211 270 3267 sed
295 3210 504 3267 cordis.
534 3209 687 3277 Quod
727 3210 847 3266 ideo
890 3218 1008 3265 erat
1050 3225 1274 3275 cuream,
1311 3209 1569 3280 quoniam
1619 3212 1766 3281 quod
1798 3209 1838 3226 "

173 3315 294 3360 erat
319 3304 524 3360 falsum
550 3303 805 3360 credebat
830 3320 1043 3369 verum,
1074 3304 1261 3359 dicens
1304 3304 1467 3374 lapidi
1514 3304 1769 3375 lignoque

173 3407 241 3465 et,
261 3397 490 3453 metallo
514 3414 528 3450 :
556 3395 699 3451 Deus
723 3411 877 3450 meus
911 3411 971 3451 es
998 3406 1076 3451 tu.
1114 3395 1284 3465 Cujus
1316 3395 1544 3451 excitati
1577 3405 1637 3451 ut
1659 3398 1764 3451 mi-

174 3490 335 3547 serize
372 3490 430 3545 in
469 3498 677 3544 tantum
715 3505 929 3543 summa
976 3487 1092 3541 Lux
1137 3497 1190 3542 ct
1233 3496 1437 3543 aeterna
1479 3503 1765 3559 compassa

174 3596 280 3652 est,
332 3600 434 3655 per
459 3599 621 3654 quam
648 3580 831 3637 omnia
862 3581 1004 3636 facta
1036 3589 1183 3646 sunt,
1214 3589 1267 3635 et
1302 3580 1477 3651 inqua
1514 3580 1765 3637 universa

175 3678 528 3744 consistunt,
578 3685 638 3733 ut
683 3692 790 3732 non
827 3676 894 3731 ad
931 3677 1072 3731 hanc
1108 3689 1138 3729 a
1181 3673 1437 3729 cordibus
1480 3674 1764 3729 hominum

176 3767 534 3825 auferendam
570 3769 819 3841 angelum
861 3769 1117 3833 mitteret,
1160 3766 1253 3823 sed
1292 3782 1387 3837 per
1417 3768 1764 3837 semctipsam

175 3860 242 3915 de
275 3862 420 3917 cado
447 3861 747 3927 descendit,
791 3876 1010 3916 carnem
1052 3860 1366 3931 assumpsit,
1414 3867 1485 3925 et,
1540 3868 1599 3914 ut
1642 3874 1764 3913 eam

177 3953 248 4010 ab
281 3953 569 4009 hominum
605 3953 861 4008 cordibus
894 3953 1109 4023 penitus
1140 3953 1453 4022 expelleret,
1485 3967 1659 4021 usque
1696 3953 1763 4007 ad

178 4045 361 4101 crucis
393 4054 625 4103 mortem
653 4046 879 4102 libenter
906 4043 1154 4098 accessit.
1195 4044 1299 4111 Qui
1334 4045 1389 4098 in
1417 4045 1610 4099 diebus
1638 4059 1762 4098 ear-

179 4134 266 4189 nis
296 4152 413 4192 suae
436 4137 686 4191 homines
730 4144 808 4191 tot
840 4135 908 4189 de
937 4135 1141 4190 mundo
1164 4135 1325 4205 elegit
1355 4144 1488 4205 quot
1517 4135 1763 4191 suﬂicere

181 4226 255 4280 ad
282 4229 655 4284 univcrsitatis
692 4226 1142 4283 illuminationem
1187 4235 1312 4280 ante
1360 4228 1559 4282 saecula
1601 4243 1761 4298 posse

180 4319 445 4391 praevidit.
469 4319 639 4388 Quos,
666 4318 923 4374 omnibus
944 4316 1194 4374 falsitatis
1220 4317 1455 4373 tenebris
1474 4317 1545 4371 ab
1570 4334 1760 4375 eorum

182 4408 440 4465 cordibus
472 4408 746 4480 expulsis,
793 4418 992 4464 aeterna
1031 4408 1151 4464 luce
1190 4408 1512 4465 illuminavit
1555 4424 1761 4480 eosque

1878 1933 2003 1979 ante
2027 1925 2170 1991 illos,
2199 1926 2361 1981 aliam
2390 1936 2516 1982 ante
2536 1944 2652 1982 vos.
2684 1926 2751 1982 Hi
2775 1944 2922 1994 vero,
2957 1929 3157 1999 quibus
3185 1928 3470 1984 scientiam

1879 2016 2176 2087 Scriptura:
2220 2019 2405 2085 dedit,
2454 2019 2666 2090 sibique
2704 2019 2771 2074 ad
2815 2015 3237 2074 ministrandum
3283 2020 3466 2090 elegit,

1876 2111 2039 2166 ut'ad
2077 2112 2261 2167 lumen
2291 2112 2440 2166 verbi
2470 2113 2556 2167 sui
2588 2113 2752 2167 lucidi
2789 2128 3004 2183 semper
3030 2114 3292 2178 viverent,
3330 2128 3467 2167 eon-

1876 2203 2087 2270 stituit;
2138 2212 2210 2269 et,
2258 2213 2316 2258 ut
2359 2219 2549 2258 eorum
2598 2204 2707 2258 vita
2744 2212 2889 2259 esset
2931 2214 3111 2260 vestra
3148 2204 3328 2270 lectio,
3369 2204 3464 2274 qui

1876 2294 2084 2349 litteras
2113 2295 2353 2360 nescitis,
2386 2295 2676 2350 ordinavit.
2710 2293 2838 2362 Sed,
2864 2294 3086 2351 inimico
3117 2295 3343 2349 humani
3372 2310 3467 2365 ge-

1875 2386 2023 2443 neris
2077 2385 2368 2440 insidiante
2393 2427 2408 2450 ,
2452 2384 2764 2456 pariterque
2802 2394 2988 2440 nostra
3036 2385 3362 2456 negligentia
3411 2393 3470 2439 et

1874 2483 2097 2545 peccato
2134 2483 2420 2544 operante,
2472 2475 2568 2540 illi,
2617 2490 2677 2529 se
2726 2475 3092 2530 cnvertendo
3139 2483 3464 2540 retrorsum,

1874 2565 2223 2636 perdiderunt
2270 2581 2463 2632 suam;
2526 2580 2623 2621 vos
2682 2573 2865 2621 autem
2920 2566 3095 2621 lucem
3148 2565 3465 2635 perdidistis

1873 2644 2132 2710 vestram.

1943 2756 2032 2810 to.
2074 2754 2484 2819 Verumtamen,
2523 2763 2581 2807 ut
2610 2755 2858 2809 securius
2890 2769 2989 2810 vos
3018 2753 3159 2808 idem
3204 2753 3461 2810 inimicus

1873 2847 2172 2912 deluderet,
2202 2846 2296 2917 qui
2324 2846 2600 2900 societatis
2626 2846 2696 2899 ab
2715 2846 2793 2901 eis
2816 2845 3040 2901 abstulit
3067 2846 3463 2910 veritatcm,eis

1872 2938 2124 3008 promisit
2151 2937 2205 2991 in
2234 2936 2493 2991 exteriori
2525 2935 2713 2990 habitu
2743 2935 3046 2990 sanctitatis
3077 2934 3275 2989 habere
3305 2936 3460 2989 92ml-

1871 3029 2178 3095 litudincm,
2208 3027 2352 3098 quod
2378 3041 2600 3097 gemens
2624 3026 2768 3091 dico,
2796 3042 2906 3080 non
2934 3026 2999 3080 ad
3037 3034 3271 3079 vestram
3299 3026 3459 3096 igno-

1874 3118 2121 3184 miniam,
2155 3118 2250 3172 sed
2276 3116 2345 3171 ad
2370 3116 2657 3171 cautelam.
2703 3113 2894 3169 Nonne
2921 3115 2989 3169 ad
3018 3115 3265 3169 eamdem
3297 3115 3462 3170 ρειὶεί-

1870 3219 2033 3265 tatem
2059 3209 2194 3265 estis
2216 3208 2440 3274 reversi,
2470 3222 2568 3278 pro
2597 3223 2704 3279 qua
2730 3207 2799 3261 ab
2824 3206 3138 3277 hominibus
3165 3207 3460 3262 auferenda

1869 3302 2122 3357 Christus
2149 3301 2215 3356 de
2238 3301 2377 3356 cwlo
2403 3297 2829 3355 misericorditer
2852 3298 3166 3353 descendit?
3201 3296 3291 3353 Sic
3313 3298 3459 3353 enim

1869 3393 1990 3449 ideo
2021 3394 2319 3447 humanum
2342 3406 2513 3462 genus
2534 3398 2658 3444 ante
2683 3390 2855 3458 ipsius
2883 3388 3197 3453 adventum,
3232 3396 3291 3441 ut
3315 3387 3462 3441 dixi-

1869 3502 2014 3552 mus,
2049 3493 2166 3540 erat
2198 3500 2425 3550 caecum,
2473 3484 2600 3554 quia
2650 3482 2902 3537 sumebat
2937 3496 3033 3551 pro
3067 3495 3198 3535 vero
3227 3480 3459 3535 menda-

1866 3577 2046 3643 cium;
2099 3576 2412 3646 quicunque
2456 3591 2603 3630 nunc
2648 3589 2787 3644 opus
2833 3574 3009 3629 simile
3056 3571 3226 3639 facit,
3274 3586 3458 3625 nonne

1867 3684 2088 3725 causam
2114 3667 2359 3722 eamdem
2391 3666 2651 3721 incurrit?
2686 3664 2819 3720 Nam
2849 3666 2991 3720 sicut
3020 3664 3098 3718 illi
3129 3662 3339 3732 decepti
3370 3663 3452 3716 la-

1867 3759 2019 3829 pides
2048 3767 2101 3812 ct
2128 3756 2273 3828 ligna
2287 3752 2580 3811 credebant
2613 3756 2764 3820 dos,
2800 3753 2875 3807 ita
2905 3768 3003 3808 vos
3030 3762 3242 3809 vestros
3273 3765 3454 3804 sacer-

1864 3853 2020 3908 dotes
2050 3850 2253 3920 putatis
2295 3863 2475 3915 veros,
2512 3862 2652 3917 quos
2684 3855 3058 3900 .ncunctanter
3087 3858 3211 3897 esse
3238 3848 3460 3896 constat

1865 3942 2052 3999 falsos.
2081 3941 2232 3997 Unde
2256 3944 2358 3997 hoc
2380 3942 2521 3997 scire
2542 3939 2870 4010 possumus?
2894 3927 3068 3991 Vultis
3088 3951 3251 3990 nosse
3274 3935 3452 3990 unde?

1864 4033 1920 4087 ln
1945 4035 2181 4090 tenebris
2208 4048 2428 4088 sumus:
2463 4040 2522 4086 ut
2545 4032 2649 4085 hoc
2674 4038 2917 4100 patenter
2936 4041 3355 4098 cognoscamus,
3380 4026 3451 4081 ad

1864 4126 2038 4181 lucem
2060 4141 2268 4181 eamus.
2296 4124 2377 4179 Ad
2404 4138 2569 4193 quam
2594 4122 2804 4178 lucem?
2832 4121 2914 4175 Ad
2939 4119 3175 4174 Verbum
3201 4117 3454 4172 videlicet

1865 4217 1979 4275 Dei.
2022 4218 2159 4271 Ecce
2193 4216 2445 4272 Christus
2477 4214 2610 4270 dicit
2637 4231 2650 4268 :
2682 4233 2700 4265 ι
2729 4211 2834 4280 Qui
2862 4212 2995 4267 mihi
3030 4211 3324 4278 ministrat,
3358 4225 3449 4265 me

1863 4319 2126 4383 sequatur
2152 4308 2333 4380 (Joan.
2380 4325 2478 4375 xu,
2516 4308 2631 4377 25).
2668 4325 2686 4358 ›
2724 4305 2881 4372 Quod
2910 4313 2994 4359 est
3021 4313 3204 4375 aperte
3232 4304 3449 4358 dicere:

1862 4406 1907 4459 Λ
1937 4404 2155 4460 nemine
2186 4403 2385 4473 quippe
2423 4400 2557 4455 mihi
2600 4398 2942 4454 ministratur
2985 4396 3091 4452 nisi
3134 4396 3204 4450 ab
3246 4409 3312 4449 eo
3353 4394 3449 4464 qui

126 4501 136 4509 “
182 4511 277 4569 per
310 4501 575 4558 mundum
605 4503 918 4557 universum
951 4502 1119 4569 misit,
1147 4511 1201 4557 ct
1226 4503 1425 4570 lucem,
1467 4516 1632 4572 quam
1668 4517 1763 4559 ac-
1795 4512 1842 4567 ο
1867 4517 1953 4557 me
1980 4498 2247 4571 sequitur.
2289 4495 2607 4551 Vestrorum
2636 4492 2802 4548 vitam
2833 4490 3173 4547 sacerdotum
3203 4487 3317 4542 scio
3350 4502 3454 4543 vos

183 4602 421 4661 ceperat,
451 4593 653 4664 ubique
678 4592 890 4649 deferre
906 4595 1162 4666 prmccpit
1188 4594 1375 4664 sicque
1389 4593 1457 4648 ad
1486 4592 1702 4648 Patrem
1730 4610 1761 4648 a

183 4693 292 4746 quo
319 4689 545 4737 venerat
571 4683 750 4739 rediit.

252 4771 305 4824 9.
349 4771 475 4829 Hcce
520 4776 717 4847 quippe
758 4790 972 4831 summa
1027 4784 1081 4829 et
1121 4782 1325 4830 aeterna
1367 4771 1597 4843 vivaque
1644 4772 1761 4829 Lux

185 4861 320 4919 duas
351 4866 407 4920 in
435 4877 576 4923 terra
606 4884 802 4924 causas
833 4868 1070 4938 reliquit,
1128 4868 1185 4924 in
1215 4866 1416 4938 quibus
1445 4880 1634 4922 omnes
1667 4865 1762 4936 qui

254 5000 330 5070 (5)
365 5022 382 5054 ς
416 5002 634 5070 Varisii,
684 5003 775 5059 ubi
816 5001 1132 5056 morabatur
1161 5019 1180 5052 ι
1213 4998 1501 5070 Arialdus,
1528 5007 1761 5070 emptam

187 5069 664 5140 praedicationem,
709 5075 785 5128 ait
832 5083 1057 5140 uterque
1106 5069 1446 5140 Landull‘us,
1476 5069 1653 5140 neque
1707 5069 1760 5124 id

189 5089 624 5138 pneumattonem
709 5089 785 5128 all.
832 5089 951 5128 uter
991 5089 1057 5125 UO
1106 5089 1429 5135 Lanuuuus,
1476 5089 1653 5140 neque
1707 5089 1754 5124 ια

189 5152 346 5210 negat
374 5140 566 5211 Syrus,
580 5116 721 5200 inira
747 5089 1002 5198 uomit}.
1028 5140 1122 5199 Est
1145 5148 1379 5216 autem}
1411 5139 1705 5216 Varisium,
1735 5159 1754 5193 ι

1863 4605 2064 4647 nosse:
2091 4598 2147 4644 et
2182 4602 2294 4659 quo
2334 4585 2590 4641 Christus
2624 4591 2833 4655 pergat,
2882 4589 2938 4634 et
2976 4578 3108 4649 quid
3140 4576 3304 4642 dicat,
3347 4591 3449 4629 au-

1861 4684 1997 4748 dite;
2028 4691 2191 4750 atque
2222 4689 2350 4733 tunc
2380 4676 2594 4747 plenius
2638 4671 2977 4745 cognoscetis
3010 4678 3189 4723 utrum
3219 4666 3310 4720 isti
3338 4667 3451 4724 sint
3470 4680 3483 4696 '

1861 4774 1981 4843 ejus
2008 4771 2265 4836 ministri,
2294 4786 2362 4824 an
2390 4769 2564 4838 ipsius
2583 4767 2773 4837 potius
2785 4762 3102 4819 adversarii.
3127 4758 3266 4813 Ecce
3288 4758 3452 4814 Chri-

1863 4873 1982 4919 stus
2009 4861 2247 4916 clamat:
2278 4879 2295 4909 ‹
2327 4856 2527 4913 Discite
2559 4870 2590 4910 a
2629 4870 2716 4910 me
2750 4853 2878 4925 quia
2912 4851 3064 4906 mitis
3105 4862 3228 4903 sum
3255 4856 3309 4901 et
3340 4846 3451 4905 bu-

1863 4995 2024 5054 Tales
2057 5003 2242 5051 autem
2273 5009 2420 5049 nunc
2448 4991 2633 5049 vocari
2683 5012 2700 5043 ς
2761 4986 3058 5046 canonicos
3114 4983 3388 5055 titulares,
3416 5007 3495 5049 δ,

2058 5044 2418 5138 Titi-Taxilqu
2670 5044 2964 5138 .numentis
3029 5044 3415 5138 Anmbrosiani's
3440 5044 3471 5130 ς’

1863 5139 1992 5194 alibi
2024 5159 2041 5192 ι
2062 5134 2385 5220 canonieici
2413 5135 2654 5213 minores
2681 5145 2828 5220 iiscu
2858 5148 2876 5179 ι
2902 5129 3135 5220 \‘iCarii'g
3163 5129 3470 5220 vocantur,
