4028 5360
574 335 716 392 1643

1696 355 1798 415 ss.
1836 360 2114 418 meum
2152 361 2241 421 ET
2273 350 2712 428 ERL‘EMBALm

3716 381 3902 470 κει,

556 459 703 516 milis
730 460 892 517 corde
922 462 1139 534 (Matth.
1177 479 1236 533 η,
1269 466 1384 540 29).
1425 488 1443 520 ι
1478 467 1544 526 Et
1570 468 1767 528 iterum
1796 474 1864 531 de
1893 462 1953 532 se
1980 477 2112 533 dicit
2138 497 2150 534 :
2185 488 2228 544 Α
2258 483 2423 552 polus
2446 484 2561 554 jam
2594 486 2767 543 ﬁdelis
2798 486 2912 543 haec
2939 488 3195 556 audiens,
3221 490 3275 546 in
3326 491 3419 547 Dei
3463 493 3681 551 laudem
3730 516 3845 553 cre—

562 567 581 597 ι
614 548 782 606 Filius
816 552 1056 611 hominis
1084 572 1193 611 non
1231 557 1395 613 habet
1421 559 1515 614 ubi
1546 572 1711 633 caput
1736 565 1961 637 reclinet
1999 567 2153 638 (Luc.

2260 585 2438 638 scens,
2464 573 2757 643 hilarescit,
2782 590 2912 646 pars
2939 578 3167 637 adversa
3190 580 3476 637 tabescens
3495 584 3685 640 deﬁcit
3712 605 3727 651 ;
3757 586 3846 641 Dei

555 655 632 707 ix,
670 642 781 713 58).
815 664 833 696 ι
879 644 943 700 Et
983 646 1151 703 item:
1187 669 1205 699 ι
1236 648 1385 705 Beati
1430 668 1700 724 pauperes
1746 657 1961 727 spiritu,
2012 676 2155 731 quo-
2255 674 2384 715 vero
2415 661 2654 719 famulus
2690 642 2967 734 Arialdus,
2990 670 3165 725 oculis
3212 685 3279 725 ac
3335 674 3594 730 manibus
3623 686 3845 733 sursum

553 730 703 786 niam
739 733 981 803 ipsorum
1008 748 1091 794 est
1122 754 1351 812 regnum
1386 744 1651 799 ctelorum
1684 746 1901 817 (Matth.
1931 767 1985 817 ν,
2018 730 2093 821 '5).
2128 772 2146 804 ι

625 825 710 879 ll.
754 825 796 879 E
816 837 1006 885 contra
1036 846 1186 898 vero,
1220 842 1280 888 ut
1308 834 1600 904 inspicitis,
1625 839 1792 893 vestri
1816 842 2147 911 sacerdotes,

496 900 505 909 “
548 914 645 984 qui
677 917 814 974 eilici
859 931 1090 990 possunt
1124 924 1350 982 ditiores
1387 928 1441 982 in
1477 930 1710 988 terrenis
1746 932 1931 1000 rebus,
1968 936 2149 991 excel-

548 1006 724 1063 siores
753 1009 808 1062 in
832 1011 1168 1069 :ediilcaudis
1199 1017 1448 1073 turribus
1475 1027 1528 1073 et
1558 1020 1813 1077 domibus
1850 1026 2147 1094 superiori-

547 1096 670 1164 bus,
702 1100 756 1154 in
794 1101 1113 1173 honoribus,
1145 1107 1199 1161 in
1226 1109 1482 1166 mollibus
1508 1112 1863 1185 delicatisque
1898 1118 2145 1174 vestibus

544 1186 907 1258 pulchriores,
939 1192 1041 1263 ipsi
1071 1204 1335 1265 putantur
1361 1199 1652 1257 beatiores.
1688 1202 1754 1258 Et
1784 1205 1907 1275 ipsi,
1935 1216 1994 1263 ut
2023 1224 2142 1264 cer-

545 1277 695 1345 nitis,
734 1281 873 1338 sicut
918 1284 1060 1352 laici,
1108 1288 1284 1357 palam
1331 1306 1532 1348 uxores
1573 1294 1812 1361 ducunt;
1863 1307 2138 1370 stuprum,

542 1371 999 1436 quemadmodum
1042 1378 1252 1434 scelesti
1299 1379 1443 1448 laici,
1490 1394 1814 1454 sequuntur,
1864 1398 2030 1460 atque
2070 1393 2138 1447 ad

542 1455 837 1514 nefandum
867 1462 971 1518 hoc
997 1480 1135 1535 opus
1167 1470 1493 1536 patrandum
1516 1482 1669 1530 tanto
1694 1486 1823 1531 sunt
1849 1455 2139 1540 validiores

539 1556 748 1615 quanto
781 1566 812 1604 a
856 1560 1072 1610 terreno
1118 1558 1303 1613 labore
1336 1562 1521 1617 minus
1557 1568 1838 1636 Oppressi;
1887 1571 2138 1630 videlicet

536 1638 779 1697 viventes
805 1644 871 1697 de
899 1645 1045 1702 dono
1078 1647 1189 1704 Dei.
1230 1651 1484 1710 Christus
1512 1664 1694 1713 autem
1728 1658 1782 1713 in
1810 1660 1927 1717 suis
1967 1678 2134 1720 econ—

537 1737 617 1785 tra
665 1733 931 1792 ministris
987 1747 1191 1796 tantam
1222 1746 1546 1803 munditiam
1581 1752 1778 1821 quierit
1816 1763 1870 1809 et
1914 1767 2134 1828 exoptat

533 1828 595 1875 ut
628 1836 737 1877 non
771 1825 947 1881 solum
977 1828 1035 1883 in
1081 1844 1263 1901 opere,
1301 1850 1489 1891 verum
1528 1839 1693 1895 etiam
1743 1845 1921 1915 stupri
1951 1825 2131 1904 scelus

530 1909 835 1969 damnet'in
865 1917 1049 1985 corde,
1078 1920 1266 1979 dicens
1291 1943 1303 1979 :
1334 1945 1353 1976 ε
1382 1926 1487 1994 Qui
1520 1929 1715 1986 viderit
1742 1909 2025 1994 mulierem
2058 1942 2124 1997 ad

529 2004 1021 2073 concupiscendam
1052 2025 1200 2080 eam,
1248 2014 1364 2085 jam
1410 2020 1720 2079 moechatus
1763 2035 1848 2080 est
1893 2043 2016 2083 eam
2066 2030 2121 2085 in

527 2094 689 2151 corde
728 2111 829 2154 suo
864 2099 1084 2171 (Matth.
1118 2121 1171 2172 v,
1202 2106 1320 2180 28.)
1352 2129 1369 2161 ι
1413 2110 1623 2179 Redite,
1653 2115 2016 2188 dilectissimi,
2053 2123 2121 2178 ad

526 2186 693 2242 corda
722 2200 922 2259 vestra,
970 2196 1181 2253 redite:
1208 2208 1261 2255 et
1308 2217 1524 2259 sumere
1552 2221 1764 2276 verum,
1812 2210 2122 2286 falsumque

527 2291 784 2347 respuere
821 2282 1032 2341 discite.
1078 2287 1215 2346 Nam
1260 2304 1491 2351 conatus
1525 2314 1648 2353 sum
1699 2317 1821 2358 reos
1863 2306 2121 2363 reducere

523 2366 593 2421 ad
622 2383 779 2424 suam
807 2371 1010 2442 lucem;
1066 2379 1161 2433 sed
1210 2383 1448 2453 nequivi.
1500 2384 1570 2442 Ut
1621 2390 1765 2445 enim
1796 2408 1896 2449 vos
1923 2396 1992 2451 ad
2020 2412 2118 2454 νεα

524 2464 694 2515 stram
727 2461 1005 2532 reducam,
1053 2468 1163 2523 huc
1209 2471 1331 2528 ideo
1374 2478 1526 2544 veni;
1560 2489 1614 2535 et
1652 2481 1755 2538 hoc
1789 2495 1881 2541 aut
1917 2486 2113 2557 fecero,

519 2558 617 2604 aut
643 2565 742 2620 pro
780 2566 958 2612 vestra
1000 2560 1175 2617 salute
1209 2578 1430 2633 paratus
1476 2585 1597 2624 sum
1648 2574 1888 2631 animam
1936 2593 2114 2637 meam

518 2643 733 2699 tradere
762 2648 957 2717 gladio.
1004 2650 1129 2709 Haec
1172 2664 1226 2710 et
1273 2657 1649 2729 hujuscemodi
1698 2669 1979 2739 complura
2033 2674 2116 2728 vir

519 2730 617 2789 Dei
650 2734 779 2795 dum
812 2739 1055 2811 diceret,
1084 2745 1141 2800 in
1172 2750 1352 2805 verbis
1379 2752 1501 2822 ejus
1535 2755 1687 2824 plebs
1714 2730 2109 2821 fere-universa

518 2825 600 2886 sic
624 2836 708 2883 est
735 2845 966 2888 accensa
1009 2845 1089 2904 ut,
1154 2857 1292 2911 quos
1328 2853 1552 2901 eatenus
1597 2863 1856 2907 venerata
1894 2864 2015 2910 erat
2053 2866 2112 2913 ut

513 2914 717 2972 Christi
747 2923 1050 2995 ministros,
1078 2929 1348 2989 damnans
1371 2936 1734 3005 proclamaret
1761 2940 1856 2997 Dei
1899 2944 2106 3016 hostes,

513 3007 934 3084 animarumque
962 3017 1298 3091 deceptores.

1139 3133 1369 3193 CAPUT
1404 3139 1467 3196 Π.

509 3210 790 3283 Arialdus,
822 3222 1021 3315 sociant
1050 3223 1379 3313 .Lartdztlfum
1409 3244 1618 3304 nactus,
1648 3238 1871 3298 Romam
1900 3246 2099 3315 abit,et

790 3292 943 3345 ambo
984 3295 1199 3365 injuriis
1228 3292 1513 3371 impiorum
1535 3292 1809 3368 venantur:

509 3463 689 3519 medio
714 3470 1077 3531 multitudinis
1102 3494 1332 3552 surgens
1355 3487 1578 3556 quidam
1605 3492 1857 3563 clericus,
1875 3500 2096 3556 nomine

508 3553 863 3630 Landulphus
889 3566 987 3637 (6),
1011 3570 1078 3624 de
1109 3573 1334 3631 urbanis
1355 3553 1744 3641 excellentibus
1772 3553 1882 3644 tam
1902 3553 2094 3649 ordine

504 3662 671 3719 quam
701 3655 944 3726 natione,
970 3660 1135 3717 nimis
1178 3674 1371 3735 potens
1403 3668 1457 3724 in
1508 3687 1642 3729 voce
1701 3685 1757 3731 et
1799 3693 2050 3737 sermone
2072 3725 2087 3749 ,

504 3738 784 3799 silentium
814 3748 985 3816 petiit.
1021 3751 1144 3819 Quo
1191 3770 1476 3827 concesso,
1525 3762 1840 3834 hujusmodi
1895 3738 2088 3829 laetife:

501 3844 620 3885 ram
647 3848 833 3891 vocem
866 3845 1134 3914 prompsit
1161 3865 1175 3901 :
1214 3848 1454 3919 Gratias,
1482 3854 1678 3927 inquit,
1711 3874 1899 3917 coram
1931 3866 2087 3923 vobis

500 3924 860 3995 omnipotenti
893 3930 1005 3988 Deo
1030 3951 1154 4007 ago,
1178 3940 1273 4009 qui
1309 3958 1457 3998 nunc
1496 3924 1582 4001 me
1622 3964 1687 4004 ea
1724 3953 1914 4009 audire
1958 3972 2084 4027 per-

499 4015 685 4085 mittit,
719 4023 860 4079 unde
884 4041 1068 4083 meum
1094 4046 1189 4085 cor
1212 4048 1307 4104 per
1332 4034 1619 4094 innumera
1646 4049 1889 4114 tempora
1932 4015 2084 4118 iane-

498 4108 620 4163 scit.
656 4111 789 4168 Nam
811 4118 939 4172 olim
969 4121 1085 4176 haec
1109 4124 1288 4182 sciens
1309 4128 1628 4201 dolensque,
1654 4108 1776 4189 ideo
1810 4108 2077 4209 taceb'am,

496 4203 755 4271 quoniam
788 4222 910 4263 cum
950 4228 1061 4281 quo
1087 4230 1149 4270 ea
1173 4216 1412 4275 dicerem
1458 4236 1565 4277 non
1606 4225 1891 4283 habebam.
1923 4228 2080 4289 Nunc

494 4308 646 4361 vero,
673 4296 890 4381 domine
914 4300 1132 4361 Arialde
1157 4310 1515 4380 charissime,
1562 4318 1688 4387 quia
1738 4319 1832 4376 Dei
1869 4323 2074 4380 donum

492 4390 546 4437 te
572 4383 719 4439 dedit
755 4374 908 4457 mihi,
970 4393 1109 4447 scito
1133 4412 1220 4451 me
1263 4401 1333 4453 ab
1388 4374 1512 4472 ipsi
1552 4374 1809 4469 collatum
1856 4412 1975 4478 tibi,
2020 4423 2076 4469 et

490 4472 687 4528 exinde
714 4477 978 4549 quidquid
1006 4481 1109 4539 hac
1141 4485 1209 4540 de
1231 4503 1290 4542 re
1318 4490 1835 4575 dixerisfecorisve,
1865 4472 2073 4561 me'fa-

488 4578 613 4620 cere
633 4574 687 4620 et
707 4569 916 4639 dicere,
948 4584 1113 4631 etme
1139 4594 1315 4634 meam
1350 4569 1793 4654 animaangsicut
1838 4601 1896 4649 tu
1938 4612 2069 4666 pro-

489 4652 670 4713 fessus
699 4674 775 4713 es'
809 4669 981 4731 tuam,
1024 4681 1123 4735 pro
1177 4670 1353 4727 salute
1398 4652 1629 4732 fratrum
1695 4695 1898 4749 ponere
1938 4652 2073 4744 Iesse

558 4857 1214 4962 (‘EZAEanntl-‘qlziu‘sjunior,
1247 4897 1295 4962 με
1321 4877 1724 4962 μκειηόιιμρὴ-ρῐηΔ
1761 4889 1828 4962 de
1867 4890 2063 4962 Cottis,

482 4925 1109 5036 I1:::l'~'hi.'t'atr‘tlordinarium
1143 4925 1574 5031 Mediolaneasis'
1601 4925 2063 5036 Ecclesia;

2252 754 2471 820 erectis,
2496 756 2743 811 omnium
2793 758 3064 816 bonorum
3111 761 3382 835 Largitori
3425 767 3735 823 immensas
3785 786 3846 826 ac

2250 843 2464 900 debitas
2488 846 2663 901 reddit
2691 849 2917 919 grat’as.

2282 966 2285 971 ι
2320 935 2406 989 15.
2443 935 2686 1008 Denique
2698 949 2824 1010 post
2846 942 2959 997 haec
2980 943 3201 1014 quidam
3224 946 3399 1003 laicus
3418 951 3837 1016 surrexitalius,
3876 979 3933 1019 χ

2246 1027 2469 1082 nomine
2514 1027 2820 1094 Nazarius.
2869 1033 3046 1090 oiiicio
3099 1039 3460 1105 monetarius,
3514 1041 3678 1111 cujus
3733 1044 3838 1100 vita

2246 1119 2401 1174 valde
2422 1122 2632 1178 eratab
2657 1125 2916 1181 omnibus
2962 1127 3270 1196 laudabilis,
3327 1131 3459 1186 licet
3507 1134 3834 1205 conjugalis,

2243 1210 2336 1279 qui
2368 1212 2645 1269 silentium
2677 1218 2851 1285 petiit.
2880 1217 3018 1285 .Quo
3058 1232 3300 1293 accepto,
3332 1239 3520 1279 coram
3575 1228 3834 1282 omnibus

2242 1304 2349 1360 tale
2377 1321 2698 1376 responsum
2721 1310 2871 1365 dedit
2896 1330 2908 1366 :
2948 1296 3176 1369 Domine
3198 1314 3438 1381 Arialde,
3459 1331 3525 1371 ea
3550 1333 3678 1387 qua:
3696 1318 3833 1374 dicis

2238 1410 2362 1451 esse
2403 1413 2531 1453 vera
2577 1408 2632 1454 et
2679 1401 2855 1469 utilia,
2884 1418 2993 1458 non
3033 1405 3209 1460 solum
3264 1407 3549 1463 advertere
3604 1422 3832 1479 postis:

2239 1488 2530 1556 sapientes,
2559 1508 2749 1548 verum
2775 1496 2939 1551 etiam
2962 1507 3017 1553 et
3041 1502 3320 1558 vecordes.
3373 1503 3514 1570 Quis
3546 1514 3666 1561 tam
3697 1509 3820 1563 insi-

2236 1577 2391 1646 piens
2421 1590 2523 1645 est,
2548 1585 2643 1654 qui
2674 1602 2782 1641 non
2826 1588 3002 1645 lucide
3062 1608 3143 1661 pe;
3158 1595 3394 1663 pendere
3455 1598 3636 1666 possit
3683 1602 3825 1670 quod

2235 1684 2425 1725 eorum
2459 1674 2569 1729 vita
2593 1691 2716 1733 esse
2746 1679 2911 1737 altius
2930 1680 3122 1738 debeat
3145 1700 3176 1739 a
3198 1701 3316 1741 mea
3338 1686 3669 1747 dissimilis?
3689 1709 3824 1762 quos

2233 1777 2335 1833 ego
2362 1764 2416 1819 in
2439 1766 2663 1823 domum
2693 1786 2872 1826 meam
2901 1774 2969 1828 ad
3011 1775 3441 1834 benedicendum
3490 1796 3619 1837 eam
3665 1799 3819 1851 voco,

2168 1849 2207 1903 Β
2226 1854 2381 1921 juxta
2418 1873 2601 1914 meum
2631 1877 2793 1931 posse
2827 1865 3033 1933 reficio,
3069 1876 3125 1922 et
3150 1880 3272 1940 post
3311 1871 3431 1927 haec
3489 1889 3693 1931 manus

2226 1948 2485 2005 osculans
2518 1967 2721 2009 munus
2752 1955 2951 2024 offero;
2999 1967 3054 2014 et
3100 1975 3133 2015 a
3174 1962 3376 2032 quibus
3406 1967 3692 2037 mysteria,
3726 1985 3820 2038 pro

2224 2041 2425 2110 quibus
2466 2053 2726 2102 aeternam
2767 2049 2935 2104 vitam
2979 2061 3267 2123 exspecto,
3313 2057 3502 2112 omnia
3554 2061 3815 2131 suscipio.

2226 2132 2351 2202 Sed,
2384 2144 2443 2191 ut
2475 2152 2669 2195 omnes
2695 2141 3038 2212 inspicimus,
3062 2161 3173 2201 non
3198 2148 3376 2204 solum
3403 2164 3515 2205 non
3538 2153 3813 2220 mundior,

2222 2240 2411 2281 verum
2443 2228 2606 2285 etiam
2637 2231 2911 2289 sordidior
2937 2236 3223 2307 perspicue
3263 2239 3533 2296 cernitur.
3584 2240 3815 2299 Verum-

2222 2325 2402 2373 tamen
2428 2320 2532 2377 hoc
2556 2324 2736 2380 scelus
2758 2326 2839 2381 sic
2883 2328 3023 2383 scito
3070 2329 3214 2387 inter
3254 2347 3358 2388 nos
3411 2334 3720 2391 radicatam
3762 2348 3815 2394 et

2221 2408 2603 2482 inveteratum,
2620 2425 2894 2486 quatenus
2915 2429 3010 2476 aut
3027 2422 3117 2477 vix
3138 2433 3232 2478 aut
3254 2439 3378 2479 cum
3405 2428 3601 2499 grandi
3630 2429 3813 2485 labore

2218 2502 2416 2572 poterit
2446 2506 2622 2560 evelli.
2649 2505 2806 2565 Nunc
2834 2518 3014 2566 autem
3035 2555 3049 2579 ,
3073 2514 3202 2584 quia
3257 2514 3512 2589 Largitor
3563 2522 3809 2578 omnium

2215 2590 2488 2650 tonorum
2515 2597 2650 2651 mihi
2674 2607 2825 2656 tanta
2850 2604 3080 2659 contulit
3103 2606 3265 2674 bona,
3287 2624 3409 2678 qum
3437 2611 3575 2667 satis
3596 2622 3656 2667 et
3680 2611 3810 2669 mihi

2215 2681 2462 2742 suﬂiccre
2506 2700 2736 2757 possunt
2783 2700 2839 2747 et
2889 2693 3006 2760 tibi,
3047 2696 3277 2753 obsecro
3319 2706 3401 2764 te,
3427 2715 3527 2770 per
3553 2704 3808 2759 eumdem

2213 2778 2643 2851 omnipotentem
2671 2781 2985 2854 Dominum,
3012 2797 3070 2844 ut
3117 2790 3169 2844 in
3221 2790 3447 2847 domum
3500 2810 3685 2850 meam
3724 2796 3809 2852 ia-

2211 2869 2361 2938 gredi
2388 2869 2650 2943 digneris,
2676 2884 2730 2930 et
2757 2892 2821 2932 ex
2846 2879 3004 2936 bonis
3027 2882 3282 2937 omnibus
3304 2884 3465 2951 meis,
3495 2894 3559 2940 ut
3578 2903 3706 2959 ego,
3732 2890 3808 2943 ita
3852 2896 3887 2939 4

2209 2967 2263 3014 et
2295 2966 2353 3014 tu
2383 2960 2606 3030 fruaris,
2632 2976 2906 3036 quatenus
2935 2979 3027 3026 tua
3057 2973 3438 3031 exhortatione
3479 2979 3708 3034 assidua
3737 2982 3805 3036 ab

2209 3049 2312 3107 hoc
2336 3069 2522 3110 errore
2554 3056 2796 3126 liberari,
2826 3072 2880 3117 et
2920 3063 2974 3117 in
3004 3065 3153 3119 omni
3197 3067 3422 3123 veritate
3484 3071 3801 3127 conﬁrmari

2206 3144 2502 3212 possimus,
2536 3156 2644 3203 tam
2670 3166 2771 3222 ego
2801 3169 2968 3223 quam
3003 3155 3119 3212 haec
3156 3158 3306 3228 plebs
3342 3160 3625 3219 universa.
3660 3164 3801 3219 Cave

2203 3249 2272 3289 ne
2308 3236 2377 3293 ad
2403 3241 2722 3311 sanguinem
2755 3245 2924 3300 al:qu
2957 3248 3023 3303 de
3045 3265 3155 3320 quo
3176 3261 3330 3306 ortus
3359 3268 3439 3320 es,
3465 3264 3520 3309 et
3550 3257 3621 3311 ad
3643 3271 3798 3327 opem

2199 3327 2426 3383 multam
2465 3346 2573 3402 qua
2599 3334 2792 3405 polles,
2825 3337 2999 3409 inspic
3022 3357 3113 3409 as,
3149 3358 3215 3397 ne
3253 3342 3416 3410 forte,
3452 3361 3796 3404 sacramentc

2195 3431 2296 3485 pro
2310 3432 2422 3488 quo
2445 3428 2497 3474 te
2512 3422 2760 3497 adjuravi
2784 3438 2991 3497 spreto,
3016 3446 3127 3486 non
3153 3447 3274 3503 quae
3294 3432 3410 3501 Dei,
3436 3437 3533 3492 sed
3557 3454 3683 3508 qua:
3709 3448 3797 3495 tua

2195 3517 2324 3563 sunt
2349 3526 2599 3581 quaerere
2634 3517 2891 3574 videaris.

2265 3602 2351 3657 14.
2397 3603 2492 3660 Vir
2522 3616 2705 3663 autem
2737 3608 2951 3668 Domini
2989 3614 3106 3671 haec
3147 3618 3396 3687 audiens,
3429 3630 3488 3676 et
3518 3624 3777 3694 magnitu-

2190 3694 2371 3749 dinem
2402 3698 2818 3769 conjurationis,
2858 3713 2912 3759 et
2944 3703 3147 3762 famam
3175 3709 3276 3764 viri
3306 3712 3575 3781 Optimam
3608 3716 3775 3770 consi-

2187 3787 2406 3853 derans,
2443 3791 2627 3847 omnia
2664 3802 2902 3862 terrena,
2938 3813 3061 3869 quae
3108 3801 3212 3855 sibi
3258 3804 3515 3859 resistere
3539 3817 3784 3875 possent,

2186 3879 2536 3948 conculcans,
2595 3883 2650 3938 in
2692 3885 2919 3942 domum
2951 3904 3009 3945 se
3050 3890 3199 3960 juste
3227 3893 3511 3950 invitantis
3555 3898 3781 3953 librum

2185 3966 2426 4037 intravit,
2463 3980 2519 4026 et
2556 3988 2654 4043 per
2691 3977 2846 4045 plura
2892 3989 3135 4049 tempora
3164 3981 3389 4039 Marthze
3416 4001 3561 4055 opus
3606 3989 3678 4042 ab
3719 4007 3781 4043 ιο

2181 4057 2411 4116 ﬁdeliter
2456 4066 2723 4134 sumpsit;
2776 4077 2830 4123 et
2868 4072 3014 4141 quod
3059 4084 3315 4144 operatus
3350 4085 3436 4132 est
3485 4076 3689 4134 Petrus
3726 4083 3777 4136 in

2178 4148 2431 4207 Cornelio
2480 4156 2705 4226 suisque
2743 4160 2957 4229 amicis,
3008 4174 3267 4234 operatus
3299 4166 3561 4225 Arialdus
3607 4182 3691 4226 est
3724 4173 3776 4227 in

2102 4544 2149 4604 υ
2176 4516 2347 4588 (Isai.
2379 4536 2486 4589 xu,
2530 4524 2656 4594 l9),
2694 4530 2885 4597 procul
2921 4530 3088 4586 dubio
3104 4542 3197 4589 est
3239 4536 3600 4607 completum,
3633 4556 3768 4611 qua-

2175 4617 2332 4666 tenus
2360 4613 2528 4669 altera
2562 4628 2770 4675 mentes
2798 4620 3090 4690 debriaret,
3131 4625 3297 4680 altera
3333 4643 3464 4683 vero
3504 4629 3767 4685 debrian-

2171 4706 2278 4754 tem
2344 4712 2693 4763 sustentaret.
2754 4709 3182 4773 Exhortantibus
3237 4718 3477 4791 denique
3540 4723 3766 4779 Arialdo

2168 4789 2600 4869 Landulphoque
2626 4801 2703 4871 (7)
2727 4805 2987 4874 populum
3010 4806 3151 4863 ﬁdeli
3171 4819 3223 4865 et
3238 4789 3461 4868 assidua
3485 4814 3759 4883 doctrina,

2169 4910 2348 4986 tuetur,
2378 4919 2589 4986 eosque
2611 4913 2944 4986 sacerdotes,
2973 4918 3068 4986 qui
3111 4919 3182 4974 ab
3221 4921 3445 4979 urbanis
3475 4927 3759 4983 munditiis

2167 4969 2261 5036 [an
2326 4969 2751 5036 immuttditiisﬂ
2808 4969 3068 5036 senarii:
3113 4969 3175 5036 EI
3223 4969 3445 5036 ξῆσῆῖξῖξ
3470 4969 3755 5036 λ’ξιῖξξιῖξλῗιῖ
