4028 5360
212 273 349 329 “19
1770 270 1967 326 ACTA.
3363 264 3501 327 “50

210 370 519 460 inquiritur.
551 383 783 457 Cognita
823 397 1062 455 namque
1091 398 1279 451 causa,
1311 383 1606 441 nefandum
1637 384 1797 440 cleri~
1823 394 1871 452 Α
1899 394 2106 453 cerent,
2134 386 2322 442 vineas
2345 394 2401 443 et
2430 386 2596 443 silvas
2635 385 2976 456 introgressi,
3018 382 3227 441 alienas
3249 382 3502 444 incidunt

210 468 798 543 cum‘circumdedere,
841 490 1077 546 eumque
1117 491 1290 533 cornu
1338 476 1521 531 toxico
1570 476 1792 547 plenum
1895 485 1953 533 et
1978 476 2332 533 decorticant.
2370 475 2760 533 Verumtamen
2798 475 2908 531 Deo
2933 476 3139 547 gratias
3171 491 3340 546 agens
3368 492 3499 547 pro~

210 572 494 647 habentem
522 567 821 636 reperiunt.
854 564 1146 622 Mterentes
1179 581 1331 637 ergo,
1372 583 1697 637 percussum
1743 575 1797 623 et
1899 568 2054 625 titeor
2120 578 2311 640 postea
2373 585 2463 624 me
2510 569 2715 625 vidisse
2773 583 3015 639 persmpe
3068 569 3217 639 ipsas
3273 569 3502 630 arbores

208 676 331 717 eum
361 660 455 731 qui
474 658 748 729 percussit
776 658 1071 728 accipiunt,
1104 673 1170 713 ac
1197 657 1277 713 sic
1310 658 1378 712 ad
1407 658 1631 713 domum
1656 657 1800 713 Lan-
1902 664 2018 721 suis
2058 663 2362 721 cultoribus
2411 662 2721 719 uberrimos
2764 661 2980 718 fructus
3025 663 3253 719 reddere
3294 678 3501 735 easque

210 742 394 822 dulpbi
445 757 703 822 pergunt;
744 757 799 804 et
845 749 1019 820 ipsius
1049 749 1260 804 obitum
1295 748 1547 819 protinus
1574 758 1802 820 praesto-

160 850 167 857 ‘
211 843 390 901 lantur
431 841 747 896 affuturum.
799 837 904 896 Sed
958 839 1143 912 magni
1194 840 1428 911 prodigii
1476 841 1804 898 evidentiam

211 926 338 987 tunc
365 931 606 987 ostendit
633 930 779 986 Deus
816 931 1183 1004 omnipotens,
1230 939 1291 985 ut
1335 946 1495 987 servo
1537 948 1639 988 suo
1668 932 1806 987 nihil

213 1022 331 1096 p'lus
361 1040 633 1079 venenum
668 1023 926 1089 alliceret,
961 1023 1424 1092 quemadmodum
1459 1024 1506 1079 si
1541 1039 1682 1094 aqua
1716 1040 1813 1101 es-_

214 1124 311 1172 set.
354 1114 490 1169 Nam
529 1116 702 1170 isdem
741 1113 1026 1185 professus
1063 1122 1148 1170 est
1185 1114 1419 1170 clericus
1472 1130 1531 1170 se
1565 1115 1699 1170 illud
1752 1116 1810 1172 in

214 1208 461 1279 pluribus
503 1207 804 1277 pecudibus
832 1190 1132 1277 probasse;
1183 1222 1306 1277 quae
1350 1216 1410 1263 ut
1459 1207 1815 1285 deglutivere,

215 1310 419 1355 cuncta:
448 1307 572 1370 post
603 1299 888 1369 paululum
930 1299 1041 1353 vita
1082 1307 1397 1354 caruerunt.
1444 1296 1490 1354 Ο
1531 1299 1668 1354 mira
1706 1299 1815 1354 Do-

214 1380 344 1446 mini
376 1390 649 1460 potentia!
685 1388 843 1446 Hunc
867 1391 1049 1445 virum
1082 1399 1374 1462 postquam
1407 1391 1606 1463 tetigit,
1650 1392 1816 1447 etiam

214 1482 533 1554 deglutitum
561 1482 697 1537 nulli
740 1498 940 1538 nocere
988 1483 1183 1553 quivit.
1232 1480 1388 1538 Unde
1431 1482 1548 1553 ipse
1584 1483 1818 1540 reddens

214 1575 445 1631 debitam
478 1574 588 1629 Deo
617 1574 856 1642 laudem,
884 1590 1265 1646 percussorem
1304 1574 1567 1630 clericum
1610 1575 1819 1631 dimisit

216 1658 566 1735 incolumem,
590 1666 893 1722 admonens
922 1682 991 1721 ne
1021 1664 1250 1721 ulterius
1273 1675 1481 1721 tantam
1527 1675 1821 1723 conaretur

1903 755 2083 810 adhuc
2116 755 2369 810 similiter
2398 755 2564 811 credo
2594 754 2771 809 facere
2796 754 2929 823 (l4).

2526 863 2758 921 CAPUT
2792 862 2878 919 ΙΙΙ.

1908 958 2044 1012 Acta
2091 956 2147 1013 S.
2178 930 2391 1012 Ariatth'
2430 966 2617 1011 contra
2658 955 3010 1029 Simoniacos,
3057 973 3186 1027 quos
3244 966 3498 1029 tauquam

2264 1029 2540 1083 hwrett'cos
2584 1028 2860 1108 fugiendos
2905 1028 3144 1084 docebat.

1980 1120 2071 1176 20.
2108 1120 2213 1176 Per
2244 1121 2389 1176 idem
2430 1129 2645 1192 tempus
2690 1120 2896 1176 Christi
2949 1119 3162 1186 famuli,
3213 1130 3503 1179 cernentes

1915 1227 2135 1269 omnem
2166 1213 2429 1284 populum
2456 1214 2525 1269 ad
2554 1213 2892 1283 sequendum
2937 1211 3204 1283 quidquid
3259 1212 3509 1270 dicerent

1916 1320 2040 1360 esse
2068 1304 2579 1375 promptissimum,
2609 1303 2677 1358 de
2714 1301 3024 1358 Simoniaca
3068 1318 3235 1373 quam
3280 1310 3510 1359 eatenus

1916 1396 2272 1463 reticuerant,
2301 1396 2480 1467 palam
2502 1394 2654 1466 loqui
2684 1393 2969 1464 incipiunt.
3004 1393 3250 1461 Quorum
3299 1394 3512 1465 primus

1920 1488 1976 1544 in
2011 1489 2212 1544 virtute
2240 1487 2481 1543 scicntia:
2526 1495 2582 1541 et
2623 1486 2955 1553 sanctitatis,
2986 1486 3195 1542 scilicet
3234 1485 3509 1552 Arialdus,

1919 1581 2048 1635 licet
2067 1579 2160 1634 illo
2179 1579 2524 1649 eloquentior
2546 1587 2693 1634 esset
2714 1577 3086 1648 Landulphus,
3108 1578 3175 1634 de
3198 1576 3511 1636 Simoniaca

1922 1682 1977 1728 et
2004 1682 2195 1729 contra
2232 1672 2407 1742 ipsam
2437 1671 2545 1725 tale
2572 1670 2859 1726 exordium
2882 1669 3107 1741 protulit
3128 1671 3195 1726 ad
3223 1670 3508 1740 populum.

219 1760 726 1830 prtesumptionem.
775 1758 922 1814 Idem
965 1773 1099 1814 vero
1140 1752 1396 1827 clericus,
1448 1775 1549 1831 sua
1592 1774 1822 1817 cernens
1856 1736 1898 1792 Β
1924 1762 2163 1830 Gratias,
2194 1736 2393 1832 inquit,
2423 1759 2801 1827 dilectissimi,
2828 1736 3190 1829 omnipotenti
3224 1736 3339 1814 Deo
3390 1759 3515 1815 red-

216 1852 522 1919 molimina,
569 1852 741 1907 nimio
778 1851 961 1908 studio
999 1851 1303 1922 exquisita,
1337 1868 1369 1906 a
1416 1849 1513 1907 Dei
1546 1851 1823 1906 evidenter

213 1940 407 1999 virtute
434 1944 740 2011 exinanita,
771 1943 986 2014 sibique
1020 1945 1091 1999 ab
1127 1944 1248 2015 ejus
1284 1940 1493 1998 famulo
1526 1959 1626 2014 pro
1662 1943 1822 1999 malis

216 2035 462 2107 impensa
512 2037 692 2105 bona,
743 2036 908 2091 corde
954 2044 1352 2106 compunctus,
1399 2035 1614 2090 veniam
1646 2035 1821 2104 petiit,

213 2127 346 2183 tanti
383 2127 613 2184 sceleris
658 2128 966 2183 incentores
1011 2127 1291 2197 prodidit,
1340 2142 1400 2182 se
1446 2126 1678 2181 ulterius
1717 2127 1822 2187 tale

215 2219 342 2290 quid
366 2217 598 2273 minime
625 2217 816 2273 conari
852 2216 1125 2288 promisit,
1165 2224 1219 2271 et
1264 2225 1545 2288 postremo
1587 2215 1667 2271 sic
1709 2215 1823 2270 dis-

217 2298 379 2368 cessit
436 2360 439 2365 .

290 2405 372 2460 l8.
414 2404 524 2459 Per
552 2403 695 2460 idem
720 2413 939 2475 tempus
968 2403 1153 2479 clerici
1193 2402 1518 2479 suburbani,
1554 2401 1608 2455 in
1652 2416 1823 2458 unum

223 2495 633 2561 convenientes,
660 2495 727 2549 ad
754 2494 988 2549 invicem
1018 2478 1208 2549 dicunt
1234 2513 1246 2547 :
1273 2492 1415 2561 Quid
1439 2492 1714 2546 facimus?
1743 2490 1823 2546 En

226 2587 492 2661 Arialdus,
522 2586 615 2657 qui
640 2602 741 2642 nos
774 2596 1106 2657 nostrasque
1134 2584 1369 2639 familias
1399 2582 1746 2640 conturbavit
1773 2591 1826 2637 et

225 2677 498 2747 dispersit,
530 2677 583 2729 in
611 2676 744 2731 urbe
767 2676 1084 2741 conclusus,
1117 2683 1279 2745 atque
1302 2689 1333 2727 a
1363 2673 1564 2743 populo
1589 2672 1827 2727 circum-

227 2765 400 2831 datus,
418 2766 719 2832 inhabitat;
746 2765 996 2834 ideoque,
1016 2772 1077 2818 ut
1095 2780 1223 2819 eum
1242 2764 1597 2834 perimamus,
1614 2778 1826 2833 nequa-

226 2871 387 2926 quam
417 2856 727 2926 pertingere
750 2853 1015 2909 valemus.
1060 2853 1120 2907 Si
1157 2865 1338 2909 autem
1380 2854 1485 2908 hoc
1510 2854 1825 2935 nequimus.

229 2944 483 3002 damnum
524 2948 898 3017 dedecusque,
947 2947 1096 3017 quod
1140 2962 1460 3017 possumus,
1506 2945 1584 3000 illi
1631 2946 1827 3001 saltem

1921 1856 2050 1911 dere
2081 1854 2369 1922 debemus,
2394 1852 2489 1923 qui
2517 1852 2668 1911 dedit
2704 1852 2859 1907 vobis
2885 1852 3021 1907 velle
3047 1866 3172 1923 qua:
3218 1852 3335 1907 vult
3375 1851 3512 1923 ipse.

1925 1945 2077 2002 Scire
2104 1961 2201 2003 vos
2227 1913 2449 2018 quidem
2476 1944 2731 2000 volumus
2757 1943 2903 2014 quod
2926 1913 3168 2000 laborem
3192 1957 3311 2002 non
3338 1913 3533 1999 modi-9

1923 2055 2069 2106 cum,
2094 2054 2256 2110 quem
2279 2053 2455 2108 usque
2479 2038 2642 2094 modo
2660 2044 2855 2097 contra
2881 2035 3229 2093 insolentiam
3252 2035 3516 2107 conjuga‘

1924 2141 2107 2189 torum
2132 2131 2618 2200 adulterorumque
2641 2129 2980 2200 sumpsimus
3007 2129 3374 2196 sacerdotum,
3399 2144 3517 2184 ma-

1923 2226 2007 2295 gis
2042 2237 2144 2279 nos
2201 2220 2399 2277 fecisse
2439 2220 2765 2283 necessitate
2806 2235 2972 2291 quam
3010 2219 3308 2295 voluntate.
3354 2216 3516 2285 Nam,

1923 2294 2107 2367 utrum
2134 2311 2376 2367 haeretici
2402 2325 2607 2366 uxores
2643 2311 2976 2366 habeant'an
3017 2326 3150 2379 non,
3193 2294 3347 2381 parvi
3381 2326 3517 2380 pen-

1924 2403 2126 2458 dimus.
2156 2401 2562 2471 Aspicientibus
2587 2417 2718 2473 ergo
2739 2402 2807 2457 ad
2838 2402 3071 2458 invicem
3117 2417 3177 2459 se
3229 2402 3428 2469 turbis,
3461 2412 3518 2458 et

1925 2491 2318 2559 admirantibus
2346 2507 2447 2553 cur
2496 2491 2601 2546 hoc
2652 2492 2876 2557 diceret,
2928 2492 3128 2561 adjecit
3179 2510 3193 2546 :
3241 2490 3515 2557 Audistis,

1926 2582 2255 2650 cbarissimi,
2283 2583 2412 2637 dum
2445 2583 2714 2653 legeretur
2761 2583 2897 2638 liber
2947 2583 3184 2641 Actuum
3232 2583 3514 2653 apostolo-

1927 2690 2071 2741 rum,
2104 2674 2319 2730 venisse
2379 2671 2661 2729 Simonem
2712 2673 2930 2744 Magum
2983 2674 3053 2730 ad
3102 2673 3163 2729 Β,
3206 2675 3518 2745 apostolum

1927 2766 2170 2834 Petrum,
2198 2775 2252 2821 et
2270 2766 2579 2837 postulasse
2607 2781 2705 2835 per
2731 2765 3021 2836 pecuniam
3061 2765 3301 2836 Spiritus
3343 2767 3521 2829 sancti

1929 2859 2182 2931 gratiam.
2207 2857 2386 2914 Lucas
2431 2857 2786 2928 evangelista,
2811 2858 2907 2928 qui
2952 2859 3058 2913 hoc
3100 2858 3339 2930 scripsit,
3385 2859 3521 2931 quid

1928 2948 2122 3002 beatus
2153 2947 2203 3000 ei
2259 2944 2458 3000 Petrus
2516 2944 2883 3015 responderit,
2934 2948 3188 3017 protinus
3224 2948 3517 3017 adjunxit:

230 3037 548 3095 inferamus.
589 3038 649 3093 ln
687 3039 810 3093 loca
838 3048 1027 3093 nostra
1055 3054 1204 3093 nunc
1248 3047 1607 3104 revertamur,
1638 3046 1692 3092 et
1725 3054 1824 3092 ex-
1852 3075 1900 3138 ο
1936 3059 1955 3092 ι
1983 3038 2220 3095 Pecunia
2248 3038 2470 3109 (inquit)
2522 3048 2615 3093 tua
2664 3046 2845 3093 tecum
2891 3038 2965 3093 sit
3016 3039 3071 3093 in
3129 3040 3521 3110 perditionem,

229 3133 442 3203 quisitis
470 3132 666 3204 gladiis
692 3132 829 3186 bene
855 3132 1053 3198 acutis,
1087 3146 1311 3185 rursum
1346 3138 1506 3185 nocte
1541 3129 1646 3184 alia
1689 3145 1825 3184 con-

230 3224 534 3291 vcniamus,
566 3241 674 3279 una
704 3224 853 3291 illuc,
885 3224 977 3279 ubi
1002 3222 1152 3278 idem
1188 3230 1472 3288 estortus,
1510 3232 1823 3293 pergamus,

230 3308 283 3370 et
302 3316 393 3369 ubi
416 3315 602 3371 adhuc
623 3314 751 3370 cum
789 3315 906 3371 suis
929 3330 1126 3385 magna
1156 3313 1323 3384 pollet
1342 3312 1700 3384 'psssessione
1727 3328 1826 3382 pa-

233 3405 498 3473 rentibus,
528 3413 691 3476 atque
712 3406 780 3461 ad
803 3404 1158 3475 ignominiam
1182 3403 1302 3474 ejus
1322 3403 1632 3471 ecclesiam,
1662 3420 1828 3474 quam

232 3496 360 3551 olim
388 3497 667 3568 impendio
688 3497 910 3568 proprio
932 3496 1260 3563 construxit,
1293 3495 1560 3551 violemus
1589 3504 1641 3551 et
1668 3496 1830 3552 dissi-

234 3602 452 3657 pemus;
496 3589 723 3644 arbores
763 3604 894 3643 vero
933 3594 1244 3653 castaneas,
1288 3603 1428 3658 quas
1464 3587 1628 3642 habet
1670 3588 1831 3642 innu-

235 3692 432 3743 meras,
481 3678 902 3746 decorticemus,
952 3679 1142 3734 vineas
1183 3687 1387 3746 autem,
1424 3678 1626 3750 quibus
1666 3680 1831 3736 nimis

234 3765 496 3833 abundat,
544 3767 871 3822 incidamus.
910 3767 1132 3822 Interim
1172 3768 1394 3838 quidem
1429 3784 1497 3822 ex
1533 3769 1693 3823 nobis
1728 3770 1832 3823 ali-

236 3855 328 3924 qui
357 3856 485 3912 illuc
520 3867 749 3928 pergant
781 3857 836 3911 in
877 3858 964 3913 die
985 3858 1080 3928 qui
1115 3858 1292 3928 ipsius
1318 3857 1640 3913 substantia:
1678 3859 1834 3928 plene

239 3945 439 4001 habent
473 3947 743 4013 notitiam,
776 3947 964 4001 vineas
1006 3947 1125 4016 ejus
1154 3958 1208 4001 et
1235 3947 1401 4001 silvas
1436 3946 1716 4001 evidenter
1740 3947 1835 4001 de—

238 4036 483 4107 signent,
513 4047 574 4092 ut
598 4054 707 4093 non
730 4046 859 4092 tunc
890 4037 1020 4108 quid
1048 4046 1307 4108 appareat
1347 4037 1404 4091 in
1447 4055 1558 4109 quo
1586 4039 1711 4109 quis
1748 4054 1835 4093 er-

240 4148 359 4190 rare
387 4136 602 4190 debeat.

240 4327 391 4374 extra
418 4319 601 4374 vicum
635 4318 746 4389 (15)
779 4319 1076 4390 reperiunt,
1122 4335 1290 4389 quam
1334 4321 1513 4391 ruptis
1557 4322 1711 4378 ostiis
1752 4322 1836 4375 in—

1929 3129 2055 3203 quia
2086 3127 2411 3184 existimasti
2435 3127 2641 3182 donum
2665 3126 2761 3181 Dei
2784 3128 3013 3214 pecunia
3048 3129 3318 3199 possideri
3374 3129 3519 3202 (Act.

1930 3237 2048 3287 vni,
2079 3219 2193 3291 20).
2227 3238 2247 3272 ι
2290 3219 2432 3286 Quid
2453 3225 2539 3274 est
2559 3218 2706 3283 hoc?
2734 3215 2927 3273 Nonne
2952 3218 3056 3274 iste
3077 3218 3167 3275 ille
3196 3218 3413 3287 Petrus,
3429 3221 3522 3276 cui

1931 3314 2236 3386 septuagies
2297 3313 2500 3383 septies
2555 3310 2803 3382 peccanti
2844 3309 3001 3366 fratri
3044 3312 3315 3369 dimittere
3356 3313 3524 3385 jussit

1908 3405 2231 3487 Dominus?
2270 3402 2493 3475 (Matth.
2525 3418 2681 3471 xvm,
2708 3402 2825 3474 22.)
2860 3401 2959 3459 Est
3001 3404 3209 3476 utique.
3245 3403 3352 3460 Sed
3373 3405 3522 3462 hunc

1933 3514 2041 3553 non
2065 3498 2342 3569 prospexit
2362 3497 2415 3551 in
2442 3512 2500 3553 se
2528 3511 2630 3551 nec
2655 3496 2730 3578 in.
2747 3497 3026 3552 hominem
3059 3512 3288 3568 peccare
3315 3497 3521 3554 solum—

1933 3591 2121 3659 modo,
2148 3592 2242 3646 sed
2276 3590 2333 3645 in
2371 3589 2564 3645 Deum.
2599 3586 2738 3642 Nam
2778 3589 2944 3645 nimis
2988 3589 3161 3644 isdem
3217 3587 3280 3643 Β.
3322 3587 3522 3643 Petrus

1932 3691 2231 3754 peccasset,
2264 3682 2309 3737 si
2327 3690 2607 3736 auctorem
2632 3682 2771 3737 tanti
2801 3692 2983 3738 reatus
3010 3682 3222 3738 silendo
3252 3682 3518 3752 proficere

1936 3774 2156 3840 sineret,
2179 3781 2234 3827 et
2256 3771 2677 3827 mstimationem
2698 3780 2865 3828 tanta:
2888 3773 3145 3843 nequitize
3170 3773 3227 3829 in
3258 3774 3377 3846 ipsa
3418 3790 3521 3830 sua

1935 3866 2117 3920 radice
2143 3864 2366 3919 minime
2393 3864 2732 3920 damnasset.

2009 3956 2095 4011 2|.
2121 3956 2276 4023 Quod
2296 3956 2720 4027 lacrymabiliter
2745 3955 3031 4027 validoque
3057 3957 3247 4012 dolore
3276 3956 3516 4028 profero.
3542 3948 3568 4013 γ’

1937 4049 2077 4105 Ecce
2110 4047 2439 4118 nefas,quod
2464 4048 2841 4118 apostolorum
2868 4048 3120 4119 princeps
3148 4050 3203 4115 in
3232 4049 3350 4119 ipsa
3372 4050 3522 4105 testi-

1841 4154 1871 4171 ’λ
1938 4142 2175 4196 motione
2212 4148 2427 4196 aeternae
2450 4139 2744 4210 perditioni
2776 4140 3026 4205 tradidit,
3056 4155 3153 4211 per
3201 4140 3521 4196 universum

310 4227 396 4282 19.
439 4226 610 4281 Nocte
649 4226 813 4297 igitur
853 4226 1187 4282 conveniunt
1220 4227 1503 4295 condicta,
1544 4222 1867 4284 ecclesiam'

1939 4249 2075 4306 pene
2108 4232 2507 4288 mundum’sic
2551 4232 2763 4287 obtinet
2815 4232 3203 4303 principatum,
3249 4242 3523 4302 quatenus

1937 4325 2119 4379 nullus
2144 4322 2213 4377 ad
2239 4323 2482 4393 regimen
2512 4322 2824 4395 pontificale
2844 4322 2927 4377 vel
2955 4322 3289 4388 abbaticum,
3312 4322 3426 4377 sive
3452 4320 3519 4375 ad

242 4419 406 4463 trant.
459 4410 645 4465 Altare
686 4409 947 4481 frangunt
980 4418 1033 4466 et
1063 4412 1290 4479 violant,
1332 4422 1636 4483 caeteraque
1678 4423 1836 4468 uten-
1869 4418 1912 4472 D
1937 4414 2170 4470 officium
2200 4412 2578 4491 qualecunque
2612 4412 3044 4471 ecclesiasticum
3079 4412 3377 4482 perveniat,
3411 4411 3521 4466 nisi

244 4498 360 4555 silia
398 4501 688 4571 dissipant,
724 4511 779 4558 et
805 4504 1062 4570 dedecus,
1095 4506 1240 4574 quod
1273 4505 1517 4561 infelices
1539 4506 1839 4575 nequibant

245 4590 469 4658 famulo,
506 4593 683 4650 facere
712 4612 820 4650 non
853 4603 983 4649 sunt
1017 4596 1174 4649 veriti
1214 4595 1466 4651 Domino.
1505 4595 1679 4651 Porro
1711 4612 1836 4651 cum

245 4684 312 4737 ad
353 4685 666 4756 designatas
703 4688 928 4742 arbores
966 4686 1266 4759 vineasque
1311 4688 1510 4742 vellent
1555 4689 1837 4753 accedere,

249 4772 382 4829 sicut
412 4776 519 4846 ipsi
560 4787 747 4847 postea
791 4777 1025 4850 professi
1056 4790 1184 4836 sunt
1218 4780 1534 4847 morientes,
1581 4798 1708 4838 cum
1749 4780 1837 4835 in-

247 4868 390 4935 genti
419 4876 629 4925 ter-rore
656 4879 805 4925 tanta
831 4888 863 4926 a
884 4871 1035 4940 justo
1058 4871 1152 4928 Dei
1178 4872 1388 4943 judicio
1436 4882 1565 4928 sunt
1601 4873 1835 4946 perculsi

247 4958 513 5027 cmcitate,
553 4969 615 5017 ut
654 4979 832 5034 neque
863 4963 956 5017 ubi
984 4975 1188 5033 essent,
1231 4979 1407 5033 neque
1436 4982 1551 5019 rem
1587 4968 1840 5038 designa-

247 5053 353 5101 tam
384 5048 635 5106 invenire
658 5061 900 5123 possent.
933 5050 976 5105 Ο
1004 5055 1140 5110 mira
1178 5054 1398 5107 Domini
1426 5056 1622 5124 pietas!
1669 5057 1837 5113 Suam

251 5134 498 5192 demoliri
527 5156 712 5196 casam
749 5139 1013 5212 permisit,
1055 5143 1203 5200 servi
1231 5156 1362 5195 vero
1392 5142 1477 5195 sui
1505 5146 1712 5213 optime
1750 5151 1839 5197 tu-

256 5227 360 5281 tari
394 5230 560 5284 novit.
592 5229 698 5286 Sed
728 5248 795 5287 ne
822 5228 1005 5284 miseri
1031 5232 1182 5291 illam
1223 5239 1439 5285 noctem
1485 5232 1703 5290 inanem
1740 5233 1843 5288 du-

332 5343 431 5360 Ιινι
484 5341 545 5360 17·
702 5344 737 5360 ﬂ
782 5344 814 5360 ,⁸

1941 4521 2037 4576 per
2066 4506 2266 4585 ipsum.
2293 4503 2448 4570 Quis,
2474 4521 2596 4574 qum
2616 4506 2862 4560 dicturus
2902 4518 3028 4557 sum
3056 4502 3228 4569 audit,
3254 4511 3309 4557 et
3335 4502 3527 4559 dolens
3572 4510 3581 4516 '

1942 4609 2052 4647 non
2086 4593 2459 4661 obstupescit?
2482 4592 2563 4647 En
2590 4593 2864 4659 Christus,
2886 4607 3050 4647 verus
3086 4590 3385 4659 Dominus,
3418 4589 3523 4645 Pa-

1943 4694 2058 4740 stor
2083 4685 2282 4749 bonus,
2307 4700 2408 4739 suo
2431 4685 2581 4757 gregi
2608 4685 2850 4739 solemne
2877 4692 2933 4738 et
2953 4684 3196 4740 salutare
3216 4683 3531 4752 bonumque

1943 4775 2090 4830 dedit
2115 4783 2480 4845 praeceptum;
2518 4775 2665 4846 quod
2708 4774 2972 4829 oblivioni
3010 4782 3175 4831 tanta:
3227 4771 3531 4842 projectum

1944 4876 2029 4924 est
2057 4877 2116 4923 ut
2144 4882 2305 4922 nemo
2332 4878 2591 4937 appareat
2609 4867 2705 4939 qui
2729 4866 2850 4937 ejus
2877 4867 2996 4936 jam
3022 4862 3303 4924 reminisci
3316 4864 3536 4922 audeat.

1947 4958 2125 5014 Vultis
2150 4956 2338 5012 audire
2357 4957 2488 5026 quid
2501 4969 2594 5037 est
2619 4957 2783 5014 illud?
2814 4976 2833 5008 ‹
2862 4956 3082 5025 Gratis,
3104 4951 3306 5020 inquit,
3326 4957 3545 5026 accepi.

1946 5050 2066 5118 stis,
2090 5048 2259 5123 gratis
2281 5046 2404 5103 date
2427 5049 2649 5118 (Matth.
2678 5065 2736 5115 x,
2762 5046 2838 5119 8).
2871 5067 2890 5100 ι
2921 5047 3187 5114 Econtra
3209 5054 3339 5095 vero
3382 5042 3556 5119 ὶιιιρῑει

1916 5139 2228 5213 cogitatio,
2257 5152 2380 5207 quae
2404 5142 2645 5216 maligne
2689 5138 2857 5195 semel
2907 5155 3019 5206 es;
3060 5137 3257 5198 exorta
3298 5129 3358 5186 in
3409 5134 3569 5212 impii

1951 5228 2195 5286 Simonis
2220 5226 2403 5294 corde,
2427 5238 2485 5285 et
2512 5240 2636 5306 quae
2664 5230 2811 5286 illico
2868 5242 2967 5311 est
3026 5227 3291 5295 damnata
3340 5236 3374 5277 ι
3413 5233 3575 5286 tanto

2130 5341 2171 5360 Λ
2224 5340 2280 5360 -.1
2331 5341 2473 5360 -__J'_

3212 5351 3243 5360 -Α
3253 5334 3432 5360 Α“ζ“-
