4028 5360
515 328 538 381 1
552 330 646 385 151

1645 323 1743 379 SS.
1786 321 2064 377 ARIAI.DI
2101 322 2187 377 ET
2226 320 2668 378 ERLEMBALDI

3651 328 3784 384 M52

512 447 760 519 apostolo
773 442 1486 512 cumsuoauctore,ubique
1505 440 1587 495 sic
1600 449 1685 495 est
1700 456 1887 510 sparsa
1907 441 2099 494 solem-
2128 445 2171 501 Λ
2202 440 2272 495 ab
2303 441 2451 494 omni
2491 457 2549 495 re
2579 440 2827 495 smculari
2858 440 3113 510 expediti,
3147 448 3201 494 et
3229 454 3400 495 sacrae
3435 440 3571 511 legis
3619 444 3787 497 medi-

510 540 674 605 niter,
698 545 758 591 ut
780 550 947 591 nemo
974 534 1088 589 fere
1113 534 1179 588 ad
1214 532 1405 588 altaris
1433 529 1669 586 ollicium
1718 529 1959 595 accedat,
1992 528 2098 583 nisi

509 632 663 702 prius
683 639 808 702 agat
828 645 991 700 opere
1022 627 1167 698 quod
1189 625 1331 681 idem
1350 624 1609 695 cogitavit
1635 623 1884 693 nequiter
1903 621 2094 686 corde;

508 734 563 779 et
583 725 757 780 donec
781 722 957 778 eidem
975 719 1344 776 maledictioni
1372 726 1525 772 tanto
1546 714 1874 786 profundius
1891 730 1949 769 se
1967 714 2101 768 sub-

504 816 897 889 jiciat,quanto
918 828 1039 870 esse
1063 811 1309 867 noscitur
1332 810 1486 880 pejus
1511 808 1714 862 malum
1732 805 1911 860 facere
1931 819 2095 875 quam

446 922 461 977 α
510 908 771 978 cogitare.

580 999 670 1054 22.
701 996 919 1055 Utinam
946 999 1064 1053 hmo
1101 995 1412 1052 maledictio
1458 993 1581 1047 illos
1627 996 1933 1061 percuteret
1979 995 2098 1041 tan-

512 1092 794 1153 tummodo
816 1092 909 1161 qui
942 1089 1037 1145 Dei
1065 1090 1272 1145 donum
1292 1087 1526 1142 vendere
1548 1092 1643 1139 aut
1680 1097 1860 1138 emere
1890 1095 2098 1150 prmsu-

508 1195 667 1241 munt
694 1183 889 1239 audaci
916 1183 1077 1237 corde
1098 1170 1376 1250 etimpio!
1412 1176 1796 1231 Verumtamen
1838 1172 1928 1226 hic
1985 1179 2097 1224 tam

510 1279 710 1334 noxius
741 1286 824 1332 est
846 1282 1034 1331 reatus
1062 1281 1123 1327 ut
1153 1286 1260 1327 non
1299 1270 1477 1326 solum
1503 1267 1595 1338 qui
1644 1266 1854 1320 faciunt
1898 1271 1953 1317 et
2002 1262 2096 1331 qui

511 1370 881 1434 consentiunt,
910 1381 1097 1421 verum
1123 1364 1288 1419 etiam
1322 1376 1418 1418 eos
1451 1361 1546 1431 qui
1600 1357 1929 1413 facientibus
1984 1369 2095 1408 non

511 1462 776 1518 resistunt
800 1468 854 1515 et
879 1465 1214 1529 oppugnant,
1240 1456 1320 1512 sic
1342 1453 1631 1525 poenaliter
1653 1451 1875 1521 obliget,
1905 1456 2098 1519 quate—

513 1568 618 1607 nus
658 1550 1039 1606 maledictione
1097 1562 1221 1617 qua:
1260 1545 1472 1600 Simoni
1517 1560 1547 1598 a
1588 1542 1750 1596 Petro
1797 1549 1880 1594 est
1930 1538 2096 1591 illlata

512 1642 737 1697 minime
764 1642 954 1711 procul
984 1639 1153 1693 dubio
1176 1643 1420 1692 careant.
1449 1633 1525 1689 Ne
1549 1632 1690 1688 forte
1740 1629 1957 1685 mentiri
2011 1641 2097 1682 nte

512 1733 870 1799 arbitremini,
895 1731 1025 1802 quid
1054 1731 1121 1784 de
1155 1729 1258 1783 hac
1292 1742 1353 1783 re
1378 1735 1566 1782 noster
1603 1733 1870 1794 patronus
1899 1719 2099 1775 sentiat

443 1820 459 1892 1
511 1828 573 1882 B.
607 1825 953 1891 Ambrosius,
979 1822 1161 1877 audite
1203 1839 1215 1874 :
1255 1820 1330 1875 ait
1353 1819 1499 1874 enim
1528 1836 1541 1871 :
1589 1838 1606 1867 ι
1650 1812 1784 1870 Nam
1814 1823 1869 1869 et
1894 1814 2099 1882 lepram

511 1933 637 1971 eum
663 1915 811 1971 Giezi
835 1930 865 1969 a
887 1922 1080 1970 sancto
1109 1910 1421 1980 suscepisse
1442 1925 1501 1964 se
1524 1908 1753 1963 credant
1780 1905 1978 1970 Eliseo,
2005 1901 2101 1973 qui

498 2005 740 2099 gradum
769 2001 1163 2057 sacerdotalem
1191 2015 1250 2055 se
1289 1998 1607 2054 existimant
1662 1995 1912 2067 pecuniis
1951 2008 2103 2049 com-

512 2089 726 2168 parare.
753 2094 887 2149 Nam
910 2096 1055 2150 sicut
1075 2093 1434 2148 validioribus
1458 2091 1670 2147 morbis
1690 2091 1867 2161 capite
1887 2089 2099 2154 vitiato,

510 2189 786 2258 reliquum
813 2202 1038 2241 necesse
1065 2193 1152 2241 est
1171 2200 1373 2255 corpus
1400 2184 1761 2239 inundatione
1804 2180 2104 2246 superioris

514 2280 693 2335 morbi
723 2278 998 2333 letbaliter
1026 2278 1265 2348 irrigari,
1289 2276 1363 2330 ita
1398 2284 1454 2329 et
1478 2275 1514 2330 ii
1543 2275 1639 2344 qui
1669 2283 1830 2343 caput
1852 2273 2105 2326 videntur

515 2389 639 2429 esse
669 2372 948 2436 Ecclesiae,
997 2371 1191 2424 morbo
1244 2368 1506 2439 pestifero
1562 2366 1866 2422 fraternum
1911 2364 2107 2423 vitiant

518 2476 740 2535 corpus,
763 2472 828 2519 ut
854 2463 1077 2518 nihilex
1107 2463 1278 2517 totius
1324 2459 1571 2531 corporis
1604 2472 1865 2529 compage
1916 2457 2105 2513 insau-

515 2558 717 2615 ciatum
742 2556 916 2627 possit
941 2555 1199 2621 evadere;
1243 2553 1389 2624 quod
1419 2552 1804 2623 negl'gentium
1855 2550 2109 2606 sacerdo-

516 2660 632 2706 tum
677 2648 995 2704 vitiositatis
1035 2647 1242 2701 morale
1281 2661 1391 2700 non
1430 2644 1678 2700 infecerit
1727 2644 1899 2711 virus,
1942 2643 2018 2698 ita
2051 2650 2109 2697 ut

517 2743 704 2799 videas
737 2742 792 2796 in
847 2740 1090 2797 Ecclesia
1145 2739 1351 2809 passim
1420 2753 1559 2809 quos
1595 2752 1704 2792 non
1752 2737 1967 2804 merita,
2015 2733 2110 2791 sed

520 2835 771 2906 pecunia:
800 2833 868 2888 ad
896 2833 1245 2903 episcopatus
1285 2830 1532 2886 ordinem
1567 2836 1953 2899 provexerunt.
2001 2825 2110 2881 Ve-

515 2920 847 2993 rum‘amen,
874 2934 935 2981 ut
969 2926 1025 2979 in
1055 2940 1151 2979 ore
1175 2925 1410 2979 duorum
1433 2923 1517 2977 vel
1546 2923 1710 2977 trium
1743 2922 1962 2977 testium
2008 2928 2112 2974 stet

519 3035 682 3075 otnne
704 3020 930 3075 verbum
961 3018 1140 3083 (Deut.
1160 3016 1386 3087 xvn,6),
1412 3035 1428 3066 ι
1461 3015 1644 3071 audite
1669 3015 1798 3085 quid
1828 3029 1991 3083 super
2008 3013 2113 3068 hac

2199 530 2405 585 tatione
2428 530 2648 586 assidua
2673 531 2873 596 edocti,
2901 546 3090 585 verum
3137 533 3304 586 etiam
3342 546 3459 597 vos,
3511 533 3609 602 qui
3652 534 3786 588 estis

2200 624 2382 680 idiotas
2404 625 2688 695 ignarique
2712 622 3024 694 Scriptura}.
3055 619 3439 681 communibus
3465 626 3649 679 verbis
3673 626 3789 695 qui-

2200 715 2305 769 bus
2336 716 2547 780 valetis,
2574 715 2807 769 invicem
2840 732 2939 770 vos
2961 725 3154 770 cautos
3177 715 3245 769 ab
3266 715 3370 770 hac
3397 714 3642 785 nequitia
3669 717 3787 769 red-

2198 808 2326 862 dere
2366 806 2593 862 dchetis.
2652 805 2809 862 Unde
2867 805 3131 862 Dominus
3177 806 3354 861 dixit:
3396 826 3413 857 ι
3448 806 3505 861 Si
3536 808 3790 862 homines

2197 900 2488 967 tacuerint,
2511 901 2745 971 parietes
2766 900 3057 970 loquentur
3079 899 3229 969 (Luc.
3257 916 3373 966 xu,
3400 899 3513 969 40).
3548 918 3566 951 ι
3601 897 3790 954 Nonne

2197 990 2264 1046 de
2291 990 2394 1046 hac
2416 1006 2475 1046 re
2501 991 2634 1046 dicit
2659 992 2923 1061 propheta
2955 1011 2967 1045 :
3006 1012 3024 1044 ι
3063 990 3512 1061 Malcdictus,qui
3540 991 3793 1060 prohibet

2198 1084 2435 1157 gladium
2462 1101 2621 1140 suum
2638 1101 2669 1139 a
2693 1086 2994 1156 sanguine?
3018 1084 3149 1157 (fer.
3166 1101 3357 1150 XLVIII,
3375 1083 3484 1155 l0.)
3507 1103 3527 1135 ι
3555 1085 3659 1139 hoc
3685 1092 3789 1148 est,

2198 1177 2266 1231 ab
2295 1176 2673 1232 iuterfectione
2698 1178 2863 1247 hujus
2893 1178 3241 1249 nequissima!
3261 1177 3475 1232 bcliuaa.

2268 1269 2508 1325 2.l.llazc
2554 1271 2755 1340 quippe
2805 1280 2859 1324 et
2898 1270 3281 1340 hujuscemodi
3319 1270 3651 1340 qramplura
3703 1268 3788 1321 di-

2198 1370 2352 1418 cente
2380 1361 2441 1415 B.
2475 1362 2711 1430 Arialdo,
2736 1365 2791 1416 in
2817 1363 2997 1417 locum
3020 1362 3171 1416 illum
3195 1362 3443 1418 salutifer
3464 1361 3556 1415 ille
3577 1361 3789 1432 gladius

2196 1465 2280 1509 est
2306 1455 2493 1525 procul
2527 1455 2694 1509 dubio
2718 1456 2950 1521 missus,
2975 1457 3068 1526 qui
3096 1455 3278 1509 ﬁdeles
3308 1454 3501 1509 dividit
3546 1455 3618 1509 ab
3666 1454 3789 1507 inﬁ-

2197 1549 2433 1613 delibus,
2461 1553 2603 1603 etde
2626 1564 2737 1618 quo
2778 1548 2994 1604 locutus
3021 1558 3104 1603 est
3137 1548 3422 1603 Dominus.
3462 1546 3589 1601 Non
3640 1548 3788 1613 veni,

2198 1630 2610 1710 inquit,‘pacem
2634 1641 2870 1705 mittere,
2901 1641 2995 1695 sed
3022 1641 3279 1711 gladium.
3308 1638 3447 1693 Nam
3480 1638 3790 1709 Guido,qui
3870 1636 3879 1655 ‘

2199 1733 2480 1787 dicebatur
2502 1733 2967 1803 archiepisc0pus,
3007 1741 3060 1787 et
3115 1748 3242 1802 pars
3282 1733 3525 1787 maxima
3570 1732 3793 1785 clerico-
3836 1758 3851 1771 -

2204 1839 2325 1879 rum
2350 1832 2404 1880 et
2428 1824 2684 1889 militum,
2713 1840 2813 1878 nec
2843 1839 2951 1878 non
2977 1831 3033 1878 et
3056 1822 3213 1877 multi
3235 1823 3299 1877 de
3326 1822 3531 1892 populo
3576 1822 3793 1877 minore

2204 1932 2438 1987 nequam
2462 1918 2584 1983 viri,
2624 1930 2682 1972 se
2707 1924 3012 1982 cernentes,
3035 1915 3220 1970 dixere
3248 1915 3317 1969 ad
3346 1910 3579 1969 invicem
3614 1933 3628 1967 :
3668 1912 3792 1967 Haec

2204 2027 2441 2082 namque
2462 2010 2732 2077 doctrina,
2772 2008 2816 2065 si
2866 2009 2934 2063 ad
2992 2007 3297 2078 profectum
3347 2008 3580 2072 venerit,
3636 2006 3794 2060 nobis

2205 2103 2519 2173 nostrisque
2552 2102 2678 2157 filiis
2698 2099 2942 2172 profecto
2967 2101 3116 2155 nullo
3140 2099 3301 2154 modo
3342 2098 3527 2153 vivere
3554 2099 3788 2167 expedit.

2205 2191 2337 2260 Qua:
2358 2193 2503 2246 enim
2532 2200 2615 2247 est
2637 2200 2822 2246 nostra
2846 2192 2975 2256 vita,
3000 2191 3107 2244 nisi
3128 2191 3480 2245 ecclesiarum
3505 2189 3791 2253 beneﬁcia.

2206 2301 2329 2355 quae
2357 2285 2575 2340 assidue
2599 2302 2629 2338 a
2661 2284 2820 2339 nobis
2845 2284 3155 2338 venduntur
3201 2289 3254 2337 et
3296 2282 3591 2337 emuntur?
3644 2281 3794 2348 Qua-

2207 2386 2429 2448 propter
2464 2377 2650 2431 utilius
2678 2386 2766 2432 est
2790 2378 2945 2432 nobis
2970 2384 3029 2431 ut
3063 2375 3192 2431 huic
3218 2391 3371 2430 nov-.12
3398 2375 3669 2430 doctrinae
3708 2391 3794 2428 re-

2209 2470 2464 2526 sistentes
2486 2470 2806 2535 moriamur,
2821 2485 2983 2547 quam
3000 2469 3184 2524 venire
3208 2463 3349 2523 hanc
3371 2467 3440 2521 ad
3462 2465 3793 2537 profectum,
3866 2468 3881 2481 '

2208 2573 2270 2620 ut
2303 2564 2564 2629 diximus,
2592 2564 2862 2617 sinamus.
2919 2560 3155 2617 Econtra
3201 2576 3329 2614 vero
3373 2559 3442 2614 ad
3490 2559 3645 2615 viros
3701 2556 3793 2611 Dei

2210 2655 2395 2711 fideles
2426 2656 2769 2710 clamabant:
2794 2652 3137 2719 Audi‘vimus,
3182 2652 3469 2722 inquiunt,
3498 2667 3568 2705 ex
3614 2656 3795 2705 vestra

2212 2748 2515 2804 assertione
2576 2747 2919 2802 Simoniacos
2975 2746 3357 2815 hereticosque
3407 2758 3535 2799 esse
3607 2743 3797 2814 procul

2211 2840 2379 2896 dubio
2410 2839 2503 2911 qui
2534 2847 2838 2895 noscuntur
2856 2837 3055 2892 emisse
3076 2854 3139 2891 ea
3170 2853 3291 2907 quae
3322 2846 3451 2891 sunt
3472 2852 3665 2903 sacra;
3691 2852 3799 2907 quo

2214 2934 2417 2989 scelere
2443 2931 2537 3002 qui
2575 2930 2836 2985 immunis
2859 2929 2926 2985 de
2952 2928 3334 2985 sacerdotibus
3377 2928 3517 2983 inter
3564 2944 3669 2983 nos
3728 2928 3800 2982 sit

2214 3022 2334 3078 sine
2365 3021 2533 3076 dubio
2564 3018 2914 3075 manifestum
2945 3028 3048 3086 est,
3077 3019 3203 3089 quia
3242 3033 3403 3073 nemo
3423 3028 3527 3074 est.
3565 3017 3679 3074 Nos
3700 3035 3799 3073 au-

518 3120 580 3165 re
603 3109 949 3165 Μυεάίοθι
970 3106 1285 3177 Οτθεονίυει
1305 3124 1325 3157 σ
1344 3105 1457 3160 Cl"
1487 3105 1706 3176 (ἰηίιιιίι)
1742 3120 1850 3158 ηοη
1872 3103 2106 3167 "Non",
2139 3129 2181 3189 ρ
2215 3123 2344 3180 tem,
2370 3114 2497 3183 quia
2521 3113 2819 3167 Christiani
2840 3112 3095 3178 dicimur,
3112 3112 3317 3182 absque
3358 3110 3569 3166 Christi
3614 3127 3793 3165 sacra-

521 3215 622 3254 cur
656 3216 763 3255 non
800 3198 1172 3270 perpenditur,
1200 3197 1328 3267 quia
1371 3196 1677 3251 benedictio
1717 3195 1791 3249 illi
1841 3198 1896 3249 in
1942 3197 2110 3249 male—

521 3292 818 3347 dictioncm
845 3291 1199 3354 convertitur,
1227 3289 1320 3360 qui
1351 3289 1417 3343 ad
1439 3288 1564 3355 hoc,
1591 3297 1649 3342 ut
1680 3288 1772 3342 fiat
1801 3288 2109 3353 haereticus,

521 3384 839 3439 ordinatur?
876 3403 895 3434 ι
936 3382 1002 3437 Et
1042 3383 1239 3437 iterum
1306 3402 1317 3435 :
1387 3400 1405 3433 ι
1455 3379 1717 3451 Quisquis
1743 3388 1932 3435 contra
1971 3380 2113 3433 hanc

524 3476 895 3533 Simoniacam
922 3483 975 3531 et
1009 3474 1419 3546 NeOphytorum
1457 3475 1710 3528 haeresim
1764 3473 2113 3526 vehementer

524 3584 625 3639 pro
671 3567 831 3623 olIicii
887 3566 971 3622 sui
1018 3566 1454 3622 consideratione
1506 3580 1617 3620 non
1669 3564 1954 3629 exarserit,
1987 3578 2112 3618 cum

525 3662 749 3717 Simone
772 3659 927 3732 Mago
950 3675 1009 3715 se
1032 3675 1142 3713 non
1171 3658 1382 3715 dubitet
1412 3658 1610 3713 habere
1652 3657 1958 3728 partionem
2018 3655 2112 3726 qui

522 3755 676 3825 prius
721 3753 997 3810 commisit
1029 3753 1134 3806 hoc
1155 3750 1430 3821 piaculare
1465 3750 1750 3822 ﬂagitium.
1784 3770 1801 3799 ι

595 3846 682 3901 25.
725 3844 996 3912 Quoniam
1026 3845 1181 3899 locus
1214 3844 1303 3898 ille
1326 3844 1430 3899 hoc
1451 3841 1511 3897 Β.
1556 3841 1803 3914 Gregorii
1839 3855 2110 3906 sermone,

524 3940 619 3993 ubi
658 3939 970 4009 przecipitur
995 3937 1290 4007 unicuique
1329 3951 1430 4006 pro
1466 3935 1552 3991 sui
1593 3934 1754 3990 oflicii
1800 3934 2113 3990 considera-

522 4031 673 4086 tione
696 4040 889 4086 eontra
916 4028 1289 4085 Simoniacam
1318 4029 1509 4083 ardere
1534 4027 1761 4094 debere,
1787 4044 1897 4083 non
1934 4025 2114 4081 omni-

524 4125 628 4178 bus
663 4122 892 4178 forsitan
924 4121 1080 4192 plene
1102 4129 1268 4192 patet,
1303 4121 1455 4175 vobis
1484 4120 1664 4175 lucide
1694 4135 1794 4175 nos
1822 4119 2114 4188 explanare

526 4215 805 4270 condecet.
840 4214 974 4269 Tres
999 4214 1199 4285 quippe
1253 4214 1475 4269 ordines
1519 4214 1573 4266 in
1626 4222 1814 4268 sancta
1868 4210 2113 4265 Ecclesia

527 4305 796 4361 habentur
823 4322 836 4358 :
873 4320 1016 4359 unus
1037 4305 1475 4374 praedicatorum,
1502 4303 1638 4358 alter
1690 4302 2110 4366 continentium,

530 4396 722 4450 tertius
743 4394 1183 4466 coniugatorum.
1227 4395 1444 4450 Primus
1473 4409 1709 4463 namque
1733 4395 1893 4448 debet
1920 4402 2112 4448 contra

2213 3212 2397 3261 mento
2426 3206 2607 3260 vivere
2634 3206 2945 3260 nullatenus
2966 3205 3227 3259 valemus.
3268 3203 3425 3270 Quod
3449 3203 3497 3257 si
3552 3203 3623 3257 ab
3683 3203 3800 3256 istis

2213 3297 2631 3367 sumpserimus,
2656 3298 2838 3369 potius
2862 3297 3043 3352 dicitis
3088 3312 3189 3352 nos
3224 3311 3441 3351 sumere
3487 3295 3800 3350 damnatio-

2214 3406 2336 3445 nem
2371 3406 2537 3461 quam
2568 3388 2820 3455 salutem,
2856 3398 2909 3443 et
2935 3387 3056 3443 ideo
3080 3387 3166 3443 his
3200 3388 3324 3442 telis
3372 3387 3622 3456 undique
3670 3401 3803 3440 con—

2214 3481 2561 3551 stringimur,
2595 3488 2649 3535 et
2675 3479 2804 3550 quid
2836 3493 3065 3550 agamus
3095 3477 3338 3549 profecto
3365 3478 3648 3532 nescimus
3832 3542 3839 3547 ε
3870 3458 3885 3469 ’

2286 3570 2373 3626 25.
2414 3569 2625 3636 Quibus
2658 3568 2718 3623 B.
2758 3567 3014 3623 Arialdus
3052 3568 3130 3623 sic
3186 3566 3472 3638 respondit
3520 3586 3532 3621 :
3592 3564 3802 3631 Videte,

2215 3662 2412 3733 inquit,
2435 3662 2798 3729 dilectissimi,
2826 3661 2955 3715 dum
2984 3661 3097 3716 hazc
3118 3660 3328 3726 dicitis,
3373 3675 3442 3714 ne
3492 3675 3662 3730 super
3704 3674 3803 3712 vos

2215 3755 2396 3810 veniat
2432 3755 2578 3824 quod
2605 3752 2842 3824 Spiritus
2865 3763 3088 3807 sanctus
3112 3769 3205 3821 per
3239 3751 3301 3805 B.
3326 3749 3599 3806 Iacobum
3628 3751 3803 3820 loqui-

2216 3853 2304 3900 tur
2330 3845 2559 3901 dicens:
2597 3863 2614 3895 ι
2652 3843 2748 3897 Vir
2769 3844 2967 3915 duplex
2996 3843 3209 3909 animo,
3244 3843 3569 3898 inconstans
3610 3850 3697 3897 est
3748 3842 3802 3895 in
3844 3876 3851 3883 ι

2216 3935 2271 3992 in
2295 3937 2551 3993 omnibus
2581 3936 2685 3991 viis
2719 3936 2836 3991 suis
2879 3934 3019 4006 (Jac.
3054 3951 3170 4000 xix,
3198 3933 3252 4005 8)
3286 3952 3298 3989 :
3340 3953 3358 3984 ι
3435 3934 3672 4003 ideoque
3712 3933 3800 4003 qui

2214 4031 2497 4086 veritatem
2529 4030 2680 4099 cupit
2721 4028 2985 4091 veraciter
3015 4026 3278 4093 invenire,
3327 4033 3649 4081 constanter
3689 4040 3807 4080 om-

2215 4138 2339 4201 nem
2361 4122 2519 4177 debet
2549 4120 2842 4175 falsitatem
2872 4134 3147 4189 respuere.
3178 4118 3541 4189 Quapropter,
3573 4129 3636 4173 ut
3662 4118 3803 4172 veri-

2216 4222 2344 4282 tate,
2383 4229 2506 4284 qua:
2547 4212 2691 4267 Deus
2732 4220 2833 4278 est,
2876 4209 3082 4281 perfrui
3123 4210 3357 4280 perfecte
3398 4209 3665 4275 valeatis,
3716 4226 3805 4279 per

2216 4308 2393 4377 ipsum
2424 4322 2521 4361 vos
2558 4306 2808 4371 obsecro,
2855 4313 2973 4359 uta
3003 4303 3264 4359 falsorum
3305 4301 3591 4357 consortio
3631 4317 3807 4356 sacer-

2216 4398 2403 4455 dotum
2450 4397 2669 4469 penitus
2709 4412 2807 4451 vos
2850 4396 3141 4468 segregetis
3166 4437 3180 4460 ,
3226 4393 3490 4464 quoniam
3536 4393 3646 4448 luci
3686 4408 3804 4448 cum

529 4487 672 4541 hanc
722 4487 941 4553 ardere,
994 4486 1263 4542 indefessa
1315 4488 1720 4553 exhortatione;
1778 4487 2117 4541 continentes
2152 4476 2198 4534 υ
2225 4490 2480 4557 tenebris,
2506 4489 2753 4544 fidelibus
2779 4504 2904 4543 cum
2932 4487 3263 4553 inﬁdelibus,
3293 4483 3519 4541 Christo
3550 4502 3679 4540 cum
3710 4484 3804 4538 Be-

529 4579 975 4645 autem,assidua
1021 4580 1299 4646 oratione;
1354 4595 1451 4635 vos
1476 4594 1639 4651 vero,
1690 4579 1783 4649 qui
1838 4579 2113 4647 conjugati

527 4671 682 4738 estis,
717 4680 771 4725 et
806 4672 860 4724 in
907 4680 1212 4726 vestrarum
1267 4671 1454 4726 labore
1505 4686 1768 4725 manuum
1822 4670 2024 4736 vivitis,
2057 4679 2114 4725 ut

528 4761 675 4817 Deus
704 4761 1050 4832 omnipotens
1073 4762 1216 4818 hanc
1251 4764 1317 4817 ab
1338 4762 1581 4818 Ecclesia
1605 4773 1791 4818 saneta
1816 4764 2039 4833 repellat
2060 4770 2113 4816 et

528 4854 831 4923 disperdat,
853 4854 1097 4924 quotidie
1123 4855 1486 4925 ardenterque
1521 4855 1785 4924 operibus
1805 4855 2110 4924 eleemosy—

531 4960 727 5001 narum
761 4948 964 5002 instare
989 4947 1217 5001 debetis.
1251 4947 1517 5017 Quisquis
1543 4948 1707 5017 igitur
1735 4963 1882 5002 nunc
1923 4964 1995 5003 ex
2026 4947 2112 5003 his

533 5038 707 5092 tribus
742 5038 1024 5093 ordinibus
1056 5047 1247 5093 contra
1275 5037 1666 5105 Simoniacam,
1694 5055 1816 5095 cum
1846 5038 1931 5094 his
1954 5038 2117 5109 justi-

536 5129 623 5182 tize
647 5130 922 5197 operibus,
938 5131 1189 5185 ardenter
1204 5131 1425 5185 minime
1448 5131 1949 5202 pugnaverit,juxta
1975 5133 2116 5187 dicta

538 5216 570 5228 κ

2219 4584 2312 4640 lial
2342 4585 2486 4640 nulla
2525 4599 2646 4638 esse
2671 4583 2829 4637 debet
2860 4581 3167 4645 conventio,
3199 4588 3294 4633 aut
3320 4594 3448 4649 pars
3486 4579 3606 4633 sive
3634 4578 3805 4634 socie-

2222 4684 2324 4729 tas.
2357 4675 2448 4730 Sic
2476 4674 2622 4729 enim
2644 4673 2906 4742 scriptum
2931 4679 3043 4726 est:
3070 4688 3086 4720 ‹
3118 4669 3271 4724 Exite
3295 4670 3362 4724 de
3387 4669 3572 4723 medio
3598 4684 3804 4733 eorum,

2222 4777 2273 4822 et
2308 4765 2665 4837 separamini,
2710 4773 2763 4819 et
2806 4763 3149 4818 immundum
3193 4778 3260 4816 ne
3287 4760 3598 4832 tetigeritis,
3634 4771 3689 4815 et
3714 4775 3806 4830 ego

2220 4859 2480 4929 recipiam
2509 4875 2626 4924 vos,
2662 4856 2795 4911 dicit
2818 4855 3083 4911 Dominus
3118 4853 3207 4925 (II
3238 4854 3361 4910 Cor.
3400 4871 3477 4920 γι,
3528 4854 3616 4921 l7,
3650 4855 3755 4923 18).
3783 4872 3801 4904 ι
3868 4902 3875 4911 ,

2220 4951 2506 5018 Quomodo
2542 4959 2725 5024 potest
2765 4949 2913 5015 fieri,
2951 4957 3010 5002 ut
3039 4947 3193 5001 vobis
3239 4946 3555 5016 petentibus
3604 4946 3806 4999 minora

2220 5060 2331 5099 non
2366 5041 2588 5109 tribuat,
2634 5043 2684 5096 id
2730 5050 2843 5108 est,
2886 5049 3135 5112 pastores
3165 5040 3259 5110 qui
3291 5053 3389 5093 vos
3417 5038 3572 5108 juste
3605 5046 3804 5109 regant,

2220 5135 2313 5205 qui
2360 5135 2515 5189 vobis
2562 5135 2739 5189 adhuc
2789 5149 2897 5188 non
2937 5133 3294 5188 existentibus
3339 5132 3533 5186 tribuit
3586 5134 3805 5202 majora,

3506 5226 3538 5234 ἰ
