4028 5360
222 190 363 247 Μ’όὸ

1764 183 1964 250 ACTA.

3361 198 3501 255 “Si

218 305 275 360 In
306 306 394 362 his
420 314 602 363 autem
635 302 828 362 diebus
871 308 918 363 si
963 308 1079 378 per
1102 308 1250 365 illam
1292 307 1489 365 urbem
1506 308 1807 375 incederes,
1838 312 1885 367 Α
1913 307 2101 363 fertur.
2135 308 2328 363 Crateri
2355 318 2536 363 autem
2568 309 2748 366 clerici
2779 326 2937 368 mane
2975 328 3166 370 omnes
3180 313 3289 369 diei
3321 312 3500 371 lioras

218 405 413 467 praeter
436 398 600 468 hujus
634 399 714 453 rei
744 399 1146 454 contentionem
1172 400 1412 471 undique
1460 400 1549 457 vix
1601 400 1809 471 aliquid

215 490 454 544 audires.
483 490 589 544 Alii
616 491 885 561 siquidem
910 490 1286 547 Simoniacam
1324 501 1683 558 excusantes,
1714 492 1807 551 alii

213 595 339 635 eam
375 590 690 637 constanter
731 584 1074 639 damnantes.
1122 582 1232 637 Nec
1270 584 1505 648 mirum;
1546 584 1811 654 quoniam

216 685 324 726 una
357 672 558 728 domus
585 681 696 727 tota
731 684 849 728 erat
882 673 1079 739 fidelis,
1119 674 1290 727 altera
1316 689 1447 727 vero
1474 681 1585 727 tota
1614 672 1809 728 inﬁde—

214 762 316 827 lis;
356 761 417 815 in
455 763 622 817 tertia
662 773 846 817 autem
895 772 1069 818 mater
1108 772 1228 818 erat
1268 763 1489 818 credula
1533 779 1656 817 cum
1699 777 1807 817 uno

214 853 329 906 tilio
351 893 366 918 ,
413 864 567 923 pater
606 855 922 909 incredulus
965 871 1089 910 cum
1136 855 1329 919 altero,
1366 862 1420 908 et
1455 853 1557 907 hac
1586 852 1807 922 quidem

214 943 538 1000 confusione
593 954 650 1000 et
698 947 1045 1002 contentione
1088 946 1284 1001 civitas
1335 954 1449 1000 tota
1492 953 1612 1000 erat
1649 946 1807 1014 plena

214 1045 271 1090 et
311 1038 591 1105 permista.

285 1128 377 1182 26.
427 1126 488 1182 in
533 1129 728 1185 diebus
779 1130 888 1185 illis
931 1129 1319 1200 quamplurimi
1364 1128 1547 1183 clerici
1593 1142 1807 1197 coepere

212 1227 553 1281 consortium
584 1228 914 1284 clericorum
942 1244 1236 1299 pravorum
1275 1229 1603 1299 relinquere,
1642 1237 1697 1283 et
1740 1227 1803 1283 Β.

211 1316 438 1371 Arialdo
464 1318 758 1373 adhaerere.
797 1319 940 1374 Inter
968 1336 1108 1390 quos
1130 1321 1351 1391 quidam
1377 1336 1445 1374 ex
1476 1321 1585 1374 illis
1613 1336 1800 1376 sacer-

210 1407 455 1472 dotibus,
492 1408 664 1477 ipsius
690 1410 1069 1465 exhortatione
1104 1422 1486 1481 compunctus,
1517 1413 1801 1468 ecclesiam

209 1499 531 1568 quamdam,
561 1515 727 1570 quam
759 1502 951 1571 grandi
981 1503 1156 1573 pretio
1194 1503 1333 1557 male
1366 1513 1592 1571 emerat,
1619 1506 1803 1560 dimit-

208 1600 329 1645 tere
374 1592 662 1662 disposuit.
720 1591 825 1648 Sed
872 1593 1094 1650 Christo
1145 1596 1473 1661 ordinante,
1520 1596 1694 1662 Miles,
1744 1598 1800 1653 in

208 1683 371 1761 cujus
404 1682 527 1753 jure
554 1683 669 1751 haec
696 1692 834 1750 erat,
873 1685 989 1755 jam
1033 1686 1101 1740 de
1145 1686 1416 1751 fidelibus,
1461 1666 1660 1757 quippe

205 1773 267 1827 B.
301 1774 587 1829 Arialdum
623 1776 872 1841 edoctus,
903 1777 1045 1831 sicut
1072 1778 1163 1833 ille
1191 1793 1315 1832 eam
1339 1779 1591 1834 deserere
1615 1780 1802 1850 dispoo

206 1874 417 1932 suerat,
450 1867 546 1937 qui
575 1867 724 1922 illam
759 1878 1004 1937 emerat;
1029 1870 1232 1925 siciste
1269 1886 1375 1926 suo
1409 1886 1440 1925 e
1474 1871 1600 1941 jure
1640 1873 1803 1945 elegit

206 1957 351 2013 hanc
379 1959 628 2015 amittere
669 1968 730 2014 ut
769 1960 1067 2027 dominam,
1099 1962 1194 2031 qui
1230 1971 1459 2019 eatenus
1490 1963 1665 2033 ipsam
1699 1979 1799 2019 ne-

205 2051 392 2120 quiter
420 2063 713 2123 usurparat
736 2062 796 2106 ut
828 2052 1111 2107 famulam.
1142 2038 1608 2109 Convenientibus
1635 2055 1800 2126 igitur

204 2155 336 2195 eum
362 2141 421 2196 Β.
456 2142 675 2197 Arialdu
703 2142 759 2195 in
790 2158 960 2196 unum
989 2143 1178 2198 multis
1205 2143 1490 2207 ﬁdelibus,
1526 2142 1678 2199 Miles
1707 2159 1798 2200 re-

205 2231 530 2290 futationem
562 2236 632 2290 ab
655 2243 899 2306 emptore
933 2237 1161 2306 accepit,
1192 2252 1424 2307 eamque
1445 2253 1609 2307 super
1630 2240 1801 2294 altare

205 2326 306 2380 viri
359 2325 456 2381 Dei
500 2328 872 2383 admonitione
914 2329 1120 2399 posuit,
1166 2337 1223 2383 et
1261 2329 1441 2384 eidem
1474 2329 1537 2383 Β.
1575 2329 1798 2385 Arialdo

202 2418 369 2487 jussit
394 2427 453 2473 ut
490 2419 747 2491 deinceps
792 2436 915 2474 eam
947 2421 1282 2491 disponeret,
1313 2421 1615 2476 secundum
1652 2422 1799 2491 quod

204 2509 378 2565 Deum
407 2511 545 2566 velle
574 2512 758 2567 sciret.
786 2511 890 2579 Qui
921 2513 1174 2582 protinus
1204 2521 1314 2566 tres
1343 2512 1571 2568 clericos
1612 2513 1800 2570 ﬁdeles

94 2632 111 2668 ς,
203 2612 253 2658 et
291 2613 479 2660 castos
524 2605 757 2671 vocavit,
825 2614 881 2659 et
927 2603 1313 2660 refutationem
1347 2620 1515 2675 quam
1559 2604 1711 2660 Miles
1743 2606 1798 2663 in

201 2697 375 2752 altare
400 2706 658 2767 posuerat
686 2713 782 2753 eos
818 2698 1023 2768 pariter
1048 2698 1217 2769 jussit
1246 2679 1453 2753 tollere.

268 2790 362 2845 27.
401 2788 649 2861 Cumque
697 2791 841 2846 idem
891 2808 922 2846 a
966 2793 1217 2863 pluribus
1265 2794 1689 2859 exhortaretur,
1739 2804 1800 2850 ut

158 2890 161 2893 λ
201 2886 451 2940 eamdem
472 2901 595 2941 cum
624 2885 757 2954 ipsis
784 2902 891 2939 una
919 2896 1181 2954 sumeret,
1206 2896 1479 2958 quatenus
1502 2888 1569 2943 ad
1598 2889 1798 2943 multo.

1910 399 2093 469 potius
2130 400 2566 466 murmurabant,
2603 417 2768 470 quam
2811 404 3197 470 decantarent;
3241 405 3330 461 hic
3369 424 3499 463 vero

1910 490 1966 545 in
1993 491 2102 556 die,
2134 499 2279 545 tacto
2304 492 2506 562 septies
2533 492 2710 563 signo,
2754 492 3015 550 fratribus
3050 511 3157 550 una
3199 511 3498 569 congrega-

1910 582 2017 648 tis,
2065 598 2261 652 magna
2301 598 2426 638 cum
2473 585 2819 640 veneratione
2864 586 3102 641 debitam
3139 587 3498 658 omnipotenti

1910 671 2019 726 Deo
2060 672 2274 726 laudem
2320 673 2686 737 decantabat,
2747 683 2910 743 atque
2949 676 3016 730 ad
3061 675 3494 734 satisfactionem

1909 779 2099 819 omnes
2141 762 2198 818 in
2245 765 2436 820 eodem
2481 764 2691 831 ofﬁcio,
2740 766 2870 820 dum
2912 765 3051 821 forte
3090 767 3498 839 delinquerent,

1907 852 2055 907 dicto
2081 860 2137 909 et
2158 851 2306 908 facto
2332 854 2684 923 provocabat.
2728 853 2901 909 Porro
2942 856 3086 912 sicut
3129 855 3191 909 Β.
3238 858 3497 914 Arialdus

1908 943 2064 999 laetus
2091 944 2255 1001 nimis
2281 954 2365 999 est
2389 945 2633 1013 effectus,
2671 961 2739 1001 eo
2771 948 2918 1017 quod
2959 947 3027 1001 ad
3066 956 3253 1002 votum
3291 949 3384 1004 diu
3411 949 3499 1003 ni-

1907 1034 2120 1104 misque
2148 1044 2394 1104 optatum
2439 1037 2743 1109 (videlicet,
2776 1047 2837 1092 ut
2859 1055 2982 1093 cum
3011 1038 3273 1095 fratribus
3300 1041 3369 1095 ad
3401 1056 3497 1096 ec-

1905 1123 2130 1178 clesiam
2158 1125 2522 1181 communiter
2552 1127 2730 1182 vivere
2760 1132 2975 1199 posset)
3021 1139 3372 1200 pervenerat;
3414 1132 3499 1187 sic

1906 1211 2092 1268 fideles
2130 1215 2286 1269 multi
2322 1216 2431 1272 lzeti
2465 1226 2594 1275 sunt
2625 1218 2798 1274 effecti
2824 1261 2842 1286 ,
2886 1235 2986 1290 pro
3021 1236 3087 1275 eo
3129 1222 3276 1291 qu’od
3305 1232 3497 1293 aptum

1905 1304 2084 1360 locum
2115 1308 2519 1375 haberent,,ubi
2544 1310 2761 1366 Domini
2785 1312 2949 1367 verba
2972 1321 3153 1368 mente
3196 1314 3365 1369 libera
3391 1330 3483 1373 au-

1904 1398 2021 1454 dire
2051 1408 2295 1469 possent,
2325 1410 2379 1456 et
2404 1402 2588 1458 divina
2618 1404 2876 1475 mysteria
2912 1420 2976 1460 ae
3002 1413 3342 1461 sacramenta
3372 1423 3495 1477 pcr-

1904 1490 2103 1559 cipere.
2150 1492 2329 1562 Cmpit
2372 1502 2554 1548 autem
2595 1504 2746 1551 tanta
2782 1496 2909 1551 illuc
2952 1495 3152 1551 ibidem
3202 1498 3494 1554 multitudo

1902 1580 2196 1648 confluere,
2224 1598 2333 1636 non
2368 1584 2547 1638 solum
2572 1584 2638 1638 de
2666 1585 2819 1651 urbe,
2846 1586 2941 1640 sed
2969 1586 3136 1642 etiam
3167 1587 3235 1642 de
3264 1587 3407 1642 villis
3435 1596 3493 1641 ct

1833 1653 1875 1707 Β
1901 1674 2159 1740 castellis,
2208 1684 2481 1744 quatenus
2521 1692 2616 1733 eos
2660 1677 2813 1731 nullo
2857 1678 3017 1732 modo
3053 1678 3259 1733 valeret
3297 1694 3490 1749 capere

1901 1766 2017 1836 ipsa
2045 1768 2294 1835 ecclesia,
2327 1769 2453 1824 licet
2484 1771 2617 1825 satis
2638 1779 2782 1825 esset
2804 1770 3005 1840 ampla.
3035 1769 3187 1836 Quos
3217 1779 3329 1825 tam
3358 1788 3491 1827 con-

1900 1860 2061 1913 stanti
2095 1860 2427 1931 assiduaque
2467 1861 2715 1917 doctrina
2754 1862 2838 1916 vir
2879 1861 2974 1917 Dei
3013 1863 3239 1918 docebat
3283 1865 3491 1933 ut,ple—

1900 1966 2132 2020 rumque
2158 1967 2347 2007 vocem
2377 1952 2457 2007 sic
2485 1954 2776 2020 amitteret,
2823 1963 3095 2024 quatenus
3120 1955 3190 2009 ab
3216 1955 3491 2026 aliquibus

1894 2037 2050 2107 juxta
2078 2055 2137 2095 se
2164 2041 2356 2110 positis
2385 2041 2475 2096 vix
2505 2042 2680 2096 audiri
2706 2051 2910 2111 posset.

1970 2129 2158 2185 29-30.
2180 2129 2475 2196 Praeterea,
2499 2132 2628 2201 quia
2650 2148 2816 2186 canes
2858 2131 2994 2185 muti
3031 2130 3207 2187 eﬂecti
3248 2139 3405 2187 erant
3434 2144 3491 2187 et

1898 2220 2098 2279 latrare
2127 2223 2445 2293 nequibant,
2470 2224 2642 2277 multa
2672 2223 2819 2278 mala
2842 2232 2896 2277 et
2915 2223 3229 2278 detestanda
3253 2225 3490 2295 populus

1898 2321 2029 2367 tunc
2056 2315 2447 2380 committebat,
2469 2331 2591 2385 qua:
2612 2315 2685 2370 ita
2713 2316 2855 2370 idem
2873 2316 2943 2370 ab
2966 2316 3191 2370 exordio
3216 2332 3331 2372 suae
3350 2333 3491 2387 prte-

1898 2406 2188 2460 dicationis
2223 2408 2476 2461 universa
2508 2408 2788 2462 damnavit
2811 2417 2871 2462 ut
2898 2424 3057 2463 suum
3095 2409 3285 2477 procul
3319 2410 3488 2465 dubio

1898 2498 2029 2552 illud
2064 2499 2269 2553 dictum
2302 2497 2524 2565 faceret,
2566 2500 2711 2569 quod
2744 2517 2839 2571 per
2866 2500 2925 2553 B.
2959 2499 3186 2554 Paulum
3216 2502 3487 2569 prolatum

1898 2599 2022 2644 est:
2072 2608 2089 2638 ‹
2120 2587 2374 2656 Mundus,
2425 2590 2621 2660 inquit,
2675 2605 2706 2644 a
2755 2590 3020 2661 sanguine
3070 2604 3189 2645 sum
3237 2591 3487 2645 omnium

1898 2691 2172 2737 vestrum:
2197 2697 2307 2738 non
2330 2684 2477 2738 enim
2499 2682 2833 2755 subterfugi:
2850 2683 3145 2754 quominus
3176 2684 3488 2739 nuntiarem

1898 2790 2059 2831 omne
2084 2777 2376 2832 consilium
2404 2775 2497 2830 Dei
2524 2777 2679 2832 vobis
2708 2776 2859 2847 (Act.
2898 2791 2989 2841 xx,
3020 2775 3113 2842 26,
3154 2775 3224 2829 27
3242 2776 3284 2847 ).
3318 2796 3336 2828 ι
3385 2775 3491 2831 Per

1899 2876 2074 2924 totum
2103 2884 2339 2939 namque
2363 2867 2669 2924 Adventum
2698 2869 2904 2939 absque
2925 2868 3353 2924 contradictione
3378 2869 3489 2924 ulla

202 2994 323 3032 rum
388 2950 692 3048 profectum
735 2978 935 3033 ibidem
978 2950 1198 3034 manere
1224 2950 1479 3045 deberet,
1518 2979 1594 3033 ait
1622 2999 1633 3033 :
1657 2978 1794 3033 Cum

1904 2950 1992 3018 eos
2016 2963 2219 3033 reperit
2248 2962 2466 3032 nuptias
2490 2963 2804 3017 solemniter
2832 2963 3131 3027 celebrare;
3163 2950 3360 3017 uxores
3388 2962 3493 3018 du-

203 3064 337 3140 ipsis
371 3070 592 3140 quidem
621 3069 690 3124 ad
715 3085 907 3124 eorum
938 3070 1374 3136 instructionem,
1402 3078 1456 3124 et
1477 3079 1797 3125 ceterorum

1904 3069 2047 3120 cere,
2076 3055 2241 3108 etiam
2271 3055 2324 3108 in
2348 3055 2465 3124 ipsa
2488 3053 2702 3109 Domini
2727 3054 2933 3109 Natalis
2952 3052 3216 3126 vigilia,si
3239 3053 3492 3113 fortassis

200 3162 436 3216 salutem
469 3163 731 3229 manebo;
778 3172 1187 3229 verumtamen,
1235 3178 1303 3216 ne
1340 3162 1508 3216 verbo
1547 3161 1638 3217 Dei
1666 3162 1800 3216 mihi

197 3254 408 3315 credito
438 3253 883 3324 impedimentum
911 3254 1003 3319 sit,
1027 3254 1131 3308 sub
1157 3253 1291 3323 jugo
1315 3253 1548 3322 alicujus
1573 3261 1801 3308 terrenm

198 3347 310 3414 rei,
341 3355 397 3402 et
426 3362 491 3401 ne
507 3346 838 3413 huicAzoni,
858 3347 911 3400 in
928 3347 1086 3417 cujus
1100 3347 1305 3401 ditione
1328 3346 1444 3402 haec
1466 3345 1694 3401 ecclesia
1716 3357 1801 3404 est

200 3447 535 3503 constructa,
583 3439 686 3495 sub
717 3439 822 3494 hac
852 3438 1145 3494 occasione
1183 3437 1407 3508 aliquod
1442 3437 1614 3507 possit
1646 3437 1801 3491 dam-

201 3545 334 3583 num
380 3528 593 3594 inferri,
642 3529 807 3599 hujus
844 3528 926 3583 rei
971 3535 1175 3582 sortem
1221 3542 1569 3597 nequaquam
1615 3542 1796 3594 sumo,

199 3624 463 3691 quoniam
491 3622 599 3677 tale
621 3631 838 3693 tempus
860 3622 1052 3677 scitote
1073 3621 1263 3691 procul
1289 3621 1456 3676 dubio
1486 3628 1794 3687 venturum,

199 3715 256 3769 in
285 3730 397 3785 quo
429 3714 563 3768 nulli
590 3714 769 3769 vivere
796 3714 979 3779 liceat,
1013 3713 1121 3768 nisi
1149 3728 1237 3767 me
1261 3728 1290 3766 a
1321 3712 1437 3767 suis
1474 3710 1676 3765 ﬁnibus
1703 3727 1799 3765 cx-

199 3804 383 3872 pellat.
420 3802 518 3859 llic
545 3803 745 3873 quippe
772 3819 952 3858 sermo
982 3802 1262 3873 quomodo
1295 3801 1648 3871 propheticus
1675 3799 1795 3854 fue-

200 3895 292 3960 rit,
330 3895 388 3949 in
427 3896 674 3966 sequenti
710 3896 934 3950 lectoris
976 3894 1142 3948 menti
1173 3895 1295 3948 luce
1331 3893 1535 3947 clarius
1572 3891 1792 3961 patebit.

200 3983 279 4041 Eo
305 4003 544 4057 namque
574 3985 628 4040 in
654 3987 841 4041 eadem
864 3984 1098 4040 ecclesia
1131 3994 1409 4050 manente,
1443 3992 1647 4053 quanta
1696 3984 1794 4037 be-

200 4079 417 4147 neﬁcia,
449 4090 561 4135 tam
592 4079 771 4133 verbis
798 4094 962 4148 quam
993 4077 1172 4143 factis,
1199 4077 1312 4133 sive
1343 4074 1476 4145 ipsis
1512 4074 1793 4141 fratribus,

110 4240 115 4243 _
202 4169 317 4225 sive
343 4171 559 4226 caeteris
606 4178 715 4224 tam
756 4170 1005 4224 fidelibus
1046 4185 1210 4239 quam
1249 4168 1560 4225 infidelibus
1588 4168 1797 4237 impen-

202 4258 360 4323 derit,
397 4267 452 4313 ct
492 4265 696 4329 quanta
742 4258 811 4312 ab
839 4258 921 4312 eis
968 4275 1065 4329 pro
1099 4257 1259 4312 bonis
1289 4256 1430 4311 mala
1470 4272 1567 4326 per
1608 4257 1794 4311 decem

1902 3148 2144 3202 eveniret
2172 3147 2227 3201 in
2251 3146 2555 3201 Dominica.
2585 3146 2685 3201 Cui
2718 3147 2794 3201 rei
2826 3144 3071 3201 nefandae
3096 3157 3206 3202 tam
3236 3148 3493 3205 ardenter

1902 3247 2323 3308 constanterque
2359 3237 2523 3292 verbo
2562 3236 2725 3308 coepit
2766 3237 2970 3307 pariter
3009 3247 3062 3291 et
3104 3238 3319 3293 actibus
3344 3239 3494 3294 obsi-

1902 3345 2085 3399 stere,
2129 3341 2403 3402 quatenus
2449 3331 2505 3385 in
2550 3332 2672 3401 ejus
2723 3331 3018 3386 venerabili
3056 3320 3288 3387 tiansitu
3329 3346 3493 3387 nemo

1901 3440 2037 3496 pene
2070 3425 2298 3495 reperiri
2327 3432 2512 3493 posset
2542 3425 2637 3494 qui
2670 3432 2779 3496 tam
2811 3423 3102 3477 nefandum
3139 3438 3279 3492 opus
3332 3439 3494 3493 agere

1899 3494 2273 3589 praesumeret.
2314 3514 2451 3571 Nam
2491 3517 2550 3570 iu
2586 3516 2705 3586 ipso
2737 3494 2968 3585 nuptiali
3002 3514 3108 3580 die,
3136 3514 3251 3584 jam
3286 3513 3492 3583 paratis

1898 3612 2157 3667 omnibus
2201 3626 2324 3679 qua:
2368 3609 2423 3663 in
2466 3609 2671 3678 nuptiis
2720 3608 2897 3661 solent
2943 3606 3154 3675 parari,
3195 3605 3347 3671 illuc,
3399 3606 3491 3659 ubi

1898 3706 2101 3759 cedem
2127 3704 2330 3773 nuptia:
2372 3702 2691 3771 agebantur,
2729 3715 2854 3753 cum
2899 3698 3160 3753 fratribus
3201 3698 3361 3751 anxie
3403 3712 3492 3752 oc-

1900 3798 2192 3862 currebat;
2244 3808 2296 3849 et
2341 3795 2712 3850 (‘t'lt‘bl‘alllt‘us
2755 3791 2997 3846 omnium
3047 3807 3229 3846 rerum
3274 3790 3491 3845 Domini

1899 3892 2120 3960 nuptias
2154 3888 2377 3953 nitidos,
2429 3888 2543 3941 suis
2586 3886 2812 3940 minime
2852 3884 3091 3940 reatibus
3132 3900 3255 3940 esse
3293 3886 3491 3940 debere

1899 3984 2147 4039 sordidos
2171 3988 2573 4050 occupatusque
2594 3978 2967 4043 denuntiabat,
2987 3985 3041 4032 et
3064 3978 3158 4031 tali
3182 3979 3344 4033 modo
3366 3979 3490 4033 illos

1899 4078 2125 4147 cogebat
2163 4075 2347 4130 omnia
2393 4074 2507 4145 jam
2544 4081 2776 4127 tractata
2821 4072 3110 4138 omittere,
3159 4080 3211 4127 et
3260 4073 3314 4127 in
3362 4082 3491 4143 apto

1898 4178 2004 4223 tem
2012 4184 2144 4237 pore
2186 4182 2422 4222 servare.

1969 4261 2057 4315 3L
2097 4259 2216 4314 Duo
2240 4260 2475 4329 denique
2499 4256 2718 4321 clerici,
2741 4257 2869 4312 olim
2928 4258 3145 4327 signum
3199 4259 3491 4313 clericatus

201 4344 315 4404 fere
341 4365 517 4404 annos
543 4348 845 4418 pertulerit,
877 4364 1040 4403 nemo
1062 4363 1162 4402 nec
1187 4346 1375 4402 omnia
1405 4347 1664 4413 scribere,
1691 4348 1801 4402 imo
1833 4338 1876 4393 Ι)
1903 4354 1957 4407 in
1986 4352 2215 4408 ecclesia
2238 4352 2495 4422 quadam,
2528 4366 2650 4420 quae
2677 4349 2734 4405 S.
2760 4349 2927 4405 Maria
2954 4349 3172 4404 Secreta
3206 4338 3489 4419 nuncupa-

200 4455 305 4496 ncc
341 4442 485 4496 valet
513 4440 758 4512 profecto
793 4441 991 4496 dicere.
1026 4439 1161 4494 Nam
1193 4441 1444 4508 protinus
1470 4440 1798 4511 legationem

204 4531 261 4585 in
309 4532 535 4586 domum
574 4540 857 4601 paternam
906 4531 1073 4596 misit,
1115 4538 1169 4584 et
1207 4545 1274 4584 ex
1312 4546 1376 4585 ea
1412 4530 1603 4600 viginti
1634 4531 1801 4584 libras

205 4623 414 4693 argenti
446 4623 701 4693 sumpsit,
729 4630 893 4691 atque
925 4621 1083 4691 juxta
1109 4620 1354 4674 eamdem
1384 4622 1672 4675 ecclesiam
1703 4621 1800 4673 ha-

202 4713 505 4769 bitaculum
540 4714 862 4769 mirabiliter
888 4722 1075 4782 aptum
1105 4711 1391 4767 aedificavit
1426 4712 1559 4782 (15).

274 4805 364 4859 28.
407 4805 601 4877 Agitur
639 4806 875 4875 denique
911 4820 1001 4859 res
1046 4819 1187 4859 nova
1229 4811 1283 4858 et
1322 4819 1458 4873 pene
1502 4804 1572 4858 ab
1606 4804 1798 4858 eodem

205 4894 328 4951 loco
356 4896 620 4952 hactenus
654 4879 847 4951 inscia.
892 4895 1109 4952 Chorus
1145 4909 1386 4963 namque
1430 4894 1526 4948 alti
1563 4895 1800 4949 circum-

207 4986 425 5042 dationc
470 4989 614 5043 muri
659 4986 1020 5054 concluditur,
1060 4988 1115 5042 in
1160 5000 1273 5055 quo
1310 4985 1508 5040 ostium
1549 4985 1797 5056 ponitur;

206 5080 346 5135 visio
374 5081 715 5147 clericorum,
766 5079 1027 5134 laicorum
1062 5095 1129 5135 ac
1165 5076 1480 5142 mulierum,
1522 5093 1646 5147 qua:
1688 5093 1797 5133 una

207 5180 323 5226 erat
347 5182 400 5227 et
429 5174 755 5237 communis,
787 5168 1075 5241 dividitur;
1111 5183 1306 5227 omnes
1334 5168 1399 5222 de
1421 5185 1530 5223 una
1563 5185 1687 5225 arca
1719 5170 1802 5225 vi-

206 5278 331 5318 vere
368 5273 654 5334 coguntur,
704 5261 897 5318 fabula:
935 5264 1009 5317 ad
1054 5276 1305 5321 mensam
1349 5271 1794 5333 compescuntur,

1905 4452 2011 4507 tur,
2050 4449 2426 4511 sumpserant;
2453 4456 2688 4510 quorum
2728 4448 2908 4493 tamen
2937 4454 3100 4492 nemo
3131 4439 3305 4508 ipsius
3326 4440 3478 4494 bene-

1902 4532 2027 4587 ﬁcio
2052 4531 2255 4600 perfrui
2278 4538 2484 4599 posset,
2518 4530 2721 4594 donec,
2752 4530 2895 4582 sicut
2948 4529 3093 4583 loco-
3120 4528 3312 4582 eodem
3371 4544 3490 4583 mos

1902 4632 2042 4688 erat,
2099 4622 2343 4691 ejusdem
2391 4621 2639 4675 ecclesiae
2690 4619 2945 4674 sacerdos
2988 4620 3214 4673 minime
3262 4620 3488 4686 obisset,

1907 4729 2064 4784 quem
2090 4728 2184 4781 per
2210 4711 2350 4764 idem
2380 4717 2596 4781 tempus
2620 4709 2802 4763 obisse
2824 4708 3070 4781 contigit.
3100 4706 3203 4762 Sed
3228 4724 3353 4763 cum
3375 4711 3491 4781 jam

1903 4806 2107 4859 dictam
2137 4801 2447 4867 ecclesiam,
2498 4801 2709 4873 pridem
2763 4800 2859 4870 qui
2913 4801 3125 4871 primus
3174 4800 3495 4871 designatus

1907 4895 2105 4960 fuerat,
2135 4893 2363 4965 adipisci
2388 4894 2628 4959 deberet,
2655 4896 3042 4950 tantummodo
3067 4893 3115 4947 si
3133 4908 3231 4962 pro
3258 4910 3323 4949 ea
3355 4900 3499 4955 male

1906 4990 2169 5045 usitatum
2193 4985 2479 5058 prmmium
2505 4989 2677 5052 daret,
2697 4986 2797 5040 viri
2831 4983 2926 5040 Dei
2954 4989 3067 5059 jam
3097 4984 3354 5044 credulus
3381 5008 3505 5049 ver-

1906 5082 2010 5147 bis,
2039 5078 2269 5135 distulit.
2295 5076 2473 5142 Quem
2505 5078 2786 5149 improbus
2832 5091 2976 5135 suus
3018 5077 3196 5132 minor
3231 5082 3510 5157 anticipa-

1904 5175 2002 5239 vit,
2054 5178 2109 5227 et
2162 5183 2342 5240 neque
2373 5169 2667 5227 Dominum
2707 5183 2885 5239 neque
2930 5169 3209 5227 hominem
3259 5178 3511 5247 erubuit,

1906 5262 2007 5322 nec
2034 5264 2240 5318 veritus
2268 5270 2353 5315 est
2379 5273 2438 5319 ut
2479 5265 2722 5322 eamdem
2770 5262 2875 5318 sibi
2930 5281 3058 5324 cum
3105 5266 3338 5333 pecunia
3399 5291 3514 5333 non
