4028 5360
552 307 692 381 MSS

1653 314 1752 371 SS.
1805 313 2083 370 ARIALDI
2128 310 2226 369 ΕΤ
2261 312 2702 397 ΕΜΕΜΒᾼωι

3688 318 3827 377 ηδε

549 441 743 497 fuisset
766 436 1057 509 perlatum,
1092 449 1220 492 eum
1250 421 1519 489 adscitum
1548 429 1621 486 ad
1654 445 1715 486 se
1728 423 1819 487 sic
1856 423 2130 499 allocutus
2157 434 2207 494 Α
2233 438 2289 485 et
2314 428 2531 489 ﬁdelem
2556 431 2760 498 virum,
2803 426 3199 496 Iicet‘laieum,
3238 425 3480 499 reliquit.
3513 426 3619 491 Hic
3660 444 3833 503 nuper

550 540 635 589 est
669 529 905 599 :Iniqu'e
947 534 1331 599 praesumptor,
1376 538 1496 590 cur,
1547 530 1862 592 postquam,
1908 538 1996 577 me
2035 522 2135 578 do-

547 626 723 684 cente,
775 630 897 671 esse
953 614 1269 669 baareticum
1331 619 1634 681 emptorem
1686 610 2137 679 venditoremquc

551 709 694 767 sacri
761 705 993 774 audisti,
1045 706 1188 761 hanc
1239 703 1586 774 iniquitatem
1634 702 1975 757 committere
2023 716 2133 756 non

550 799 815 857 timuisti?
1372 842 1373 845 η
1960 796 1971 808 ’

617 894 706 948 52.
740 891 861 959 Quo
872 890 1281 945 obmutescente
1299 894 1354 942 et
1375 885 1658 941 nesciente
1679 885 1809 956 quid
1833 884 2135 955 responde-

549 993 634 1040 ret
684 984 741 1038 in
773 981 1151 1046 excusatione,
1201 988 1257 1035 et
1301 978 1434 1049 quia
1457 977 1571 1049 jam
1600 992 1701 1047 pro
1734 977 1837 1032 hoc
1871 992 1902 1031 a
1938 976 2136 1031 vicinis

547 1075 713 1131 nimis
740 1075 1043 1130 habebatur
1061 1070 1436 1137 exsecrabilis,
1459 1070 1680 1125 tandem
1704 1069 1783 1124 sic
1803 1067 2086 1138 respondit
2118 1085 2131 1122 :

548 1168 744 1222 Audita
774 1167 995 1238 quidem
1023 1160 1314 1221 manifesta
1348 1164 1562 1219 ratione
1605 1178 1692 1217 me
1740 1163 1882 1217 male
1941 1161 2137 1217 fecisse

546 1260 725 1325 video,
760 1258 853 1314 sed
886 1257 1019 1328 quid
1047 1257 1245 1312 exhinc
1267 1271 1425 1327 agam
1472 1254 1690 1325 penitus
1730 1254 1945 1324 ignoro,
1994 1268 2135 1323 quo-

547 1353 697 1406 niam
720 1351 889 1405 abbas
918 1347 976 1404 S.
1002 1346 1258 1413 Victoris,
1282 1347 1369 1402 cui
1396 1347 1499 1402 hac
1521 1346 1589 1401 de
1614 1360 1781 1401 causa
1804 1360 1941 1415 pene
1974 1344 2135 1415 quid-

545 1443 678 1514 quid
705 1442 972 1498 habebam
1003 1440 1157 1508 dedi,
1185 1439 1356 1495 Deum
1402 1454 1515 1494 non
1560 1438 1640 1495 sic
1696 1439 1869 1504 timet,
1898 1446 1960 1492 ut
2001 1437 2135 1493 mihi

547 1544 725 1591 meam
754 1534 922 1590 semel
946 1540 1220 1603 acceptam
1244 1530 1532 1603 pecuniam
1565 1530 1791 1597 reddat;
1829 1536 1884 1584 et
1913 1530 2056 1584 hanc
2089 1526 2136 1583 si

546 1642 657 1683 non
688 1626 954 1692 habuero,
977 1625 1123 1679 unde
1149 1639 1329 1679 meam
1350 1623 1519 1678 vitam
1545 1622 1897 1677 mediocriter
1926 1629 2139 1677 susten.

546 1725 656 1773 tem
684 1716 919 1772 minime
931 1716 1159 1771 habebo.
1187 1714 1288 1770 Cui
1313 1715 1397 1769 vir
1422 1713 1551 1770 Dei:
1575 1712 1737 1781 Quid,
1764 1713 1962 1783 inquit,
1984 1712 2137 1767 dedi-

2234 519 2574 596 Jerosolyma
2608 538 2897 590 reversus,
2946 521 3163 577 volebat
3192 529 3323 576 tunc
3357 521 3624 576 saeculum
3666 522 3831 579 relin-

2235 631 2423 686 quere,
2465 625 2543 696 et‘
2561 633 2623 672 se
2667 617 2881 673 tradere
2914 616 3038 671 vita:
3074 616 3413 671 monasticae.
3449 614 3628 686 Cujus
3670 615 3833 673 ﬁdem

2233 715 2289 762 et
2327 709 2691 763 constantiam
2735 707 2991 762 Arialdus
3026 721 3353 777 agnoscens,
3401 708 3571 777 coepit
3612 708 3665 762 ei
3701 723 3833 779 pro-

2233 800 2452 855 mittere
2500 800 2647 870 quod
2677 799 2781 856 sibi
2806 799 3072 869 potiorem
3102 800 3244 869 apud
3278 797 3451 854 Deum
3473 798 3711 869 gradum
3735 813 3832 858 ac-

2234 892 2496 961 quireret,
2538 891 2585 947 si
2623 889 3019 945 monasterium
3048 889 3261 960 ingredi
3285 889 3551 956 diﬂerret,
3586 898 3648 944 et
3672 889 3831 945 lidan

2195 984 2559 1054 (catholicam
2587 998 2771 1038 secum
2801 982 3135 1047 defenderet,
3164 990 3327 1052 atque
3357 998 3482 1038 cum
3512 982 3637 1052 ipso
3665 983 3835 1039 ham.-

2234 1076 2359 1132 ticis
2383 1086 2438 1131 et
2465 1076 2667 1131 Christi
2707 1075 2960 1131 hostibus
3005 1076 3301 1130 resisteret.
3338 1074 3447 1141 Qui
3478 1076 3677 1130 volens
3702 1092 3832 1145 pro-

2234 1169 2365 1224 bare
2396 1178 2580 1224 utrum
2621 1169 2673 1223 in
2711 1169 2798 1224 his
2832 1184 2954 1238 quae
2995 1184 3028 1223 a
3065 1167 3124 1222 Β.
3153 1168 3376 1223 Arialdo
3407 1169 3513 1224 sibi
3543 1170 3832 1240 promitte-

2236 1262 2436 1316 bantur
2455 1262 2719 1317 veraciter
2745 1256 2971 1317 auderet
2988 1261 3281 1329 coulidere,
3312 1263 3551 1332 sumptis
3576 1262 3833 1332 aliquan-

2237 1356 2306 1409 tis
2340 1354 2590 1410 iidelibus
2618 1354 2857 1424 perrexit
2884 1353 3139 1421 Romam,
3174 1369 3283 1409 non
3308 1369 3407 1424 per
3436 1354 3587 1409 viam
3624 1357 3831 1426 regiam

2238 1447 2510 1517 gradiens,
2539 1447 2634 1502 sed
2660 1462 2757 1516 per
2786 1445 2887 1501 Dei
2913 1446 3172 1513 Cultores,
3210 1445 3264 1499 in
3292 1461 3479 1501 eremo
3513 1456 3571 1502 et
3614 1447 3671 1501 in
3721 1464 3834 1502 mo-

2238 1540 2494 1596 nasteriis
2538 1540 2967 1611 circumquaque
3007 1540 3291 1612 degentes,
3340 1541 3408 1596 de
3447 1557 3508 1596 re
3546 1542 3668 1612 jam
3693 1543 3833 1598 dieta

2238 1648 2428 1689 omnes
2453 1633 2820 1702 interrogans.
2850 1631 3098 1702 Cumque
3127 1633 3331 1699 cuncti,
3364 1633 3421 1687 in
3449 1648 3583 1687 vera
3618 1641 3677 1688 et
3702 1650 3831 1703 pura

2241 1727 2345 1782 fide
2374 1726 2615 1793 accensi,
2653 1725 2980 1780 sententiam
3011 1724 3061 1780 ei
3091 1724 3417 1780 concordem
3453 1741 3566 1779 una
3597 1740 3729 1779 cum
3771 1723 3829 1779 Β.

547 1809 652 1864 sti?
696 1807 1014 1873 Duodecim,
1059 1806 1266 1877 inquit,
1307 1806 1474 1861 libras
1537 1805 1770 1876 argenti.
1829 1804 2133 1875 Respondit
2161 1791 2204 1850 Β
2234 1816 2458 1872 Ατίειάο
2488 1791 2838 1887 promerem,
2883 1815 3100 1870 tandem
3143 1816 3391 1885 perveni;
3435 1814 3709 1882 Romam;
3741 1814 3829 1869 ubi

545 1910 729 1958 autem
753 1901 835 1955 vir
862 1899 959 1955 Dei
986 1900 1175 1955 dicens
1214 1898 1338 1967 :Et,
1363 1899 1410 1954 si
1435 1898 1532 1953 tibi
1562 1898 1883 1965 reddantur,
1925 1898 2009 1953 vis
2049 1898 2134 1953 di-

544 1994 759 2049 mittere
807 1992 1039 2048 libenter
1083 1991 1231 2062 quod
1284 1989 1617 2060 comparasti
1670 1989 1959 2059 nequiter?
2026 1988 2132 2055 Qui

544 2086 830 2157 respondit
855 2104 867 2140 :
905 2083 1310 2140 Libentissime.
1344 2082 1414 2138 At
1442 2083 1620 2138 bonus
1642 2082 2131 2153 discipulus,‘pium

546 2181 771 2235 imitans
805 2177 1149 2247 magistrum,
1197 2175 1446 2246 sequitur
1487 2190 1650 2244 opere
1695 2175 1839 2245 quod
1891 2174 2134 2245 loquitur

548 2280 665 2328 ore.
704 2270 781 2325 De
810 2285 912 2325 suo
936 2268 1158 2340 proprio
1199 2268 1530 2339 patrimonio
1580 2267 1871 2323 duodecim
1925 2267 2133 2339 integre

548 2364 720 2417 libras
742 2361 951 2433 argenti
988 2361 1243 2429 sumpsit,
1274 2359 1489 2429 ipsique
1540 2359 1824 2414 universas
1876 2359 2128 2426 tradidit;

545 2456 600 2509 et
622 2452 703 2509 sic
722 2453 837 2524 jam
868 2450 1033 2506 fatam
1062 2451 1351 2506 ecclesiam
1374 2450 1544 2522 gratis
1589 2450 1821 2507 alterum
1870 2449 1998 2506 fecit
2042 2452 2135 2507 ha-

547 2545 695 2613 bere,
724 2545 812 2601 cui
843 2543 1328 2614 competebatjurc
1358 2542 1494 2615 (16).

1113 2655 1117 2661 ’
1159 2655 1390 2713 CAPUT
1428 2656 1514 2713 1V.

548 2750 606 2807 S.
641 2748 1005 2807 Herlembaldi
1040 2749 1110 2803 ad
1141 2747 1427 2804 Arialdum
1456 2766 1715 2815 accessus,
1752 2759 1803 2804 et
1831 2766 2019 2804 munus
2043 2750 2124 2805 de-

550 2832 557 2841 ’
688 2822 911 2892 femoris
938 2822 987 2875 ei
1014 2820 1077 2874 ab
1119 2820 1423 2874 Alexandra
1457 2836 1595 2891 papa
1628 2822 1987 2874 commissum.

617 2915 707 2971 55.
746 2913 851 2969 Per
880 2914 1023 2968 idem
1051 2921 1266 2983 tempus
1295 2911 1598 2968 Landulfus
1627 2912 1838 2979 obiens,
1870 2914 2133 2984 supersti-

545 3012 654 3064 tem
682 3021 1022 3078 germanum,
1058 3004 1281 3060 nomine
1307 3002 1771 3071 Herlemhaldum,
1811 3005 2131 3084 prudentem

2234 1908 2339 1963 sub
2363 1905 2661 1960 inevitabili
2691 1904 2920 1976 imperio
2950 1904 3019 1958 ab
3046 1903 3355 1961 Alexandro
3388 1919 3531 1974 papa
3570 1913 3625 1958 et
3650 1920 3682 1958 a
3707 1920 3826 1959 car-
3864 1912 3911 1961 ἣν

2232 1998 2513 2053 dinalibus
2536 1997 2586 2052 ei
2617 2004 2944 2066 praeceptum
2974 2002 3059 2053 est
3086 1994 3282 2061 redire,
3313 1994 3603 2061 etChristi
3634 1994 3825 2050 adver-

2233 2090 2396 2146 sariis
2421 2090 2476 2143 in
2500 2086 2818 2143 defensione
2852 2087 3106 2157 justitia,
3151 2102 3324 2157 usque
3353 2087 3425 2142 ad
3453 2085 3669 2157 pr0prii
3700 2103 3825 2142 sau-

2233 2179 2417 2252 guinis
2435 2178 2778 2243 effusionem,
2802 2177 3031 2232 viriliter
3048 2193 3173 2232 cum
3205 2175 3265 2231 B.
3294 2175 3522 2231 Arialdo
3540 2178 3821 2242 resistere;

2233 2272 2321 2328 cui
2351 2272 2513 2327 etiam
2538 2287 2603 2327 ex
2632 2270 2693 2325 Β.
2728 2269 2874 2324 Petri
2919 2278 3072 2340 parte
3118 2268 3407 2323 miriﬁcum
3441 2268 3703 2323 vexillum
3737 2269 3825 2323 de-

2232 2365 2379 2431 dere,
2415 2371 2477 2418 ut
2508 2364 2724 2434 quoties
2752 2362 3133 2417 haereticorum
3160 2361 3380 2415 vesania
3424 2362 3571 2415 ultra
3605 2362 3821 2417 modum

2231 2455 2517 2521 insaniret,
2549 2454 2679 2508 illud
2703 2454 2760 2508 in
2783 2469 2947 2509 manu
2974 2462 3164 2507 tenens
3184 2467 3277 2507 eos
3295 2453 3645 2523 reprimeret.
3673 2453 3819 2520 Quod

2232 2562 2399 2620 quam
2427 2556 2743 2604 constanter
2770 2559 2866 2616 per
2893 2546 3080 2601 decem
3111 2554 3164 2600 et
3188 2554 3316 2600 octo
3344 2544 3460 2600 fere
3502 2561 3683 2601 annos
3722 2546 3819 2601 im-

2230 2642 2477 2714 pleverit,
2507 2657 2608 2696 nec
2635 2641 2818 2711 lingua
2839 2640 2996 2709 plene
3022 2654 3290 2710 promere,
3336 2653 3441 2695 nec
3470 2640 3649 2711 stylus
3674 2656 3822 2695 meus

2231 2734 2536 2805 exprimere
2556 2742 2639 2789 est
2665 2732 2908 2803 profecto
2936 2732 3184 2787 idoneus.
3278 2780 3285 2791 ,ν

2302 2826 2392 2881 54.
2432 2825 2746 2880 Eratenim
2789 2825 2989 2880 nobilis
3034 2822 3446 2880 Ilerlembaldus
3485 2841 3677 2881 coram
3723 2842 3820 2881 sa-

2233 2917 2359 2972 culo
2387 2917 2703 2987 qu‘asi'dux,
2737 2916 2790 2970 in
2819 2916 3063 2971 vestibus
3092 2916 3366 2987 pretiosis,
3398 2925 3456 2972 et
3485 2918 3545 2971 in
3588 2919 3819 2973 abscon-

2233 3009 2348 3064 dito
2391 3024 2578 3064 coram
2623 3007 2763 3075 Deo,
2808 3007 2954 3065 sicut
2993 3007 3219 3063 eremita
3279 3009 3512 3079 agrestis
3534 3050 3565 3078 ,-
3604 3009 3823 3066 indutus

616 3163 731 3245 (16)
782 3162 1066 3245 Prioribus
1114 3160 1504 3245 segarticniis‘
1536 3168 1756 3245 narrata
1800 3160 2129 3245 nullaunsi:
2155 3132 2202 3195 ο
2230 3163 2445 3245 Petrus,
2483 3184 2501 3215 ι
2539 3162 2643 3245 sibi
2665 3162 3035 3233 pmnitentiam
3063 3161 3823 3245 indidi,_redemptionemqre

584 3228 809 3301 niun'tur
842 3243 969 3288 nota
1000 3233 1260 3302 temporis
1282 3249 1391 3303 quo
1418 3228 1546 3303 'acta
1572 3232 1710 3298 sint;
1749 3231 2032 3303 sequentia
2060 3233 2126 3287 ad

584 3250 809 3301 utuntur
842 3250 969 3288 nnta
1000 3250 1260 3302 temporis
1282 3250 1391 3303 quo
1426 3250 1546 3287 aeta
1572 3250 1710 3298 Slllt;
1749 3250 2032 3301 sequentia
2060 3250 2126 3287 au

538 3250 843 3360 ilexandri
885 3303 927 3356 ll
976 3304 1350 3360 pontificatum
1411 3302 1741 3357 referuntur.
1794 3300 1940 3356 Inter
1982 3303 2129 3357 hunc

540 3378 732 3449 autem
767 3383 819 3428 et
855 3371 1187 3449 Stephanum
1219 3372 1312 3439 IX,
1337 3388 1499 3449 quem
1552 3371 1792 3426 Baronio
1825 3372 2030 3441 placuit
2079 3372 2125 3425 Χ

539 3444 853 3509 nominare,
886 3443 1384 3513 séditmediusiper
1410 3444 1550 3497 duos
1599 3457 1774 3513 annos
1820 3452 1874 3496 et
1910 3458 2127 3499 menses

548 3514 662 3570 fere
684 3514 927 3584 quinque
951 3512 1205 3568 Nicolaus
1244 3511 1486 3584 ll‘usque
1507 3513 1573 3567 ad
1596 3512 1665 3567 24
1685 3511 1832 3584 Junii
1849 3529 1939 3567 an.
1959 3514 1989 3584 Vl
2000 3514 2123 3568 061.

546 3584 645 3641 llic
675 3583 761 3640 sui
787 3585 967 3638 statim
997 3584 1345 3652 pontificatus
1379 3583 1534 3654 initio
1575 3596 1765 3654 mense
1801 3583 1968 3652 Aprili
2000 3599 2129 3654 syn-

536 3655 709 3711 ‘olum
736 3654 1049 3718 celebravit,
1086 3654 1154 3724 ad
1189 3670 1357 3724 quam
1381 3652 1802 3724 Mediolanensis
1846 3654 1978 3708 cleri
2001 3652 2129 3723 pars

544 3728 748 3791 sanior,
777 3725 979 3779 Arialdi
1006 3734 1061 3778 et
1094 3723 1339 3779 Landulll
1385 3723 1753 3793 sermonibus
1781 3733 1950 3789 mota,
1982 3724 2129 3793 lega—

537 3809 572 3850 .t
610 3813 636 3852 s
673 3797 841 3862 misit,
894 3814 912 3847 ι
957 3795 1275 3865 suppliciter
1302 3803 1595 3849 exet-antes
1621 3803 1680 3865 ut
1709 3792 2128 3865 Mediolanen’sis

544 3867 801 3923 Ecclesiae
826 3864 1245 3936 contritionibus
1267 3866 1586 3936 dignaretur
1608 3864 1856 3936 misereri
1884 3872 1939 3920 et
1967 3879 2126 3936 com-

543 3937 675 4009 pati,
712 3957 731 3989 ι
773 3937 850 4009 uti
883 3937 937 3991 in
974 3937 1126 3992 Actis
1183 3933 1390 3991 Nicolai
1442 3934 1542 4009 Vat
1564 3934 1715 4009 canis
1764 3935 1907 4009 apud
1962 3933 2129 4009 Baro-

545 4004 698 4062 iiium
721 4008 945 4089 legitur,
973 4009 1332 4089 additurque,
1357 4006 1505 4076 quod
1543 4025 1574 4087 ⁸‹
1612 4004 1790 4130 nntius
1828 4006 1908 4060 rei
1953 4005 2126 4086 gratia

545 4079 908 4130 venerabilem
936 4094 1113 4130 virum
1144 4078 1367 4130 Petrum
1403 4075 1651 4130 Damiani
1726 4084 1984 4130 stiensem
2006 4091 2126 4130 em-

533 4075 908 4133 .venerabilem
936 4078 1113 4133 virum
1144 4075 1386 4132 Petrum
1403 4075 1651 4130 Damiani
1677 4075 1984 4132 Ostiensem
2006 4075 2126 4144 epi-

546 4165 772 4219 scopum
803 4147 1058 4203 Nicolaus
1084 4164 1221 4218 papa
1247 4148 1374 4219 illuc
1402 4146 1715 4219 destinavit,
1740 4154 1793 4219 et
1813 4147 1958 4219 vices
1974 4161 2125 4219 suas,

542 4219 603 4271 in
627 4215 959 4287 corrigendis
983 4234 1047 4273 ac
1072 4215 1375 4273 statuendis
1413 4232 1536 4287 quae
1556 4218 1621 4271 ad
1650 4215 1948 4271 Ecclesiam
1980 4216 2127 4270 illam

548 4288 890 4357 pertinebant
926 4288 978 4341 ei
1004 4288 1290 4342 concessit.
1308 4308 1324 4337 ι
1352 4287 1491 4341 Tum
1518 4286 1786 4342 Baronius
1812 4305 1823 4340 :
1855 4305 1874 4338 ‹
1897 4287 2122 4356 Ηυ]ιιε,ι

548 4358 745 4427 inquit,
782 4357 1108 4427 «legationis
1133 4365 1312 4412 exstat
1359 4359 1517 4426 plena
1552 4357 1764 4427 relatio,
1811 4357 1867 4410 in
1898 4358 2127 4426 epistola

549 4424 716 4497 quam
747 4424 1045 4497 tunc'idem
1075 4426 1268 4482 Petrus
1305 4424 1524 4497 scripsit
1573 4425 1641 4497 ad
1678 4424 2124 4495 Hildebraiidum,

546 4477 641 4567 qui
675 4513 742 4552 ex
772 4496 1109 4567 subdiacono
1133 4498 1201 4567 ab
1225 4477 1887 4566 eodemrNicol‘aoﬂnuper
1904 4477 2006 4550 “iif
2017 4477 2124 4551 Si?
2158 4477 2204 4532 D

546 4566 929 4624 chidiaconum
953 4566 1010 4622 S.
1040 4566 1106 4621 R.
1138 4566 1201 4621 Ε.
1228 4567 1407 4623 fuerat
1432 4566 1733 4634 exaltatus;
1776 4584 1794 4617 ›
1842 4574 2125 4622 censetur—

547 4655 654 4719 que
713 4640 855 4719 inter
888 4639 1169 4719 ‘opuscula
1229 4637 1375 4719 Petri
1423 4637 1718 4719 quintum,
1762 4636 2123 4719 inscriptum,

553 4706 580 4761 ι’
596 4709 762 4766 Actus
787 4706 1073 4765 Mediolani
1101 4711 1167 4765 de
1214 4706 1495 4780 privilegio
1526 4707 1787 4763 Romanae,
1814 4706 2118 4780 Ecclesiae,»

545 4796 656 4850 quo
703 4780 911 4850 scilicet
951 4780 1041 4835 illa
1079 4780 1152 4835 ibi
1200 4778 1430 4850 probata
1453 4778 1580 4833 fecit
1620 4786 1793 4833 mater
1817 4793 1955 4850 esse
1989 4778 2122 4850 Am-

547 4847 825 4921 brosianmi
842 4849 1118 4917 Ecclesiae,
1170 4847 1218 4921 ai
1250 4866 1358 4921 qua
1409 4850 1574 4905 etiam
1621 4850 1738 4919 ipse
1800 4847 2123 4921 Ambrosius

547 4921 649 4974 sub
673 4920 868 4991 Siricio
887 4935 1026 4990 papa
1052 4916 1318 4975 auxilium
1351 4921 1568 4991 petierit
1601 4916 1790 4974 contra
1831 4917 2123 4974 Nicolaita-

546 5006 668 5045 rum
695 4990 906 5061 sordes,
929 4991 1240 5061 legatosque
1271 4990 1588 5060 postulavit,
1610 5006 1679 5061 ex
1707 5004 1941 5059 quorum
1992 5006 2120 5061 scn-

530 5061 714 5131 _t_cntia
736 5060 1033 5129 perniciem
1061 5061 1218 5131 istam
1239 5068 1532 5117 coerceret.
1558 5060 1792 5115 Effectus
1842 5069 2023 5113 autem
2072 5060 2120 5115 is

547 5129 755 5201 fuit,ut
778 5131 988 5201 legatus
1010 5130 1245 5184 dandam
1278 5131 1724 5201 resipiscentibus
1752 5131 1965 5184 veniam
1993 5145 2120 5185 cen-

533 5200 740 5294 seri}:
772 5198 1373 5294 “misereris,
1391 5198 1715 5294 ἰννεειετίιίξε
1742 5201 1992 5294 sares.

2228 3236 2367 3306 ejus,
2406 3242 2650 3306 taxatam
2702 3249 2798 3306 per
2826 3236 3268 3306 unumquemque
3324 3248 3533 3306 annum
3585 3237 3822 3303 pecunia:

2228 3303 2551 3376 quantitate,
2582 3304 2807 3376 prtellrxi.
2837 3303 2963 3376 Mos
2980 3303 3240 3372 majorem
3268 3304 3562 3376 ecclesiam
3588 3307 3819 3375 ingressi

2228 3372 2497 3446 pulpitum
2518 3372 2899 3446 ascendimus.
2922 3372 3076 3431 Tunc
3107 3388 3293 3428 coram
3340 3374 3572 3446 copioso
3625 3372 3822 3446 populo

2228 3442 2465 3501 civitatis
2485 3455 2540 3500 et
2568 3445 2737 3509 clero,
2774 3445 3031 3499 clericum
3087 3459 3271 3515 suum,
3299 3452 3461 3498 tactis
3488 3442 3819 3515 Evangeliis,

2223 3516 2424 3599 ju‘rare
2444 3515 2573 3599 fecit
2596 3517 2741 3584 quod
2766 3515 2881 3596 ipse
2902 3514 3570 3599 arch‘iepiscopushqnoad
3592 3514 3817 3599 viveret,

2228 3585 2363 3642 istas
2393 3587 2529 3641 duas
2560 3587 2794 3640 haereses
2822 3585 3203 3655 sinceriterac
3243 3585 3475 3638 fideliter
3518 3586 3821 3655 exstirpare

2228 3657 2600 3721 contenderet,
2621 3656 2692 3710 ita
2716 3663 2778 3709 ut
2791 3670 2975 3725 neque
2995 3654 3331 3725 presbytero,
3349 3662 3530 3723 neque
3558 3654 3816 3719 diacono,

2228 3742 2407 3796 neque
2424 3726 2762 3783 subdiacono
2789 3724 3049 3796 feminam
3078 3724 3204 3796 cum
3228 3725 3595 3796 gradusimul
3619 3726 3814 3780 habere

2228 3793 2565 3868 per—mitteret
2579 3814 2604 3868 ;7
2622 3812 2653 3850 a
2678 3794 3021 3868 conferendis
3041 3795 3207 3849 etiam
3226 3793 3619 3868 ecclesiasticis
3636 3812 3817 3850 sacra-

2229 3866 2427 3921 mentis
2455 3867 2761 3921 venalitatis
2790 3880 2953 3920 omne
2981 3868 3368 3920 commercium
3415 3866 3668 3919 funditus
3694 3882 3815 3935 pro-

2229 3937 2456 3991 hiberet.
2494 3955 2513 3988 ›
2551 3936 2788 3992 Admissi
2843 3936 3038 3997 deinde
3072 3935 3163 3989 ‘ad
3217 3935 3472 3990 similiter
3512 3936 3808 4004 jurandum

2230 4015 2358 4063 sunt
2385 4006 2569 4081 clerici
2589 4023 2802 4081 omnes,
2824 4006 3026 4081 quibus
3045 4014 3102 4067 et
3124 4007 3442 4081 prmscripta
3489 4021 3596 4081 pro
3642 4006 3813 4081 quali-

2228 4086 2340 4132 tate
2364 4076 2549 4132 reatus
2571 4075 2891 4147 pmnitentia
2919 4084 3021 4130 est.
3059 4095 3077 4126 ‹
3136 4075 3231 4130 His
3272 4076 3458 4146 itaque
3504 4076 3597 4130 tali
3651 4075 3811 4130 modo

2229 4148 2614 4211 reconciliatis,
2636 4148 2915 4202 decretum
2944 4154 3048 4210 est,
3076 4154 3136 4200 ut
3162 4161 3269 4199 non
3296 4161 3421 4199 mox
3458 4147 3665 4215 passim
3692 4162 3808 4200 cm-
3904 4170 3927 4191 ο

2230 4218 2392 4273 nibus
2421 4219 2737 4273 redderetur
2770 4217 3028 4282 ofﬁcium,
3055 4217 3150 4271 sed
3190 4216 3275 4271 his
3320 4217 3609 4287 duntaxat,
3639 4219 3731 4287 qui
3757 4226 3810 4270 et

2228 4288 2425 4343 litteris
2446 4288 2666 4353 eruditi,
2692 4288 2937 4352 etcasti,
2982 4296 3036 4341 et
3084 4301 3302 4357 morum
3342 4286 3612 4357 gravitate
3659 4286 3809 4341 vide-

2228 4367 2418 4413 rentur
2440 4359 2673 4423 honesti;
2703 4358 2914 4412 caeteris
2933 4365 3113 4412 autem
3141 4356 3430 4421 sufﬁceret,
3447 4358 3595 4426 quod
3613 4365 3809 4411 sancte

2228 4426 2485 4484 Ecclesia:
2524 4444 2619 4499 per
2648 4428 2889 4499 divinam
2928 4427 3158 4499 gratiam
3208 4435 3393 4499 essent
3451 4429 3669 4499 inserti,
3715 4442 3807 4496 per

2230 4515 2397 4569 quam
2425 4497 3447 4569 eatenusAfuerantdivinteisententize
3496 4497 3636 4553 falce
3682 4512 3809 4567 prae-

2231 4566 2354 4624 cisi.
2387 4590 2404 4621 ι
2442 4568 2635 4623 Senior
2667 4566 2988 4633 Landulfus,
3029 4567 3166 4638 nihil
3221 4567 3416 4622 horum
3461 4566 3804 4638 approbatis,

2230 4641 2373 4710 apud
2395 4639 2735 4710 Pnricellumi
2754 4654 2877 4709 pag.
2902 4638 3030 4710 205,
3061 4657 3078 4688 ι
3121 4636 3276 4693 Rude
3318 4636 3681 4710 constitutum
3724 4636 3804 4690 fa-

2231 4708 2432 4776 ctum,»
2470 4719 2574 4776 ait,
2616 4708 2740 4764 «cui
2763 4708 3207 4778 archiepiscopus
3244 4724 3367 4778 cum
3387 4708 3682 4763 ordinariis
3716 4723 3807 4762 co-

2230 4789 2388 4861 gente
2408 4781 2610 4861 populo
2634 4777 2964 4861 subscripsit
2982 4779 3202 4833 invitus.
3232 4797 3250 4829 ι
3280 4777 3591 4861 Quomodo
3626 4788 3803 4861 autem

2231 4849 2452 4917 invitus,
2478 4849 2524 4907 si
2546 4866 2671 4906 mox
2695 4851 2761 4904 ad
2786 4849 3087 4904 Romanam
3104 4859 3364 4905 evocatus
3384 4849 3656 4919 synodum
3682 4849 3806 4903 illuc

2231 4922 2366 4977 abiit
2383 4922 2618 4992 sponte?
2639 4920 2980 4992 Quapropter
3002 4920 3167 4992 etiam
3213 4938 3231 4971 ι
3257 4919 3578 4992 decibilitcr
3603 4928 3803 4973 tracta-

2228 5000 2318 5049 tus
2340 4990 2744 5060 ab'Apostolico
2768 4990 3019 5060 Nicolao,
3052 4990 3211 5060 cujus
3238 4990 3429 5045 dextro
3461 4990 3678 5060 positus
3721 4995 3805 5060 est

2227 5061 2281 5133 in
2319 5058 2525 5133 synodo
2567 5063 2753 5133 latere.
2792 5080 2825 5133 γι
2881 5059 2958 5115 De
2995 5062 3103 5133 hac
3122 5058 3347 5133 synodo
3367 5058 3616 5133 loquens
3662 5058 3801 5128 apud

2225 5130 2552 5205 Puri'cellum
2577 5132 2912 5205 Arnulphus,
2936 5146 3057 5205 pag.
3080 5130 3205 5196 2H,
3240 5149 3260 5182 4
3288 5130 3571 5205 Ariaidnm
3604 5150 3622 5179 ι
3666 5143 3821 5205 σιειοτ

2222 5218 2332 5272 que
2364 5203 2493 5257 illuc
2513 5203 2738 5294 pariter‘
2753 5201 2955 5294 abiisse
2991 5201 3094 5294 ai:Y
3116 5211 3279 5282 atque
3323 5201 3798 5294 archiepiscopum
