4028 5360
274 312 296 365 l
314 312 408 368 £57

1791 312 1990 390 ACTA.

3395 348 3530 403 H58

259 432 378 480 erat
426 425 618 525 laneis.
670 426 825 525 Hunc
876 433 935 525 in
978 434 1176 505 pedum
1202 437 1500 496 ablatione
1547 458 1847 514 pauperum
1876 452 1918 508 Α
1949 448 2222 505 reﬁciebat
2261 464 2467 506 secum.
2500 449 2635 507 Nam
2666 444 2770 510 boc
2802 420 2938 525 opus
2967 446 3215 515 sanctum
3258 460 3529 519 interdum

257 530 419 585 agere
447 516 578 582 vidi,
604 520 751 589 quod
778 520 836 575 in
871 523 979 578 alio
1018 526 1235 581 nemine
1274 543 1362 583 me
1396 531 1721 589 reminiscor
1753 536 1838 589 vi-

255 606 425 662 disse.
455 607 591 665 Nam
618 626 743 667 cum
771 613 969 668 alicubi
1006 631 1102 685 per
1130 618 1319 673 urbem
1365 622 1596 680 vallatus
1640 641 1837 698 magna

254 701 605 757 multitudine
633 703 874 761 ﬁdelium
902 707 1005 762 sibi
1030 708 1209 780 gratis
1230 712 1644 785 obsequentium
1687 718 1834 776 ince-

252 791 407 847 deret
434 801 489 848 et
528 795 829 854 horrendos
872 816 1137 871 pauperes
1180 813 1235 859 et
1276 806 1481 864 debiles
1524 810 1830 881 inspiceret,

250 886 394 940 clam
420 888 581 945 alicui
602 905 667 944 ex
689 892 803 947 suis
828 889 1047 950 famulis
1068 896 1328 955 innuebat
1353 902 1643 970 persistere
1670 913 1832 977 atque

251 992 544 1048 pauperem
595 988 718 1050 post
768 983 949 1053 ipsum
993 987 1061 1042 ad
1105 987 1327 1043 domum
1383 1006 1569 1048 secum
1615 996 1833 1053 ducere.

250 1065 503 1158 inmissis
548 1069 721 1140 igitur’
751 1076 1048 1144 extraneis,
1095 1077 1255 1133 allata
1295 1095 1474 1149 aqua,
1518 1083 1839 1158 cinctusque

247 1156 438 1223 linteo,
451 1162 607 1231 egeni
637 1164 801 1241 pedes
817 1167 985 1222 nimia
1008 1183 1134 1224 cum
1151 1174 1498 1231 veneratione
1514 1156 1766 1235 abluebat
1782 1189 1837 1236 et

245 1252 575 1321 extergebat.
589 1254 721 1311 Post
735 1257 849 1313 haec
859 1267 1063 1327 autem,
1074 1277 1302 1333 corpore
1332 1265 1386 1319 in
1404 1268 1523 1322 solo
1541 1280 1831 1340 prostrato,

244 1342 350 1397 sub
373 1343 544 1412 ipsius
566 1348 793 1416 pedibus
825 1362 987 1423 caput
1006 1355 1266 1423 ponebat,
1291 1367 1345 1411 et
1365 1358 1472 1414 tale
1494 1362 1657 1417 modo
1682 1380 1835 1419 men-

243 1435 427 1491 dicum
467 1447 520 1493 et
556 1455 844 1511 pauperem
867 1444 1100 1502 faciebat
1124 1464 1184 1504 se
1211 1450 1486 1506 modicum
1510 1455 1834 1512 conculcare

242 1528 486 1598 divitem,
517 1533 751 1606 denique
797 1539 1093 1597 honoriﬁce
1146 1551 1202 1597 et
1248 1540 1602 1602 abundanter
1648 1547 1830 1620 ipsum

1947 541 2003 596 in
2034 557 2323 596 numerum
2351 542 2663 598 duodenum
2691 546 2906 616 explere
2930 548 3038 602 vidi
3065 564 3384 620 pauperum.
3420 552 3527 609 Ve-

1944 639 2251 687 rumtamen
2296 631 2392 688 Dei
2431 634 2547 688 zelo
2584 635 2665 690 sic
2702 647 2818 692 erat
2859 654 3121 696 accensus
3162 649 3224 697 ut
3250 643 3317 699 de
3360 660 3426 699 eo
3473 647 3526 701 in

1944 724 2063 796 ejus
2091 725 2338 780 absentia
2367 726 2686 798 plerumque
2715 729 2798 783 vir
2823 729 2917 786 Dei
2946 731 3198 791 Arialdus
3244 738 3525 806 suspirans

1939 817 2178 873 diceret:
2210 816 2353 872 Proh
2369 814 2553 873 dolor!
2580 828 2773 890 praeter
2806 820 3239 881 Herlembaldum
3268 834 3321 882 et
3348 826 3526 882 Naza-

1936 909 2103 977 rium,
2129 906 2391 964 'clericum
2421 910 2511 964 vix
2539 926 2866 981 quemquam
2895 918 3125 984 reperio,
3155 918 3249 989 qui
3274 916 3523 989 quoquo-

1939 999 2104 1053 modo
2133 999 2268 1053 mibi
2295 998 2398 1054 sub
2423 998 2558 1054 falsa
2586 998 2911 1057 discretione
2954 1013 3132 1060 tacere
3159 1018 3268 1060 non
3298 1009 3525 1063 suadeat

1938 1100 2207 1162 quatenus
2238 1090 2535 1146 Simoniaci
2575 1099 2630 1147 et
2671 1082 2907 1148 adulteri
2942 1095 3108 1150 libere
3151 1082 3361 1167 possint
3400 1079 3523 1170 pen-

1938 1197 2098 1253 agere
2124 1197 2288 1253 opera
2319 1183 2537 1238 diaboli.
2569 1182 2735 1239 Multa
2763 1200 2999 1256 namque
3027 1187 3169 1242 bona
3188 1188 3254 1243 de
3274 1190 3382 1245 hoc
3402 1190 3523 1245 viro

1922 1273 2277 1329 lfamiliariter
2303 1266 2568 1346 cognovi,
2616 1276 2708 1330 sed
2743 1276 2870 1346 quia
2899 1293 3072 1348 nuper
3110 1278 3166 1332 in
3206 1279 3520 1338 defensione

1920 1368 2161 1445 iustitia;
2190 1367 2449 1440 martyrio
2477 1374 2564 1423 est
2599 1376 2913 1438 coronatus,
2944 1384 3009 1425 ea
3036 1371 3197 1426 alteri
3223 1380 3332 1427 tam
3364 1373 3519 1428 volué

1939 1457 2075 1512 mini
2120 1472 2285 1528 quam
2330 1457 2585 1528 scriptori
2633 1458 2903 1528 relinquo,
2935 1459 3065 1530 quia
3117 1459 3178 1516 Β.
3207 1460 3519 1518 Αιίειιᾶίνίι

1941 1558 2051 1607 tam
2081 1551 2341 1621 perﬁcere
2368 1552 2627 1607 velociter
2651 1550 2831 1622 cupio.

1509 1746 2274 1904 EMBOLI‘SMUS

943 2021 1026 2113 De
1058 2021 1324 2102 ejusdem
1353 2022 1780 2088 Herlembaldi
1797 2026 2149 2106 principiis
2177 2035 2236 2089 et
2265 2023 2557 2107 Landulﬁ
2585 2027 2761 2089 obitu

311 2321 400 2377 55.
461 2312 604 2377 Cum
663 2324 1009 2395 propositum
1071 2327 1143 2384 sit
1204 2325 1283 2384 S..
1328 2326 1692 2384 Herlembaldi
1732 2328 1827 2384 Ἦ·
1857 2338 1901 2392 Β
1927 2329 2340 2387 Herlembaldus
2366 2339 2513 2387 esset
2540 2332 2878 2404 capitaneus,
2902 2316 3095 2390 eontra
3119 2334 3332 2394 nobiles
3360 2292 3517 2409 ipsos:

237 2425 365 2470 tam.
419 2431 530 2469 una
588 2431 713 2471 cum
739 2415 863 2473 Vita
921 2416 978 2474 S.
1019 2418 1227 2475 Arialdi
1277 2422 1553 2492 prosequi,
1599 2431 1824 2493 praeter-

236 2504 452 2561 mittere
480 2520 588 2560 non
615 2522 842 2576 possum
867 2509 1002 2578 quin
1032 2510 1125 2564 tali
1149 2498 1430 2581 proposito
1457 2513 1823 2581 importunam

233 2599 469 2653 Andreae
500 2598 818 2654 brevitatem
863 2601 1081 2656 aliunde
1124 2603 1427 2672 suppleam,
1463 2616 1683 2659 secutus
1725 2620 1825 2659 au-

234 2699 417 2745 ctores
446 2706 477 2744 a
512 2688 779 2744 Puricello
807 2690 1269 2746 subministratos.
1300 2690 1399 2746 Hic
1426 2709 1549 2763 pag.
1581 2692 1708 2759 221,
1755 2709 1821 2748 ex

232 2780 539 2836 Annalibus
573 2780 716 2835 Petri
744 2781 951 2865 ⁴ἒιὲιξίἰ,
997 2783 1139 2837 circa
1182 2799 1386 2837 annum
1432 2783 1569 2838 1402
1631 2784 1817 2853 finitis,

236 2882 453 2939 narrat,
514 2856 965 2943 quomodoas/ew
1011 2874 1402 2931 Mediolauensi
1448 2886 1676 2955 vacante
1724 2893 1821 2947 per

232 2973 470 3019 mortem
500 2964 735 3020 Ariberti
759 2966 1123 3021 laudatissimi
1151 2968 1402 3037 praesulis
1450 2968 1675 3040 (obiisse
1728 2985 1821 3024 au-

234 3064 346 3111 tem
371 3057 461 3111 hic
484 3057 538 3110 in
567 3073 669 3111 suo
689 3057 965 3128 epitapliio
986 3059 1182 3130 legitur
1204 3056 1235 3111 ἰ
1273 3076 1416 3114 anno
1448 3060 1606 3127 1045,
1636 3056 1701 3114 17
1732 3060 1818 3116 die

234 3146 447 3201 mensis
471 3145 738 3213 Januarii,
767 3148 1063 3205 indictione
1094 3151 1213 3219 xm)
1244 3158 1299 3205 et
1326 3149 1541 3206 Lazone
1575 3150 1642 3205 de
1665 3160 1817 3206 curte

233 3240 542 3307 exsulante,
581 3261 598 3291 ι
634 3241 727 3311 qui
764 3241 933 3296 scissa
980 3242 1033 3296 in
1074 3242 1340 3299 factiones
1381 3242 1599 3298 civitate
1624 3249 1815 3297 contra

232 3330 573 3385 nobilitatem
603 3342 782 3401 partes
805 3333 976 3402 plebis
997 3333 1299 3388 sustinebat
1324 3349 1448 3388 cum
1472 3334 1630 3387 titulo
1664 3352 1683 3385 ι
1713 3334 1816 3388 Ca.

232 3420 463 3491 pitanei,
496 3436 622 3490 pars
648 3423 831 3492 populi
860 3424 926 3478 ad
957 3424 1187 3478 nihilum
1211 3425 1427 3479 redacta
1453 3431 1554 3480 est.
1583 3424 1758 3492 Tunc,
1789 3443 1807 3476 ι

232 3512 436 3583 inquit,
474 3514 774 3583 «capitanei
798 3531 891 3570 sex
913 3524 1213 3587 portarum,
1244 3532 1367 3571 cum
1400 3517 1516 3572 suis
1537 3517 1809 3583 vassallis,

230 3603 539 3659 dominium
572 3604 806 3660 civitatis
842 3617 1272 3677 usurpaverunt,
1317 3616 1373 3664 et
1420 3616 1810 3680 congregantes

1926 2420 2161 2476 multum
2194 2421 2494 2491 praevaluit.
2523 2438 2542 2475 ι

1997 2511 2107 2581 56η
2127 2510 2268 2581 Ergo
2301 2519 2531 2565 vacante
2560 2511 2642 2582 (ut
2669 2509 2805 2583 dixi)
2841 2510 2986 2578 sede,
3020 2509 3382 2568 Herebraldus
3409 2511 3511 2583 (sic

1923 2602 2071 2657 enim
2111 2601 2303 2656 scribit
2343 2602 2657 2671 praecitatus
2702 2600 2921 2668 Dacius,
2960 2602 3118 2671 cujus
3156 2602 3321 2659 verba
3365 2603 3510 2674 apud

1922 2692 2248 2748 Puricellum
2293 2707 2416 2762 pag.
2460 2692 2566 2747 215
2607 2692 2833 2746 recitata
2880 2693 3202 2763 prosequor)
3250 2711 3269 2745 ι
3302 2709 3509 2763 ριόοιιε

1919 2782 2062 2837 ravit
2085 2797 2210 2837 cum
2234 2776 2402 2848 clero,
2430 2781 2573 2851 quod
2600 2781 2927 2852 eligerentur
2959 2791 3214 2850 quatuor,
3249 2789 3304 2837 et
3332 2781 3506 2852 impe-

1921 2883 2091 2942 rator,
2122 2894 2141 2927 ι
2186 2872 2452 2929 Henricus
2495 2871 2676 2943 Niger,
2704 2889 2799 2928 seu
2842 2871 3025 2942 potius
3068 2889 3166 2928 rex
3207 2864 3372 2943 (nam
3416 2889 3507 2943 se:

1920 2966 2108 3037 quenti
2160 2980 2306 3020 anno
2334 2973 2564 3020 exeunte
2623 2964 2775 3035 regni
2818 2964 2903 3018 sui
2936 2964 3166 3033 septimo
3208 2973 3510 3041 coronatus.

1918 3059 2157 3128 primum
2189 3056 2485 3127 imperator
2512 3055 2616 3111 fuit
2665 3075 2682 3107 ι
2713 3056 2907 3125 (quem
2951 3054 3110 3109 vellet
3146 3055 3202 3109 in
3236 3054 3507 3126 arcbiepi:

1919 3164 2144 3219 scopum
2177 3148 2543 3203 conﬁrmaret.
2588 3146 2655 3202 Et
2696 3146 2915 3202 fuerunt
2950 3146 3108 3201 electi
3149 3146 3504 3217 Landulpbus

1917 3239 2266 3313 Cotta,sacri
2311 3239 2496 3310 palatii
2532 3238 2800 3305 notarius,
2844 3237 3011 3292 frater
3051 3238 3292 3295 carnalis
3330 3239 3510 3309 ipsius,

1917 3328 2271 3387 Hernebraldi
2299 3351 2311 3386 :
2337 3330 2471 3386 alter
2503 3330 2679 3386 dictus
2702 3340 2785 3385 est
2812 3329 3103 3385 Anselmus
3139 3330 3206 3385 de
3242 3328 3499 3400 Badagio,

1914 3425 2159 3482 ecclesiae
2182 3422 2603 3479 Mediolanensis
2628 3422 2942 3489 cardinalis,
2963 3441 2981 3475 ›
3021 3421 3075 3476 id
3097 3430 3182 3477 est
3203 3410 3512 3478 canonicus'

1914 3515 2261 3583 ordinarius;
2299 3534 2318 3568 ι
2349 3515 2541 3570 tertius
2579 3515 2757 3569 dictus
2782 3521 2867 3569 est
2898 3512 3176 3579 Arialdus,
3204 3529 3272 3570 ex
3298 3514 3504 3585 capita-

1914 3609 2033 3664 neis
2063 3608 2130 3663 de
2155 3606 2448 3669 Carimate,
2473 3625 2492 3659 ι
2528 3606 2690 3676 plane
2724 3605 2973 3683 diversus
3001 3621 3032 3675 a
3061 3596 3249 3660 nostro
3279 3614 3499 3674 sancto;

231 3695 522 3749 universos
550 3695 758 3751 amicos
788 3695 841 3749 in
868 3698 1067 3766 palatio
1094 3698 1521 3767 communitatis,
1550 3700 1660 3755 duo
1695 3707 1811 3777 sta:
1837 3693 1883 3756 C
1921 3718 1940 3752 ι
1970 3707 2201 3770 quartus
2234 3698 2414 3755 dictus
2455 3707 2540 3754 est
2577 3696 2719 3752 Atho
2738 3740 2751 3764 ,
2795 3696 3051 3752 Ecclesiae
3086 3696 3503 3753 Mediolanensis
3534 3694 3537 3703 ”

229 3792 352 3840 tuta
374 3783 622 3840 fecerunt
643 3786 698 3840 in
717 3788 901 3842 odium
925 3790 1130 3859 populi.
1163 3790 1405 3845 Primum
1430 3800 1693 3846 statutum
1716 3787 1819 3847 fuit

190 3899 208 3921 ι
231 3874 403 3940 istud,
425 3877 568 3937 quod
594 3876 778 3933 Ranzo
804 3880 870 3934 de
899 3879 1083 3945 Curte,
1113 3880 1268 3935 miles
1296 3882 1634 3951 proscriptus
1654 3922 1668 3948 ,
1690 3896 1817 3935 cum

230 3971 352 4019 tota
387 3968 660 4035 parentela
689 3968 906 4023 illorum
939 3970 1005 4024 de
1025 3968 1213 4036 Curtc,
1245 3986 1526 4040 nunquam
1569 3971 1817 4025 habitare

233 4065 422 4127 posset
448 4057 505 4112 in
530 4059 747 4113 civitate
772 4058 1077 4127 Mediolani,
1125 4050 1243 4115 nec.
1282 4061 1338 4115 in
1380 4061 1662 4127 comitatu,
1716 4076 1817 4116 nec

232 4134 614 4215 possessiones
641 4149 841 4203 habere
877 4151 930 4205 in
973 4159 1257 4205 aeternum.
1297 4150 1608 4206 Secundum
1651 4140 1822 4206 statu;

237 4242 350 4289 tum
382 4232 486 4288 fuit
514 4235 689 4304 istud,
721 4239 867 4308 quod
914 4239 960 4293 si
1010 4239 1208 4308 aliquis
1250 4239 1448 4295 nobilis
1492 4238 1818 4296 interﬁceret

235 4326 473 4396 aliquem
496 4328 836 4397 popularem,
860 4331 1095 4387 solveret
1126 4338 1329 4401 septem
1358 4331 1527 4387 libras
1570 4332 1816 4387 tertiolo-

234 4438 357 4479 rum
397 4432 452 4480 et
478 4422 765 4477 duodecim
803 4422 1078 4501 denarios,
1104 4438 1243 4493 quos
1280 4439 1406 4479 cum
1438 4424 1706 4491 solvisset,
1746 4424 1816 4480 ab

235 4517 386 4571 omni
421 4516 578 4585 culpa
609 4524 658 4570 et
700 4513 906 4569 offensa
960 4516 1100 4570 liber
1161 4524 1340 4583 esset;
1404 4525 1626 4585 propter
1669 4516 1815 4585 quod

232 4606 659 4662 innumerabiles
690 4605 756 4660 de
786 4607 988 4676 populo
1009 4605 1150 4660 infra
1185 4622 1389 4676 paucos
1417 4606 1535 4662 dies
1561 4606 1819 4662 trucidati

236 4712 382 4757 sunt.
411 4700 524 4757 Hae
545 4702 612 4756 de
638 4716 807 4756 causa
832 4690 1123 4771 populares
1149 4701 1349 4755 iterum
1391 4701 1559 4756 alium
1604 4701 1813 4771 capita-

178 4791 191 4803 ⁷
236 4810 401 4850 neum
429 4794 706 4865 elegerunt
725 4793 1017 4864 quemdam
1053 4793 1233 4848 virum
1265 4807 1331 4847 ex
1383 4808 1615 4849 numero
1654 4793 1814 4848 nobi-

233 4885 390 4961 lium,
406 4886 501 4957 qui
531 4886 710 4941 dictus
734 4894 818 4941 est
838 4883 1249 4941 Herlembaldus
1264 4884 1454 4961 Cotta.
1486 4884 1585 4941 Hic
1608 4885 1711 4940 fuit
1729 4884 1814 4938 vir

234 4993 428 5050 genere
456 4976 639 5032 clarus
688 4978 875 5044 nimis,
928 4976 985 5031 in
1038 4978 1211 5034 armis
1262 4960 1561 5045 strenuus,
1594 4976 1813 5050 gracilis

232 5087 480 5144 corpore,
511 5071 729 5127 leonino
755 5080 967 5143 pectore
997 5070 1234 5130 fervens.
1263 5068 1397 5139 Ejus
1425 5072 1621 5127 domus
1652 5067 1811 5142 quasi

228 5167 427 5223 domus
456 5163 655 5236 regalis
687 5165 831 5237 (cum
858 5171 1006 5219 curte
1030 5161 1272 5225 mirabili
1318 5172 1372 5218 et
1414 5163 1673 5220 viridario
1717 5162 1813 5218 de-

225 5258 490 5322 lectabili,
527 5274 547 5333 ι
590 5256 765 5327 inquit
791 5254 994 5321 Dacius,
1017 5272 1170 5320 anno
1199 5251 1343 5308 1080
1363 5255 1628 5330 scribens)
1658 5274 1676 5308 ι
1711 5246 1816 5310 fuit

1918 3790 2231 3847 cardinalis.
2265 3788 2345 3844 Ex
2370 3790 2476 3845 alia
2504 3798 2677 3861 parte,
2714 3805 2839 3858 pars
2878 3789 3141 3843 nobilium
3171 3787 3330 3857 elegit
3364 3786 3511 3861 ϐοὶ-η

1918 3879 2115 3938 donem
2156 3882 2223 3936 de
2263 3880 2477 3947 Velate,
2524 3880 2868 3950 imperatoris
2910 3879 3287 3935 secretarium.
3337 3878 3513 3957 Facta)

1916 3973 2180 4029 relatione
2224 3973 2293 4028 ad
2340 3972 2721 4047 imperatorem
2749 4011 2765 4038 ,
2817 3971 2954 4040 ipse,
2978 3970 3190 4025 caeteris
3236 3969 3497 4037 exclusis,

1918 4064 2221 4121 Guidonem
2261 4064 2329 4119 de
2370 4062 2555 4118 Velate
2602 4061 2876 4117 investivit
2908 4076 3004 4131 per
3031 4061 3286 4116 baculum
3315 4070 3367 4118 et
3403 4078 3514 4147 an-t

1917 4155 2108 4211 nulum
2133 4156 2200 4213 de
2229 4155 2694 4225 archiepiscopatu
2727 4150 3135 4219 Mediolanensi,
3167 4168 3329 4225 quem
3360 4168 3500 4224 papa

1917 4260 2043 4300 cum
2069 4244 2442 4300 cardinalibus
2474 4244 2637 4314 pallio
2665 4242 3115 4314 archiepiscopali
3149 4242 3444 4308 investivit,
3475 4262 3493 4293 ι

1916 4335 2147 4391 Romam
2175 4335 2423 4393 fortassis
2449 4335 2731 4413 advectum
2780 4350 2925 4390 anno
2954 4322 3113 4401 1046,
3151 4333 3208 4388 in
3238 4322 3513 4413 comitatu:

1916 4426 2135 4484 Henrici
2185 4430 2367 4499 regis,
2420 4410 2759 4505 imperialem
2794 4441 3052 4482 coronam
3097 4425 3402 4496 suscepturi
3444 4410 3512 4478 in:

1914 4519 2091 4577 Natali
2123 4519 2363 4576 Domini.
2406 4519 2558 4575 Dacii
2591 4519 2930 4584 brevitatem,
2979 4518 3033 4571 in
3063 4517 3334 4572 narranda
3363 4515 3498 4571 Gui-

1914 4615 2077 4672 donis
2094 4614 2458 4679 institutione,
2480 4610 2747 4682 supplevit
2764 4609 3005 4662 Alciatus
3033 4608 3086 4661 in
3110 4596 3515 4676 'supralaudato,

1916 4702 2239 4776 fragmento,
2252 4704 2430 4756 simul
2451 4711 2505 4756 et
2524 4701 2868 4759 occasionem
2897 4696 3157 4753 indicavit
3178 4695 3517 4775 subsecuta-_

1913 4812 2037 4853 rum
2067 4810 2191 4851 cum
2236 4791 2293 4848 S.
2339 4793 2562 4849 Arialdo
2601 4801 2656 4848 et
2702 4791 2865 4847 sociis
2898 4787 3328 4845 contentionum.
3359 4786 3519 4842 Cum'

1913 4886 2059 4942 enim
2115 4884 2344 4941 dixisset
2385 4885 2533 4955 quod
2574 4882 2841 4937 Henricus
2888 4898 2907 4934 ι
2937 4889 3060 4938 actu
3098 4886 3153 4933 et
3196 4868 3512 4945 blanditiis,

1914 4979 2008 5050 qui
2073 4979 2406 5033 advenerant
2446 4985 2691 5031 oratores
2737 4962 3228 5031 Mediolanensium
3287 4969 3532 5040 impulit'

1914 5081 1974 5128 ut
2002 5085 2159 5127 suam
2182 5066 2498 5123 electionem
2528 5069 2831 5130 laudarent,
2861 5082 2879 5116 ›
2920 5068 2998 5124 sic
3016 5059 3356 5137 progreditur
3382 5080 3398 5118 :
3528 5058 3535 5071 ‘

1938 5168 1943 5171 ’
1984 5164 2072 5219 ⁸57.
2120 5181 2137 5211 ι
2168 5158 2315 5213 Tulit
2359 5157 2410 5212 id
2438 5200 2453 5224 ,
2490 5174 2643 5231 aeque
2677 5174 2740 5213 ac
2767 5156 2983 5231 debuit,
3030 5152 3306 5227 mgerrime
3332 5168 3549 5230 poma

1915 5260 2022 5326 lus,
2054 5257 2257 5324 vixque
2289 5250 2486 5307 adduci
2515 5254 2691 5325 potuit
2724 5257 2785 5306 ut
2804 5250 3194 5327 advenientem
3218 5253 3531 5325 praesulem

2103 5347 2118 5360 ι
2173 5345 2187 5360 ι
2270 5356 2347 5360 -..-
2398 5356 2423 5360 -.
2450 5358 2458 5360 _
2678 5341 2733 5360 11.
2764 5347 2825 5360 .-Α
2986 5349 3000 5360 1
3088 5336 3311 5360 --......ο.ιξιιι
3346 5335 3421 5360 1--
3486 5342 3498 5355 θ
