4028 5360
456 3194 519 3275 γ

561 319 701 376 “59
1665 314 1760 371 SS.
1805 315 2086 370 ARIALDI
2138 317 2152 370 l

2265 318 2706 376 Elil.EM’BALDl
3702 320 3830 376 “30

557 442 829 506 patratum
873 444 957 491 est
992 442 1053 491 ut
1084 428 1235 505 plebs
1273 432 1391 503 ipsa
1421 432 1807 503 acquiesceret.
1837 430 2143 487 Prattende—
2173 432 2214 488 A
2244 448 2369 502 pam
2415 442 2505 490 est
2553 434 2791 499 electus,
2844 441 3176 507 vocatusque
3202 434 3507 490 Alexander
3534 433 3829 489 secundes.

557 525 691 581 bant
738 525 814 581 illi
855 525 1172 597 religionem
1218 525 1497 594 divinique
1540 525 1721 580 cultus
1761 521 2006 593 profanis
2036 540 2144 578 non
2318 528 2406 584 59.
2440 548 2467 579 τ
2493 527 2592 583 [lic
2614 529 2746 584 dum
2775 540 2917 583 esset
2945 528 3259 583 ordinarius
3278 526 3703 582 Mediolaneusis
3729 525 3831 582 Ee-

558 618 858 673 obnoxium
891 619 1247 673 arbitrium...
1285 615 1525 672 Durabat
1559 627 1613 672 et
1657 625 1786 672 tunc
1812 634 2028 672 summa
2055 632 2147 672 ca-
2247 620 2446 687 clesize,
2489 620 2732 676 scientiis
2786 629 2841 674 et
2882 619 3130 674 moribus
3169 619 3459 673 laudabilis
3505 617 3631 682 fuit,
3674 626 3733 671 et
3780 616 3833 670 in

556 713 715 777 ritas,
764 721 819 767 et
854 712 973 782 ejus
1003 727 1186 767 comes
1207 711 1397 781 pestis,
1431 727 1553 780 qnzc
1580 726 1691 765 non
1732 711 1837 766 nisi
1885 710 2148 765 vicesimo
2248 727 2500 768 sermone
2524 720 2738 781 potens,
2774 712 2935 781 cujus
2974 710 3228 767 facundia
3275 711 3621 780 scientiaque
3658 709 3834 780 pluri—

557 805 720 861 tertio
747 806 967 860 demum
990 820 1139 859 anno
1167 803 1439 859 exstincta
1479 812 1577 858 est.
1619 802 1715 857 His
1744 802 2148 857 calamitatibus
2249 820 2397 859 mum
2429 804 2639 860 civibus
2673 813 2829 874 grata
2851 814 2986 868 erat,
3024 804 3297 874 erupitque
3318 812 3447 858 tunc
3472 803 3527 856 in
3573 801 3835 872 praedica-

554 895 848 951 conﬂictati
872 894 1127 951 Insubres
1139 896 1322 950 omnia
1343 896 1720 951 sacerdotibus
1742 895 2144 965 permittebant.
2249 898 2492 953 tionibus
2516 898 2631 953 suis
2650 898 2972 953 clericorum
2993 897 3161 951 vitam
3187 896 3637 967 vituperare,nec
3655 894 3835 949 verbi

553 989 623 1044 lii
649 989 814 1062 igitur
843 988 1133 1045 Widoncm
1177 1004 1276 1059 pro
1307 989 1457 1059 justo
1499 990 1732 1058 praesule
1770 998 2144 1060 agnoscentes,
2249 992 2645 1062 archiepiscopi
2671 991 2958 1056 Guidouis,
2983 991 3164 1061 ipsum
3187 989 3458 1045 hortantis
3484 989 3550 1043 ad
3577 988 3834 1043 scandala

552 1085 788 1157 insignia
826 1085 1107 1157 dignitatis
1149 1086 1203 1139 in
1249 1101 1374 1140 eum
1425 1087 1805 1151 contulerunt,
1844 1087 2149 1142 honoribus
2248 1083 2577 1138 clericorum
2616 1081 2843 1136 minime
2883 1080 3230 1150 publicanda,
3253 1078 3656 1134 consentiebat.
3690 1075 3835 1131 [inde

551 1187 789 1250 augent,
842 1177 1019 1248 jussis
1089 1179 1486 1248 obtemperant.
1558 1179 1663 1233 Sol
1717 1186 1770 1233 et
1822 1179 1997 1234 comis
2046 1195 2147 1234 na-
2250 1172 3100 1243 archiepiscopus,dissimulans
3137 1171 3267 1241 quid
3311 1185 3475 1241 agere
3504 1168 3689 1229 vellet,
3713 1182 3835 1220 cum

556 1279 681 1325 tura
706 1270 1056 1341 liberalisque
1083 1270 1266 1337 Wido,
1317 1271 1422 1326 sibi
1474 1270 1577 1341 ipsi
1624 1286 1744 1325 non
1783 1271 1989 1326 deerat.
2050 1269 2150 1329 Sa-
2248 1268 2509 1323 Anschno
2546 1267 2613 1321 ad
2655 1266 3041 1335 imperatorem
3071 1263 3278 1335 pergit;
3315 1262 3410 1333 qui
3461 1260 3708 1316 consilio
3759 1273 3838 1312 ar-

550 1360 803 1419 cerdotes
827 1370 883 1416 et
910 1360 1193 1417 ministros
1218 1360 1603 1430 quoslibctque
1635 1361 1877 1417 initiatos
1921 1362 2149 1417 libenter
2249 1359 2578 1430 chiepiseopi
2610 1357 2829 1414 curiose
2851 1357 2992 1411 satis
3006 1357 3077 1410 ab
3104 1357 3238 1410 urbe
3262 1354 3471 1426 expulit
3492 1353 3837 1417 Anselmum,

548 1452 837 1523 amplecti,
879 1454 1074 1509 delicta
1120 1469 1312 1511 eorum
1357 1454 1706 1512 dissimulare
1730 1496 1745 1519 ,
1789 1470 1947 1524 aequa
1989 1465 2149 1525 atque
2249 1469 2375 1508 nam
2407 1453 2456 1507 ei
2490 1451 2772 1507 Lucanum
2807 1450 3185 1520 episcopatum
3218 1448 3385 1502 dedit.
3414 1445 3612 1516 Itaque
3642 1444 3836 1508 Guido,

553 1545 742 1615 iniqua
786 1546 926 1615 pati;
973 1546 1177 1617 quibus
1213 1546 1427 1609 actibus
1473 1561 1666 1602 omnes
1709 1546 1813 1601 sibi
1858 1562 1965 1601 non
2013 1546 2150 1605 diili-
2248 1564 2308 1604 se
2338 1556 2513 1602 tutum
2537 1553 2735 1616 putans
2770 1542 3024 1601 absentia
3063 1541 3334 1605 Anselmi,
3384 1539 3563 1611 magis
3610 1537 3836 1592 fallitur.

550 1636 725 1692 culter
768 1637 1201 1704 conciliavisset,
1256 1638 1363 1693 nisi
1410 1639 1683 1693 licentiam
1739 1640 1879 1695 hanc
1932 1640 2146 1695 tandem
2248 1641 2383 1696 Nam
2426 1640 2742 1703 Ansclmus,
2798 1647 2994 1693 vocato
3030 1633 3300 1690 Landulfo
3333 1632 3492 1689 levita
3536 1630 3837 1694 ordinario,

550 1727 808 1783 Arialdus
849 1729 1218 1799 repressisset.
1251 1749 1270 1781 ι
1320 1728 1394 1783 Ea
1444 1746 1533 1785 res
1575 1731 2036 1801 quemadmodum
2088 1749 2146 1787 se
2179 1780 2219 1801 η
2252 1732 2593 1788 familiariter
2643 1732 2893 1784 hortatur
2950 1737 3012 1784 ut
3078 1728 3136 1781 in
3190 1722 3682 1796 prredicationibus
3728 1721 3841 1776 suis

549 1818 824 1886 habuerit,
864 1820 1129 1875 hactenus
1165 1821 1424 1888 vidimus,
1470 1823 1548 1877 uti
1586 1823 1755 1877 etiam
1793 1822 1986 1879 Aleiati
2016 1840 2139 1880 ver-
2177 1813 2220 1840 ⁵³
2247 1826 2377 1880 vitia
2421 1825 2714 1901 exprobret
2763 1820 3121 1886 clericorum;
3177 1818 3319 1873 idem
3354 1815 3661 1873 domestice
3710 1813 3841 1867 satis

549 1909 657 1975 bis,
693 1919 965 1980 quatenus
1007 1922 1218 1967 servata
1264 1914 1333 1968 ab
1380 1914 1597 1984 injuriis
1642 1924 1949 1985 temporum
1992 1924 2139 1971 sunt.
2248 1918 2380 1975 facit
2425 1917 2686 1982 Arialdo,
2718 1915 3010 1970 ostendens
3056 1912 3138 1968 eis
3187 1911 3380 1966 modos
3434 1923 3579 1979 quos
3626 1906 3840 1963 tenebat

550 2001 626 2057 De
666 2002 1048 2061 Herlembaldo
1088 2006 1177 2062 hic
1219 2007 1635 2078 subjungimus,
1685 2010 1834 2080 quod
1878 2020 2145 2080 praesente
2248 2019 2542 2080 antequam
2566 2008 2719 2062 fieret
2749 2004 3057 2077 episcopus.
3090 2004 3289 2073 Sicque
3329 2004 3446 2056 haec
3480 1996 3840 2070 proclamatio

543 2092 659 2163 jam
701 2095 1149 2166 archiepiscopo,
1192 2112 1360 2167 penes
1402 2115 1565 2169 quem
1606 2116 1674 2153 ex
1714 2115 1866 2154 more
1902 2101 2146 2171 regimen
2253 2112 2443 2156 contra
2471 2102 2700 2156 clericos
2745 2098 2976 2154 lascivos
3020 2104 3076 2151 et
3114 2094 3478 2158 Simouiacos,
3516 2107 3617 2162 per
3670 2089 3840 2143 Arial-

548 2186 788 2243 civitatis
826 2197 967 2255 erat,
1011 2197 1065 2244 et
1111 2190 1457 2245 sacerdotum
1502 2208 1685 2261 opera,
1734 2193 2021 2248 conciliata
2056 2202 2146 2248 ut-
2249 2193 2379 2248 dum
2406 2200 2459 2245 et
2495 2188 2829 2245 Landulfum
2882 2187 3091 2242 diutius
3141 2185 3482 2249 continuata,
3531 2196 3563 2235 a
3619 2177 3845 2251 praefato

548 2294 769 2349 cunque
812 2295 939 2334 cum
984 2281 1261 2335 nobilibus
1304 2282 1480 2353 plebe,
1517 2282 1700 2337 minus
1730 2283 1859 2338 huic
1892 2299 2146 2344 necessa—
2251 2285 2512 2345 Anselmo
2536 2281 2603 2337 de
2625 2280 2866 2351 Badagio
2895 2277 3133 2348 sumpsit
3160 2275 3471 2337 exordium.
3525 2270 3641 2327 Hac
3679 2272 3835 2342 igitur

546 2369 693 2422 rium
724 2384 845 2425 esse
869 2385 927 2425 se
952 2370 1163 2437 videns,
1187 2370 1617 2444 Hierosolymam
1638 2374 1958 2444 peregrinus
1981 2375 2144 2443 abiit;
2250 2375 2622 2430 familiaritate
2648 2373 2895 2429 conlisus
2924 2369 3202 2437 Arialdus,
3227 2369 3294 2424 ad
3321 2365 3701 2421 Alexandrum
3750 2380 3837 2433 pa-

549 2459 806 2517 fortassis
821 2478 889 2517 ne
906 2462 1306 2519 immisceretur
1318 2464 2147 2536 novisturbis.quasprospicic-
2251 2485 2374 2544 pam
2403 2484 2525 2522 cum
2559 2465 2942 2521 Herlcmbaldo
2968 2479 3088 2520 sese
3115 2460 3411 2517 transtulit.
3700 2464 3712 2475 ’

554 2554 647 2609 bat
681 2556 1330 2623 excitandas,occasione
1350 2573 1541 2613 eorum
1565 2575 1686 2630 qua:
1708 2569 1895 2615 contra
1913 2560 2149 2613 incestos
2328 2560 2410 2614 to.
2460 2579 2478 2612 ‹
2502 2555 3105 2613 CriniveroAlexandro
3122 2570 3272 2625 papa:
3302 2567 3492 2607 eorum
3525 2549 3672 2605 foret
3701 2565 3833 2602 nun-

552 2642 1049 2715 Simoniacosquea
1068 2645 1125 2700 S.
1145 2646 1366 2702 Arialdo
1379 2661 1443 2702 ac
1465 2646 1632 2703 fratre
1646 2665 1746 2703 suo
1760 2647 2025 2705 Landulfo
2040 2664 2152 2704 mo-
2252 2653 2419 2708 tiatus
2458 2653 2745 2718 adventus,
2766 2667 2861 2705 eos
2886 2650 2951 2704 ad
2978 2665 3036 2703 se
3064 2648 3116 2702 in
3147 2643 3451 2701 cubiculari
3478 2643 3727 2697 thalamo
3748 2656 3837 2695 vo—

553 2737 842 2792 vebantur.
865 2737 1153 2805 Quomodo
1181 2749 1361 2795 autem
1379 2740 1671 2796 Alexandri
1696 2742 1738 2795 ll
1768 2750 2006 2813 tempore
2027 2743 2150 2797 inde
2252 2746 2362 2800 cari
2392 2745 2547 2815 jubet
2577 2764 2589 2798 :
2617 2744 2710 2799 ubi
2744 2758 2908 2813 super
2931 2757 3121 2797 eorum
3156 2740 3293 2795 colla
3329 2753 3516 2815 ruens,
3542 2735 3835 2807 plurimum

553 2844 842 2896 reversus,
863 2829 1053 2884 iisdem
1091 2846 1150 2885 se
1180 2831 1517 2901 adjnnxerit,
1545 2830 1784 2887 fervente
1803 2833 1885 2887 vel
1917 2832 2150 2887 maxime
2254 2839 2476 2911 gavisus
2502 2846 2614 2903 est;
2645 2836 2866 2890 Arialdo
2895 2834 3176 2903 antiquam
3217 2829 3511 2886 ostendens
3556 2826 3836 2882 familiari".

555 2922 907 2976 contentione
952 2930 1173 2993 pmpter
1204 2921 1464 2992 Stephani
1499 2932 1554 2979 et
1587 2922 1793 2979 Nicolai
1827 2941 1980 2995 papte
2004 2924 2152 2994 judi-
2253 2940 2440 2996 tatem,
2472 2921 2643 3000 quam
2663 2929 2841 2983 solent
2876 2925 3039 2980 amici
3066 2924 3130 2979 ad
3179 2924 3286 2978 alta
3332 2920 3699 2976 ascendentes
3744 2934 3835 2972 ne-

553 3014 660 3080 cia,
702 3014 913 3084 placeat
954 3030 1021 3069 ex
1051 3015 1321 3069 Landulfo
1351 3016 1573 3085 juniore
1609 3017 1838 3083 discere,
1870 3017 2011 3087 apud
2043 3016 2151 3071 Pu-
2208 3070 2213 3078 ,
2254 3024 2473 3097 aligera.
2498 3021 2566 3075 At
2591 3019 2866 3085 Arialdus,
2909 3026 3101 3072 mutuo
3150 3029 3335 3070 amore
3375 3020 3691 3067 monstrato
3732 3026 3838 3065 ser-

550 3107 799 3163 ricellum
834 3123 956 3178 pag.
986 3107 1109 3175 140,
1137 3108 1214 3163 sic
1237 3117 1597 3179 prosequente
1621 3108 1678 3163 S.
1714 3109 1917 3163 Arialdi
1950 3107 2145 3164 Vitam.
2175 3153 2221 3214 ϐ
2253 3125 2486 3184 vataque
2533 3111 2711 3167 debita
2767 3109 3092 3173 reverentia,
3117 3106 3190 3161 ita
3241 3103 3406 3175 erepit
3446 3103 3604 3158 effari
3637 3121 3653 3156 :
3683 3100 3839 3155 Pater

619 3199 708 3255 58.
747 3220 766 3251 ι
804 3199 998 3254 Iisdem
1047 3200 1387 3270 temporibus
1433 3200 1842 3259 lierlembaldus
1893 3202 1960 3257 de
1991 3201 2146 3257 Cotta
2177 3194 2221 3214 υ
2253 3204 2618 3270 sanctissime,
2638 3201 2886 3257 Creatori
2912 3200 3155 3255 oumium
3177 3197 3381 3269 gratias
3406 3194 3591 3251 refero
3614 3195 3837 3249 immen-

551 3290 722 3346 frater
752 3290 1002 3347 Landulfi
1039 3292 1107 3348 ab
1155 3291 1547 3364 Hierosolymis
1576 3293 1833 3361 redierat,
1873 3294 2032 3349 miles
2064 3293 2143 3354 fa:-
2252 3314 2361 3363 s-is,
2388 3297 2531 3368 quod
2565 3304 2618 3349 te
2649 3295 2701 3347 in
2737 3302 2888 3348 tanto
2923 3292 3149 3349 honoris
3182 3289 3448 3354 culmine,
3480 3302 3583 3357 per
3610 3286 3707 3341 Dei
3738 3285 3836 3340 mi-

551 3392 695 3443 ctus.
722 3382 818 3438 Vir
851 3384 1104 3455 equidem
1129 3401 1338 3456 magna:
1363 3384 1660 3441 nobilitatis
1684 3396 1738 3441 et
1765 3385 1997 3441 consilio
2019 3403 2149 3458 pru—
2251 3388 2628 3454 sericordiam,
2665 3385 2963 3442 sublimare
3000 3393 3054 3438 et
3080 3383 3320 3439 exaltare
3349 3381 3645 3451 disposuit.
3692 3378 3838 3434 Nunc

553 3475 691 3530 deus
719 3476 1218 3546 magnanimusque
1254 3493 1468 3547 semper
1500 3477 1622 3531 fuit.
1676 3477 1771 3533 Hic
1820 3477 2044 3532 Arialdo
2094 3487 2149 3533 et
2253 3483 2436 3552 itaque
2466 3480 2684 3534 animus
2721 3492 2899 3545 meus,
2949 3476 3139 3531 multis
3188 3483 3504 3529 attenuatus
3549 3473 3836 3544 angustiis,

556 3564 830 3622 Landulfo
873 3567 1023 3621 visus
1051 3575 1136 3622 est
1184 3568 1414 3623 idoneus
1445 3569 1513 3623 ad
1548 3569 1697 3637 ipsos
1747 3567 2145 3623 defendendum
2250 3572 2500 3643 agnoscit
2525 3570 2670 3641 quod
2694 3570 2825 3624 olim
2856 3568 2991 3622 mihi
3021 3577 3113 3622 tua
3132 3566 3349 3622 dilectio
3372 3566 3750 3636 promittebat,
3768 3575 3836 3630 et,

554 3667 747 3715 contra
771 3657 1002 3713 clericos
1035 3674 1183 3713 arma
1209 3667 1510 3715 moventes.
1548 3655 1703 3713 Unde
1725 3674 1849 3712 cum
1892 3659 2148 3714 visitandi
2251 3674 2309 3717 ut
2337 3665 2518 3718 omnia
2553 3662 2884 3727 omittcrcm,
2910 3660 3217 3717 sanctitatis
3242 3667 3350 3714 tua:
3372 3658 3725 3712 clementiam
3759 3675 3839 3712 re-

553 3751 920 3822 hortandique
951 3750 1123 3822 gratia
1152 3750 1219 3804 ad
1258 3766 1384 3804 eum
1432 3749 1732 3817 Venissent,
1779 3751 1981 3807 talibus
2033 3751 2145 3805 OI'Si
2249 3767 2500 3813 verenter
2544 3772 2735 3821 exoro,
2789 3765 2849 3808 ut
2900 3755 3047 3808 hunc
3100 3752 3323 3807 militem
3378 3749 3837 3815 Herlelnlialdum,

553 3853 683 3899 sunt
704 3844 886 3899 verbis
914 3863 925 3873 '
955 3839 999 3897 Ο
1024 3840 1419 3909 Herlembalzle,
1449 3841 1503 3896 in
1530 3842 2145 3909 omnibusvenerande,
2249 3849 2391 3905 bello
2414 3848 2646 3919 probum
2676 3846 3019 3915 consilioque
3046 3841 3494 3898 διιρῃυξδςίηῃιηι
3512 3883 3527 3905 ν
3560 3841 3615 3893 in
3662 3839 3839 3894 omni-

551 3953 652 4006 PFO
683 3946 777 3991 ῐυο
820 3936 996 3993 I‘C‘dilu
1045 3952 1148 3991 1103
1205 3935 1375 3990 Deum
1432 3936 1827 4003 COllalldalllCS,
1859 3935 2063 4007 gratias
2097 3938 2145 3990 ei
2250 3943 2353 3997 hus
2385 3940 2680 3994 virtutibus
2717 3938 3123 4002 confirmatum,
3156 3933 3250 3988 Dei
3276 3932 3462 3987 favore
3499 3943 3707 4002 tuoque
3726 3947 3838 3987 mu.-

551 4028 843 4085 ιῈΓοΡίιιιυε
868 4030 1193 4095 immensas;
1226 4028 1305 4083 Sic
1335 4029 1481 4083 enim
1522 4027 1683 4095 DCUS,
1715 4027 1767 4082 ίη
1806 4028 1944 4082 mari
1988 4037 2041 4082 Ct
2093 4028 2145 4081 in
2250 4036 2457 4097 nilum,
2484 4031 2616 4087 mihi
2666 4031 2878 4085 tribuas
2906 4028 3270 4093 defensorem,
3300 4034 3355 4081 et
3403 4041 3433 4080 a
3487 4036 3540 4081 tc
3583 4026 3838 4083 vexillum

553 4128 696 4176 terra
723 4121 911 4175 multis
942 4131 1263 4191 quassatum
1295 4121 1567 4191 procellis,
1589 4129 1639 4175 te
1662 4120 1820 4175 nobis
1846 4119 2024 4174 redire
2048 4136 2145 4175 sua

549 4214 887 4283 benignitate
922 4214 1212 4283 disposuit.
1241 4213 1398 4267 \‘itiis
1426 4214 1588 4267 modo
1621 4213 1804 4268 δωριῠὶ
1830 4212 1987 4267 miles
2038 4211 2144 4264 fni-
2248 4230 2303 4275 ρι
2368 4228 2491 4273 [uos
2546 4217 2675 4270 olim
2728 4214 2957 4269 rebelles
3015 4211 3326 4266 humiliarc.
3369 4208 3588 4276 Quibus
3644 4207 3837 4262 auditis

555 4306 648 4369 sti,
696 4305 896 4359 decens
928 4304 1068 4358 ratio
1113 4314 1197 4359 est
1221 4315 1280 4359 ut
1325 4305 1423 4359 Dei
1459 4305 1811 4375 ccclesieequc
1865 4303 2148 4359 catholica:
2251 4310 2556 4365 Alexander
2586 4306 3016 4362 llildebrandnm
3056 4304 3412 4367 cardinalem,
3444 4301 3577 4355 olim
3620 4300 3837 4371 legatio,-

554 4395 713 4449 miles
738 4393 991 4450 elliciaris
1022 4396 1467 4461 strenuissimus;
1510 4405 1567 4455 et
1600 4396 1747 4466 quod
1790 4396 2001 4450 etlicere
2036 4412 2145 4451 non

2250 4405 2337 4459 nis
2362 4418 2477 4458 suae
2506 4403 2793 4471 collegam,
2824 4397 3010 4453 vocari
3029 4397 3229 4466 jussit,
3261 4394 3836 4463 consentientibusth

548 4487 852 4553 potuimus,
902 4495 995 4541 tua
1050 4487 1272 4543 dextera
1332 4487 1591 4557 perﬁcere
1652 4488 1951 4543 valeamus.
2012 4486 2139 4542 Esto

2248 4498 2461 4553 caeteris
2527 4492 2921 4559 cardinalibus,
2982 4496 3259 4549 annuente
3314 4486 3366 4541 id
3430 4485 3832 4551 Hildebrando,

548 4581 712 4636 nobis
737 4580 897 4650 quasi
922 4579 1257 4637 Mathathias
1276 4588 1330 4635 et
1357 4580 1453 4634 filii
1475 4579 1617 4651 ejus,
1649 4581 1744 4652 qui
1790 4596 1891 4651 pro
1944 4582 2146 4651 templo
2246 4588 2557 4645 Alexander
2589 4587 2644 4640 in
2675 4585 2896 4656 publico
2916 4581 3246 4639 consistorio
3271 4578 3535 4634 vexillum
3566 4588 3834 4643 sanctum,

544 4672 641 4728 Dei
671 4684 723 4729 et
754 4675 943 4746 populi
980 4674 1230 4731 libertate
1254 4675 1455 4730 mortui
1484 4682 1631 4740 sunt,
1665 4682 1719 4728 et
1740 4675 1908 4729 vitam
1936 4674 2147 4729 habeu-
2246 4683 2395 4754 quod
2426 4678 2733 4735 nominavit,
2758 4675 3029 4731 V'exillum
3050 4674 3107 4728 S.
3134 4671 3298 4739 Petri,
3330 4670 3714 4726 Heriembaldo
3746 4669 3833 4724 de-

547 4778 630 4823 tes
661 4776 922 4823 :eternam
955 4768 1010 4822 in
1035 4766 1258 4823 Christo
1283 4777 1412 4823 sunt
1440 4767 1668 4822 feliciter
1695 4768 1962 4823 coronati.
1989 4766 2149 4823 Libe—
2245 4776 2348 4841 dit,
2375 4786 2611 4841 eumque
2632 4768 2895 4827 Romana)
2921 4764 3252 4827 universalis
3284 4761 3547 4818 Ecclesia
3574 4759 3835 4817 vexilljfc—
3898 4790 3909 4803 .

554 4876 743 4916 remus
768 4859 1071 4916 Ecelesiam
1095 4860 1212 4926 Dei,
1233 4861 1423 4917 multis
1453 4861 1792 4933 temporilms
1841 4862 2145 4927 obsessam,
2245 4883 2369 4922 rum
2393 4864 2541 4921 fecit.
2569 4861 2783 4929 Quibus
2809 4859 3042 4915 feliciter
3070 4855 3378 4927 completis,
3406 4855 3669 4910 Arialdus
3718 4868 3835 4909 cum

544 4965 600 5009 et
636 4955 882 5010 uxoratis
910 4954 1284 5009 sacerdotibus
1314 4954 1680 5024 inquinatam,
1702 4963 1758 5007 tu
1797 4955 1912 5026 lege
1945 4955 2132 5025 gladii,
2242 4955 2623 5017 net-lembaldo
2637 4945 3834 5021 MediolanumrepedavitJactUSQuesecurus

546 5056 601 5100 et
632 5062 732 5102 nos
758 5046 875 5102 Dei.
916 5046 1159 5101 \‘isitasti
1198 5048 1515 5116 sepulcrum
1565 5047 1707 5116 ejus,
1750 5046 1920 5100 libera
1974 5047 2138 5116 igitur
2263 5051 2356 5108 tali
2392 5046 2713 5111 defensore,
2749 5043 2881 5098 vitia
2916 5041 3239 5096 clericorum
3274 5036 3604 5106 exstirparit
3638 5036 3830 5090 acrius.

544 5137 847 5178 unt-locist!“
872 5141 989 5178 (hinc
1049 5139 1140 5178 "ie
1172 5140 1371 5178 nlulilic
1396 5138 1804 5178 “avlomhnlﬂnc
1830 5140 2135 5178 olinnonln-
2329 5143 2383 5178 Η
2447 5159 2464 5178 ι
2496 5139 2633 5178 Cum
2686 5144 2867 5178 mitem
2912 5131 3326 5178 Harlemlmldns
3375 5129 3611 5178 γίιίἰςερι
3638 5128 3833 5178 clerum

2249 4126 2499 4195 accipiat,
2535 4134 2593 4179 ut
2621 4123 2870 4178 securius
2912 4121 3153 4175 militans
3182 4135 3285 4174 nos
3322 4118 3497 4190 possit
3528 4115 3836 4183 defendere,
3924 4142 3943 4163 ι
