4028 5360
220 312 223 313 ί
320 239 450 294 uel

1848 236 2046 294 ACTA.

3440 234 3573 291 “6‘!

306 349 597 406 Arialdum
635 360 689 405 ct
725 350 1084 420 Landulfuru;
1138 354 1233 425 qui
1286 356 1671 429 pradictorum
1726 356 1890 410 trium
1922 360 1966 416 Α
1997 370 2133 419 rem,
2163 356 2363 409 obitam
2405 371 2593 425 nempe
2619 371 2708 408 an.
2744 352 2895 406 1065.
2927 350 3039 407 Hoc
3069 351 3246 407 sciens
3278 346 3575 405 Landulfus

272 441 497 505 -verba,
524 439 674 494 Pauli
705 443 939 511 apostoli
974 452 1028 498 et
1070 453 1384 499 sanctorum
1429 446 1753 501 auctoritate
1798 460 1888 501 re-

305 530 524 587 fellunt.
567 550 586 582 ›
637 529 914 588 Hactenus
972 531 1274 588 Landull‘us
1313 533 1520 604 junior.
1588 534 1888 590 P'uricellus

301 622 652 688 nutem,lib.
707 639 781 689 tv,
830 638 952 693 cap.
1002 623 1092 691 92,
1138 624 1346 694 prolixe
1391 626 1647 696 expendit
1709 627 1889 682 locum

304 712 370 766 S.
394 711 699 780 Ambrosii,
719 723 1001 784 sumptum
1027 731 1093 771 ex
1120 706 1301 772 librat
1348 717 1425 774 De
1471 718 1682 786 ciliciis,
1714 721 1891 791 capite

272 804 433 869 .ult.,
455 820 623 875 quem
655 807 896 876 praedicti
919 808 1303 880 conjugiorum
1333 809 1667 867 clericalium
1703 812 1891 868 defen-

274 910 464 955 sores
492 898 861 968 corruperint,
881 908 937 954 et
964 911 1281 972 corruptum
1306 904 1463 973 pejus
1490 904 1887 973 intellexerint;

296 989 515 1045 docens
536 990 659 1048 istis
689 992 867 1047 solum
889 994 1141 1048 ventilari
1171 996 1528 1065 quaestionem
1570 1005 1701 1052 tunc.
1749 996 1891 1053 inter

292 1080 498 1137 Patres
542 1091 975 1151 controversam,
1020 1095 1204 1140 utrum
1256 1096 1383 1142 ante
1422 1082 1755 1158 baptismum
1805 1091 1890 1146 bis

290 1174 655 1253 conjugatus,
673 1185 797 1244 post
828 1177 982 1231 illum
1010 1177 1231 1233 deberet
1259 1180 1468 1233 censeri
1493 1181 1712 1250 ligatus,
1727 1181 1890 1237 adeo-

292 1279 411 1333 que
439 1280 485 1319 at
502 1266 676 1320 sacris
699 1267 987 1323 ordinibus
1010 1269 1206 1336 arceri,
1229 1277 1284 1323 et
1316 1285 1426 1325 non
1451 1272 1746 1326 arcendum
1769 1272 1888 1326 exi-

290 1357 566 1413 stimante
596 1357 653 1413 S.
680 1358 1041 1433 Hieronymo,
1074 1362 1413 1418 contrarium
1477 1365 1721 1421 tenuisse
1760 1366 1890 1420 Am-

293 1451 577 1519 brosium,
604 1453 978 1510 Innocentium
1004 1463 1168 1526 atque
1197 1457 1587 1527 Augustinum.

370 1545 463 1598 42.
505 1544 738 1611 Quando
759 1547 928 1618 igitur
955 1549 1281 1604 Ambrosius
1311 1550 1445 1604 dicit
1480 1551 1627 1621 quod
1677 1552 1890 1609 clericis

265 1657 319 1689 με
356 1653 469 1692 una
514 1646 726 1692 tantum
784 1655 885 1696 nec
934 1643 1161 1711 repetita
1215 1643 1549 1711 permittitur
1609 1647 1823 1715 copula,
1866 1667 1883 1699 ι

289 1744 413 1799 quo
445 1745 612 1785 sensu
643 1732 697 1786 id
719 1733 886 1799 dicat,
916 1750 1045 1789 mox
1065 1735 1305 1805 explicat
1330 1736 1510 1791 verbis
1538 1755 1554 1790 :
1614 1756 1634 1789 ε
1689 1737 1891 1793 Pleris-

288 1836 411 1890 que
442 1822 645 1877 mirum
667 1825 885 1880 videtur
896 1842 998 1881 cur
1013 1827 1176 1883 etiam
1204 1836 1330 1883 ante
1344 1828 1674 1898 baptismum
1698 1831 1892 1886 iterato

290 1913 584 1984 conjugio,
596 1914 669 1969 ad
681 1917 1004 1972 electionem
1030 1920 1273 1974 muneris
1293 1928 1348 1974 et
1374 1920 1733 1977 ordinationis
1753 1938 1892 1992 prae-

291 2004 606 2075 rogativam
640 2006 1033 2076 impedimenta
1061 2019 1407 2081 generentur,
1436 2028 1560 2067 cum
1589 2015 1754 2068 etiam
1797 2015 1893 2070 de—

293 2097 428 2151 licta
462 2098 657 2153 obesse
689 2116 796 2155 nou
848 2102 1079 2168 soleant,
1129 2103 1177 2158 si
1222 2104 1426 2160 lavacri
1485 2106 1717 2162 remissa
1763 2117 1893 2162 sunt

293 2199 681 2244 sacramento.
707 2190 814 2245 Sed
861 2193 1162 2265 intelligere
1205 2196 1470 2252 debemus
1511 2198 1641 2268 quia
1688 2200 1742 2253 in
1796 2200 1892 2255 ba-

293 2281 505 2350 ptismo
532 2283 693 2353 culpa
718 2283 915 2340 dimitti
938 2294 1133 2355 potest,
1149 2287 1235 2342 lex
1264 2288 1469 2343 aboleri
1498 2305 1605 2343 non
1635 2301 1841 2360 potest;
1862 2312 1885 2345 ›

291 2386 361 2425 ea
404 2371 637 2437 scilicet,
665 2389 787 2443 qua:
818 2390 927 2429 non
960 2376 1064 2431 nisi
1096 2378 1259 2433 unius
1289 2379 1477 2434 uxoris
1504 2379 1684 2435 virum
1740 2383 1891 2438 ordi-

294 2462 429 2517 nari
486 2465 769 2533 permittit.
823 2466 979 2533 Quod
1025 2480 1237 2543 autem.
1260 2470 1427 2525 etiam
1488 2472 1653 2527 unius
1704 2475 1892 2530 uxoris

295 2556 456 2611 viros
486 2556 555 2609 ab
602 2558 793 2613 uxoris
847 2561 1177 2617 commercio
1230 2573 1415 2617 arceat
1464 2564 1790 2620 castimonia
1836 2566 1892 2620 in

295 2647 710 2703 subdiaconatu
743 2650 1092 2721 suscipiendo
1118 2653 1411 2722 promissa,
1437 2655 1641 2710 nedum
1664 2672 1892 2711 uxorem

297 2741 666 2810 quantumvis
714 2742 986 2813 virginem
1044 2744 1244 2799 ducere
1286 2746 1603 2815 prohibeat,
1652 2764 1720 2804 ex
1770 2749 1894 2804 aliis

297 2832 585 2888 Ambrosii
619 2833 754 2890 locis
782 2836 1020 2891 ostendit
1062 2836 1395 2905 Puricellus;
1451 2849 1746 2911 postquam
1790 2849 1891 2896 do,

299 2926 517 2979 cuissct
577 2926 816 2994 primum
862 2926 1034 2983 fuisse
1070 2927 1297 2985 Daciam
1338 2933 1433 3001 qui
1484 2934 1690 3003 scripto
1738 2950 1896 2989 man-

1990 445 2461 517 historiographus
2509 448 2731 518 junior,
2786 445 3021 500 narratis
3058 460 3180 515 quae
3232 444 3299 498 de
3338 440 3577 498 Heriem—

1990 539 2152 595 haldo
2185 539 2572 610 prmmisimus,
2627 559 2644 589 ‹
2676 555 2799 594 cum
2832 538 2947 592 haec
2991 547 3113 592 acta
3160 534 3411 599 fuissent,
3436 552 3454 585 ι
3488 533 3578 588 inn

1991 633 2137 704 quit,
2170 632 2485 702 «clerusque
2524 647 2675 685 arma
2699 638 2962 697 moveret,
3005 629 3238 683 moritur
3272 624 3579 689 ,Landulfus

1990 723 2352 781 Herlembaldi
2396 722 2583 778 frater.
2614 722 2910 794 Utriusque
2943 724 3271 778 obtrectator
3291 718 3578 786 Arnull‘us,

1992 818 2133 888 apud
2153 816 2483 871 Purirellum
2511 831 2632 886 pag.
2661 815 2786 881 225,
2818 816 2899 871 sic
2923 816 2989 870 de
3020 831 3082 869 ea
3105 823 3279 870 morte
3301 812 3577 883 loquitur:

1999 932 2017 965 ι
2055 912 2190 967 Cum
2243 912 2446 982 placuit
2494 910 2815 973 Altissimo,
2864 909 2958 978 qui
3008 924 3169 963 renes
3208 914 3485 963 scrutatur
3530 914 3585 959 et

1991 1006 2175 1069 corda,
2211 1004 2299 1058 ille
2328 1004 2419 1074 qui
2452 1003 2685 1057 alienam
2717 1001 2808 1056 diu
2841 998 3018 1054 fuerat
3044 1000 3336 1054 meditatus
3360 998 3585 1053 lassitu-

1990 1097 2195 1165 dinem,
2230 1096 2508 1167 inOpinam
2536 1095 2716 1149 subito
2739 1092 2914 1147 doluit
2955 1107 3110 1146 suam
3160 1090 3333 1160 ipsius
3363 1088 3584 1161 aegritu-

1990 1189 2203 1253 dinem;
2248 1202 2482 1256 cumque
2524 1186 2806 1257 langueret
2842 1182 3064 1237 biennio
3106 1180 3383 1252 pulmonis
3427 1179 3582 1243 vitio,

1990 1283 2191 1355 linguae
2219 1280 2464 1351 privatur
2490 1277 2684 1343 cilicio,
2714 1285 2773 1331 ut
2801 1277 2854 1330 in
2878 1290 2989 1345 quo
3016 1274 3217 1328 multos
3247 1272 3500 1328 ail‘eccrat
3529 1271 3586 1325 in

1990 1393 2056 1432 eo
2084 1391 2303 1447 quoque
2334 1373 2604 1429 deﬁceret.
2639 1390 2657 1421 ι
2694 1368 2772 1425 lta
2805 1369 2894 1423 ille
2914 1367 3227 1422 divinorum
3250 1364 3585 1436 judiciorum

1991 1469 2265 1541 malignus
2298 1468 2640 1538 explorator,
2686 1479 2786 1534 pro
2817 1463 3019 1533 quibus
3060 1461 3106 1516 si
3149 1458 3440 1515 dicendum
3489 1472 3587 1527 per

1991 1563 2365 1632 conjecturam
2408 1559 2480 1614 sit
2526 1554 3173 1629 aliquidrverosimilius
3215 1553 3427 1608 dicetur
3462 1566 3585 1606 eam

1993 1662 2225 1708 mortem
2258 1651 2427 1707 fuisse
2454 1665 2674 1721 pmnam
2704 1648 2855 1703 dilati
2892 1646 3277 1710 monachatus,
3320 1643 3390 1699 ad
3419 1657 3588 1713 quem

1994 1745 2405 1816 suscipiendum
2431 1742 2539 1797 Deo
2566 1758 2623 1798 se
2646 1740 3018 1796 obstrinxerat
3049 1736 3376 1803 Landulfus,
3394 1735 3586 1790 multi-

1993 1838 2173 1892 modis
2195 1837 2509 1907 prmdictam
2534 1852 2564 1889 a
2593 1832 2650 1888 S.
2676 1833 2836 1888 Petro
2859 1831 3128 1897 Damiani,
3143 1830 3308 1909 lib.v,
3321 1829 3481 1899 epist.
3498 1828 3582 1882 16.

2062 1931 2151 1985 41.
2193 1930 2440 1984 Conatur
2489 1927 2710 1998 quidem
2764 1924 3069 1980 Puricellus
3131 1936 3397 1978 excusare
3460 1935 3584 1974 cum

1992 2024 2241 2091 exemplo
2272 2020 2459 2076 fratris
2492 2018 2876 2085 Herlemhaldi,
2920 2034 2950 2071 a
2997 2016 3302 2071 monastica
3324 2014 3433 2068 vita
3457 2011 3587 2068 abs»-

1992 2107 2151 2162 tracti
2188 2107 2387 2160 intuitu
2415 2105 2639 2175 majoris
2662 2104 2790 2158 boni
2814 2100 3047 2172 publici;
3073 2101 3169 2156 sed
3185 2099 3400 2157 diversa
3428 2097 3590 2165 plane

1994 2201 2280 2268 utriusque
2302 2206 2383 2253 est
2413 2198 2573 2252 ratio.
2604 2195 2910 2250 Consilium
2941 2193 3055 2248 sive
3086 2191 3427 2263 propositum
3453 2188 3589 2244 Her-

1994 2290 2298 2345 lembaldus
2331 2280 2586 2357 habebat,
2635 2303 2744 2343 non
2781 2296 2990 2353 votum,
3026 2295 3078 2341 et
3107 2282 3351 2339 Ecclesia
3397 2281 3591 2354 egebat

1994 2382 2183 2437 militis
2213 2382 2409 2436 armati
2440 2381 2666 2446 auxilio,
2698 2379 2846 2449 quod
2869 2377 3176 2433 monachus
3198 2385 3455 2447 praestare
3479 2390 3591 2429 non

1993 2471 2280 2541 poruisset.
2314 2469 2682 2524 Concionator
2708 2475 2890 2522 autem
2920 2463 3224 2521 Landull‘us
3251 2478 3492 2529 manere,
3532 2472 3589 2518 ct

1995 2564 2298 2617 monachus
2335 2562 2451 2617 ﬁeri
2489 2569 2722 2631 poterat,
2755 2559 2946 2629 quales
2983 2558 3149 2612 etiam
3186 2556 3239 2610 in
3279 2552 3584 2611 subsidium

1995 2653 2418 2709 Mediolanensis
2447 2652 2690 2708 ecclesia:
2714 2649 3094 2705 Vallumbrosa
3122 2655 3378 2703 evocatos
3400 2645 3590 2705 scribit

1996 2746 2306 2802 Locatcllus
2337 2747 2393 2800 in
2440 2744 2677 2800 Historia
2722 2743 2805 2798 sui
2848 2741 3087 2807 Ordinis,
3109 2740 3213 2796 .lib.
3255 2755 3292 2803 ι,
3325 2753 3449 2807 cap.
3496 2736 3585 2801 68,

1995 2838 2062 2892 ad
2096 2854 2234 2908 quos
2260 2836 2422 2891 etiam
2450 2834 2805 2890 hortator-iam
2835 2847 2956 2891 eam
2982 2830 3201 2900 scripsit
3231 2828 3444 2894 Petrus,
3468 2843 3590 2896 quae

1994 2930 2087 2984 lib.
2137 2947 2167 2983 v
2193 2938 2271 2984 est
2297 2914 2524 2997 epistola
2552 2928 2635 2992 14,
2666 2925 2870 2981 directa
2908 2943 2926 2975 ι
2956 2922 3160 2978 sanctis
3191 2919 3451 2977 fratribus
3482 2919 3591 2972 llo-

298 3017 519 3071 daverit
552 3016 793 3072 fabulam
835 3020 1041 3089 passim
1072 3020 1269 3077 deinde
1294 3032 1634 3094 assumptam
1671 3026 1741 3080 ab
1768 3025 1893 3081 aliis
1919 3039 1961 3097 ρ
1993 3021 2164 3089 dulfo,
2194 3020 2356 3075 Vitali
2378 3030 2425 3075 et
2459 3019 2677 3074 Arialdo
2703 3027 2867 3087 atque
2889 3013 3269 3071 Her-lembalth
3298 3020 3351 3066 ct
3375 3010 3589 3067 ca-teris

298 3109 368 3162 de
387 3108 583 3162 eodem
611 3109 925 3180 Ambrosio,
949 3114 1107 3183 quasi
1131 3114 1177 3169 is
1211 3130 1241 3168 a
1267 3114 1501 3171 Damaso
1528 3132 1666 3186 papa
1691 3118 1895 3175 missus

299 3197 843 3272 Constantinopolim
873 3198 1107 3271 dixerit,’
1133 3206 1279 3275 quod
1340 3225 1357 3259 ι
1386 3207 1471 3262 lex
1511 3209 1760 3265 concedit
1792 3226 1895 3265 sa-

299 3291 561 3347 cerdotes
590 3295 759 3349 semel
786 3296 1051 3366 virginem
1075 3312 1303 3353 uxorem
1325 3299 1544 3367 ducere,
1574 3301 1670 3355 sed
1703 3302 1895 3372 conju-

290 3382 459 3453 gium
493 3398 602 3438 non
636 3385 854 3453 iterare,
913 3407 933 3439 ι
994 3404 1120 3443 cum
1170 3378 1369 3446 falsum
1425 3392 1497 3447 sit
1549 3392 1786 3463 aliquem
1827 3410 1894 3450 ex

300 3473 606 3553 Occidente
639 3471 964 3550 episcopum
994 3482 1229 3537 concilio
1272 3482 1367 3537 ulli
1396 3482 1896 3557 Constantinopoli-

304 3575 437 3622 tano
476 3576 719 3638 tempore
750 3570 970 3628 Damasi
998 3573 1340 3642 interfuisse;
1386 3591 1561 3646 neque
1585 3579 1729 3647 apud
1753 3579 1896 3635 Grae-

302 3675 424 3727 cos,
443 3664 799 3730 quantumvis
830 3666 1230 3735 nupturientes,
1261 3667 1392 3736 quid
1424 3668 1603 3724 simile
1638 3670 1891 3742 legatur;

303 3764 409 3805 nec
440 3750 680 3820 denique
726 3753 852 3807 talis
893 3754 979 3808 lex
1020 3771 1252 3825 usquam
1297 3757 1639 3826 inveniatur;
1693 3762 1788 3817 sed
1831 3778 1895 3817 ea

302 3841 490 3897 solum
511 3858 634 3913 quae
656 3840 1013 3917 monOgamos
1038 3848 1277 3902 ordinari
1304 3851 1572 3913 concedit,
1597 3869 1720 3907 eum
1758 3856 1896 3908 obli-

302 3933 529 4000 gatione
570 3934 909 3991 castimoniae
961 3946 1084 4006 post
1131 3940 1535 3996 ordinationem
1591 3946 1890 4002 servandae.

303 4026 447 4081 l-luic
462 4037 651 4084 autem
681 4031 787 4100 legi
818 4032 1078 4089 insistens
1106 4019 1504 4106 Alexander'll,
1550 4054 1615 4094 ex
1648 4039 1896 4096 Romano

302 4118 542 4172 concilio
575 4121 874 4189 anni1-l065
912 4124 980 4178 ad
1025 4124 1455 4183 Mediolanenses
1494 4131 1809 4200 scripserat,
1844 4142 1898 4187 et

302 4210 673 4279 praecipiendo
719 4214 1005 4269 mandarat
1058 4234 1078 4266 ι
1107 4226 1167 4271 ut
1212 4218 1393 4274 nullus
1438 4222 1662 4277 missam
1713 4224 1899 4279 audiat

298 4302 612 4373 presbyteri
660 4319 822 4375 quem
846 4308 949 4362 scit
977 4308 1339 4364 concubinam
1366 4311 1565 4368 habere
1596 4316 1676 4370 vel
1707 4316 1898 4372 subin-

304 4395 617 4450 troductam
643 4398 958 4466 mulierem;
988 4402 1336 4472 quicunque»
1376 4416 1556 4461 autem
1597 4426 1615 4458 ι
1640 4410 1897 4466 sacerdos
1930 4378 1974 4434 θ

301 4484 392 4538 vel
443 4486 728 4556 diaconus,
778 4502 901 4560 post
944 4496 1303 4550 constitutum
1355 4513 1509 4568 papa)
1557 4499 1756 4556 Leonis
1805 4511 1898 4556 aut

304 4572 535 4645 Nicolai,
566 4582 926 4638 concubinam
957 4586 1173 4641 duxerit
1198 4588 1395 4656 palam,
1425 4591 1508 4643 vel
1538 4590 1755 4646 ductam
1786 4607 1896 4647 non

272 4665 611 4736 .rcliqucrit,
660 4686 769 4726 non
815 4682 996 4729 cantet
1032 4677 1259 4732 missam
1304 4694 1482 4748 neque
1512 4679 1901 4751 Evangelium,

307 4770 488 4826 neque
530 4760 827 4832 Epistolam
854 4767 922 4821 ad
951 4768 1174 4824 missam
1201 4770 1363 4839 legat,
1396 4786 1571 4840 neque
1595 4772 1648 4826 in
1674 4773 1871 4844 presby

309 4847 448 4902 terio
495 4854 561 4908 ad
604 4855 785 4912 divina
833 4858 1299 4926 oﬂicia'maneat,
1353 4876 1528 4932 neque
1567 4872 1775 4935 partem
1825 4866 1894 4922 ab

306 4940 537 4997 ecclesia
576 4948 856 5017 suscipiat.
880 4969 899 5000 ι

378 5033 469 5126 45.
517 5036 692 5108 Atque
721 5041 835 5097 haec
857 5042 922 5098 de
948 5042 1332 5102 Herlembaldo
1356 5053 1410 5099 et
1437 5046 1744 5105 Alexandro
1765 5065 1898 5126 sup-

309 5121 501 5188 plenda
546 5127 633 5181 hic
673 5140 846 5195 erant,
896 5133 960 5186 de
1006 5139 1170 5210 cujus
1219 5148 1347 5188 cum
1397 5136 1620 5195 Arialdo
1660 5121 1895 5205 Romam

674 5223 777 5254 αηῖι
822 5221 1051 5254 ληιιιιΛΛ-
1124 5229 1255 5254 ιιι-Μ
1309 5222 1469 5254 hara-nl
1501 5241 1726 5254 m-_n-_-
1779 5233 1803 5254 ι·

1997 3128 2095 3184 pro
2124 3113 2319 3169 castris
2345 3111 2551 3168 Christi
2585 3111 2785 3165 invicta
2817 3109 2920 3164 lidc
2949 3107 3307 3172 certantibus,
3340 3125 3357 3156 ι
3407 3103 3501 3159 ubi
3541 3104 3589 3160 is

1996 3206 2132 3261 ordo
2167 3213 2414 3260 servatus
2446 3204 2655 3257 videtur
2680 3245 2693 3268 ,
2740 3211 2800 3257 ut
2848 3200 3024 3271 primo
3067 3199 3419 3253 nominentur
3465 3210 3586 3249 mo-

1996 3297 2179 3362 nachi,
2229 3306 2340 3352 tum
2391 3296 2624 3351 clericus
2668 3295 2956 3360 Arialdus,
3001 3292 3196 3348 deinde
3251 3291 3426 3351 laicus
3455 3288 3621 3344 Herm

1996 3390 2332 3457 lembaldus;
2367 3398 2576 3444 tacetur
2606 3398 2788 3444 autem
2817 3386 3140 3453 Landulfus,
3188 3386 3319 3457 quia
3362 3386 3446 3440 vel
3472 3384 3589 3455 jam

1996 3492 2268 3547 mortuus,
2318 3483 2403 3536 vel
2452 3483 2643 3536 saltem
2678 3480 2887 3535 inutilis
2935 3489 3156 3550 propter
3200 3478 3475 3544 morbum,
3523 3477 3591 3533 dc

1996 3590 2106 3646 quo
2136 3574 2305 3629 nolim
2351 3590 2476 3629 cum
2504 3571 2775 3627 Puriccllo
2801 3571 3072 3637 dubitare,
3110 3570 3239 3640 quia
3264 3568 3401 3623 nihil
3434 3568 3591 3622 obest

1998 3667 2044 3722 si
2080 3681 2230 3720 mors
2276 3664 2367 3718 illa
2414 3664 2695 3718 dill‘eratur
2744 3663 2811 3717 ad
2863 3677 3068 3716 annum
3112 3675 3284 3729 usque
3332 3657 3470 3713 1064
3505 3658 3587 3711 vel

1996 3737 2158 3814 etiam
2198 3758 2354 3812 1065.
2388 3756 2549 3811 Prius
2577 3772 2707 3827 ergo
2735 3770 2898 3825 quam
2932 3755 3092 3807 istam
3131 3750 3416 3821 epistolam
3448 3750 3591 3805 scri-

1997 3849 2148 3904 beret
2195 3846 2520 3911 Alexander,
2566 3846 2919 3913 rescripserat
2959 3841 3230 3898 Landulfo
3270 3851 3324 3897 et
3368 3840 3590 3896 Arialdo

1999 3938 2232 4004 clericis,
2265 3938 2316 3992 id
2347 3936 2495 4007 quod
2531 3944 2615 3990 est
2642 3935 2784 4006 apud
2825 3933 3044 3988 lvonem
3075 3933 3129 3987 in
3162 3933 3381 3989 decreto
3410 3950 3462 4004 p.
3500 3933 3588 3997 12,

1999 4045 2047 4085 c.
2080 4030 2189 4083 24:
2226 4048 2241 4078 ι
2274 4028 2577 4084 Possumus
2613 4027 2667 4081 in
2700 4026 2925 4097 perjurii
2960 4026 3145 4097 aliquo
3167 4026 3397 4083 crimine
3422 4026 3591 4097 lapsis

1999 4120 2387 4176 misericordiae
2421 4134 2645 4173 manum
2677 4119 2989 4190 porrigere;
3029 4118 3124 4175 sed
3161 4133 3273 4173 non
3303 4118 3589 4184 debemus,

2001 4217 2067 4273 ad
2090 4216 2288 4272 futuris
2327 4215 2650 4286 perditionis
2686 4215 3016 4284 exemplum,
3040 4214 3318 4270 licentiam
3361 4215 3534 4271 dare:
3567 4236 3585 4266 ι

2000 4310 2145 4382 quod
2181 4310 2344 4366 credo
2373 4309 2645 4379 respicere
2696 4308 2926 4363 clericos
2976 4316 3099 4377 post
3123 4307 3364 4378 juratam
3402 4324 3590 4364 emen-

1999 4402 2272 4459 dationem
2297 4410 2542 4472 receptos
2559 4401 2627 4456 ad
2652 4398 2997 4464 beneﬁcium,
3021 4416 3085 4453 ae
3105 4399 3299 4455 deinde
3327 4399 3590 4468 relapsus,

2000 4496 2197 4550 iterum
2227 4495 2295 4549 ad
2330 4494 2463 4548 illud
2494 4508 2603 4547 non
2639 4491 3002 4561 recipiendos,
3035 4489 3381 4545 absolutione
3407 4499 3591 4544 tamen

1999 4587 2384 4643 saeramentali
2417 4585 2720 4649 donandus,
2766 4582 2814 4637 si
2849 4581 3225 4653 pmnitentiam
3263 4581 3583 4636 obtulerint.

2000 4678 2098 4736 llis
2127 4678 2423 4747 interjectis
2462 4693 2563 4746 pro
2599 4674 2970 4731 continuando
3014 4674 3259 4731 historiae
3290 4674 3379 4729 ﬁlo
3404 4690 3591 4747 regrc-
3628 4662 3629 4665 “

2000 4768 2123 4825 dior
2152 4767 2218 4822 ad
2252 4774 2567 4823 contextum
2599 4763 2851 4829 Andreae,
2879 4763 2975 4833 qui
3006 4763 3085 4819 sic
3110 4778 3274 4834 porro
3301 4762 3483 4817 habet.

2075 4861 2162 4916 45.
2230 4878 2249 4908 ί
2278 4858 2382 4913 Per
2410 4857 2553 4914 idem
2588 4868 2835 4924 tempus,
2867 4874 2886 4905 ι
2930 4871 3041 4926 quo
3086 4853 3297 4911 scilicet
3340 4853 3598 4912 Arialdus

1996 4960 2054 5005 et
2095 4948 2506 5005 lle’rlembaldus
2552 4945 2830 5007 communi
2871 4955 3071 5001 conatu
3113 4961 3229 5002 rem
3269 4948 3601 5006 catholicam

1998 5044 2398 5115 promovebant
2418 5038 2731 5104 Mediolani,
2760 5046 2884 5107 post
2915 5048 3144 5094 mortem
3174 5036 3447 5108 Landult‘i,
3475 5052 3607 5116 puta

2001 5152 2146 5191 anno
2178 5132 2321 5190 1064
2348 5133 2435 5187 vel
2470 5132 2645 5202 1065,
2690 5149 2710 5181 ο
2734 5129 2901 5185 abbas
2930 5129 3167 5187 coenobii
3204 5127 3263 5182 S.
3289 5127 3435 5190 Celsi
3470 5134 3609 5209 (lt-3“)

2007 5229 2167 5254 Αιεὲεο.
2208 5228 2316 5254 thing.

2078 5229 2167 5254 τι..
2208 5228 2366 5254 cun-2....
2412 5225 2593 5254 ιΑΑ-...υ-
2638 5221 2856 5254 ηιεῖληιγι
2891 5222 3117 5254 ΛῙΛ-ἶΛ-ιη
3186 5222 3412 5254 πηινιῖηη
3461 5228 3483 5254 ἶ
3510 5243 3577 5254 ..η
