4028 5360
1616 282 1714 338 SS.
1757 284 2041 363 ARIALDl
2092 289 2180 345 ΕΤ
2212 291 2675 362 ,ΕΒιΕΜΒΑιυῐ

3659 305 3794 361 μα

518 377 612 429 nio
642 377 911 481 (.11.?)‘nen
956 382 1195 481 modico,
1237 387 1381 481 quod
1424 392 1705 481 annuatim
1752 397 2003 453 sumebat
2045 400 2113 455 de
2142 412 2186 467 Α
2216 401 2561 462 familiariter
2602 422 2823 475 novere,
2873 409 3038 481 hujus
3100 411 3330 469 intentio
3380 425 3437 470 et
3472 419 3797 476 exerentinzn

517 465 814 534 pontiﬁcali
845 469 1029 525 domo.
1069 470 1239 544 Cujus
1274 475 1520 533 nefandre
1563 485 1971 553 prtesumptioni
1999 496 2108 542 tam

517 565 837 623 constanter
884 576 979 631 per
1008 571 1251 635 tempora
1301 568 1537 638 plurima
1567 572 1651 626 vir
1686 573 1895 630 domini
1928 576 2109 633 Aria]—

476 634 480 644 λ
520 642 646 713 dus',
691 663 816 703 eum
852 634 1233 710 Herlembaldo
1259 634 1429 712 nobili
1458 662 1716 733 socioque
1746 663 1912 734 fideli,
1942 660 2111 724 obsti-

517 737 600 805 tit,
628 739 803 796 donec
841 757 967 798 eum
1013 744 1254 804 facerent
1295 750 1535 822 exulem,
1585 771 1693 811 non
1742 757 1920 813 solum
1968 762 2110 816 male

512 838 710 901 emptte
757 834 990 891 abbatite
1033 839 1318 909 regimine,
1367 842 1463 900 sed
1507 846 1672 901 etiam
1722 864 1860 921 pene
1908 851 2110 909 ﬁnibus

513 922 758 991 ejusdem
786 928 1059 997 parochite
1086 930 1220 1003 (18).

582 1014 673 1071 46.
718 1035 737 1066 ι
768 1015 828 1071 In
871 1019 1062 1075 eodem
1108 1022 1343 1094 denique
1389 1034 1653 1099 tempore,
1701 1030 1959 1089 defuncto
1989 1051 2106 1091 mo-

490 1108 742 1161 ’nasterii
775 1108 832 1163 S.
863 1109 1137 1167 Ambrosii
1165 1114 1379 1181 abbate,
1409 1119 1548 1175 alius
1580 1121 1812 1178 clericus
1840 1127 2109 1182 cancella-

512 1196 654 1264 rius,
690 1201 911 1256 nomine
940 1201 1279 1274 Ariprandus
1306 1206 1441 1282 (l9),
1474 1213 1721 1270 clericale
1740 1216 1974 1287 birrum,
2012 1236 2107 1274 ea-

514 1297 678 1346 tenus
711 1292 1073 1363 ignominiose
1108 1296 1221 1369 (20)
1258 1301 1523 1375 delatum,
1558 1308 1804 1378 reliquit,
1842 1318 1897 1364 et
1943 1311 2134 1381 hujus'

514 1385 834 1443 monasterii
862 1402 1060 1444 nomen
1097 1392 1409 1450 abbaticum
1457 1399 1559 1453 sibi
1605 1399 1838 1457 nefande
1875 1420 2108 1474 usurpa-

512 1472 610 1527 vit.
661 1473 769 1541 Qui
809 1493 935 1532 cum
985 1487 1150 1537 tanta:
1198 1494 1345 1540 esset
1390 1489 1748 1558 celsitudinis,
1781 1508 1881 1563 pro
1915 1472 2108 1551 natura

514 1566 734 1633 superbi
773 1569 1074 1640 sanguinis,
1134 1582 1195 1627 ut
1236 1575 1502 1632 violenter
1543 1594 1890 1651 nequaquam
1922 1593 2109 1652 posset

513 1657 729 1727 expelli,
761 1660 838 1714 ait
863 1660 1120 1719 Arialdus
1148 1666 1234 1720 vir
1264 1666 1356 1722 Dei
1389 1687 1401 1722 :
1461 1667 1522 1725 Si
1550 1672 1696 1740 quod
1745 1672 2007 1728 debemus
2052 1674 2106 1729 in

512 1749 615 1803 hoe
644 1752 894 1820 improbo
925 1755 1142 1824 explere
1173 1759 1463 1828 nequimus
1484 1803 1498 1827 ,
1528 1764 1675 1833 quod
1702 1765 1948 1821 valemus
2000 1766 2107 1822 sal—
2140 1750 2182 1808 Β

510 1852 620 1896 tem
652 1841 941 1901 faciamus.
974 1845 1234 1905 Protinus
1265 1851 1432 1922 igitur
1460 1856 1692 1925 sumptis
1726 1854 2006 1924 fratribus,
2040 1859 2107 1914 ad

509 1949 637 2020 eum
668 1938 927 2006 perrexit.
967 1938 1090 2006 Quo
1117 1956 1303 2020 coram
1339 1956 1621 2014 pervento,
1650 1947 1824 2004 dixit:
1851 1949 1992 2017 Quid
2024 1960 2109 2007 est

509 2013 649 2082 hoc?
681 2025 809 2083 Heri
840 2031 1073 2087 clericus
1100 2013 1302 2090 :bodie
1332 2013 1524 2093 abbas.
1555 2037 1809 2111 Magnum
1850 2013 2029 2098 fecisti
2054 2052 2108 2099 et

507 2118 750 2174 velocem
784 2122 1005 2177 saltum.
1042 2122 1108 2179 Et
1133 2138 1305 2195 quare
1334 2144 1440 2183 non
1475 2130 1704 2186 timuisti
1751 2141 1945 2188 contra
1975 2151 2106 2190 san—

506 2215 625 2263 ctos
655 2224 913 2278 canones,
946 2221 1000 2267 et
1025 2222 1214 2269 contra
1236 2216 1646 2288 jusjurandum,
1675 2224 1821 2293 quod
1846 2241 2022 2295 nuper
2050 2226 2107 2281 in

506 2298 753 2356 Ecclesia
803 2300 1050 2358 Romana
1096 2304 1338 2375 jurasti,
1390 2308 1495 2365 hoc
1533 2315 1832 2383 usurpare?
1866 2316 1971 2383 Qui
2016 2333 2107 2373 re-

512 2391 738 2460 spondit
767 2411 778 2446 :
806 2391 945 2460 Hoc,
980 2404 1041 2450 ut
1074 2396 1248 2463 vides,
1281 2406 1465 2454 actum
1495 2411 1599 2470 est,
1636 2413 1690 2459 et
1719 2406 2023 2478 relinquere
2055 2410 2108 2465 id

506 2482 741 2538 ulterius
772 2484 998 2540 minime
1024 2501 1269 2556 possum.
1300 2489 1402 2545 Cui
1422 2491 1506 2546 vir
1530 2492 1624 2548 Dei
1652 2513 1665 2549 :
1695 2494 1751 2550 Si
1775 2497 1879 2564 vis,
1906 2499 2106 2571 inquit,

507 2583 689 2644 potes,
719 2583 775 2630 et
806 2577 1031 2632 omnino
1060 2593 1126 2633 ex
1159 2578 1257 2637 Dei
1300 2591 1453 2651 parte
1487 2594 1797 2658 sancteque
1846 2589 2108 2649 Romanae

507 2664 764 2723 Ecclesia:
792 2669 1054 2739 deprecor
1075 2678 1155 2740 te,
1179 2680 1240 2727 ut
1265 2690 1383 2730 rem
1430 2687 1620 2734 contra
1648 2679 1743 2735 Dei
1771 2683 2108 2740 voluntatem

508 2770 820 2830 sumptam,
870 2769 924 2817 et
969 2773 1158 2819 contra
1207 2774 1316 2822 tua:
1362 2769 1560 2826 anima:
1603 2772 1833 2828 salutem
1874 2786 2105 2846 raptam,

506 2851 807 2922 relinquas.
839 2854 909 2909 At
939 2854 1029 2909 ille
1058 2875 1071 2909 :
1101 2855 1167 2911 Et
1193 2872 1316 2929 ego,
1349 2859 1547 2931 inquit,
1586 2864 1691 2918 sub
1717 2866 1910 2921 eodem
1952 2868 2113 2938 jura-

508 2956 716 3014 mento,
746 2963 858 3018 quo
887 2947 1153 3019 adjurasti
1184 2966 1297 3020 me,
1332 2954 1527 3024 adjuro
1578 2964 1633 3013 te
1664 2967 1724 3013 ut
1756 2959 1865 3015 tuis
1912 2969 1964 3016 te
2009 2978 2105 3018 ve-

509 3037 686 3094 stibus
714 3042 861 3094 nunc
888 3055 1083 3106 exuas,
1109 3050 1165 3097 et
1192 3042 1282 3100 hic
1307 3060 1494 3100 coram
1528 3064 1615 3103 me
1653 3060 1707 3104 te
1760 3053 1974 3122 scepari
2023 3053 2106 3110 fa-

511 3126 629 3185 cias
666 3128 803 3201 (2i).
840 3128 944 3197 Qui
984 3132 1237 3201 protinus
1266 3136 1533 3204 cucurrit,
1553 3138 1736 3210 virgas
1788 3142 2101 3213 acquisivit,

509 3223 756 3279 vestibus
779 3238 839 3279 se
864 3225 1037 3292 exuit,
1065 3234 1121 3280 et
1147 3228 1348 3283 acriter
1379 3244 1438 3285 se
1465 3231 1535 3286 ab
1578 3247 1691 3287 uno
1745 3248 1809 3288 ex
1865 3235 1981 3291 suis
2028 3237 2104 3292 ibi

511 3329 701 3369 coram
722 3316 978 3372 omnibus
1006 3319 1224 3388 scopari
1256 3320 1403 3376 fecit.
1437 3321 1564 3380 Haec
1593 3324 1779 3395 itaque
1802 3325 1973 3384 falsus
2002 3330 2101 3385 ab-

512 3402 613 3459 bas
642 3406 1003 3475 perpendens,
1034 3409 1167 3478 quid
1196 3410 1339 3465 ultra
1388 3412 1593 3469 diceret
1646 3417 1888 3484 nescius,
1926 3419 2103 3489 capite

511 3496 753 3552 demisso
785 3497 910 3553 inde
932 3501 1257 3569 surrexit,et
1282 3503 1570 3561 induratus
1603 3517 1663 3567 ut
1686 3507 1919 3577 Pharao,
1939 3510 2102 3566 alior-

515 3604 640 3644 sum
677 3590 993 3649 declinavit.
1033 3613 1051 3644 ι
1492 3616 1495 3621 ί

1134 3686 1364 3742 CAPUT
1400 3687 1472 3745 V.

514 3772 719 3828 Arialdi
743 3776 990 3843 virtutes;
1001 3776 1287 3848 jejunandi
1308 3789 1358 3835 et
1381 3782 1645 3853 psallendi
1668 3792 1921 3839 accurata
1937 3787 2095 3840 ratio.

583 3865 671 3921 47.
737 3866 893 3924 Sicut
952 3871 1099 3925 enim
1140 3881 1219 3927 tot
1264 3874 1451 3929 testari
1506 3884 1739 3946 possunt
1787 3885 1921 3947 quot
1970 3892 2097 3933 eum

587 4003 698 4078 (ιῖ)
730 4003 963 4078 Tirones
990 4006 1097 4063 dici
1146 4007 1397 4078 prebos
1440 4010 1794 4077 honorarios,
1849 4012 2094 4067 virorum

504 4073 818 4196 principum
846 4076 1084 4133 vidimus
1106 4094 1170 4133 ex
1192 4073 1255 4134 S.
1288 4079 1518 4152 Eulogio
1544 4090 1597 4136 et
1617 4073 1875 4153 passione
1905 4083 1963 4137 8.
1989 4082 2093 4138 Pc-

529 4143 637 4196 atlli
656 4146 930 4196 martvris.
953 4146 1166 4196 Talium
1182 4165 1313 4196 enm
1333 4152 1660 4196 stinendinm
1694 4171 1712 4196 ι
1731 4153 2043 4196 ﬁrm-inium
2070 4173 2087 4196 I

529 4143 644 4222 _a_gii_
656 4143 930 4217 martyris.
953 4146 1166 4222 Talium
1182 4165 1313 4222 ergo
1333 4143 1662 4222 stipvendiufn
1694 4153 2044 4207 «tirocinium
2069 4173 2087 4204 ι

505 4213 824 4288 dicebatur}
851 4218 997 4288 quod
1026 4219 1115 4273 hic
1139 4213 1445 4288 applicatur
1471 4222 1636 4277 etiam
1658 4222 1874 4278 clericis
1916 4224 2093 4278 simile

505 4283 830 4352 obsequium
854 4283 1262 4359 archiepiscopo
1283 4289 1651 4348 deferentibus
1669 4335 1684 4360 ,
1708 4294 1764 4347 in
1786 4293 1905 4363 ejus
1930 4295 2093 4349 minis

506 4352 677 4407 sterio
706 4353 983 4408 familiari.

506 4362 677 4407 sterio
706 4362 983 4409 familiari.

504 4494 760 4573 emnobio
915 4494 1185 4573 Yincentii
1222 4494 1413 4573 eodem
1459 4502 1623 4557 modo
1669 4502 1885 4573 repulit.
1936 4523 1954 4555 ι
1997 4503 2082 4559 Jo.

504 4563 777 4644 Antonius
800 4565 1169 4644 Castilioneus
1221 4569 1434 4644 integro
1463 4586 1627 4640 opere
1654 4563 1875 4644 scripsit
1906 4573 2085 4644 Flori-

504 4635 704 4711 legium
741 4638 1177 4711 memorabilium
1225 4635 1613 4711 antiquitatum
1670 4635 1909 4699 basilicae
1953 4643 2091 4699 Vin-.

504 4707 790 4782 (gentianae,
850 4709 922 4782 in
973 4709 1157 4765 decem
1222 4707 1514 4782 fasciculos
1564 4714 1952 4782 distributum;
1995 4716 2084 4770 cui

502 4776 699 4848 deinde
761 4779 1078 4848 ampliorem
1128 4782 1347 4835 titulum
1396 4781 1882 4841 Mediolaneusium
1941 4776 2084 4841 anti-

501 4847 771 4925 quitatum
801 4847 867 4903 ex
893 4851 1149 4925 parteciis
1192 4853 1347 4925 urbis
1398 4853 1771 4922 collectarum,
1820 4856 2079 4925 praefixit;

502 4918 597 4990 sed
666 4918 938 4990 nusquam
1000 4922 1198 4977 seriem
1267 4924 1527 4980 abbatum
1593 4918 1838 4981 curavit-
1877 4918 2077 4982 texere.

504 4987 579 5042 De
617 4987 808 5045 coda-ui
863 4992 973 5058 agit
1021 4994 1185 5047 etiam
1243 4992 1547 5052 Puricellus
1605 4997 1658 5050 in
1717 4996 2082 5054 Monumentis

2212 496 2359 551 aliud
2389 498 2610 553 assidue
2632 515 2740 554 non
2763 510 2882 555 erat
2906 518 3070 572 quam
3094 514 3153 559 ut
3176 520 3343 575 opere
3365 492 3617 578 impleret
3636 511 3799 581 quid-

2212 592 2344 663 quid
2402 592 2457 648 in
2525 594 2727 651 divinis
2793 596 3005 667 legebat
3058 598 3453 656 voluminibus.
3514 599 3657 656 Nam
3718 602 3801 658 sic

2211 683 2538 755 eratlargus
2566 694 2626 740 ut
2669 685 3076 756 frequenterde
3130 690 3250 761 ipso
3303 691 3546 747 dicerent
3596 693 3657 747 hi
3702 695 3801 765 qui

2213 775 2399 831 sedule
2426 793 2549 831 cum
2576 793 2644 833 eo
2665 780 3024 836 morabantur
3073 801 3087 835 :
3132 780 3188 836 Si
3230 783 3322 838 hic
3368 800 3555 839 arcam
3615 786 3803 841 aureis

2210 869 2428 940 plenam
2446 871 2691 941 haberet,
2715 885 2769 929 et
2799 889 2907 929 non
2935 874 3236 934 defuissent
3258 888 3505 948 petentes
3539 869 3799 951 egentes-

2210 978 2339 1033 que,
2367 979 2477 1018 uno
2499 964 2555 1018 in
2576 965 2665 1022 die
2689 967 2873 1023 omnia
2894 969 3085 1037 procul
3107 969 3273 1025 dubio
3294 971 3645 1041 expenderet.
3659 971 3801 1028 Cum

2210 1056 2356 1110 enim
2386 1057 2587 1113 alicubi
2612 1058 2905 1126 incederet,
2928 1070 2982 1115 et
3017 1063 3299 1119 obviantes
3327 1080 3617 1139 pauperes
3649 1080 3799 1133 eum,
3829 1080 3835 1084 ·

2210 1153 2271 1200 ut
2296 1145 2376 1203 eis
2402 1148 2607 1218 aliquid
2635 1149 2944 1220 largiretur,
2968 1163 3274 1221 exorarent,
3309 1163 3623 1226 argentum,
3653 1158 3800 1226 quod

2211 1255 2490 1309 nunquam
2514 1242 2861 1311 peculiariter
2900 1244 3195 1313 detinebat,
3245 1262 3276 1301 a
3321 1262 3380 1302 se
3436 1249 3799 1317 sequentibus

2210 1332 2460 1401 protinus
2489 1334 2894 1403 commodabat,
2923 1344 2978 1391 et
3019 1336 3099 1391 sic
3122 1351 3313 1391 eorum
3346 1340 3664 1394 necessitati
3700 1341 3801 1394 mi—

2211 1425 2558 1482 sericorditer
2585 1427 2962 1484 subveniebat.
2990 1427 3310 1485 Munditiam
3347 1447 3590 1502 namque
3618 1433 3803 1487 condis

2211 1515 2569 1585 corporisque
2594 1515 2675 1571 sic
2702 1516 2958 1587 diligebat
2988 1527 3049 1574 ut
3089 1528 3280 1574 contra
3323 1520 3631 1576 diabolicas
3680 1522 3804 1576 illn-

2211 1606 2418 1673 siones,
2451 1606 2652 1677 quibus
2675 1608 2926 1665 homines
2960 1610 3113 1666 illudi
3145 1611 3321 1667 scicnt
3362 1614 3659 1669 nocturnis
3699 1613 3803 1668 ho-

2210 1698 2309 1766 ris,
2343 1699 2628 1755 universas
2658 1699 2829 1755 ferme
2851 1702 3277 1777 noctesmedias
3299 1704 3576 1760 insomnis
3599 1714 3655 1760 et
3678 1721 3802 1775 per-

2210 1791 2339 1862 vigil
2364 1800 2815 1862 permaneret,et
2842 1795 3277 1864 quamplurimas
3324 1812 3502 1867 usque
3548 1798 3623 1852 ad
3674 1799 3801 1868 galli

2209 1892 2432 1938 cantum
2459 1886 2772 1954 protelaret,
2796 1886 2995 1955 partim
3037 1888 3266 1953 orando,
3294 1889 3497 1959 partim
3550 1890 3803 1960 legendo,

2209 1972 2407 2042 partim
2442 1973 2510 2028 ad
2533 1974 2966 2031 destructionem
3005 1974 3331 2033 Simoniacae
3380 1978 3612 2035 haeresis
3673 1995 3801 2034 cum

2209 2064 2420 2120 eteteris
2446 2064 2695 2121 ﬁdelibus
2730 2064 2787 2121 in
2820 2066 3052 2123 consilio
3082 2068 3456 2124 consistendo.

2280 2200 2368 2254 48.
2412 2199 2568 2255 Illum
2602 2210 2862 2272 praeterea
2923 2219 3085 2258 usum
3125 2204 3415 2276 gulosum,
3470 2205 3567 2275 qui
3602 2221 3799 2260 carna-

2208 2291 2311 2358 les,
2338 2300 2448 2346 tam
2473 2292 2699 2348 clericos
2727 2309 2894 2364 quam
2925 2294 3116 2362 laicos,
3140 2295 3197 2349 in
3220 2295 3451 2351 sabbato
3498 2305 3694 2350 sancto
3734 2297 3799 2350 ad

2198 2398 2412 2437 nonam
2448 2384 2594 2454 cogit
2627 2383 2921 2439 missarum
2963 2386 3230 2441 solemnia
3280 2395 3335 2440 et
3382 2385 3804 2456 baptismatum,

2208 2488 2331 2545 quae
2350 2474 2404 2528 in
2429 2475 2617 2530 eadem
2649 2484 2837 2531 sancta
2864 2485 3022 2533 nocte
3058 2476 3269 2550 agenda
3320 2486 3470 2543 sunt,
3495 2478 3800 2549 anticipare

2207 2563 2365 2619 valde
2390 2565 2702 2619 damnabat.
2733 2564 2986 2636 Sedcquia
3017 2567 3140 2623 aliis
3163 2568 3217 2621 in
3248 2568 3353 2623 huc
3396 2584 3507 2623 non
3561 2570 3797 2633 valebat,

2209 2654 2314 2709 sibi
2343 2657 2682 2711 consulebat.
2720 2656 3028 2713 Prandente
3052 2674 3289 2728 namque
3339 2660 3596 2715 universa
3643 2662 3800 2725 urbe,

2209 2743 2325 2813 ipse
2347 2754 2594 2801 sanctam
2633 2755 2847 2802 noctem
2868 2748 3091 2817 jejunus
3119 2763 3245 2804 cum
3284 2748 3553 2804 fratribus
3594 2751 3796 2821 aliqui-

2207 2832 2312 2889 bus
2337 2836 2754 2904 praestolabatur
2776 2837 2890 2908 (22)
2915 2856 2928 2904 ;
2955 2848 3118 2909 atque
3154 2855 3279 2894 cum
3301 2840 3381 2895 eis
3406 2840 3474 2894 ad
3498 2842 3796 2911 quemdam

2207 2925 2391 2980 exibat
2447 2927 2656 2994 locum,
2688 2929 2782 2999 qui
2829 2930 3032 3003 dicitur
3067 2929 3300 2998 Nemus,
3330 2932 3595 2987 milliario
3628 2950 3675 2989 .a
3720 2934 3797 2989 ci-
3882 2988 3901 3003 ,

2208 3018 2375 3073 vitate
2418 2998 2715 3075 secretum.
2767 2998 3063 3099 ἰδίης-υἱοὶ
3102 3022 3282 3077 adhuc
3319 3030 3406 3077 est
3441 3023 3678 3078 ecclesia
3701 3065 3717 3090 ,
3764 3039 3797 3077 a

2131 3090 2176 3151 (ἶ
2206 3107 2267 3163 Β.
2295 3109 2588 3166 Ambrosio
2609 3111 2722 3182 (25)
2756 3092 3069 3168 constructa
3094 3124 3148 3168 et
3175 3113 3453 3181 dedicata;
3497 3114 3614 3181 ubi,
3659 3116 3797 3170 sicut

2206 3198 2398 3266 fertur,
2424 3202 2565 3257 idem
2604 3202 2819 3275 fugiens
2848 3206 3034 3276 popu_li
3082 3206 3398 3274 tumultum,
3439 3208 3643 3262 solitus
3682 3217 3796 3262 erat

2204 3288 2399 3361 degere
2422 3266 2701 3363 librosque
2734 3266 3075 3376 dictam-5‘11}
3101 3297 3203 3352 hac
3226 3266 3408 3352 autem
3422 3298 3516 3352 Vir
3543 3298 3639 3354 Dei
3669 3316 3797 3354 san-

2203 3391 2348 3438 ctam
2373 3387 2619 3440 eamdem
2650 3396 2866 3442 noctem
2887 3384 3261 3459 pernoctabat,
3286 3397 3339 3445 et
3369 3391 3589 3445 debitas
3613 3386 3794 3446 omni-

2200 3475 2411 3543 potenti
2453 3474 2560 3529 Deo
2592 3475 2784 3532 laudes
2812 3493 2938 3533 cum
2970 3477 3233 3535 fratribus
3261 3490 3641 3549 competenter
3665 3481 3789 3535 red-

2201 3568 2380 3625 debat.
2419 3568 2708 3639 Nunquam
2758 3570 2904 3625 enim
2958 3572 3173 3627 volebat
3216 3571 3367 3629 solus
3410 3572 3624 3639 bibere,
3654 3590 3795 3627 nuc-

2201 3677 2368 3732 quam
2409 3662 2527 3716 sine
2574 3663 2904 3732 pauperibus
2935 3664 3149 3719 clericis
3178 3663 3486 3731 comedere,
3511 3680 3792 3734 nunquam

2198 3754 2319 3809 sine
2341 3753 2621 3808 sodalibus
2650 3753 2878 3808 limitem
2916 3754 3251 3811 forinsecum
3285 3756 3546 3810 transire.

2270 3866 2359 3921 49.
2389 3866 2447 3921 In
2472 3866 2663 3921 diebus
2690 3882 2820 3921 vero
2849 3867 3185 3938 jejuniorum
3208 3910 3223 3936 ,
3252 3868 3523 3923 solemnia
3583 3885 3789 3940 nequa:

2197 4001 2669 4072 brachiautantum
2693 4008 2761 4072 et;
2782 4000 2996 4055 humeri
3013 4009 3341 4072 tegerentur.
3374 4019 3394 4051 ι

2270 4072 2382 4143 (21)
2416 4070 2551 4153 Yide
2603 4070 2853 4153 eumdem
2905 4070 3128 4153 curiose;
3169 4072 3236 4126 de
3287 4071 3395 4153 hoc
3438 4071 3783 4153 poenitentia.

2195 4139 2391 4213 genere
2411 4142 2769 4195 disserentem
2793 4142 3243 4213 pag_.A/1753,atque
3266 4158 3331 4195 ex
3355 4139 3519 4194 Petro
3542 4140 3787 4201 Damiaui

2194 4211 2501 4276 docentem,
2534 4231 2552 4261 ‹
2582 4226 2778 4281 scopas
2825 4231 2843 4262 ι
2875 4211 3007 4278 dici,
3030 4228 3139 4266 non
3165 4211 3342 4266 solum
3370 4213 3663 4265 verberum
3707 4212 3788 4264 in-

2195 4282 2573 4353 fligendorum
2590 4282 3041 4353 instrumentum,
3067 4281 3162 4336 sed
3189 4282 3354 4335 etiam
3382 4282 3624 4353 ipsamet
3664 4298 3782 4334 ver-

2190 4346 2324 4408 bera
2349 4352 2532 4423 scopis
2564 4351 2788 4417 inflicta,
2814 4353 2906 4405 ubi
2932 4346 3134 4407 dicitur
3158 4353 3305 4423 quod
3343 4372 3361 4403 ι
3395 4346 3587 4419 decen;
3641 4354 3784 4422 psal-

578 4421 718 4548 (122,.
732 4422 1033 4508 Landulfus
1059 4427 1305 4509 adiungit
1329 4431 1475 4499 quod
1504 4430 1760 4487 Arialdus
1804 4453 1839 4514 ι·
1856 4433 2023 4488 alium
2057 4451 2087 4490 a

578 4509 626 4548 an
705 4509 760 4548 ιο
807 4494 866 4548 8.
915 4494 1185 4548 Vmcentu
1222 4499 1413 4548 eodem
1459 4502 1623 4548 modo
1669 4505 1884 4548 rennlrt-
1936 4523 1954 4548 ι
1997 4503 2079 4548 Jn_

2208 4439 2411 4478 morum
2439 4421 2742 4477 modulatio
2782 4423 2928 4476 mille
2953 4438 3145 4493 scopas
3166 4421 3423 4476 admittit.
3474 4440 3494 4471 ι

2263 4494 2376 4548 (22)
2414 4492 2716 4548 Laudulfus
2735 4491 2927 4546 .ltmior
2958 4493 3045 4548 hic
3067 4494 3261 4548 allegat
3288 4491 3494 4547 lsidoru

2263 4494 2397 4565 (Ξὲ)
2414 4492 2716 4565 Laudulfus
2735 4491 2927 4565 .ltmior
2958 4491 3584 4565 hic'allegatlsidorum,
3610 4492 3705 4546 lib.
3730 4507 3780 4545 Π

2191 4561 2519 4636 Elimelos»
2550 4564 2629 4618 δίο
2657 4563 2984 4636 scribentem
3010 4582 3023 4617 :
3056 4583 3074 4614 ί
3104 4561 3223 4617 Nox
3248 4561 3478 4636 Pascha;
3509 4562 3633 4636 ideo
3662 4568 3780 4636 per-:-

2187 4631 2314 4706 vigil
2346 4631 2597 4714 ducitur,
2646 4641 2867 4703 propter
2911 4633 3201 4714 adventum
3239 4632 3410 4714 .Regis
3457 4641 3518 4687 et
3564 4631 3777 4714 Domini

2188 4703 2381 4770 nostri,
2414 4714 2473 4759 ut
2501 4713 2714 4774 tempus
2750 4704 3168 4759 resurrectionis
3204 4703 3468 4773 ejus‘uon
3509 4718 3614 4757 nos
3649 4703 3777 4757 dor-

2186 4775 2442 4849 inie_n_t_esl
2468 4776 2561 4849 sed
2591 4774 2875 4849 vigilantes
2902 4774 3217 4849 inveni_at.,i_
3261 4844 3274 4849 _
3361 4835 3365 4839 ν
3403 4842 3446 4849 _
3768 4841 3776 4849 Ι

2256 4846 2368 4916 (25)
2410 4844 2467 4898 8.
2498 4842 2752 4916 August.,
2794 4844 2887 4899 lib.
2920 4861 3038 4899 vm.
3070 4843 3146 4899 De
3172 4844 3319 4916 civit.
3357 4863 3375 4895 ι
3399 4842 3570 4916 Extra
3599 4842 3775 4916 castra

2185 4912 2651 4986 MedidlanijaCEt
2685 4915 3110 4986 monasterium,
3139 4915 3355 4986 plenum
3393 4914 3557 4968 bonis
3595 4912 3777 4986 fratrié

2186 4987 2308 5051 bus,
2340 4984 2441 5057 sub
2466 4984 2754 5041 Ambrosio
2784 4984 3072 5057 nutritore.
3105 5004 3122 5036 ι
3162 4984 3579 5058 διιίιηὶμιιθτςὴοε
3609 4984 3775 5058 fuisse
