  <div class='ocr_page' id='page_1' title='image "/cluster/home/n/w/nwhite01/storage/ocr_20150623/143/hvd.32044015471816/734.png"; bbox 0 0 4028 5360; ppageno 0'>
   <div class='ocr_carea' id='block_1_1' title="bbox 176 318 307 374">
    <p class='ocr_par' dir='ltr' id='par_1_1' title="bbox 176 318 307 374">
     <span class='ocr_line' id='line_1_1' title="bbox 176 318 307 374; baseline -0.008 -1"><span class='ocrx_word' id='word_1_1' title='bbox 176 318 307 374; x_wconf 71' lang='grc' dir='ltr'><strong>Ηῦὂ</strong></span> 
     </span>
    </p>
   </div>
   <div class='ocr_carea' id='block_1_2' title="bbox 1714 313 2013 368">
    <p class='ocr_par' dir='ltr' id='par_1_2' title="bbox 1714 313 2013 368">
     <span class='ocr_line' id='line_1_2' title="bbox 1714 313 2013 368; baseline -0.003 0"><span class='ocrx_word' id='word_1_2' title='bbox 1714 313 1918 368; x_wconf 75' lang='lat' dir='ltr'><strong>ACTA.</strong></span> <span class='ocrx_word' id='word_1_3' title='bbox 2010 338 2013 343; x_wconf 41' lang='grc'><em>⁴</em></span> 
     </span>
    </p>
   </div>
   <div class='ocr_carea' id='block_1_3' title="bbox 3302 318 3449 375">
    <p class='ocr_par' dir='ltr' id='par_1_3' title="bbox 3302 318 3449 375">
     <span class='ocr_line' id='line_1_3' title="bbox 3302 318 3449 375; baseline -0.014 0"><span class='ocrx_word' id='word_1_4' title='bbox 3302 318 3449 375; x_wconf 68' lang='grc' dir='ltr'><strong>Ηϐϐ</strong></span> 
     </span>
    </p>
   </div>
   <div class='ocr_carea' id='block_1_4' title="bbox 185 427 3452 510">
    <p class='ocr_par' dir='ltr' id='par_1_4' title="bbox 185 427 3452 510">
     <span class='ocr_line' id='line_1_4' title="bbox 185 427 3452 510; baseline 0.001 -25"><span class='ocrx_word' id='word_1_5' title='bbox 185 444 345 502; x_wconf 88' lang='lat' dir='ltr'><strong>quam</strong></span> <span class='ocrx_word' id='word_1_6' title='bbox 406 427 716 484; x_wconf 75' lang='lat' dir='ltr'><strong>celebrabat</strong></span> <span class='ocrx_word' id='word_1_7' title='bbox 773 436 1125 496; x_wconf 83' lang='lat' dir='ltr'><strong>sanctorum;</strong></span> <span class='ocrx_word' id='word_1_8' title='bbox 1185 437 1410 484; x_wconf 77' lang='lat' dir='ltr'><strong>econtra</strong></span> <span class='ocrx_word' id='word_1_9' title='bbox 1471 437 1655 484; x_wconf 90' lang='lat' dir='ltr'><strong>autem</strong></span> <span class='ocrx_word' id='word_1_10' title='bbox 1705 427 1762 482; x_wconf 88' lang='lat' dir='ltr'><strong>in</strong></span> <span class='ocrx_word' id='word_1_11' title='bbox 1792 431 1838 486; x_wconf 83' lang='lat' dir='ltr'><strong>A</strong></span> <span class='ocrx_word' id='word_1_12' title='bbox 1867 436 1987 484; x_wconf 90' lang='lat' dir='ltr'><strong>rent</strong></span> <span class='ocrx_word' id='word_1_13' title='bbox 2021 429 2212 485; x_wconf 91' lang='lat' dir='ltr'><strong>eadem</strong></span> <span class='ocrx_word' id='word_1_14' title='bbox 2238 430 2383 488; x_wconf 90' lang='lat' dir='ltr'><strong>dona</strong></span> <span class='ocrx_word' id='word_1_15' title='bbox 2424 432 2502 489; x_wconf 89' lang='lat' dir='ltr'><strong>sic</strong></span> <span class='ocrx_word' id='word_1_16' title='bbox 2531 432 2754 497; x_wconf 87' lang='lat' dir='ltr'><strong>fuerunt</strong></span> <span class='ocrx_word' id='word_1_17' title='bbox 2802 442 3115 489; x_wconf 88' lang='lat' dir='ltr'><strong>mensurata</strong></span> <span class='ocrx_word' id='word_1_18' title='bbox 3162 441 3243 499; x_wconf 66' lang='lat' dir='ltr'><strong>nt.</strong></span> <span class='ocrx_word' id='word_1_19' title='bbox 3275 433 3452 510; x_wconf 73' lang='lat' dir='ltr'><strong>donec</strong></span> 
     </span>
    </p>
   </div>
   <div class='ocr_carea' id='block_1_5' title="bbox 187 518 1764 592">
    <p class='ocr_par' dir='ltr' id='par_1_5' title="bbox 187 518 1764 592">
     <span class='ocr_line' id='line_1_5' title="bbox 187 518 1764 592; baseline -0.003 -14"><span class='ocrx_word' id='word_1_20' title='bbox 187 519 619 587; x_wconf 88' lang='lat' dir='ltr'><strong>solennitatibus,</strong></span> <span class='ocrx_word' id='word_1_21' title='bbox 648 535 749 575; x_wconf 89' lang='lat' dir='ltr'><strong>nec</strong></span> <span class='ocrx_word' id='word_1_22' title='bbox 778 536 954 592; x_wconf 88' lang='lat' dir='ltr'><strong>genua</strong></span> <span class='ocrx_word' id='word_1_23' title='bbox 999 520 1271 587; x_wconf 82' lang='lat' dir='ltr'><strong>ﬂectebat,</strong></span> <span class='ocrx_word' id='word_1_24' title='bbox 1314 535 1415 575; x_wconf 90' lang='lat' dir='ltr'><strong>nec</strong></span> <span class='ocrx_word' id='word_1_25' title='bbox 1459 518 1764 589; x_wconf 85' lang='lat' dir='ltr'><strong>jejunabat,</strong></span> 
     </span>
    </p>
   </div>
   <div class='ocr_carea' id='block_1_6' title="bbox 186 607 1765 685">
    <p class='ocr_par' dir='ltr' id='par_1_6' title="bbox 186 607 1765 685">
     <span class='ocr_line' id='line_1_6' title="bbox 186 607 1765 685; baseline -0.003 -14"><span class='ocrx_word' id='word_1_26' title='bbox 186 631 282 671; x_wconf 89' lang='lat' dir='ltr'><strong>nec</strong></span> <span class='ocrx_word' id='word_1_27' title='bbox 322 630 651 685; x_wconf 88' lang='lat' dir='ltr'><strong>quemquam</strong></span> <span class='ocrx_word' id='word_1_28' title='bbox 676 607 860 669; x_wconf 70' lang='lat' dir='ltr'><strong>Secum</strong></span> <span class='ocrx_word' id='word_1_29' title='bbox 888 622 1317 670; x_wconf 84' lang='lat' dir='ltr'><strong>commorantem</strong></span> <span class='ocrx_word' id='word_1_30' title='bbox 1344 612 1595 682; x_wconf 91' lang='lat' dir='ltr'><strong>jejunare</strong></span> <span class='ocrx_word' id='word_1_31' title='bbox 1617 612 1765 667; x_wconf 86' lang='lat' dir='ltr'><strong>sine-</strong></span> 
     </span>
    </p>
   </div>
   <div class='ocr_carea' id='block_1_7' title="bbox 185 702 1768 775">
    <p class='ocr_par' dir='ltr' id='par_1_7' title="bbox 185 702 1768 775">
     <span class='ocr_line' id='line_1_7' title="bbox 185 702 1768 775; baseline -0.003 -14"><span class='ocrx_word' id='word_1_32' title='bbox 185 707 294 761; x_wconf 91' lang='lat' dir='ltr'><strong>bat.</strong></span> <span class='ocrx_word' id='word_1_33' title='bbox 321 704 656 760; x_wconf 87' lang='lat' dir='ltr'><strong>Triduanum</strong></span> <span class='ocrx_word' id='word_1_34' title='bbox 688 720 925 775; x_wconf 89' lang='lat' dir='ltr'><strong>namque</strong></span> <span class='ocrx_word' id='word_1_35' title='bbox 960 704 1090 759; x_wconf 90' lang='lat' dir='ltr'><strong>illud</strong></span> <span class='ocrx_word' id='word_1_36' title='bbox 1111 702 1406 775; x_wconf 84' lang='lat' dir='ltr'><strong>jejunium,</strong></span> <span class='ocrx_word' id='word_1_37' title='bbox 1436 704 1583 774; x_wconf 90' lang='lat' dir='ltr'><strong>quod</strong></span> <span class='ocrx_word' id='word_1_38' title='bbox 1624 703 1768 757; x_wconf 88' lang='lat' dir='ltr'><strong>inter</strong></span> 
     </span>
    </p>
   </div>
   <div class='ocr_carea' id='block_1_8' title="bbox 184 794 1764 865">
    <p class='ocr_par' dir='ltr' id='par_1_8' title="bbox 184 794 1764 865">
     <span class='ocr_line' id='line_1_8' title="bbox 184 794 1764 865; baseline -0.002 -12"><span class='ocrx_word' id='word_1_39' title='bbox 184 802 398 853; x_wconf 78' lang='lat' dir='ltr'><strong>sanctos</strong></span> <span class='ocrx_word' id='word_1_40' title='bbox 426 795 543 850; x_wconf 92' lang='lat' dir='ltr'><strong>dies</strong></span> <span class='ocrx_word' id='word_1_41' title='bbox 566 796 850 865; x_wconf 83' lang='lat' dir='ltr'><strong>paschales</strong></span> <span class='ocrx_word' id='word_1_42' title='bbox 883 795 1026 865; x_wconf 70' lang='grc'>(24),</span> <span class='ocrx_word' id='word_1_43' title='bbox 1052 804 1243 852; x_wconf 88' lang='lat' dir='ltr'><strong>contra</strong></span> <span class='ocrx_word' id='word_1_44' title='bbox 1287 795 1643 865; x_wconf 86' lang='lat' dir='ltr'><strong>antiquorum</strong></span> <span class='ocrx_word' id='word_1_45' title='bbox 1676 794 1764 859; x_wconf 86' lang='lat' dir='ltr'><strong>di-</strong></span> 
     </span>
    </p>
   </div>
   <div class='ocr_carea' id='block_1_9' title="bbox 183 886 1766 959">
    <p class='ocr_par' dir='ltr' id='par_1_9' title="bbox 183 886 1766 959">
     <span class='ocr_line' id='line_1_9' title="bbox 183 886 1766 959; baseline -0.002 -16"><span class='ocrx_word' id='word_1_46' title='bbox 183 896 267 943; x_wconf 87' lang='lat' dir='ltr'><strong>cta</strong></span> <span class='ocrx_word' id='word_1_47' title='bbox 302 894 638 952; x_wconf 82' lang='lat' dir='ltr'><strong>sanctorum,</strong></span> <span class='ocrx_word' id='word_1_48' title='bbox 673 886 885 941; x_wconf 80' lang='lat' dir='ltr'><strong>noviter</strong></span> <span class='ocrx_word' id='word_1_49' title='bbox 907 895 990 943; x_wconf 92' lang='lat' dir='ltr'><strong>est</strong></span> <span class='ocrx_word' id='word_1_50' title='bbox 1012 887 1194 959; x_wconf 83' lang='lat' dir='ltr'><strong>peragi</strong></span> <span class='ocrx_word' id='word_1_51' title='bbox 1235 887 1499 941; x_wconf 89' lang='lat' dir='ltr'><strong>usitatum</strong></span> <span class='ocrx_word' id='word_1_52' title='bbox 1531 886 1766 957; x_wconf 56' lang='grc' dir='ltr'><strong>(πλεῖς</strong></span> 
     </span>
    </p>
   </div>
   <div class='ocr_carea' id='block_1_10' title="bbox 181 978 1767 1044">
    <p class='ocr_par' dir='ltr' id='par_1_10' title="bbox 181 978 1767 1044">
     <span class='ocr_line' id='line_1_10' title="bbox 181 978 1767 1044; baseline 0.001 -12"><span class='ocrx_word' id='word_1_53' title='bbox 181 978 525 1034; x_wconf 71' lang='lat' dir='ltr'><strong>vehementer</strong></span> <span class='ocrx_word' id='word_1_54' title='bbox 551 978 828 1044; x_wconf 83' lang='lat' dir='ltr'><strong>horrebat,</strong></span> <span class='ocrx_word' id='word_1_55' title='bbox 866 986 925 1032; x_wconf 93' lang='lat' dir='ltr'><strong>ut</strong></span> <span class='ocrx_word' id='word_1_56' title='bbox 987 978 1219 1033; x_wconf 82' lang='lat' dir='ltr'><strong>libenter</strong></span> <span class='ocrx_word' id='word_1_57' title='bbox 1264 978 1469 1033; x_wconf 90' lang='lat' dir='ltr'><strong>diceret</strong></span> <span class='ocrx_word' id='word_1_58' title='bbox 1506 978 1645 1032; x_wconf 89' lang='lat' dir='ltr'><strong>velle</strong></span> <span class='ocrx_word' id='word_1_59' title='bbox 1708 992 1767 1039; x_wconf 89' lang='lat' dir='ltr'><strong>se</strong></span> 
     </span>
    </p>
   </div>
   <div class='ocr_carea' id='block_1_11' title="bbox 181 1069 1765 1140">
    <p class='ocr_par' dir='ltr' id='par_1_11' title="bbox 181 1069 1765 1140">
     <span class='ocr_line' id='line_1_11' title="bbox 181 1069 1765 1140; baseline -0.002 -13"><span class='ocrx_word' id='word_1_60' title='bbox 181 1069 395 1127; x_wconf 85' lang='lat' dir='ltr'><strong>tradere</strong></span> <span class='ocrx_word' id='word_1_61' title='bbox 434 1070 620 1137; x_wconf 88' lang='lat' dir='ltr'><strong>morti,</strong></span> <span class='ocrx_word' id='word_1_62' title='bbox 645 1070 693 1125; x_wconf 91' lang='lat' dir='ltr'><strong>si</strong></span> <span class='ocrx_word' id='word_1_63' title='bbox 736 1077 948 1125; x_wconf 80' lang='lat' dir='ltr'><strong>tantum</strong></span> <span class='ocrx_word' id='word_1_64' title='bbox 984 1070 1260 1125; x_wconf 82' lang='lat' dir='ltr'><strong>exhortari</strong></span> <span class='ocrx_word' id='word_1_65' title='bbox 1289 1078 1475 1140; x_wconf 80' lang='lat' dir='ltr'><strong>posset</strong></span> <span class='ocrx_word' id='word_1_66' title='bbox 1506 1072 1765 1140; x_wconf 88' lang='lat' dir='ltr'><strong>populum</strong></span> 
     </span>
    </p>
   </div>
   <div class='ocr_carea' id='block_1_12' title="bbox 180 1161 1762 1234">
    <p class='ocr_par' dir='ltr' id='par_1_12' title="bbox 180 1161 1762 1234">
     <span class='ocr_line' id='line_1_12' title="bbox 180 1161 1762 1234; baseline -0.001 -16"><span class='ocrx_word' id='word_1_67' title='bbox 180 1171 450 1234; x_wconf 85' lang='lat' dir='ltr'><strong>quatenus</strong></span> <span class='ocrx_word' id='word_1_68' title='bbox 479 1161 534 1216; x_wconf 89' lang='lat' dir='ltr'><strong>in</strong></span> <span class='ocrx_word' id='word_1_69' title='bbox 564 1171 778 1232; x_wconf 85' lang='lat' dir='ltr'><strong>tempus</strong></span> <span class='ocrx_word' id='word_1_70' title='bbox 838 1171 1142 1217; x_wconf 83' lang='lat' dir='ltr'><strong>mutaretur</strong></span> <span class='ocrx_word' id='word_1_71' title='bbox 1194 1162 1403 1217; x_wconf 85' lang='lat' dir='ltr'><strong>licitum</strong></span> <span class='ocrx_word' id='word_1_72' title='bbox 1458 1170 1514 1218; x_wconf 86' lang='lat' dir='ltr'><strong>et</strong></span> <span class='ocrx_word' id='word_1_73' title='bbox 1555 1171 1762 1233; x_wconf 91' lang='lat' dir='ltr'><strong>aptum.</strong></span> 
     </span>
    </p>
   </div>
   <div class='ocr_carea' id='block_1_13' title="bbox 179 1253 1766 1325">
    <p class='ocr_par' dir='ltr' id='par_1_13' title="bbox 179 1253 1766 1325">
     <span class='ocr_line' id='line_1_13' title="bbox 179 1253 1766 1325; baseline -0.002 -15"><span class='ocrx_word' id='word_1_74' title='bbox 179 1255 520 1325; x_wconf 85' lang='lat' dir='ltr'><strong>Quapropter</strong></span> <span class='ocrx_word' id='word_1_75' title='bbox 552 1254 606 1308; x_wconf 92' lang='lat' dir='ltr'><strong>in</strong></span> <span class='ocrx_word' id='word_1_76' title='bbox 631 1269 743 1309; x_wconf 93' lang='lat' dir='ltr'><strong>uno</strong></span> <span class='ocrx_word' id='word_1_77' title='bbox 772 1270 963 1309; x_wconf 86' lang='lat' dir='ltr'><strong>eorum</strong></span> <span class='ocrx_word' id='word_1_78' title='bbox 1011 1255 1245 1322; x_wconf 91' lang='lat' dir='ltr'><strong>dierum,</strong></span> <span class='ocrx_word' id='word_1_79' title='bbox 1294 1269 1404 1309; x_wconf 91' lang='lat' dir='ltr'><strong>una</strong></span> <span class='ocrx_word' id='word_1_80' title='bbox 1454 1253 1605 1308; x_wconf 92' lang='lat' dir='ltr'><strong>omni</strong></span> <span class='ocrx_word' id='word_1_81' title='bbox 1649 1254 1766 1324; x_wconf 91' lang='lat' dir='ltr'><strong>jam</strong></span> 
     </span>
    </p>
   </div>
   <div class='ocr_carea' id='block_1_14' title="bbox 176 1345 1766 1418">
    <p class='ocr_par' dir='ltr' id='par_1_14' title="bbox 176 1345 1766 1418">
     <span class='ocr_line' id='line_1_14' title="bbox 176 1345 1766 1418; baseline -0.001 -16"><span class='ocrx_word' id='word_1_82' title='bbox 176 1345 420 1402; x_wconf 84' lang='lat' dir='ltr'><strong>Ecclesia</strong></span> <span class='ocrx_word' id='word_1_83' title='bbox 440 1354 791 1418; x_wconf 88' lang='lat' dir='ltr'><strong>congregata,</strong></span> <span class='ocrx_word' id='word_1_84' title='bbox 823 1354 884 1402; x_wconf 87' lang='lat' dir='ltr'><strong>ut</strong></span> <span class='ocrx_word' id='word_1_85' title='bbox 906 1348 1069 1403; x_wconf 85' lang='lat' dir='ltr'><strong>solito</strong></span> <span class='ocrx_word' id='word_1_86' title='bbox 1105 1362 1257 1402; x_wconf 88' lang='lat' dir='ltr'><strong>more</strong></span> <span class='ocrx_word' id='word_1_87' title='bbox 1280 1347 1348 1402; x_wconf 88' lang='lat' dir='ltr'><strong>ad</strong></span> <span class='ocrx_word' id='word_1_88' title='bbox 1374 1345 1597 1402; x_wconf 84' lang='lat' dir='ltr'><strong>litanias</strong></span> <span class='ocrx_word' id='word_1_89' title='bbox 1638 1363 1766 1418; x_wconf 91' lang='lat' dir='ltr'><strong>pro-</strong></span> 
     </span>
    </p>
   </div>
   <div class='ocr_carea' id='block_1_15' title="bbox 178 1437 1763 1510">
    <p class='ocr_par' dir='ltr' id='par_1_15' title="bbox 178 1437 1763 1510">
     <span class='ocr_line' id='line_1_15' title="bbox 178 1437 1763 1510; baseline -0.001 -16"><span class='ocrx_word' id='word_1_90' title='bbox 178 1437 419 1508; x_wconf 87' lang='lat' dir='ltr'><strong>cederet;</strong></span> <span class='ocrx_word' id='word_1_91' title='bbox 463 1439 667 1505; x_wconf 87' lang='lat' dir='ltr'><strong>loeum,</strong></span> <span class='ocrx_word' id='word_1_92' title='bbox 695 1455 725 1494; x_wconf 89' lang='lat' dir='ltr'><strong>e</strong></span> <span class='ocrx_word' id='word_1_93' title='bbox 768 1455 879 1510; x_wconf 91' lang='lat' dir='ltr'><strong>quo</strong></span> <span class='ocrx_word' id='word_1_94' title='bbox 929 1440 1126 1495; x_wconf 87' lang='lat' dir='ltr'><strong>docere</strong></span> <span class='ocrx_word' id='word_1_95' title='bbox 1160 1440 1390 1506; x_wconf 84' lang='lat' dir='ltr'><strong>solebat,</strong></span> <span class='ocrx_word' id='word_1_96' title='bbox 1426 1440 1763 1507; x_wconf 82' lang='lat' dir='ltr'><strong>conscendit,</strong></span> 
     </span>
    </p>
   </div>
   <div class='ocr_carea' id='block_1_16' title="bbox 176 1514 1763 1602">
    <p class='ocr_par' dir='ltr' id='par_1_16' title="bbox 176 1514 1763 1602">
     <span class='ocr_line' id='line_1_16' title="bbox 176 1514 1763 1602; baseline 0 -16"><span class='ocrx_word' id='word_1_97' title='bbox 176 1530 362 1600; x_wconf 87' lang='lat' dir='ltr'><strong>eisque</strong></span> <span class='ocrx_word' id='word_1_98' title='bbox 410 1514 549 1585; x_wconf 63' lang='lat' dir='ltr'><strong>talia</strong></span> <span class='ocrx_word' id='word_1_99' title='bbox 606 1531 769 1586; x_wconf 80' lang='lat' dir='ltr'><strong>verba</strong></span> <span class='ocrx_word' id='word_1_100' title='bbox 813 1530 1057 1601; x_wconf 86' lang='lat' dir='ltr'><strong>proferre</strong></span> <span class='ocrx_word' id='word_1_101' title='bbox 1086 1531 1268 1602; x_wconf 74' lang='lat' dir='ltr'><strong>erepit.</strong></span> <span class='ocrx_word' id='word_1_102' title='bbox 1327 1530 1514 1597; x_wconf 89' lang='lat' dir='ltr'><strong>Debet,</strong></span> <span class='ocrx_word' id='word_1_103' title='bbox 1562 1530 1763 1602; x_wconf 89' lang='lat' dir='ltr'><strong>inquit,</strong></span> 
     </span>
    </p>
   </div>
   <div class='ocr_carea' id='block_1_17' title="bbox 175 1621 1766 1694">
    <p class='ocr_par' dir='ltr' id='par_1_17' title="bbox 175 1621 1766 1694">
     <span class='ocr_line' id='line_1_17' title="bbox 175 1621 1766 1694; baseline 0.001 -16"><span class='ocrx_word' id='word_1_104' title='bbox 175 1621 536 1689; x_wconf 89' lang='lat' dir='ltr'><strong>dilectissimi,</strong></span> <span class='ocrx_word' id='word_1_105' title='bbox 571 1622 730 1693; x_wconf 80' lang='lat' dir='ltr'><strong>juxta</strong></span> <span class='ocrx_word' id='word_1_106' title='bbox 777 1622 1026 1694; x_wconf 84' lang='lat' dir='ltr'><strong>Apostoli</strong></span> <span class='ocrx_word' id='word_1_107' title='bbox 1086 1624 1314 1691; x_wconf 89' lang='lat' dir='ltr'><strong>dictum,</strong></span> <span class='ocrx_word' id='word_1_108' title='bbox 1369 1639 1492 1679; x_wconf 91' lang='lat' dir='ltr'><strong>esse</strong></span> <span class='ocrx_word' id='word_1_109' title='bbox 1532 1623 1766 1680; x_wconf 90' lang='lat' dir='ltr'><strong>Domino</strong></span> 
     </span>
    </p>
   </div>
   <div class='ocr_carea' id='block_1_18' title="bbox 173 1708 1761 1788">
    <p class='ocr_par' dir='ltr' id='par_1_18' title="bbox 173 1708 1761 1788">
     <span class='ocr_line' id='line_1_18' title="bbox 173 1708 1761 1788; baseline 0.003 -21"><span class='ocrx_word' id='word_1_110' title='bbox 173 1711 284 1770; x_wconf 92' lang='lat' dir='ltr'><strong>Deo</strong></span> <span class='ocrx_word' id='word_1_111' title='bbox 299 1722 493 1769; x_wconf 91' lang='lat' dir='ltr'><strong>nostro</strong></span> <span class='ocrx_word' id='word_1_112' title='bbox 509 1715 833 1771; x_wconf 85' lang='lat' dir='ltr'><strong>rationabile</strong></span> <span class='ocrx_word' id='word_1_113' title='bbox 855 1714 1179 1788; x_wconf 85' lang='lat' dir='ltr'><strong>obsequium</strong></span> <span class='ocrx_word' id='word_1_114' title='bbox 1197 1708 1449 1772; x_wconf 80' lang='lat' dir='ltr'><strong>nostrum</strong></span> <span class='ocrx_word' id='word_1_115' title='bbox 1474 1716 1647 1787; x_wconf 85' lang='lat' dir='ltr'><strong>(Rom.</strong></span> <span class='ocrx_word' id='word_1_116' title='bbox 1662 1734 1761 1785; x_wconf 80' lang='lat' dir='ltr'><strong>xu,</strong></span> 
     </span>
    </p>
   </div>
   <div class='ocr_carea' id='block_1_19' title="bbox 174 1805 1767 1882">
    <p class='ocr_par' dir='ltr' id='par_1_19' title="bbox 174 1805 1767 1882">
     <span class='ocr_line' id='line_1_19' title="bbox 174 1805 1767 1882; baseline 0.003 -22"><span class='ocrx_word' id='word_1_117' title='bbox 174 1806 263 1878; x_wconf 75' lang='lat' dir='ltr'><strong>l),</strong></span> <span class='ocrx_word' id='word_1_118' title='bbox 292 1805 448 1877; x_wconf 91' lang='lat' dir='ltr'><strong>quod</strong></span> <span class='ocrx_word' id='word_1_119' title='bbox 469 1815 843 1879; x_wconf 89' lang='lat' dir='ltr'><strong>competenter</strong></span> <span class='ocrx_word' id='word_1_120' title='bbox 876 1816 1004 1865; x_wconf 91' lang='lat' dir='ltr'><strong>tunc</strong></span> <span class='ocrx_word' id='word_1_121' title='bbox 1030 1809 1230 1882; x_wconf 90' lang='lat' dir='ltr'><strong>agitur,</strong></span> <span class='ocrx_word' id='word_1_122' title='bbox 1258 1809 1615 1880; x_wconf 89' lang='lat' dir='ltr'><strong>quandocum</strong></span> <span class='ocrx_word' id='word_1_123' title='bbox 1645 1825 1767 1865; x_wconf 87' lang='lat' dir='ltr'><strong>san-</strong></span> 
     </span>
    </p>
   </div>
   <div class='ocr_carea' id='block_1_20' title="bbox 174 1899 1768 1961">
    <p class='ocr_par' dir='ltr' id='par_1_20' title="bbox 174 1899 1768 1961">
     <span class='ocr_line' id='line_1_20' title="bbox 174 1899 1768 1961; baseline 0.004 -6"><span class='ocrx_word' id='word_1_124' title='bbox 174 1908 388 1955; x_wconf 87' lang='lat' dir='ltr'><strong>ctorum</strong></span> <span class='ocrx_word' id='word_1_125' title='bbox 421 1899 583 1956; x_wconf 83' lang='lat' dir='ltr'><strong>dictis</strong></span> <span class='ocrx_word' id='word_1_126' title='bbox 610 1909 804 1957; x_wconf 86' lang='lat' dir='ltr'><strong>noster</strong></span> <span class='ocrx_word' id='word_1_127' title='bbox 841 1910 997 1960; x_wconf 86' lang='lat' dir='ltr'><strong>actus</strong></span> <span class='ocrx_word' id='word_1_128' title='bbox 1041 1918 1271 1958; x_wconf 87' lang='lat' dir='ltr'><strong>consors</strong></span> <span class='ocrx_word' id='word_1_129' title='bbox 1310 1902 1602 1959; x_wconf 83' lang='lat' dir='ltr'><strong>invenitur.</strong></span> <span class='ocrx_word' id='word_1_130' title='bbox 1653 1902 1768 1961; x_wconf 84' lang='lat' dir='ltr'><strong>Hoc</strong></span> 
     </span>
    </p>
   </div>
   <div class='ocr_carea' id='block_1_21' title="bbox 172 1989 1769 2066">
    <p class='ocr_par' dir='ltr' id='par_1_21' title="bbox 172 1989 1769 2066">
     <span class='ocr_line' id='line_1_21' title="bbox 172 1989 1769 2066; baseline 0.003 -21"><span class='ocrx_word' id='word_1_131' title='bbox 172 1989 465 2062; x_wconf 86' lang='lat' dir='ltr'><strong>jejunium,</strong></span> <span class='ocrx_word' id='word_1_132' title='bbox 489 1992 635 2062; x_wconf 92' lang='lat' dir='ltr'><strong>quod</strong></span> <span class='ocrx_word' id='word_1_133' title='bbox 659 1992 808 2048; x_wconf 89' lang='lat' dir='ltr'><strong>nunc</strong></span> <span class='ocrx_word' id='word_1_134' title='bbox 832 1993 1013 2065; x_wconf 79' lang='lat' dir='ltr'><strong>agitis,</strong></span> <span class='ocrx_word' id='word_1_135' title='bbox 1046 1994 1239 2049; x_wconf 87' lang='lat' dir='ltr'><strong>scitote</strong></span> <span class='ocrx_word' id='word_1_136' title='bbox 1260 2009 1348 2049; x_wconf 88' lang='lat' dir='ltr'><strong>me</strong></span> <span class='ocrx_word' id='word_1_137' title='bbox 1374 1994 1591 2064; x_wconf 85' lang='lat' dir='ltr'><strong>penitus</strong></span> <span class='ocrx_word' id='word_1_138' title='bbox 1614 1994 1769 2066; x_wconf 89' lang='lat' dir='ltr'><strong>igno-</strong></span> 
     </span>
    </p>
   </div>
   <div class='ocr_carea' id='block_1_22' title="bbox 173 2082 1767 2157">
    <p class='ocr_par' dir='ltr' id='par_1_22' title="bbox 173 2082 1767 2157">
     <span class='ocr_line' id='line_1_22' title="bbox 173 2082 1767 2157; baseline 0.003 -19"><span class='ocrx_word' id='word_1_139' title='bbox 173 2082 485 2155; x_wconf 54' lang='lat' dir='ltr'><strong>rarefcujus</strong></span> <span class='ocrx_word' id='word_1_140' title='bbox 510 2084 837 2156; x_wconf 88' lang='lat' dir='ltr'><strong>impulsione</strong></span> <span class='ocrx_word' id='word_1_141' title='bbox 860 2086 1091 2156; x_wconf 90' lang='lat' dir='ltr'><strong>spiritus</strong></span> <span class='ocrx_word' id='word_1_142' title='bbox 1136 2096 1349 2157; x_wconf 84' lang='lat' dir='ltr'><strong>agatur.</strong></span> <span class='ocrx_word' id='word_1_143' title='bbox 1385 2085 1442 2141; x_wconf 91' lang='lat' dir='ltr'><strong>Si</strong></span> <span class='ocrx_word' id='word_1_144' title='bbox 1481 2088 1627 2142; x_wconf 74' lang='lat' dir='ltr'><strong>enim</strong></span> <span class='ocrx_word' id='word_1_145' title='bbox 1672 2086 1767 2142; x_wconf 88' lang='lat' dir='ltr'><strong>Dei</strong></span> 
     </span>
    </p>
   </div>
   <div class='ocr_carea' id='block_1_23' title="bbox 173 2175 1770 2249">
    <p class='ocr_par' dir='ltr' id='par_1_23' title="bbox 173 2175 1770 2249">
     <span class='ocr_line' id='line_1_23' title="bbox 173 2175 1770 2249; baseline 0.002 -18"><span class='ocrx_word' id='word_1_146' title='bbox 173 2176 262 2244; x_wconf 84' lang='lat' dir='ltr'><strong>sit,</strong></span> <span class='ocrx_word' id='word_1_147' title='bbox 285 2175 443 2233; x_wconf 80' lang='lat' dir='ltr'><strong>valde</strong></span> <span class='ocrx_word' id='word_1_148' title='bbox 468 2176 667 2244; x_wconf 87' lang='lat' dir='ltr'><strong>miror;</strong></span> <span class='ocrx_word' id='word_1_149' title='bbox 695 2178 958 2248; x_wconf 88' lang='lat' dir='ltr'><strong>quoniam</strong></span> <span class='ocrx_word' id='word_1_150' title='bbox 990 2193 1088 2249; x_wconf 89' lang='lat' dir='ltr'><strong>per</strong></span> <span class='ocrx_word' id='word_1_151' title='bbox 1128 2179 1349 2234; x_wconf 90' lang='lat' dir='ltr'><strong>illorum</strong></span> <span class='ocrx_word' id='word_1_152' title='bbox 1381 2179 1525 2233; x_wconf 89' lang='lat' dir='ltr'><strong>dicta</strong></span> <span class='ocrx_word' id='word_1_153' title='bbox 1550 2186 1770 2234; x_wconf 87' lang='lat' dir='ltr'><strong>saneto-</strong></span> 
     </span>
    </p>
   </div>
   <div class='ocr_carea' id='block_1_24' title="bbox 172 2268 1769 2341">
    <p class='ocr_par' dir='ltr' id='par_1_24' title="bbox 172 2268 1769 2341">
     <span class='ocr_line' id='line_1_24' title="bbox 172 2268 1769 2341; baseline 0.001 -18"><span class='ocrx_word' id='word_1_154' title='bbox 172 2284 314 2335; x_wconf 86' lang='lat' dir='ltr'><strong>rum,</strong></span> <span class='ocrx_word' id='word_1_155' title='bbox 341 2283 446 2339; x_wconf 91' lang='lat' dir='ltr'><strong>pro</strong></span> <span class='ocrx_word' id='word_1_156' title='bbox 465 2269 667 2339; x_wconf 91' lang='lat' dir='ltr'><strong>quibus</strong></span> <span class='ocrx_word' id='word_1_157' title='bbox 690 2268 860 2324; x_wconf 90' lang='lat' dir='ltr'><strong>Deum</strong></span> <span class='ocrx_word' id='word_1_158' title='bbox 885 2269 1128 2325; x_wconf 90' lang='lat' dir='ltr'><strong>locutum</strong></span> <span class='ocrx_word' id='word_1_159' title='bbox 1152 2286 1263 2325; x_wconf 90' lang='lat' dir='ltr'><strong>non</strong></span> <span class='ocrx_word' id='word_1_160' title='bbox 1289 2271 1500 2337; x_wconf 91' lang='lat' dir='ltr'><strong>dubito,</strong></span> <span class='ocrx_word' id='word_1_161' title='bbox 1519 2270 1769 2341; x_wconf 86' lang='lat' dir='ltr'><strong>jejunarc</strong></span> 
     </span>
    </p>
   </div>
   <div class='ocr_carea' id='block_1_25' title="bbox 174 2356 1592 2432">
    <p class='ocr_par' dir='ltr' id='par_1_25' title="bbox 174 2356 1592 2432">
     <span class='ocr_line' id='line_1_25' title="bbox 174 2356 1592 2432; baseline 0.002 -19"><span class='ocrx_word' id='word_1_162' title='bbox 174 2356 226 2415; x_wconf 88' lang='lat' dir='ltr'><strong>in</strong></span> <span class='ocrx_word' id='word_1_163' title='bbox 257 2359 343 2416; x_wconf 86' lang='lat' dir='ltr'><strong>bis</strong></span> <span class='ocrx_word' id='word_1_164' title='bbox 371 2360 566 2416; x_wconf 90' lang='lat' dir='ltr'><strong>diebus</strong></span> <span class='ocrx_word' id='word_1_165' title='bbox 594 2360 950 2418; x_wconf 86' lang='lat' dir='ltr'><strong>Paschalibus</strong></span> <span class='ocrx_word' id='word_1_166' title='bbox 973 2362 1322 2417; x_wconf 89' lang='lat' dir='ltr'><strong>interdictum</strong></span> <span class='ocrx_word' id='word_1_167' title='bbox 1355 2363 1592 2432; x_wconf 86' lang='lat' dir='ltr'><strong>reperio.</strong></span> 
     </span>
    </p>
   </div>
   <div class='ocr_carea' id='block_1_26' title="bbox 240 2450 1768 2525">
    <p class='ocr_par' dir='ltr' id='par_1_26' title="bbox 240 2450 1768 2525">
     <span class='ocr_line' id='line_1_26' title="bbox 240 2450 1768 2525; baseline 0.001 -18"><span class='ocrx_word' id='word_1_168' title='bbox 240 2450 330 2507; x_wconf 83' lang='lat'><strong>50.</strong></span> <span class='ocrx_word' id='word_1_169' title='bbox 367 2451 471 2507; x_wconf 86' lang='lat' dir='ltr'><strong>Est</strong></span> <span class='ocrx_word' id='word_1_170' title='bbox 491 2461 545 2507; x_wconf 90' lang='lat' dir='ltr'><strong>et</strong></span> <span class='ocrx_word' id='word_1_171' title='bbox 563 2468 654 2509; x_wconf 88' lang='lat' dir='ltr'><strong>res</strong></span> <span class='ocrx_word' id='word_1_172' title='bbox 679 2454 805 2520; x_wconf 88' lang='lat' dir='ltr'><strong>alia,</strong></span> <span class='ocrx_word' id='word_1_173' title='bbox 836 2471 959 2525; x_wconf 72' lang='lat' dir='ltr'><strong>qua:</strong></span> <span class='ocrx_word' id='word_1_174' title='bbox 987 2471 1159 2524; x_wconf 88' lang='lat' dir='ltr'><strong>super</strong></span> <span class='ocrx_word' id='word_1_175' title='bbox 1189 2455 1294 2511; x_wconf 87' lang='lat' dir='ltr'><strong>hoc</strong></span> <span class='ocrx_word' id='word_1_176' title='bbox 1337 2454 1506 2511; x_wconf 88' lang='lat' dir='ltr'><strong>nimis</strong></span> <span class='ocrx_word' id='word_1_177' title='bbox 1543 2470 1630 2510; x_wconf 90' lang='lat' dir='ltr'><strong>me</strong></span> <span class='ocrx_word' id='word_1_178' title='bbox 1653 2454 1768 2509; x_wconf 72' lang='lat' dir='ltr'><strong>lue-</strong></span> 
     </span>
    </p>
   </div>
   <div class='ocr_carea' id='block_1_27' title="bbox 175 2541 1770 2641">
    <p class='ocr_par' dir='ltr' id='par_1_27' title="bbox 175 2541 1770 2641">
     <span class='ocr_line' id='line_1_27' title="bbox 175 2541 1770 2641; baseline 0.002 -45"><span class='ocrx_word' id='word_1_179' title='bbox 175 2541 338 2600; x_wconf 88' lang='lat' dir='ltr'><strong>sitare</strong></span> <span class='ocrx_word' id='word_1_180' title='bbox 377 2544 545 2616; x_wconf 84' lang='lat' dir='ltr'><strong>cogit.</strong></span> <span class='ocrx_word' id='word_1_181' title='bbox 578 2543 714 2600; x_wconf 86' lang='lat' dir='ltr'><strong>Nam</strong></span> <span class='ocrx_word' id='word_1_182' title='bbox 760 2545 816 2600; x_wconf 92' lang='lat' dir='ltr'><strong>in</strong></span> <span class='ocrx_word' id='word_1_183' title='bbox 845 2546 966 2602; x_wconf 87' lang='lat' dir='ltr'><strong>istis</strong></span> <span class='ocrx_word' id='word_1_184' title='bbox 1009 2546 1203 2641; x_wconf 58' lang='lat' dir='ltr'><strong>diebqs</strong></span> <span class='ocrx_word' id='word_1_185' title='bbox 1258 2556 1373 2619; x_wconf 84' lang='lat' dir='ltr'><strong>tam</strong></span> <span class='ocrx_word' id='word_1_186' title='bbox 1430 2547 1631 2601; x_wconf 86' lang='lat' dir='ltr'><strong>acriter</strong></span> <span class='ocrx_word' id='word_1_187' title='bbox 1670 2562 1770 2620; x_wconf 75' lang='lat' dir='ltr'><strong>vos</strong></span> 
     </span>
    </p>
   </div>
   <div class='ocr_carea' id='block_1_28' title="bbox 175 2634 1769 2707">
    <p class='ocr_par' dir='ltr' id='par_1_28' title="bbox 175 2634 1769 2707">
     <span class='ocr_line' id='line_1_28' title="bbox 175 2634 1769 2707; baseline 0.002 -19"><span class='ocrx_word' id='word_1_188' title='bbox 175 2634 409 2706; x_wconf 74' lang='lat' dir='ltr'><strong>afﬂigere</strong></span> <span class='ocrx_word' id='word_1_189' title='bbox 434 2650 620 2705; x_wconf 86' lang='lat' dir='ltr'><strong>cerno,</strong></span> <span class='ocrx_word' id='word_1_190' title='bbox 646 2637 889 2693; x_wconf 82' lang='lat' dir='ltr'><strong>vestibus</strong></span> <span class='ocrx_word' id='word_1_191' title='bbox 916 2636 1095 2693; x_wconf 84' lang='lat' dir='ltr'><strong>laneis</strong></span> <span class='ocrx_word' id='word_1_192' title='bbox 1125 2634 1424 2704; x_wconf 73' lang='lat' dir='ltr'><strong>induendo,</strong></span> <span class='ocrx_word' id='word_1_193' title='bbox 1470 2638 1629 2693; x_wconf 79' lang='lat' dir='ltr'><strong>nudis</strong></span> <span class='ocrx_word' id='word_1_194' title='bbox 1672 2653 1769 2707; x_wconf 85' lang='lat' dir='ltr'><strong>pe-</strong></span> 
     </span>
    </p>
   </div>
   <div class='ocr_carea' id='block_1_29' title="bbox 174 2718 1770 2800">
    <p class='ocr_par' dir='ltr' id='par_1_29' title="bbox 174 2718 1770 2800">
     <span class='ocr_line' id='line_1_29' title="bbox 174 2718 1770 2800; baseline 0.003 -21"><span class='ocrx_word' id='word_1_195' title='bbox 174 2725 336 2783; x_wconf 89' lang='lat' dir='ltr'><strong>dibus</strong></span> <span class='ocrx_word' id='word_1_196' title='bbox 386 2726 737 2800; x_wconf 51' lang='lat' dir='ltr'><strong>.incedendo,</strong></span> <span class='ocrx_word' id='word_1_197' title='bbox 812 2730 866 2784; x_wconf 90' lang='lat' dir='ltr'><strong>in</strong></span> <span class='ocrx_word' id='word_1_198' title='bbox 916 2718 1063 2800; x_wconf 22' lang='lat' dir='ltr'><strong>pane.</strong></span> <span class='ocrx_word' id='word_1_199' title='bbox 1113 2730 1494 2785; x_wconf 89' lang='lat' dir='ltr'><strong>tantummodo</strong></span> <span class='ocrx_word' id='word_1_200' title='bbox 1532 2739 1585 2784; x_wconf 89' lang='lat' dir='ltr'><strong>et</strong></span> <span class='ocrx_word' id='word_1_201' title='bbox 1628 2745 1770 2800; x_wconf 88' lang='lat' dir='ltr'><strong>aqua</strong></span> 
     </span>
    </p>
   </div>
   <div class='ocr_carea' id='block_1_30' title="bbox 169 2817 1770 2894">
    <p class='ocr_par' dir='ltr' id='par_1_30' title="bbox 169 2817 1770 2894">
     <span class='ocr_line' id='line_1_30' title="bbox 169 2817 1770 2894; baseline 0.002 -21"><span class='ocrx_word' id='word_1_202' title='bbox 169 2817 493 2889; x_wconf 89' lang='lat' dir='ltr'><strong>jejunando,</strong></span> <span class='ocrx_word' id='word_1_203' title='bbox 533 2821 831 2891; x_wconf 88' lang='lat' dir='ltr'><strong>quomodo,</strong></span> <span class='ocrx_word' id='word_1_204' title='bbox 854 2822 1077 2892; x_wconf 89' lang='lat' dir='ltr'><strong>quando</strong></span> <span class='ocrx_word' id='word_1_205' title='bbox 1101 2822 1219 2878; x_wconf 78' lang='lat' dir='ltr'><strong>lucc</strong></span> <span class='ocrx_word' id='word_1_206' title='bbox 1244 2837 1407 2894; x_wconf 82' lang='lat' dir='ltr'><strong>agere</strong></span> <span class='ocrx_word' id='word_1_207' title='bbox 1434 2822 1613 2877; x_wconf 86' lang='lat' dir='ltr'><strong>debite</strong></span> <span class='ocrx_word' id='word_1_208' title='bbox 1644 2821 1770 2891; x_wconf 73' lang='lat' dir='ltr'><strong>jus~</strong></span> 
     </span>
    </p>
   </div>
   <div class='ocr_carea' id='block_1_31' title="bbox 174 2910 1768 2982">
    <p class='ocr_par' dir='ltr' id='par_1_31' title="bbox 174 2910 1768 2982">
     <span class='ocr_line' id='line_1_31' title="bbox 174 2910 1768 2982; baseline -0.001 -15"><span class='ocrx_word' id='word_1_209' title='bbox 174 2926 296 2967; x_wconf 90' lang='lat' dir='ltr'><strong>sum</strong></span> <span class='ocrx_word' id='word_1_210' title='bbox 329 2921 438 2980; x_wconf 89' lang='lat' dir='ltr'><strong>est,</strong></span> <span class='ocrx_word' id='word_1_211' title='bbox 462 2928 562 2968; x_wconf 86' lang='lat' dir='ltr'><strong>vos</strong></span> <span class='ocrx_word' id='word_1_212' title='bbox 596 2913 748 2969; x_wconf 91' lang='lat' dir='ltr'><strong>nullo</strong></span> <span class='ocrx_word' id='word_1_213' title='bbox 805 2913 969 2968; x_wconf 91' lang='lat' dir='ltr'><strong>modo</strong></span> <span class='ocrx_word' id='word_1_214' title='bbox 1013 2911 1194 2968; x_wconf 87' lang='lat' dir='ltr'><strong>facere</strong></span> <span class='ocrx_word' id='word_1_215' title='bbox 1239 2911 1491 2982; x_wconf 87' lang='lat' dir='ltr'><strong>inspicio.</strong></span> <span class='ocrx_word' id='word_1_216' title='bbox 1545 2910 1768 2979; x_wconf 87' lang='lat' dir='ltr'><strong>Scitote,</strong></span> 
     </span>
    </p>
   </div>
   <div class='ocr_carea' id='block_1_32' title="bbox 174 3002 1772 3075">
    <p class='ocr_par' dir='ltr' id='par_1_32' title="bbox 174 3002 1772 3075">
     <span class='ocr_line' id='line_1_32' title="bbox 174 3002 1772 3075; baseline 0 -17"><span class='ocrx_word' id='word_1_217' title='bbox 174 3003 301 3073; x_wconf 89' lang='lat' dir='ltr'><strong>quia</strong></span> <span class='ocrx_word' id='word_1_218' title='bbox 338 3003 487 3060; x_wconf 80' lang='lat' dir='ltr'><strong>sient</strong></span> <span class='ocrx_word' id='word_1_219' title='bbox 515 3020 659 3061; x_wconf 89' lang='lat' dir='ltr'><strong>unus</strong></span> <span class='ocrx_word' id='word_1_220' title='bbox 681 3020 745 3059; x_wconf 82' lang='lat' dir='ltr'><strong>ex</strong></span> <span class='ocrx_word' id='word_1_221' title='bbox 783 3004 977 3061; x_wconf 88' lang='lat' dir='ltr'><strong>diebus</strong></span> <span class='ocrx_word' id='word_1_222' title='bbox 1034 3002 1613 3075; x_wconf 83' lang='lat' dir='ltr'><strong>quadragesimalibus</strong></span> <span class='ocrx_word' id='word_1_223' title='bbox 1660 3019 1772 3073; x_wconf 77' lang='lat' dir='ltr'><strong>non</strong></span> 
     </span>
    </p>
   </div>
   <div class='ocr_carea' id='block_1_33' title="bbox 1867 519 3449 596">
    <p class='ocr_par' dir='ltr' id='par_1_33' title="bbox 1867 519 3449 596">
     <span class='ocr_line' id='line_1_33' title="bbox 1867 519 3449 596; baseline 0.004 -22"><span class='ocrx_word' id='word_1_224' title='bbox 1867 519 1983 575; x_wconf 83' lang='lat' dir='ltr'><strong>dies</strong></span> <span class='ocrx_word' id='word_1_225' title='bbox 2007 520 2357 579; x_wconf 85' lang='lat' dir='ltr'><strong>Pentecostes</strong></span> <span class='ocrx_word' id='word_1_226' title='bbox 2384 525 2823 595; x_wconf 89' lang='lat' dir='ltr'><strong>complerentur,</strong></span> <span class='ocrx_word' id='word_1_227' title='bbox 2849 525 2965 596; x_wconf 90' lang='lat' dir='ltr'><strong>ipsa</strong></span> <span class='ocrx_word' id='word_1_228' title='bbox 2991 541 3101 580; x_wconf 92' lang='lat' dir='ltr'><strong>non</strong></span> <span class='ocrx_word' id='word_1_229' title='bbox 3126 526 3414 589; x_wconf 80' lang='lat' dir='ltr'><strong>deﬁcerent</strong></span> <span class='ocrx_word' id='word_1_230' title='bbox 3432 568 3449 593; x_wconf 92' lang='lat'><strong>,</strong></span> 
     </span>
    </p>
   </div>
   <div class='ocr_carea' id='block_1_34' title="bbox 1866 610 3452 686">
    <p class='ocr_par' dir='ltr' id='par_1_34' title="bbox 1866 610 3452 686">
     <span class='ocr_line' id='line_1_34' title="bbox 1866 610 3452 686; baseline 0.006 -23"><span class='ocrx_word' id='word_1_231' title='bbox 1866 618 1921 663; x_wconf 90' lang='lat' dir='ltr'><strong>et</strong></span> <span class='ocrx_word' id='word_1_232' title='bbox 1954 610 2085 665; x_wconf 88' lang='lat' dir='ltr'><strong>dum</strong></span> <span class='ocrx_word' id='word_1_233' title='bbox 2109 611 2363 682; x_wconf 89' lang='lat' dir='ltr'><strong>completi</strong></span> <span class='ocrx_word' id='word_1_234' title='bbox 2388 624 2535 680; x_wconf 80' lang='lat' dir='ltr'><strong>sunt,</strong></span> <span class='ocrx_word' id='word_1_235' title='bbox 2563 615 2813 670; x_wconf 88' lang='lat' dir='ltr'><strong>similiter</strong></span> <span class='ocrx_word' id='word_1_236' title='bbox 2847 626 3171 686; x_wconf 87' lang='lat' dir='ltr'><strong>consumpta</strong></span> <span class='ocrx_word' id='word_1_237' title='bbox 3196 617 3452 673; x_wconf 84' lang='lat' dir='ltr'><strong>universa</strong></span> 
     </span>
    </p>
   </div>
   <div class='ocr_carea' id='block_1_35' title="bbox 1868 701 3452 773">
    <p class='ocr_par' dir='ltr' id='par_1_35' title="bbox 1868 701 3452 773">
     <span class='ocr_line' id='line_1_35' title="bbox 1868 701 3452 773; baseline 0.002 -17"><span class='ocrx_word' id='word_1_238' title='bbox 1868 710 1997 757; x_wconf 89' lang='lat' dir='ltr'><strong>sunt</strong></span> <span class='ocrx_word' id='word_1_239' title='bbox 2022 710 2074 757; x_wconf 90' lang='lat' dir='ltr'><strong>et</strong></span> <span class='ocrx_word' id='word_1_240' title='bbox 2098 701 2209 757; x_wconf 92' lang='lat' dir='ltr'><strong>illa.</strong></span> <span class='ocrx_word' id='word_1_241' title='bbox 2235 701 2393 769; x_wconf 84' lang='lat' dir='ltr'><strong>Quod</strong></span> <span class='ocrx_word' id='word_1_242' title='bbox 2414 702 2475 758; x_wconf 91' lang='lat' dir='ltr'><strong>B.</strong></span> <span class='ocrx_word' id='word_1_243' title='bbox 2506 704 2829 761; x_wconf 82' lang='lat' dir='ltr'><strong>Benedictus</strong></span> <span class='ocrx_word' id='word_1_244' title='bbox 2864 722 3113 773; x_wconf 89' lang='lat' dir='ltr'><strong>cernens,</strong></span> <span class='ocrx_word' id='word_1_245' title='bbox 3138 722 3263 761; x_wconf 86' lang='lat' dir='ltr'><strong>cum</strong></span> <span class='ocrx_word' id='word_1_246' title='bbox 3301 707 3452 761; x_wconf 88' lang='lat' dir='ltr'><strong>omni</strong></span> 
     </span>
    </p>
   </div>
   <div class='ocr_carea' id='block_1_36' title="bbox 1856 788 3453 871">
    <p class='ocr_par' dir='ltr' id='par_1_36' title="bbox 1856 788 3453 871">
     <span class='ocr_line' id='line_1_36' title="bbox 1856 788 3453 871; baseline 0.002 -22"><span class='ocrx_word' id='word_1_247' title='bbox 1856 802 2113 871; x_wconf 76' lang='lat' dir='ltr'><strong>tempore</strong></span> <span class='ocrx_word' id='word_1_248' title='bbox 2137 795 2246 848; x_wconf 92' lang='lat' dir='ltr'><strong>alio</strong></span> <span class='ocrx_word' id='word_1_249' title='bbox 2278 796 2562 850; x_wconf 85' lang='lat' dir='ltr'><strong>monachis</strong></span> <span class='ocrx_word' id='word_1_250' title='bbox 2580 788 2851 867; x_wconf 87' lang='lat' dir='ltr'><strong>jejunium</strong></span> <span class='ocrx_word' id='word_1_251' title='bbox 2878 797 3198 865; x_wconf 79' lang='lat' dir='ltr'><strong>indixisset,</strong></span> <span class='ocrx_word' id='word_1_252' title='bbox 3222 798 3325 853; x_wconf 86' lang='lat' dir='ltr'><strong>hos</strong></span> <span class='ocrx_word' id='word_1_253' title='bbox 3365 797 3453 868; x_wconf 84' lang='lat' dir='ltr'><strong>je-</strong></span> 
     </span>
    </p>
   </div>
   <div class='ocr_carea' id='block_1_37' title="bbox 1862 883 3405 955">
    <p class='ocr_par' dir='ltr' id='par_1_37' title="bbox 1862 883 3405 955">
     <span class='ocr_line' id='line_1_37' title="bbox 1862 883 3405 955; baseline 0.001 -16"><span class='ocrx_word' id='word_1_254' title='bbox 1862 883 2062 955; x_wconf 87' lang='lat' dir='ltr'><strong>junare</strong></span> <span class='ocrx_word' id='word_1_255' title='bbox 2084 899 2180 939; x_wconf 91' lang='lat' dir='ltr'><strong>eos</strong></span> <span class='ocrx_word' id='word_1_256' title='bbox 2206 883 2356 938; x_wconf 93' lang='lat' dir='ltr'><strong>nullo</strong></span> <span class='ocrx_word' id='word_1_257' title='bbox 2392 884 2555 939; x_wconf 90' lang='lat' dir='ltr'><strong>modo</strong></span> <span class='ocrx_word' id='word_1_258' title='bbox 2576 885 2764 954; x_wconf 85' lang='lat' dir='ltr'><strong>jussit.</strong></span> <span class='ocrx_word' id='word_1_259' title='bbox 3399 934 3405 941; x_wconf 92' lang='lat'><strong>.</strong></span> 
     </span>
    </p>
   </div>
   <div class='ocr_carea' id='block_1_38' title="bbox 1939 973 3455 1046">
    <p class='ocr_par' dir='ltr' id='par_1_38' title="bbox 1939 973 3455 1046">
     <span class='ocr_line' id='line_1_38' title="bbox 1939 973 3455 1046; baseline -0.001 -17"><span class='ocrx_word' id='word_1_260' title='bbox 1939 975 2027 1030; x_wconf 81' lang='lat' dir='ltr'><strong>5i.</strong></span> <span class='ocrx_word' id='word_1_261' title='bbox 2062 973 2203 1041; x_wconf 84' lang='lat' dir='ltr'><strong>Quid</strong></span> <span class='ocrx_word' id='word_1_262' title='bbox 2227 976 2391 1029; x_wconf 90' lang='lat' dir='ltr'><strong>etiam</strong></span> <span class='ocrx_word' id='word_1_263' title='bbox 2430 974 2490 1028; x_wconf 87' lang='grc' dir='ltr'><strong>Β.</strong></span> <span class='ocrx_word' id='word_1_264' title='bbox 2522 974 2845 1030; x_wconf 89' lang='lat' dir='ltr'><strong>Ambrosius</strong></span> <span class='ocrx_word' id='word_1_265' title='bbox 2876 986 3061 1031; x_wconf 88' lang='lat' dir='ltr'><strong>noster</strong></span> <span class='ocrx_word' id='word_1_266' title='bbox 3088 984 3353 1046; x_wconf 82' lang='lat' dir='ltr'><strong>patronus</strong></span> <span class='ocrx_word' id='word_1_267' title='bbox 3388 973 3455 1028; x_wconf 83' lang='lat' dir='ltr'><strong>(ie</strong></span> 
     </span>
    </p>
   </div>
   <div class='ocr_carea' id='block_1_39' title="bbox 1866 1065 3455 1139">
    <p class='ocr_par' dir='ltr' id='par_1_39' title="bbox 1866 1065 3455 1139">
     <span class='ocr_line' id='line_1_39' title="bbox 1866 1065 3455 1139; baseline -0.003 -17"><span class='ocrx_word' id='word_1_268' title='bbox 1866 1067 1954 1122; x_wconf 89' lang='lat' dir='ltr'><strong>bis</strong></span> <span class='ocrx_word' id='word_1_269' title='bbox 1976 1066 2193 1134; x_wconf 78' lang='lat' dir='ltr'><strong>dixerit,</strong></span> <span class='ocrx_word' id='word_1_270' title='bbox 2222 1066 2764 1123; x_wconf 88' lang='lat' dir='ltr'><strong>commemorandum</strong></span> <span class='ocrx_word' id='word_1_271' title='bbox 2792 1074 2894 1122; x_wconf 89' lang='lat' dir='ltr'><strong>est.</strong></span> <span class='ocrx_word' id='word_1_272' title='bbox 2924 1067 3015 1121; x_wconf 81' lang='lat' dir='ltr'><strong>Ait</strong></span> <span class='ocrx_word' id='word_1_273' title='bbox 3035 1066 3179 1122; x_wconf 91' lang='lat' dir='ltr'><strong>enim</strong></span> <span class='ocrx_word' id='word_1_274' title='bbox 3218 1065 3394 1139; x_wconf 76' lang='lat' dir='ltr'><strong>(serm.</strong></span> <span class='ocrx_word' id='word_1_275' title='bbox 3420 1065 3455 1118; x_wconf 71' lang='grc'><strong>2</strong></span> 
     </span>
    </p>
   </div>
   <div class='ocr_carea' id='block_1_40' title="bbox 1868 1156 3453 1229">
    <p class='ocr_par' dir='ltr' id='par_1_40' title="bbox 1868 1156 3453 1229">
     <span class='ocr_line' id='line_1_40' title="bbox 1868 1156 3453 1229; baseline -0.002 -17"><span class='ocrx_word' id='word_1_276' title='bbox 1868 1159 1923 1212; x_wconf 81' lang='lat' dir='ltr'><strong>in</strong></span> <span class='ocrx_word' id='word_1_277' title='bbox 1952 1157 2177 1229; x_wconf 83' lang='lat' dir='ltr'><strong>Pent.):</strong></span> <span class='ocrx_word' id='word_1_278' title='bbox 2219 1177 2236 1209; x_wconf 84' lang='grc'><em>‹</em></span> <span class='ocrx_word' id='word_1_279' title='bbox 2275 1157 2431 1213; x_wconf 83' lang='lat' dir='ltr'><strong>Hanc</strong></span> <span class='ocrx_word' id='word_1_280' title='bbox 2470 1166 2716 1214; x_wconf 90' lang='lat' dir='ltr'><strong>sanetam</strong></span> <span class='ocrx_word' id='word_1_281' title='bbox 2765 1156 3114 1212; x_wconf 89' lang='lat' dir='ltr'><strong>Pentecostes</strong></span> <span class='ocrx_word' id='word_1_282' title='bbox 3161 1157 3303 1212; x_wconf 86' lang='lat' dir='ltr'><strong>diem</strong></span> <span class='ocrx_word' id='word_1_283' title='bbox 3346 1170 3453 1226; x_wconf 88' lang='lat' dir='ltr'><strong>qua</strong></span> 
     </span>
    </p>
   </div>
   <div class='ocr_carea' id='block_1_41' title="bbox 1864 1248 3458 1320">
    <p class='ocr_par' dir='ltr' id='par_1_41' title="bbox 1864 1248 3458 1320">
     <span class='ocr_line' id='line_1_41' title="bbox 1864 1248 3458 1320; baseline -0.001 -15"><span class='ocrx_word' id='word_1_284' title='bbox 1864 1250 2079 1305; x_wconf 89' lang='lat' dir='ltr'><strong>ratione</strong></span> <span class='ocrx_word' id='word_1_285' title='bbox 2110 1266 2390 1317; x_wconf 88' lang='lat' dir='ltr'><strong>curemus,</strong></span> <span class='ocrx_word' id='word_1_286' title='bbox 2415 1251 2499 1306; x_wconf 90' lang='lat' dir='ltr'><strong>vel</strong></span> <span class='ocrx_word' id='word_1_287' title='bbox 2523 1266 2623 1305; x_wconf 92' lang='lat' dir='ltr'><strong>cur</strong></span> <span class='ocrx_word' id='word_1_288' title='bbox 2645 1250 2877 1305; x_wconf 90' lang='lat' dir='ltr'><strong>istorum</strong></span> <span class='ocrx_word' id='word_1_289' title='bbox 2902 1248 3304 1320; x_wconf 84' lang='lat' dir='ltr'><strong>quinquaginta</strong></span> <span class='ocrx_word' id='word_1_290' title='bbox 3345 1248 3458 1303; x_wconf 92' lang='lat' dir='ltr'><strong>dic-</strong></span> 
     </span>
    </p>
   </div>
   <div class='ocr_carea' id='block_1_42' title="bbox 1867 1339 3458 1413">
    <p class='ocr_par' dir='ltr' id='par_1_42' title="bbox 1867 1339 3458 1413">
     <span class='ocr_line' id='line_1_42' title="bbox 1867 1339 3458 1413; baseline -0.002 -15"><span class='ocrx_word' id='word_1_291' title='bbox 1867 1358 1991 1399; x_wconf 90' lang='lat' dir='ltr'><strong>rum</strong></span> <span class='ocrx_word' id='word_1_292' title='bbox 2022 1359 2252 1398; x_wconf 91' lang='lat' dir='ltr'><strong>numero</strong></span> <span class='ocrx_word' id='word_1_293' title='bbox 2290 1343 2361 1398; x_wconf 92' lang='lat' dir='ltr'><strong>sit</strong></span> <span class='ocrx_word' id='word_1_294' title='bbox 2376 1342 2524 1413; x_wconf 84' lang='lat' dir='ltr'><strong>jugis</strong></span> <span class='ocrx_word' id='word_1_295' title='bbox 2549 1349 2604 1397; x_wconf 89' lang='lat' dir='ltr'><strong>et</strong></span> <span class='ocrx_word' id='word_1_296' title='bbox 2632 1342 2949 1397; x_wconf 88' lang='lat' dir='ltr'><strong>continuata</strong></span> <span class='ocrx_word' id='word_1_297' title='bbox 2980 1339 3267 1406; x_wconf 80' lang='lat' dir='ltr'><strong>festivitas,</strong></span> <span class='ocrx_word' id='word_1_298' title='bbox 3294 1340 3367 1393; x_wconf 90' lang='lat' dir='ltr'><strong>ita</strong></span> <span class='ocrx_word' id='word_1_299' title='bbox 3399 1348 3458 1395; x_wconf 93' lang='lat' dir='ltr'><strong>ut</strong></span> 
     </span>
    </p>
   </div>
   <div class='ocr_carea' id='block_1_43' title="bbox 1866 1430 3460 1507">
    <p class='ocr_par' dir='ltr' id='par_1_43' title="bbox 1866 1430 3460 1507">
     <span class='ocr_line' id='line_1_43' title="bbox 1866 1430 3460 1507; baseline -0.003 -16"><span class='ocrx_word' id='word_1_300' title='bbox 1866 1436 1973 1491; x_wconf 87' lang='lat' dir='ltr'><strong>hoc</strong></span> <span class='ocrx_word' id='word_1_301' title='bbox 2018 1436 2170 1492; x_wconf 91' lang='lat' dir='ltr'><strong>omni</strong></span> <span class='ocrx_word' id='word_1_302' title='bbox 2231 1444 2478 1507; x_wconf 88' lang='lat' dir='ltr'><strong>tempore</strong></span> <span class='ocrx_word' id='word_1_303' title='bbox 2528 1450 2709 1505; x_wconf 89' lang='lat' dir='ltr'><strong>neque</strong></span> <span class='ocrx_word' id='word_1_304' title='bbox 2766 1432 3104 1490; x_wconf 87' lang='lat' dir='ltr'><strong>observanda</strong></span> <span class='ocrx_word' id='word_1_305' title='bbox 3154 1430 3460 1487; x_wconf 82' lang='lat' dir='ltr'><strong>indicemus</strong></span> 
     </span>
    </p>
   </div>
   <div class='ocr_carea' id='block_1_44' title="bbox 1862 1523 3459 1600">
    <p class='ocr_par' dir='ltr' id='par_1_44' title="bbox 1862 1523 3459 1600">
     <span class='ocr_line' id='line_1_44' title="bbox 1862 1523 3459 1600; baseline -0.004 -17"><span class='ocrx_word' id='word_1_306' title='bbox 1862 1528 2091 1600; x_wconf 88' lang='lat' dir='ltr'><strong>jejunia,</strong></span> <span class='ocrx_word' id='word_1_307' title='bbox 2115 1544 2295 1599; x_wconf 90' lang='lat' dir='ltr'><strong>neque</strong></span> <span class='ocrx_word' id='word_1_308' title='bbox 2321 1528 2388 1583; x_wconf 91' lang='lat' dir='ltr'><strong>ad</strong></span> <span class='ocrx_word' id='word_1_309' title='bbox 2411 1528 2750 1583; x_wconf 81' lang='lat' dir='ltr'><strong>exorandum</strong></span> <span class='ocrx_word' id='word_1_310' title='bbox 2778 1524 2947 1580; x_wconf 89' lang='lat' dir='ltr'><strong>Deum</strong></span> <span class='ocrx_word' id='word_1_311' title='bbox 2986 1523 3221 1596; x_wconf 85' lang='lat' dir='ltr'><strong>genibus</strong></span> <span class='ocrx_word' id='word_1_312' title='bbox 3251 1523 3459 1578; x_wconf 82' lang='lat' dir='ltr'><strong>inomn-</strong></span> 
     </span>
    </p>
   </div>
   <div class='ocr_carea' id='block_1_45' title="bbox 1864 1615 3457 1701">
    <p class='ocr_par' dir='ltr' id='par_1_45' title="bbox 1864 1615 3457 1701">
     <span class='ocr_line' id='line_1_45' title="bbox 1864 1615 3457 1701; baseline -0.006 -20"><span class='ocrx_word' id='word_1_313' title='bbox 1864 1627 2082 1694; x_wconf 92' lang='lat' dir='ltr'><strong>bamus,</strong></span> <span class='ocrx_word' id='word_1_314' title='bbox 2108 1626 2221 1693; x_wconf 91' lang='lat' dir='ltr'><strong>sed,</strong></span> <span class='ocrx_word' id='word_1_315' title='bbox 2248 1626 2393 1681; x_wconf 91' lang='lat' dir='ltr'><strong>sicut</strong></span> <span class='ocrx_word' id='word_1_316' title='bbox 2426 1624 2710 1681; x_wconf 89' lang='lat' dir='ltr'><strong>Dominica</strong></span> <span class='ocrx_word' id='word_1_317' title='bbox 2749 1624 2928 1679; x_wconf 89' lang='lat' dir='ltr'><strong>facere</strong></span> <span class='ocrx_word' id='word_1_318' title='bbox 2974 1622 3215 1679; x_wconf 86' lang='lat' dir='ltr'><strong>solemus</strong></span> <span class='ocrx_word' id='word_1_319' title='bbox 3237 1662 3252 1688; x_wconf 92' lang='lat'><strong>,</strong></span> <span class='ocrx_word' id='word_1_320' title='bbox 3288 1615 3457 1701; x_wconf 80' lang='lat' dir='ltr'><strong>erecti</strong></span> 
     </span>
    </p>
   </div>
   <div class='ocr_carea' id='block_1_46' title="bbox 1866 1706 3457 1773">
    <p class='ocr_par' dir='ltr' id='par_1_46' title="bbox 1866 1706 3457 1773">
     <span class='ocr_line' id='line_1_46' title="bbox 1866 1706 3457 1773; baseline -0.008 0"><span class='ocrx_word' id='word_1_321' title='bbox 1866 1728 1921 1773; x_wconf 91' lang='lat' dir='ltr'><strong>et</strong></span> <span class='ocrx_word' id='word_1_322' title='bbox 1968 1716 2150 1773; x_wconf 78' lang='lat' dir='ltr'><strong>feriati</strong></span> <span class='ocrx_word' id='word_1_323' title='bbox 2193 1716 2671 1773; x_wconf 84' lang='lat' dir='ltr'><strong>Resurreetionem</strong></span> <span class='ocrx_word' id='word_1_324' title='bbox 2712 1714 2931 1770; x_wconf 87' lang='lat' dir='ltr'><strong>Domini</strong></span> <span class='ocrx_word' id='word_1_325' title='bbox 2966 1713 3321 1769; x_wconf 88' lang='lat' dir='ltr'><strong>celebremus.</strong></span> <span class='ocrx_word' id='word_1_326' title='bbox 3376 1706 3457 1761; x_wconf 86' lang='lat' dir='ltr'><strong>Ad</strong></span> 
     </span>
    </p>
   </div>
   <div class='ocr_carea' id='block_1_47' title="bbox 1796 1777 3459 1875">
    <p class='ocr_par' dir='ltr' id='par_1_47' title="bbox 1796 1777 3459 1875">
     <span class='ocr_line' id='line_1_47' title="bbox 1796 1777 3459 1875; baseline -0.007 -13"><span class='ocrx_word' id='word_1_327' title='bbox 1796 1777 2043 1864; x_wconf 73' lang='lat' dir='ltr'><strong>Binstar</strong></span> <span class='ocrx_word' id='word_1_328' title='bbox 2072 1806 2220 1861; x_wconf 90' lang='lat' dir='ltr'><strong>enim</strong></span> <span class='ocrx_word' id='word_1_329' title='bbox 2277 1805 2577 1862; x_wconf 70' lang='lat' dir='ltr'><strong>Dominica:</strong></span> <span class='ocrx_word' id='word_1_330' title='bbox 2635 1814 2748 1861; x_wconf 91' lang='lat' dir='ltr'><strong>tota</strong></span> <span class='ocrx_word' id='word_1_331' title='bbox 2800 1802 3199 1875; x_wconf 85' lang='lat' dir='ltr'><strong>quinquaginta</strong></span> <span class='ocrx_word' id='word_1_332' title='bbox 3243 1799 3459 1863; x_wconf 83' lang='lat' dir='ltr'><strong>dierum</strong></span> 
     </span>
    </p>
   </div>
   <div class='ocr_carea' id='block_1_48' title="bbox 1869 1892 3499 1967">
    <p class='ocr_par' dir='ltr' id='par_1_48' title="bbox 1869 1892 3499 1967">
     <span class='ocr_line' id='line_1_48' title="bbox 1869 1892 3499 1967; baseline -0.009 -9"><span class='ocrx_word' id='word_1_333' title='bbox 1869 1901 2142 1958; x_wconf 90' lang='lat' dir='ltr'><strong>curricula</strong></span> <span class='ocrx_word' id='word_1_334' title='bbox 2173 1900 2550 1967; x_wconf 88' lang='lat' dir='ltr'><strong>celebrantur;</strong></span> <span class='ocrx_word' id='word_1_335' title='bbox 2582 1908 2635 1954; x_wconf 92' lang='lat' dir='ltr'><strong>et</strong></span> <span class='ocrx_word' id='word_1_336' title='bbox 2661 1914 2853 1953; x_wconf 89' lang='lat' dir='ltr'><strong>omnes</strong></span> <span class='ocrx_word' id='word_1_337' title='bbox 2876 1895 2966 1952; x_wconf 89' lang='lat' dir='ltr'><strong>isti</strong></span> <span class='ocrx_word' id='word_1_338' title='bbox 2996 1896 3114 1951; x_wconf 87' lang='lat' dir='ltr'><strong>dies</strong></span> <span class='ocrx_word' id='word_1_339' title='bbox 3156 1894 3306 1948; x_wconf 88' lang='lat' dir='ltr'><strong>velut</strong></span> <span class='ocrx_word' id='word_1_340' title='bbox 3348 1892 3458 1945; x_wconf 90' lang='lat' dir='ltr'><strong>Do-</strong></span> <span class='ocrx_word' id='word_1_341' title='bbox 3492 1958 3499 1963; x_wconf 88' lang='lat'>_</span> 
     </span>
    </p>
   </div>
   <div class='ocr_carea' id='block_1_49' title="bbox 1869 1986 3518 2065">
    <p class='ocr_par' dir='ltr' id='par_1_49' title="bbox 1869 1986 3518 2065">
     <span class='ocr_line' id='line_1_49' title="bbox 1869 1986 3518 2065; baseline -0.007 -15"><span class='ocrx_word' id='word_1_342' title='bbox 1869 1991 2057 2050; x_wconf 88' lang='lat' dir='ltr'><strong>miniei</strong></span> <span class='ocrx_word' id='word_1_343' title='bbox 2082 1992 2431 2065; x_wconf 85' lang='lat' dir='ltr'><strong>deputantur.</strong></span> <span class='ocrx_word' id='word_1_344' title='bbox 2472 1990 2562 2046; x_wconf 89' lang='lat' dir='ltr'><strong>Sic</strong></span> <span class='ocrx_word' id='word_1_345' title='bbox 2586 1991 2733 2045; x_wconf 88' lang='lat' dir='ltr'><strong>enim</strong></span> <span class='ocrx_word' id='word_1_346' title='bbox 2755 1987 3025 2060; x_wconf 90' lang='lat' dir='ltr'><strong>disposuit</strong></span> <span class='ocrx_word' id='word_1_347' title='bbox 3047 1986 3331 2051; x_wconf 89' lang='lat' dir='ltr'><strong>Dominus,</strong></span> <span class='ocrx_word' id='word_1_348' title='bbox 3365 1992 3458 2052; x_wconf 88' lang='lat' dir='ltr'><strong>ut,</strong></span> <span class='ocrx_word' id='word_1_349' title='bbox 3516 2029 3518 2031; x_wconf 39' lang='lat'><strong>,</strong></span> 
     </span>
    </p>
   </div>
   <div class='ocr_carea' id='block_1_50' title="bbox 1870 2080 3455 2159">
    <p class='ocr_par' dir='ltr' id='par_1_50' title="bbox 1870 2080 3455 2159">
     <span class='ocr_line' id='line_1_50' title="bbox 1870 2080 3455 2159; baseline -0.009 -13"><span class='ocrx_word' id='word_1_350' title='bbox 1870 2091 2013 2147; x_wconf 84' lang='lat' dir='ltr'><strong>sicut</strong></span> <span class='ocrx_word' id='word_1_351' title='bbox 2042 2089 2164 2159; x_wconf 89' lang='lat' dir='ltr'><strong>ejus</strong></span> <span class='ocrx_word' id='word_1_352' title='bbox 2186 2088 2498 2159; x_wconf 90' lang='lat' dir='ltr'><strong>passionem</strong></span> <span class='ocrx_word' id='word_1_353' title='bbox 2530 2084 2973 2155; x_wconf 72' lang='lat' dir='ltr'><strong>Quadragesimae</strong></span> <span class='ocrx_word' id='word_1_354' title='bbox 2997 2080 3224 2152; x_wconf 88' lang='lat' dir='ltr'><strong>jejuniis</strong></span> <span class='ocrx_word' id='word_1_355' title='bbox 3252 2093 3455 2133; x_wconf 82' lang='lat' dir='ltr'><strong>moere-</strong></span> 
     </span>
    </p>
   </div>
   <div class='ocr_carea' id='block_1_51' title="bbox 1870 2169 3461 2249">
    <p class='ocr_par' dir='ltr' id='par_1_51' title="bbox 1870 2169 3461 2249">
     <span class='ocr_line' id='line_1_51' title="bbox 1870 2169 3461 2249; baseline -0.01 -13"><span class='ocrx_word' id='word_1_356' title='bbox 1870 2182 2087 2246; x_wconf 89' lang='lat' dir='ltr'><strong>bamus,</strong></span> <span class='ocrx_word' id='word_1_357' title='bbox 2116 2178 2193 2235; x_wconf 75' lang='lat' dir='ltr'><strong>ita</strong></span> <span class='ocrx_word' id='word_1_358' title='bbox 2225 2178 2346 2249; x_wconf 88' lang='lat' dir='ltr'><strong>ejus</strong></span> <span class='ocrx_word' id='word_1_359' title='bbox 2396 2170 2819 2232; x_wconf 54' lang='lat' dir='ltr'><strong>REsurrcctione</strong></span> <span class='ocrx_word' id='word_1_360' title='bbox 2875 2175 2929 2229; x_wconf 92' lang='lat' dir='ltr'><strong>in</strong></span> <span class='ocrx_word' id='word_1_361' title='bbox 2981 2169 3461 2242; x_wconf 64' lang='lat' dir='ltr'><strong>Quinquagesimaa</strong></span> 
     </span>
    </p>
   </div>
   <div class='ocr_carea' id='block_1_52' title="bbox 1869 2262 3463 2353">
    <p class='ocr_par' dir='ltr' id='par_1_52' title="bbox 1869 2262 3463 2353">
     <span class='ocr_line' id='line_1_52' title="bbox 1869 2262 3463 2353; baseline -0.009 -25"><span class='ocrx_word' id='word_1_362' title='bbox 1869 2273 2019 2329; x_wconf 89' lang='lat' dir='ltr'><strong>feriis</strong></span> <span class='ocrx_word' id='word_1_363' title='bbox 2039 2274 2370 2328; x_wconf 67' lang='lat' dir='ltr'><strong>laataremur.</strong></span> <span class='ocrx_word' id='word_1_364' title='bbox 2395 2269 2513 2324; x_wconf 82' lang='lat' dir='ltr'><strong>Non</strong></span> <span class='ocrx_word' id='word_1_365' title='bbox 2539 2270 2703 2341; x_wconf 86' lang='lat' dir='ltr'><strong>igitur</strong></span> <span class='ocrx_word' id='word_1_366' title='bbox 2723 2268 3039 2338; x_wconf 87' lang='lat' dir='ltr'><strong>jejunamus</strong></span> <span class='ocrx_word' id='word_1_367' title='bbox 3073 2265 3127 2318; x_wconf 94' lang='lat' dir='ltr'><strong>in</strong></span> <span class='ocrx_word' id='word_1_368' title='bbox 3178 2262 3463 2353; x_wconf 67' lang='lat' dir='ltr'><strong>Quinqua—</strong></span> 
     </span>
    </p>
   </div>
   <div class='ocr_carea' id='block_1_53' title="bbox 1871 2354 3463 2439">
    <p class='ocr_par' dir='ltr' id='par_1_53' title="bbox 1871 2354 3463 2439">
     <span class='ocr_line' id='line_1_53' title="bbox 1871 2354 3463 2439; baseline -0.01 -18"><span class='ocrx_word' id='word_1_369' title='bbox 1871 2367 2099 2439; x_wconf 85' lang='lat' dir='ltr'><strong>gesima,</strong></span> <span class='ocrx_word' id='word_1_370' title='bbox 2121 2364 2251 2435; x_wconf 90' lang='lat' dir='ltr'><strong>quia</strong></span> <span class='ocrx_word' id='word_1_371' title='bbox 2283 2364 2337 2417; x_wconf 89' lang='lat' dir='ltr'><strong>in</strong></span> <span class='ocrx_word' id='word_1_372' title='bbox 2370 2363 2458 2417; x_wconf 88' lang='lat' dir='ltr'><strong>his</strong></span> <span class='ocrx_word' id='word_1_373' title='bbox 2479 2361 2672 2416; x_wconf 88' lang='lat' dir='ltr'><strong>diebus</strong></span> <span class='ocrx_word' id='word_1_374' title='bbox 2702 2360 2994 2414; x_wconf 89' lang='lat' dir='ltr'><strong>nobiseum</strong></span> <span class='ocrx_word' id='word_1_375' title='bbox 3023 2354 3289 2408; x_wconf 87' lang='lat' dir='ltr'><strong>Dominus</strong></span> <span class='ocrx_word' id='word_1_376' title='bbox 3310 2367 3463 2407; x_wconf 83' lang='lat' dir='ltr'><strong>eom-</strong></span> 
     </span>
    </p>
   </div>
   <div class='ocr_carea' id='block_1_54' title="bbox 1870 2444 3461 2529">
    <p class='ocr_par' dir='ltr' id='par_1_54' title="bbox 1870 2444 3461 2529">
     <span class='ocr_line' id='line_1_54' title="bbox 1870 2444 3461 2529; baseline -0.011 -16"><span class='ocrx_word' id='word_1_377' title='bbox 1870 2466 2138 2513; x_wconf 89' lang='lat' dir='ltr'><strong>moratur.</strong></span> <span class='ocrx_word' id='word_1_378' title='bbox 2158 2454 2300 2521; x_wconf 85' lang='lat' dir='ltr'><strong>Non,</strong></span> <span class='ocrx_word' id='word_1_379' title='bbox 2316 2454 2563 2524; x_wconf 87' lang='lat' dir='ltr'><strong>inquam,</strong></span> <span class='ocrx_word' id='word_1_380' title='bbox 2579 2451 2895 2522; x_wconf 89' lang='lat' dir='ltr'><strong>jejunamus</strong></span> <span class='ocrx_word' id='word_1_381' title='bbox 2914 2456 3178 2519; x_wconf 57' lang='lat' dir='ltr'><strong>praesente</strong></span> <span class='ocrx_word' id='word_1_382' title='bbox 3196 2444 3425 2529; x_wconf 87' lang='lat' dir='ltr'><strong>Domino</strong></span> <span class='ocrx_word' id='word_1_383' title='bbox 3444 2483 3461 2508; x_wconf 85' lang='lat'><strong>,</strong></span> 
     </span>
    </p>
   </div>
   <div class='ocr_carea' id='block_1_55' title="bbox 1863 2535 3464 2631">
    <p class='ocr_par' dir='ltr' id='par_1_55' title="bbox 1863 2535 3464 2631">
     <span class='ocr_line' id='line_1_55' title="bbox 1863 2535 3464 2631; baseline -0.011 -25"><span class='ocrx_word' id='word_1_384' title='bbox 1863 2551 2001 2631; x_wconf 45' lang='lat' dir='ltr'><strong>.quia</strong></span> <span class='ocrx_word' id='word_1_385' title='bbox 2031 2550 2147 2619; x_wconf 89' lang='lat' dir='ltr'><strong>ipse</strong></span> <span class='ocrx_word' id='word_1_386' title='bbox 2175 2549 2251 2602; x_wconf 87' lang='lat' dir='ltr'><strong>ait</strong></span> <span class='ocrx_word' id='word_1_387' title='bbox 2282 2567 2294 2602; x_wconf 94' lang='lat'>:</span> <span class='ocrx_word' id='word_1_388' title='bbox 2328 2566 2346 2598; x_wconf 88' lang='grc'><strong>‹</strong></span> <span class='ocrx_word' id='word_1_389' title='bbox 2387 2544 2645 2615; x_wconf 87' lang='lat' dir='ltr'><strong>Nunquid</strong></span> <span class='ocrx_word' id='word_1_390' title='bbox 2676 2550 2906 2614; x_wconf 83' lang='lat' dir='ltr'><strong>possunt</strong></span> <span class='ocrx_word' id='word_1_391' title='bbox 2961 2540 3057 2594; x_wconf 88' lang='lat' dir='ltr'><strong>ﬁlii</strong></span> <span class='ocrx_word' id='word_1_392' title='bbox 3109 2537 3295 2608; x_wconf 86' lang='lat' dir='ltr'><strong>sponsi</strong></span> <span class='ocrx_word' id='word_1_393' title='bbox 3319 2535 3464 2606; x_wconf 80' lang='lat' dir='ltr'><strong>jeju-</strong></span> 
     </span>
    </p>
   </div>
   <div class='ocr_carea' id='block_1_56' title="bbox 1872 2628 3563 2712">
    <p class='ocr_par' dir='ltr' id='par_1_56' title="bbox 1872 2628 3563 2712">
     <span class='ocr_line' id='line_1_56' title="bbox 1872 2628 3563 2712; baseline -0.009 -16"><span class='ocrx_word' id='word_1_394' title='bbox 1872 2658 2023 2709; x_wconf 88' lang='lat' dir='ltr'><strong>nare,</strong></span> <span class='ocrx_word' id='word_1_395' title='bbox 2043 2641 2284 2712; x_wconf 90' lang='lat' dir='ltr'><strong>quandiu</strong></span> <span class='ocrx_word' id='word_1_396' title='bbox 2312 2654 2437 2695; x_wconf 91' lang='lat' dir='ltr'><strong>cum</strong></span> <span class='ocrx_word' id='word_1_397' title='bbox 2460 2638 2568 2693; x_wconf 88' lang='lat' dir='ltr'><strong>illis</strong></span> <span class='ocrx_word' id='word_1_398' title='bbox 2597 2645 2680 2692; x_wconf 88' lang='lat' dir='ltr'><strong>est</strong></span> <span class='ocrx_word' id='word_1_399' title='bbox 2702 2633 3007 2706; x_wconf 66' lang='lat' dir='ltr'><strong>sponsus?»</strong></span> <span class='ocrx_word' id='word_1_400' title='bbox 3030 2630 3225 2705; x_wconf 76' lang='lat' dir='ltr'><strong>(Marc.</strong></span> <span class='ocrx_word' id='word_1_401' title='bbox 3257 2645 3317 2696; x_wconf 86' lang='lat' dir='ltr'><strong>ll,</strong></span> <span class='ocrx_word' id='word_1_402' title='bbox 3346 2628 3459 2693; x_wconf 77' lang='grc'><strong>19.)</strong></span> <span class='ocrx_word' id='word_1_403' title='bbox 3546 2638 3563 2651; x_wconf 75' lang='grc'><strong><em>⁸</em></strong></span> 
     </span>
    </p>
   </div>
   <div class='ocr_carea' id='block_1_57' title="bbox 1873 2712 3463 2791">
    <p class='ocr_par' dir='ltr' id='par_1_57' title="bbox 1873 2712 3463 2791">
     <span class='ocr_line' id='line_1_57' title="bbox 1873 2712 3463 2791; baseline -0.009 -2"><span class='ocrx_word' id='word_1_404' title='bbox 1873 2735 1998 2790; x_wconf 68' lang='lat' dir='ltr'><strong>llaec</strong></span> <span class='ocrx_word' id='word_1_405' title='bbox 2021 2742 2218 2789; x_wconf 79' lang='lat' dir='ltr'><strong>cuncta</strong></span> <span class='ocrx_word' id='word_1_406' title='bbox 2250 2733 2443 2786; x_wconf 87' lang='lat' dir='ltr'><strong>beatus</strong></span> <span class='ocrx_word' id='word_1_407' title='bbox 2484 2712 2621 2785; x_wconf 80' lang='lat' dir='ltr'><strong>dixit</strong></span> <span class='ocrx_word' id='word_1_408' title='bbox 2670 2727 2998 2782; x_wconf 83' lang='lat' dir='ltr'><strong>Ambrosius</strong></span> <span class='ocrx_word' id='word_1_409' title='bbox 3050 2745 3063 2780; x_wconf 92' lang='lat'><strong>:</strong></span> <span class='ocrx_word' id='word_1_410' title='bbox 3115 2724 3273 2791; x_wconf 80' lang='lat' dir='ltr'><strong>cujus</strong></span> <span class='ocrx_word' id='word_1_411' title='bbox 3317 2720 3463 2778; x_wconf 82' lang='lat' dir='ltr'><strong>dicta</strong></span> 
     </span>
    </p>
   </div>
   <div class='ocr_carea' id='block_1_58' title="bbox 1872 2818 3488 2906">
    <p class='ocr_par' dir='ltr' id='par_1_58' title="bbox 1872 2818 3488 2906">
     <span class='ocr_line' id='line_1_58' title="bbox 1872 2818 3488 2906; baseline -0.007 -24"><span class='ocrx_word' id='word_1_412' title='bbox 1872 2825 2150 2898; x_wconf 86' lang='lat' dir='ltr'><strong>quomodo</strong></span> <span class='ocrx_word' id='word_1_413' title='bbox 2172 2824 2284 2880; x_wconf 92' lang='lat' dir='ltr'><strong>sint</strong></span> <span class='ocrx_word' id='word_1_414' title='bbox 2310 2822 2647 2906; x_wconf 75' lang='lat' dir='ltr'><strong>accipienda,</strong></span> <span class='ocrx_word' id='word_1_415' title='bbox 2672 2835 2783 2876; x_wconf 90' lang='lat' dir='ltr'><strong>non</strong></span> <span class='ocrx_word' id='word_1_416' title='bbox 2816 2820 2990 2874; x_wconf 89' lang='lat' dir='ltr'><strong>solum</strong></span> <span class='ocrx_word' id='word_1_417' title='bbox 3034 2818 3288 2872; x_wconf 87' lang='lat' dir='ltr'><strong>novimus</strong></span> <span class='ocrx_word' id='word_1_418' title='bbox 3336 2831 3488 2886; x_wconf 64' lang='lat' dir='ltr'><strong>nos,</strong></span> 
     </span>
    </p>
   </div>
   <div class='ocr_carea' id='block_1_59' title="bbox 1873 2907 3464 2990">
    <p class='ocr_par' dir='ltr' id='par_1_59' title="bbox 1873 2907 3464 2990">
     <span class='ocr_line' id='line_1_59' title="bbox 1873 2907 3464 2990; baseline -0.008 -17"><span class='ocrx_word' id='word_1_419' title='bbox 1873 2932 2109 2990; x_wconf 85' lang='lat' dir='ltr'><strong>quorum</strong></span> <span class='ocrx_word' id='word_1_420' title='bbox 2137 2925 2221 2971; x_wconf 90' lang='lat' dir='ltr'><strong>est</strong></span> <span class='ocrx_word' id='word_1_421' title='bbox 2239 2924 2527 2986; x_wconf 80' lang='lat' dir='ltr'><strong>patronus,</strong></span> <span class='ocrx_word' id='word_1_422' title='bbox 2553 2912 2647 2969; x_wconf 91' lang='lat' dir='ltr'><strong>sed</strong></span> <span class='ocrx_word' id='word_1_423' title='bbox 2671 2912 2854 2967; x_wconf 86' lang='lat' dir='ltr'><strong>omnis</strong></span> <span class='ocrx_word' id='word_1_424' title='bbox 2886 2911 3052 2966; x_wconf 88' lang='lat' dir='ltr'><strong>etiam</strong></span> <span class='ocrx_word' id='word_1_425' title='bbox 3097 2924 3235 2981; x_wconf 89' lang='lat' dir='ltr'><strong>pene</strong></span> <span class='ocrx_word' id='word_1_426' title='bbox 3283 2907 3464 2962; x_wconf 90' lang='lat' dir='ltr'><strong>noscit</strong></span> 
     </span>
    </p>
   </div>
   <div class='ocr_carea' id='block_1_60' title="bbox 1875 2998 3461 3063">
    <p class='ocr_par' dir='ltr' id='par_1_60' title="bbox 1875 2998 3461 3063">
     <span class='ocr_line' id='line_1_60' title="bbox 1875 2998 3461 3063; baseline -0.008 -1"><span class='ocrx_word' id='word_1_427' title='bbox 1875 3007 2134 3063; x_wconf 89' lang='lat' dir='ltr'><strong>mundus.</strong></span> <span class='ocrx_word' id='word_1_428' title='bbox 2162 3004 2553 3061; x_wconf 81' lang='lat' dir='ltr'><strong>Verumtamen</strong></span> <span class='ocrx_word' id='word_1_429' title='bbox 2580 3002 2699 3057; x_wconf 76' lang='lat' dir='ltr'><strong>bzee</strong></span> <span class='ocrx_word' id='word_1_430' title='bbox 2728 3016 2875 3055; x_wconf 90' lang='lat' dir='ltr'><strong>nunc</strong></span> <span class='ocrx_word' id='word_1_431' title='bbox 2913 2998 3296 3055; x_wconf 88' lang='lat' dir='ltr'><strong>tantummodo</strong></span> <span class='ocrx_word' id='word_1_432' title='bbox 3340 3011 3461 3050; x_wconf 86' lang='lat' dir='ltr'><strong>me-</strong></span> 
     </span>
    </p>
   </div>
   <div class='ocr_carea' id='block_1_61' title="bbox 169 3080 3464 3175">
    <p class='ocr_par' dir='ltr' id='par_1_61' title="bbox 169 3080 3464 3175">
     <span class='ocr_line' id='line_1_61' title="bbox 169 3080 3464 3175; baseline -0.004 -23"><span class='ocrx_word' id='word_1_433' title='bbox 169 3096 328 3152; x_wconf 89' lang='lat' dir='ltr'><strong>debet</strong></span> <span class='ocrx_word' id='word_1_434' title='bbox 370 3096 553 3169; x_wconf 77' lang='lat' dir='ltr'><strong>frangi</strong></span> <span class='ocrx_word' id='word_1_435' title='bbox 581 3114 613 3152; x_wconf 92' lang='lat' dir='ltr'><strong>a</strong></span> <span class='ocrx_word' id='word_1_436' title='bbox 634 3097 865 3168; x_wconf 87' lang='lat' dir='ltr'><strong>jejunio,</strong></span> <span class='ocrx_word' id='word_1_437' title='bbox 893 3098 988 3170; x_wconf 92' lang='lat' dir='ltr'><strong>qui</strong></span> <span class='ocrx_word' id='word_1_438' title='bbox 1020 3098 1164 3154; x_wconf 88' lang='lat' dir='ltr'><strong>hanc</strong></span> <span class='ocrx_word' id='word_1_439' title='bbox 1207 3096 1521 3169; x_wconf 87' lang='lat' dir='ltr'><strong>signiﬁcant</strong></span> <span class='ocrx_word' id='word_1_440' title='bbox 1567 3097 1768 3164; x_wconf 87' lang='lat' dir='ltr'><strong>vitam,</strong></span> <span class='ocrx_word' id='word_1_441' title='bbox 1799 3117 1841 3175; x_wconf 69' lang='grc' dir='ltr'><strong>ς</strong></span> <span class='ocrx_word' id='word_1_442' title='bbox 1876 3097 2101 3167; x_wconf 83' lang='lat' dir='ltr'><strong>minisse</strong></span> <span class='ocrx_word' id='word_1_443' title='bbox 2156 3104 2351 3151; x_wconf 69' lang='lat' dir='ltr'><strong>vestra:</strong></span> <span class='ocrx_word' id='word_1_444' title='bbox 2409 3080 2683 3149; x_wconf 38' lang='lat' dir='ltr'><strong>charitati&#39;</strong></span> <span class='ocrx_word' id='word_1_445' title='bbox 2720 3091 2974 3147; x_wconf 82' lang='lat' dir='ltr'><strong>suﬁieiat.</strong></span> <span class='ocrx_word' id='word_1_446' title='bbox 3042 3088 3311 3145; x_wconf 65' lang='lat' dir='ltr'><strong>Caeterum</strong></span> <span class='ocrx_word' id='word_1_447' title='bbox 3338 3129 3353 3154; x_wconf 94' lang='lat'><strong>,</strong></span> <span class='ocrx_word' id='word_1_448' title='bbox 3416 3084 3464 3139; x_wconf 90' lang='lat' dir='ltr'><strong>si</strong></span> 
     </span>
    </p>
   </div>
   <div class='ocr_carea' id='block_1_62' title="bbox 171 3190 1766 3263">
    <p class='ocr_par' dir='ltr' id='par_1_62' title="bbox 171 3190 1766 3263">
     <span class='ocr_line' id='line_1_62' title="bbox 171 3190 1766 3263; baseline 0.001 -18"><span class='ocrx_word' id='word_1_449' title='bbox 171 3190 251 3246; x_wconf 90' lang='lat' dir='ltr'><strong>sic</strong></span> <span class='ocrx_word' id='word_1_450' title='bbox 285 3191 483 3261; x_wconf 87' lang='lat' dir='ltr'><strong>procul</strong></span> <span class='ocrx_word' id='word_1_451' title='bbox 506 3190 673 3247; x_wconf 91' lang='lat' dir='ltr'><strong>dubio</strong></span> <span class='ocrx_word' id='word_1_452' title='bbox 701 3206 801 3247; x_wconf 90' lang='lat' dir='ltr'><strong>nec</strong></span> <span class='ocrx_word' id='word_1_453' title='bbox 831 3207 978 3247; x_wconf 92' lang='lat' dir='ltr'><strong>unus</strong></span> <span class='ocrx_word' id='word_1_454' title='bbox 1004 3207 1071 3263; x_wconf 82' lang='lat' dir='ltr'><strong>ex</strong></span> <span class='ocrx_word' id='word_1_455' title='bbox 1116 3191 1203 3246; x_wconf 90' lang='lat' dir='ltr'><strong>bis</strong></span> <span class='ocrx_word' id='word_1_456' title='bbox 1252 3190 1448 3246; x_wconf 90' lang='lat' dir='ltr'><strong>diebus</strong></span> <span class='ocrx_word' id='word_1_457' title='bbox 1487 3190 1766 3261; x_wconf 62' lang='lat' dir='ltr'><strong>quinqua+</strong></span> 
     </span>
    </p>
   </div>
   <div class='ocr_carea' id='block_1_63' title="bbox 167 3278 1769 3362">
    <p class='ocr_par' dir='ltr' id='par_1_63' title="bbox 167 3278 1769 3362">
     <span class='ocr_line' id='line_1_63' title="bbox 167 3278 1769 3362; baseline 0.001 -28"><span class='ocrx_word' id='word_1_458' title='bbox 167 3280 319 3351; x_wconf 77' lang='lat' dir='ltr'><strong>ginta</strong></span> <span class='ocrx_word' id='word_1_459' title='bbox 341 3288 435 3336; x_wconf 91' lang='lat' dir='ltr'><strong>est</strong></span> <span class='ocrx_word' id='word_1_460' title='bbox 453 3279 807 3362; x_wconf 63' lang='lat' dir='ltr'><strong>jejunandus,</strong></span> <span class='ocrx_word' id='word_1_461' title='bbox 840 3280 937 3352; x_wconf 82' lang='lat' dir='ltr'><strong>qui</strong></span> <span class='ocrx_word' id='word_1_462' title='bbox 982 3279 1297 3351; x_wconf 86' lang='lat' dir='ltr'><strong>signiﬁcant</strong></span> <span class='ocrx_word' id='word_1_463' title='bbox 1327 3278 1568 3336; x_wconf 88' lang='lat' dir='ltr'><strong>futuram</strong></span> <span class='ocrx_word' id='word_1_464' title='bbox 1586 3321 1603 3347; x_wconf 92' lang='lat'><strong>,</strong></span> <span class='ocrx_word' id='word_1_465' title='bbox 1627 3296 1769 3352; x_wconf 54' lang='lat' dir='ltr'><strong>pras-</strong></span> 
     </span>
    </p>
   </div>
   <div class='ocr_carea' id='block_1_64' title="bbox 169 3369 1767 3444">
    <p class='ocr_par' dir='ltr' id='par_1_64' title="bbox 169 3369 1767 3444">
     <span class='ocr_line' id='line_1_64' title="bbox 169 3369 1767 3444; baseline 0 -18"><span class='ocrx_word' id='word_1_466' title='bbox 169 3380 252 3427; x_wconf 91' lang='lat' dir='ltr'><strong>ter</strong></span> <span class='ocrx_word' id='word_1_467' title='bbox 278 3370 589 3428; x_wconf 84' lang='lat' dir='ltr'><strong>Sabbatum</strong></span> <span class='ocrx_word' id='word_1_468' title='bbox 612 3369 788 3444; x_wconf 88' lang='lat' dir='ltr'><strong>[ante]</strong></span> <span class='ocrx_word' id='word_1_469' title='bbox 822 3371 1214 3438; x_wconf 86' lang='lat' dir='ltr'><strong>Pentecosten;</strong></span> <span class='ocrx_word' id='word_1_470' title='bbox 1257 3380 1312 3426; x_wconf 91' lang='lat' dir='ltr'><strong>et</strong></span> <span class='ocrx_word' id='word_1_471' title='bbox 1340 3372 1463 3438; x_wconf 84' lang='lat' dir='ltr'><strong>hoc,</strong></span> <span class='ocrx_word' id='word_1_472' title='bbox 1490 3386 1601 3426; x_wconf 90' lang='lat' dir='ltr'><strong>non</strong></span> <span class='ocrx_word' id='word_1_473' title='bbox 1635 3386 1767 3442; x_wconf 64' lang='lat' dir='ltr'><strong>prov</strong></span> 
     </span>
    </p>
   </div>
   <div class='ocr_carea' id='block_1_65' title="bbox 82 3462 1766 3536">
    <p class='ocr_par' dir='ltr' id='par_1_65' title="bbox 82 3462 1766 3536">
     <span class='ocr_line' id='line_1_65' title="bbox 82 3462 1766 3536; baseline -0.002 -16"><span class='ocrx_word' id='word_1_474' title='bbox 82 3486 94 3495; x_wconf 86' lang='grc'><strong>·</strong></span> <span class='ocrx_word' id='word_1_475' title='bbox 167 3474 286 3536; x_wconf 89' lang='lat' dir='ltr'><strong>pter</strong></span> <span class='ocrx_word' id='word_1_476' title='bbox 319 3464 697 3531; x_wconf 78' lang='lat' dir='ltr'><strong>aiilictionem,</strong></span> <span class='ocrx_word' id='word_1_477' title='bbox 728 3464 871 3520; x_wconf 90' lang='lat' dir='ltr'><strong>sicut</strong></span> <span class='ocrx_word' id='word_1_478' title='bbox 899 3472 1093 3520; x_wconf 59' lang='lat' dir='ltr'><strong>caetera</strong></span> <span class='ocrx_word' id='word_1_479' title='bbox 1113 3463 1327 3534; x_wconf 89' lang='lat' dir='ltr'><strong>jejunia</strong></span> <span class='ocrx_word' id='word_1_480' title='bbox 1371 3462 1598 3532; x_wconf 80' lang='lat' dir='ltr'><strong>alterius</strong></span> <span class='ocrx_word' id='word_1_481' title='bbox 1624 3470 1766 3533; x_wconf 80' lang='lat' dir='ltr'><strong>tem-</strong></span> 
     </span>
    </p>
   </div>
   <div class='ocr_carea' id='block_1_66' title="bbox 169 3552 1765 3628">
    <p class='ocr_par' dir='ltr' id='par_1_66' title="bbox 169 3552 1765 3628">
     <span class='ocr_line' id='line_1_66' title="bbox 169 3552 1765 3628; baseline -0.003 -16"><span class='ocrx_word' id='word_1_482' title='bbox 169 3556 340 3627; x_wconf 88' lang='lat' dir='ltr'><strong>poris,</strong></span> <span class='ocrx_word' id='word_1_483' title='bbox 364 3555 733 3628; x_wconf 89' lang='lat' dir='ltr'><strong>jejunandum</strong></span> <span class='ocrx_word' id='word_1_484' title='bbox 753 3564 857 3623; x_wconf 89' lang='lat' dir='ltr'><strong>est,</strong></span> <span class='ocrx_word' id='word_1_485' title='bbox 882 3554 979 3611; x_wconf 88' lang='lat' dir='ltr'><strong>sed</strong></span> <span class='ocrx_word' id='word_1_486' title='bbox 1000 3563 1219 3627; x_wconf 88' lang='lat' dir='ltr'><strong>propter</strong></span> <span class='ocrx_word' id='word_1_487' title='bbox 1240 3570 1510 3609; x_wconf 81' lang='lat' dir='ltr'><strong>novorum</strong></span> <span class='ocrx_word' id='word_1_488' title='bbox 1533 3552 1765 3609; x_wconf 80' lang='lat' dir='ltr'><strong>fratrum</strong></span> 
     </span>
    </p>
   </div>
   <div class='ocr_carea' id='block_1_67' title="bbox 169 3635 1764 3719">
    <p class='ocr_par' dir='ltr' id='par_1_67' title="bbox 169 3635 1764 3719">
     <span class='ocr_line' id='line_1_67' title="bbox 169 3635 1764 3719; baseline 0 -17"><span class='ocrx_word' id='word_1_489' title='bbox 169 3635 637 3719; x_wconf 75' lang='lat' dir='ltr'><strong>exspectationem</strong></span> <span class='ocrx_word' id='word_1_490' title='bbox 671 3648 766 3719; x_wconf 88' lang='lat' dir='ltr'><strong>qui</strong></span> <span class='ocrx_word' id='word_1_491' title='bbox 788 3648 857 3703; x_wconf 90' lang='lat' dir='ltr'><strong>ad</strong></span> <span class='ocrx_word' id='word_1_492' title='bbox 879 3663 1081 3706; x_wconf 90' lang='lat' dir='ltr'><strong>nonam</strong></span> <span class='ocrx_word' id='word_1_493' title='bbox 1108 3655 1519 3719; x_wconf 86' lang='lat' dir='ltr'><strong>regenerantur,</strong></span> <span class='ocrx_word' id='word_1_494' title='bbox 1530 3662 1764 3718; x_wconf 89' lang='lat' dir='ltr'><strong>quorum</strong></span> 
     </span>
    </p>
   </div>
   <div class='ocr_carea' id='block_1_68' title="bbox 169 3737 1764 3813">
    <p class='ocr_par' dir='ltr' id='par_1_68' title="bbox 169 3737 1764 3813">
     <span class='ocr_line' id='line_1_68' title="bbox 169 3737 1764 3813; baseline 0 -19"><span class='ocrx_word' id='word_1_495' title='bbox 169 3741 585 3796; x_wconf 64' lang='lat' dir='ltr'><strong>ranovationem</strong></span> <span class='ocrx_word' id='word_1_496' title='bbox 616 3757 717 3797; x_wconf 92' lang='lat' dir='ltr'><strong>nos</strong></span> <span class='ocrx_word' id='word_1_497' title='bbox 759 3749 974 3813; x_wconf 87' lang='lat' dir='ltr'><strong>oportet</strong></span> <span class='ocrx_word' id='word_1_498' title='bbox 1015 3740 1235 3812; x_wconf 89' lang='lat' dir='ltr'><strong>jejunos</strong></span> <span class='ocrx_word' id='word_1_499' title='bbox 1280 3739 1604 3810; x_wconf 74' lang='lat' dir='ltr'><strong>praestolari.</strong></span> <span class='ocrx_word' id='word_1_500' title='bbox 1658 3737 1764 3794; x_wconf 79' lang='lat' dir='ltr'><strong>Ve-</strong></span> 
     </span>
    </p>
   </div>
   <div class='ocr_carea' id='block_1_69' title="bbox 168 3831 1768 3905">
    <p class='ocr_par' dir='ltr' id='par_1_69' title="bbox 168 3831 1768 3905">
     <span class='ocr_line' id='line_1_69' title="bbox 168 3831 1768 3905; baseline -0.001 -17"><span class='ocrx_word' id='word_1_501' title='bbox 168 3842 487 3889; x_wconf 87' lang='lat' dir='ltr'><strong>rumtamen</strong></span> <span class='ocrx_word' id='word_1_502' title='bbox 514 3840 576 3887; x_wconf 90' lang='lat' dir='ltr'><strong>ut</strong></span> <span class='ocrx_word' id='word_1_503' title='bbox 595 3848 660 3887; x_wconf 93' lang='lat' dir='ltr'><strong>ea</strong></span> <span class='ocrx_word' id='word_1_504' title='bbox 683 3849 807 3903; x_wconf 77' lang='lat' dir='ltr'><strong>quae</strong></span> <span class='ocrx_word' id='word_1_505' title='bbox 828 3833 967 3905; x_wconf 86' lang='lat' dir='ltr'><strong>dico</strong></span> <span class='ocrx_word' id='word_1_506' title='bbox 982 3833 1141 3904; x_wconf 89' lang='lat' dir='ltr'><strong>plena</strong></span> <span class='ocrx_word' id='word_1_507' title='bbox 1177 3847 1301 3887; x_wconf 90' lang='lat' dir='ltr'><strong>esse</strong></span> <span class='ocrx_word' id='word_1_508' title='bbox 1322 3831 1647 3886; x_wconf 84' lang='lat' dir='ltr'><strong>auctoritate</strong></span> <span class='ocrx_word' id='word_1_509' title='bbox 1673 3831 1768 3886; x_wconf 80' lang='lat' dir='ltr'><strong>de-</strong></span> 
     </span>
    </p>
   </div>
   <div class='ocr_carea' id='block_1_70' title="bbox 169 3922 1766 3998">
    <p class='ocr_par' dir='ltr' id='par_1_70' title="bbox 169 3922 1766 3998">
     <span class='ocr_line' id='line_1_70' title="bbox 169 3922 1766 3998; baseline -0.001 -19"><span class='ocrx_word' id='word_1_510' title='bbox 169 3933 500 3991; x_wconf 86' lang='lat' dir='ltr'><strong>monstrem,</strong></span> <span class='ocrx_word' id='word_1_511' title='bbox 530 3933 734 3980; x_wconf 66' lang='lat' dir='ltr'><strong>sancta:</strong></span> <span class='ocrx_word' id='word_1_512' title='bbox 783 3925 995 3998; x_wconf 88' lang='lat' dir='ltr'><strong>synodo</strong></span> <span class='ocrx_word' id='word_1_513' title='bbox 1040 3923 1278 3991; x_wconf 66' lang='lat' dir='ltr'><strong>Nieenae,</strong></span> <span class='ocrx_word' id='word_1_514' title='bbox 1308 3923 1468 3994; x_wconf 89' lang='lat' dir='ltr'><strong>cujus</strong></span> <span class='ocrx_word' id='word_1_515' title='bbox 1517 3922 1766 3978; x_wconf 90' lang='lat' dir='ltr'><strong>instituta</strong></span> 
     </span>
    </p>
   </div>
   <div class='ocr_carea' id='block_1_71' title="bbox 170 4004 1765 4087">
    <p class='ocr_par' dir='ltr' id='par_1_71' title="bbox 170 4004 1765 4087">
     <span class='ocr_line' id='line_1_71' title="bbox 170 4004 1765 4087; baseline -0.003 -15"><span class='ocrx_word' id='word_1_516' title='bbox 170 4016 252 4072; x_wconf 90' lang='lat' dir='ltr'><strong>sic</strong></span> <span class='ocrx_word' id='word_1_517' title='bbox 287 4004 423 4073; x_wconf 82' lang='lat' dir='ltr'><strong>sunt</strong></span> <span class='ocrx_word' id='word_1_518' title='bbox 478 4016 812 4086; x_wconf 88' lang='lat' dir='ltr'><strong>recipienda,</strong></span> <span class='ocrx_word' id='word_1_519' title='bbox 857 4015 1136 4087; x_wconf 91' lang='lat' dir='ltr'><strong>quomodo</strong></span> <span class='ocrx_word' id='word_1_520' title='bbox 1195 4023 1383 4070; x_wconf 88' lang='lat' dir='ltr'><strong>sancta</strong></span> <span class='ocrx_word' id='word_1_521' title='bbox 1453 4012 1765 4084; x_wconf 85' lang='lat' dir='ltr'><strong>Evangelia,</strong></span> 
     </span>
    </p>
   </div>
   <div class='ocr_carea' id='block_1_72' title="bbox 169 4105 1768 4181">
    <p class='ocr_par' dir='ltr' id='par_1_72' title="bbox 169 4105 1768 4181">
     <span class='ocr_line' id='line_1_72' title="bbox 169 4105 1768 4181; baseline -0.004 -16"><span class='ocrx_word' id='word_1_522' title='bbox 169 4125 266 4181; x_wconf 88' lang='lat' dir='ltr'><strong>per</strong></span> <span class='ocrx_word' id='word_1_523' title='bbox 299 4109 407 4165; x_wconf 90' lang='lat' dir='ltr'><strong>hos</strong></span> <span class='ocrx_word' id='word_1_524' title='bbox 431 4109 550 4165; x_wconf 89' lang='lat' dir='ltr'><strong>dies</strong></span> <span class='ocrx_word' id='word_1_525' title='bbox 566 4123 668 4164; x_wconf 88' lang='lat' dir='ltr'><strong>nec</strong></span> <span class='ocrx_word' id='word_1_526' title='bbox 692 4123 868 4178; x_wconf 89' lang='lat' dir='ltr'><strong>genua</strong></span> <span class='ocrx_word' id='word_1_527' title='bbox 893 4108 1110 4163; x_wconf 84' lang='lat' dir='ltr'><strong>ﬂectere</strong></span> <span class='ocrx_word' id='word_1_528' title='bbox 1130 4121 1233 4161; x_wconf 89' lang='lat' dir='ltr'><strong>nec</strong></span> <span class='ocrx_word' id='word_1_529' title='bbox 1248 4106 1461 4176; x_wconf 89' lang='lat' dir='ltr'><strong>jejunia</strong></span> <span class='ocrx_word' id='word_1_530' title='bbox 1491 4105 1768 4160; x_wconf 90' lang='lat' dir='ltr'><strong>celebrare</strong></span> 
     </span>
    </p>
   </div>
   <div class='ocr_carea' id='block_1_73' title="bbox 171 4184 1768 4272">
    <p class='ocr_par' dir='ltr' id='par_1_73' title="bbox 171 4184 1768 4272">
     <span class='ocr_line' id='line_1_73' title="bbox 171 4184 1768 4272; baseline -0.004 -15"><span class='ocrx_word' id='word_1_531' title='bbox 171 4202 403 4272; x_wconf 91' lang='lat' dir='ltr'><strong>placuit.</strong></span> <span class='ocrx_word' id='word_1_532' title='bbox 433 4199 569 4254; x_wconf 87' lang='lat' dir='ltr'><strong>Nam</strong></span> <span class='ocrx_word' id='word_1_533' title='bbox 602 4199 642 4254; x_wconf 92' lang='lat' dir='ltr'><strong>ii</strong></span> <span class='ocrx_word' id='word_1_534' title='bbox 675 4200 793 4255; x_wconf 92' lang='lat' dir='ltr'><strong>dies</strong></span> <span class='ocrx_word' id='word_1_535' title='bbox 823 4198 918 4271; x_wconf 87' lang='lat' dir='ltr'><strong>qui</strong></span> <span class='ocrx_word' id='word_1_536' title='bbox 949 4215 1059 4254; x_wconf 92' lang='lat' dir='ltr'><strong>non</strong></span> <span class='ocrx_word' id='word_1_537' title='bbox 1105 4206 1235 4255; x_wconf 91' lang='lat' dir='ltr'><strong>sunt</strong></span> <span class='ocrx_word' id='word_1_538' title='bbox 1258 4184 1564 4269; x_wconf 85' lang='lat' dir='ltr'><strong>jejunandi,</strong></span> <span class='ocrx_word' id='word_1_539' title='bbox 1589 4197 1768 4252; x_wconf 90' lang='lat' dir='ltr'><strong>oranti</strong></span> 
     </span>
    </p>
   </div>
   <div class='ocr_carea' id='block_1_74' title="bbox 169 4289 1768 4364">
    <p class='ocr_par' dir='ltr' id='par_1_74' title="bbox 169 4289 1768 4364">
     <span class='ocr_line' id='line_1_74' title="bbox 169 4289 1768 4364; baseline -0.003 -15"><span class='ocrx_word' id='word_1_540' title='bbox 169 4309 270 4364; x_wconf 89' lang='lat' dir='ltr'><strong>pro</strong></span> <span class='ocrx_word' id='word_1_541' title='bbox 291 4295 404 4349; x_wconf 89' lang='lat' dir='ltr'><strong>boc</strong></span> <span class='ocrx_word' id='word_1_542' title='bbox 427 4292 703 4363; x_wconf 89' lang='lat' dir='ltr'><strong>quondam</strong></span> <span class='ocrx_word' id='word_1_543' title='bbox 733 4291 953 4347; x_wconf 90' lang='lat' dir='ltr'><strong>cuidam</strong></span> <span class='ocrx_word' id='word_1_544' title='bbox 992 4289 1145 4346; x_wconf 87' lang='lat' dir='ltr'><strong>Patri</strong></span> <span class='ocrx_word' id='word_1_545' title='bbox 1172 4289 1506 4356; x_wconf 87' lang='lat' dir='ltr'><strong>venerando,</strong></span> <span class='ocrx_word' id='word_1_546' title='bbox 1546 4289 1768 4345; x_wconf 81' lang='lat' dir='ltr'><strong>nomine</strong></span> 
     </span>
    </p>
   </div>
   <div class='ocr_carea' id='block_1_75' title="bbox 167 4381 1763 4457">
    <p class='ocr_par' dir='ltr' id='par_1_75' title="bbox 167 4381 1763 4457">
     <span class='ocr_line' id='line_1_75' title="bbox 167 4381 1763 4457; baseline -0.003 -18"><span class='ocrx_word' id='word_1_547' title='bbox 167 4385 489 4457; x_wconf 82' lang='lat' dir='ltr'><strong>Apollonio,</strong></span> <span class='ocrx_word' id='word_1_548' title='bbox 511 4384 604 4455; x_wconf 86' lang='lat' dir='ltr'><strong>qui</strong></span> <span class='ocrx_word' id='word_1_549' title='bbox 632 4392 863 4456; x_wconf 84' lang='lat' dir='ltr'><strong>praeerat</strong></span> <span class='ocrx_word' id='word_1_550' title='bbox 883 4383 1168 4440; x_wconf 89' lang='lat' dir='ltr'><strong>monachis</strong></span> <span class='ocrx_word' id='word_1_551' title='bbox 1190 4381 1408 4438; x_wconf 88' lang='lat' dir='ltr'><strong>circiter</strong></span> <span class='ocrx_word' id='word_1_552' title='bbox 1429 4382 1763 4453; x_wconf 87' lang='lat' dir='ltr'><strong>quingentis,</strong></span> 
     </span>
    </p>
   </div>
   <div class='ocr_carea' id='block_1_76' title="bbox 1869 3176 3462 3256">
    <p class='ocr_par' dir='ltr' id='par_1_76' title="bbox 1869 3176 3462 3256">
     <span class='ocr_line' id='line_1_76' title="bbox 1869 3176 3462 3256; baseline -0.01 -12"><span class='ocrx_word' id='word_1_553' title='bbox 1869 3190 2190 3256; x_wconf 76' lang='lat' dir='ltr'><strong>vixerimus,</strong></span> <span class='ocrx_word' id='word_1_554' title='bbox 2219 3187 2325 3242; x_wconf 86' lang='lat' dir='ltr'><strong>bac</strong></span> <span class='ocrx_word' id='word_1_555' title='bbox 2368 3185 2434 3241; x_wconf 87' lang='lat' dir='ltr'><strong>de</strong></span> <span class='ocrx_word' id='word_1_556' title='bbox 2471 3200 2549 3251; x_wconf 88' lang='lat' dir='ltr'><strong>re,</strong></span> <span class='ocrx_word' id='word_1_557' title='bbox 2587 3183 2811 3238; x_wconf 88' lang='lat' dir='ltr'><strong>Christo</strong></span> <span class='ocrx_word' id='word_1_558' title='bbox 2865 3181 3184 3249; x_wconf 82' lang='lat' dir='ltr'><strong>auxiliante,</strong></span> <span class='ocrx_word' id='word_1_559' title='bbox 3220 3179 3343 3250; x_wconf 91' lang='lat' dir='ltr'><strong>plus</strong></span> <span class='ocrx_word' id='word_1_560' title='bbox 3380 3176 3462 3231; x_wconf 86' lang='lat' dir='ltr'><strong>di-</strong></span> 
     </span>
    </p>
   </div>
   <div class='ocr_carea' id='block_1_77' title="bbox 1868 3291 3463 3432">
    <p class='ocr_par' dir='ltr' id='par_1_77' title="bbox 1868 3291 3463 3432">
     <span class='ocr_line' id='line_1_77' title="bbox 1868 3291 3463 3432; baseline -0.01 -10"><span class='ocrx_word' id='word_1_561' title='bbox 1868 3291 2181 3421; x_wconf 48' lang='lat' dir='ltr'><strong>ccggjsi’ost</strong></span> <span class='ocrx_word' id='word_1_562' title='bbox 2206 3364 2323 3423; x_wconf 64' lang='lat' dir='ltr'><strong>hare</strong></span> <span class='ocrx_word' id='word_1_563' title='bbox 2343 3369 2527 3417; x_wconf 90' lang='lat' dir='ltr'><strong>autem</strong></span> <span class='ocrx_word' id='word_1_564' title='bbox 2549 3360 2759 3432; x_wconf 88' lang='lat' dir='ltr'><strong>plebem</strong></span> <span class='ocrx_word' id='word_1_565' title='bbox 2795 3356 3024 3425; x_wconf 90' lang='lat' dir='ltr'><strong>dimisit,</strong></span> <span class='ocrx_word' id='word_1_566' title='bbox 3056 3364 3111 3411; x_wconf 89' lang='lat' dir='ltr'><strong>et</strong></span> <span class='ocrx_word' id='word_1_567' title='bbox 3139 3353 3209 3410; x_wconf 91' lang='lat' dir='ltr'><strong>ad</strong></span> <span class='ocrx_word' id='word_1_568' title='bbox 3238 3353 3297 3409; x_wconf 92' lang='lat' dir='ltr'><strong>S.</strong></span> <span class='ocrx_word' id='word_1_569' title='bbox 3329 3354 3463 3407; x_wconf 80' lang='lat' dir='ltr'><strong>Am-</strong></span> 
     </span>
    </p>
   </div>
   <div class='ocr_carea' id='block_1_78' title="bbox 1866 3436 3455 3527">
    <p class='ocr_par' dir='ltr' id='par_1_78' title="bbox 1866 3436 3455 3527">
     <span class='ocr_line' id='line_1_78' title="bbox 1866 3436 3455 3527; baseline -0.009 -13"><span class='ocrx_word' id='word_1_570' title='bbox 1866 3456 2043 3514; x_wconf 88' lang='lat' dir='ltr'><strong>brosii</strong></span> <span class='ocrx_word' id='word_1_571' title='bbox 2075 3454 2281 3527; x_wconf 87' lang='lat' dir='ltr'><strong>corpus</strong></span> <span class='ocrx_word' id='word_1_572' title='bbox 2310 3470 2478 3509; x_wconf 87' lang='lat' dir='ltr'><strong>causa</strong></span> <span class='ocrx_word' id='word_1_573' title='bbox 2506 3451 2697 3508; x_wconf 90' lang='lat' dir='ltr'><strong>orandi</strong></span> <span class='ocrx_word' id='word_1_574' title='bbox 2733 3446 3239 3521; x_wconf 75' lang='lat' dir='ltr'><strong>perrexit.Quidam</strong></span> <span class='ocrx_word' id='word_1_575' title='bbox 3269 3436 3455 3500; x_wconf 79' lang='lat' dir='ltr'><strong>autem</strong></span> 
     </span>
    </p>
   </div>
   <div class='ocr_carea' id='block_1_79' title="bbox 1868 3539 3463 3615">
    <p class='ocr_par' dir='ltr' id='par_1_79' title="bbox 1868 3539 3463 3615">
     <span class='ocr_line' id='line_1_79' title="bbox 1868 3539 3463 3615; baseline -0.007 -10"><span class='ocrx_word' id='word_1_576' title='bbox 1868 3549 2015 3606; x_wconf 92' lang='lat' dir='ltr'><strong>illico</strong></span> <span class='ocrx_word' id='word_1_577' title='bbox 2046 3557 2330 3604; x_wconf 90' lang='lat' dir='ltr'><strong>currentes</strong></span> <span class='ocrx_word' id='word_1_578' title='bbox 2359 3547 2428 3602; x_wconf 88' lang='lat' dir='ltr'><strong>ad</strong></span> <span class='ocrx_word' id='word_1_579' title='bbox 2450 3545 2738 3602; x_wconf 89' lang='lat' dir='ltr'><strong>ecclesiam</strong></span> <span class='ocrx_word' id='word_1_580' title='bbox 2772 3543 3059 3615; x_wconf 90' lang='lat' dir='ltr'><strong>majorem,</strong></span> <span class='ocrx_word' id='word_1_581' title='bbox 3089 3542 3183 3596; x_wconf 90' lang='lat' dir='ltr'><strong>ubi</strong></span> <span class='ocrx_word' id='word_1_582' title='bbox 3219 3541 3335 3612; x_wconf 90' lang='lat' dir='ltr'><strong>jam</strong></span> <span class='ocrx_word' id='word_1_583' title='bbox 3378 3539 3463 3595; x_wconf 90' lang='lat' dir='ltr'><strong>ci-</strong></span> 
     </span>
    </p>
   </div>
   <div class='ocr_carea' id='block_1_80' title="bbox 1865 3631 3453 3710">
    <p class='ocr_par' dir='ltr' id='par_1_80' title="bbox 1865 3631 3453 3710">
     <span class='ocr_line' id='line_1_80' title="bbox 1865 3631 3453 3710; baseline -0.008 -13"><span class='ocrx_word' id='word_1_584' title='bbox 1865 3642 2008 3697; x_wconf 88' lang='lat' dir='ltr'><strong>vitas</strong></span> <span class='ocrx_word' id='word_1_585' title='bbox 2028 3650 2147 3698; x_wconf 88' lang='lat' dir='ltr'><strong>erat</strong></span> <span class='ocrx_word' id='word_1_586' title='bbox 2166 3640 2348 3697; x_wconf 91' lang='lat' dir='ltr'><strong>omnis</strong></span> <span class='ocrx_word' id='word_1_587' title='bbox 2383 3646 2745 3710; x_wconf 84' lang='lat' dir='ltr'><strong>congregata,</strong></span> <span class='ocrx_word' id='word_1_588' title='bbox 2781 3635 3017 3690; x_wconf 89' lang='lat' dir='ltr'><strong>retulere</strong></span> <span class='ocrx_word' id='word_1_589' title='bbox 3078 3634 3195 3688; x_wconf 65' lang='lat' dir='ltr'><strong>haec</strong></span> <span class='ocrx_word' id='word_1_590' title='bbox 3245 3631 3453 3701; x_wconf 77' lang='lat' dir='ltr'><strong>omnia.</strong></span> 
     </span>
    </p>
   </div>
   <div class='ocr_carea' id='block_1_81' title="bbox 1866 3728 3458 3806">
    <p class='ocr_par' dir='ltr' id='par_1_81' title="bbox 1866 3728 3458 3806">
     <span class='ocr_line' id='line_1_81' title="bbox 1866 3728 3458 3806; baseline -0.006 -17"><span class='ocrx_word' id='word_1_591' title='bbox 1866 3734 1962 3792; x_wconf 84' lang='lat' dir='ltr'><strong>llis</strong></span> <span class='ocrx_word' id='word_1_592' title='bbox 1993 3737 2176 3806; x_wconf 88' lang='lat' dir='ltr'><strong>itaque</strong></span> <span class='ocrx_word' id='word_1_593' title='bbox 2200 3734 2419 3799; x_wconf 87' lang='lat' dir='ltr'><strong>auditis,</strong></span> <span class='ocrx_word' id='word_1_594' title='bbox 2448 3733 2792 3789; x_wconf 88' lang='lat' dir='ltr'><strong>sacerdotum</strong></span> <span class='ocrx_word' id='word_1_595' title='bbox 2822 3730 2919 3785; x_wconf 89' lang='lat' dir='ltr'><strong>ﬁlii</strong></span> <span class='ocrx_word' id='word_1_596' title='bbox 2946 3728 3237 3797; x_wconf 57' lang='lat' dir='ltr'><strong>exterique</strong></span> <span class='ocrx_word' id='word_1_597' title='bbox 3262 3741 3458 3797; x_wconf 88' lang='lat' dir='ltr'><strong>quam-</strong></span> 
     </span>
    </p>
   </div>
   <div class='ocr_carea' id='block_1_82' title="bbox 1866 3806 3462 3901">
    <p class='ocr_par' dir='ltr' id='par_1_82' title="bbox 1866 3806 3462 3901">
     <span class='ocr_line' id='line_1_82' title="bbox 1866 3806 3462 3901; baseline -0.009 -17"><span class='ocrx_word' id='word_1_598' title='bbox 1866 3828 2089 3901; x_wconf 89' lang='lat' dir='ltr'><strong>plurimi</strong></span> <span class='ocrx_word' id='word_1_599' title='bbox 2112 3825 2415 3882; x_wconf 89' lang='lat' dir='ltr'><strong>detestandi</strong></span> <span class='ocrx_word' id='word_1_600' title='bbox 2443 3824 2568 3889; x_wconf 89' lang='lat' dir='ltr'><strong>viri,</strong></span> <span class='ocrx_word' id='word_1_601' title='bbox 2596 3832 2817 3894; x_wconf 89' lang='lat' dir='ltr'><strong>accepta</strong></span> <span class='ocrx_word' id='word_1_602' title='bbox 2848 3820 3139 3877; x_wconf 86' lang='lat' dir='ltr'><strong>occasione</strong></span> <span class='ocrx_word' id='word_1_603' title='bbox 3178 3818 3273 3873; x_wconf 91' lang='lat' dir='ltr'><strong>diu</strong></span> <span class='ocrx_word' id='word_1_604' title='bbox 3319 3806 3462 3887; x_wconf 52' lang='lat' dir='ltr'><strong>prazé</strong></span> 
     </span>
    </p>
   </div>
   <div class='ocr_carea' id='block_1_83' title="bbox 1867 3905 3463 3984">
    <p class='ocr_par' dir='ltr' id='par_1_83' title="bbox 1867 3905 3463 3984">
     <span class='ocr_line' id='line_1_83' title="bbox 1867 3905 3463 3984; baseline -0.009 -12"><span class='ocrx_word' id='word_1_605' title='bbox 1867 3918 2083 3981; x_wconf 90' lang='lat' dir='ltr'><strong>stolata,</strong></span> <span class='ocrx_word' id='word_1_606' title='bbox 2134 3916 2346 3984; x_wconf 85' lang='lat' dir='ltr'><strong>coepere</strong></span> <span class='ocrx_word' id='word_1_607' title='bbox 2397 3912 2640 3967; x_wconf 87' lang='lat' dir='ltr'><strong>insanire</strong></span> <span class='ocrx_word' id='word_1_608' title='bbox 2688 3918 2743 3965; x_wconf 90' lang='lat' dir='ltr'><strong>et</strong></span> <span class='ocrx_word' id='word_1_609' title='bbox 2792 3909 2972 3964; x_wconf 88' lang='lat' dir='ltr'><strong>dicere</strong></span> <span class='ocrx_word' id='word_1_610' title='bbox 3018 3924 3031 3960; x_wconf 90' lang='lat'><strong>:</strong></span> <span class='ocrx_word' id='word_1_611' title='bbox 3069 3905 3230 3961; x_wconf 83' lang='lat' dir='ltr'><strong>Modo</strong></span> <span class='ocrx_word' id='word_1_612' title='bbox 3276 3911 3463 3975; x_wconf 86' lang='lat' dir='ltr'><strong>aperte</strong></span> 
     </span>
    </p>
   </div>
   <div class='ocr_carea' id='block_1_84' title="bbox 1865 3995 3459 4083">
    <p class='ocr_par' dir='ltr' id='par_1_84' title="bbox 1865 3995 3459 4083">
     <span class='ocr_line' id='line_1_84' title="bbox 1865 3995 3459 4083; baseline -0.009 -19"><span class='ocrx_word' id='word_1_613' title='bbox 1865 4016 2013 4083; x_wconf 91' lang='lat' dir='ltr'><strong>patet</strong></span> <span class='ocrx_word' id='word_1_614' title='bbox 2037 4007 2203 4072; x_wconf 91' lang='lat' dir='ltr'><strong>hune,</strong></span> <span class='ocrx_word' id='word_1_615' title='bbox 2228 4004 2323 4075; x_wconf 88' lang='lat' dir='ltr'><strong>qui</strong></span> <span class='ocrx_word' id='word_1_616' title='bbox 2345 4012 2457 4058; x_wconf 92' lang='lat' dir='ltr'><strong>tam</strong></span> <span class='ocrx_word' id='word_1_617' title='bbox 2479 4010 2729 4057; x_wconf 90' lang='lat' dir='ltr'><strong>sanetum</strong></span> <span class='ocrx_word' id='word_1_618' title='bbox 2756 4016 2895 4071; x_wconf 90' lang='lat' dir='ltr'><strong>opus</strong></span> <span class='ocrx_word' id='word_1_619' title='bbox 2920 3999 3165 4063; x_wconf 88' lang='lat' dir='ltr'><strong>damnat,</strong></span> <span class='ocrx_word' id='word_1_620' title='bbox 3201 4012 3321 4051; x_wconf 89' lang='lat' dir='ltr'><strong>esse</strong></span> <span class='ocrx_word' id='word_1_621' title='bbox 3343 3995 3459 4049; x_wconf 70' lang='lat' dir='ltr'><strong>hae-</strong></span> 
     </span>
    </p>
   </div>
   <div class='ocr_carea' id='block_1_85' title="bbox 1866 4089 3462 4167">
    <p class='ocr_par' dir='ltr' id='par_1_85' title="bbox 1866 4089 3462 4167">
     <span class='ocr_line' id='line_1_85' title="bbox 1866 4089 3462 4167; baseline -0.009 -9"><span class='ocrx_word' id='word_1_622' title='bbox 1866 4102 2097 4158; x_wconf 88' lang='lat' dir='ltr'><strong>reticum</strong></span> <span class='ocrx_word' id='word_1_623' title='bbox 2126 4097 2331 4167; x_wconf 89' lang='lat' dir='ltr'><strong>Deique</strong></span> <span class='ocrx_word' id='word_1_624' title='bbox 2362 4094 2668 4149; x_wconf 90' lang='lat' dir='ltr'><strong>inimicum.</strong></span> <span class='ocrx_word' id='word_1_625' title='bbox 2701 4092 2769 4147; x_wconf 88' lang='lat' dir='ltr'><strong>Et</strong></span> <span class='ocrx_word' id='word_1_626' title='bbox 2803 4092 2888 4146; x_wconf 91' lang='lat' dir='ltr'><strong>bis</strong></span> <span class='ocrx_word' id='word_1_627' title='bbox 2933 4089 3112 4155; x_wconf 90' lang='lat' dir='ltr'><strong>dictis,</strong></span> <span class='ocrx_word' id='word_1_628' title='bbox 3146 4089 3462 4144; x_wconf 81' lang='lat' dir='ltr'><strong>levaverunt</strong></span> 
     </span>
    </p>
   </div>
   <div class='ocr_carea' id='block_1_86' title="bbox 1864 4177 3463 4263">
    <p class='ocr_par' dir='ltr' id='par_1_86' title="bbox 1864 4177 3463 4263">
     <span class='ocr_line' id='line_1_86' title="bbox 1864 4177 3463 4263; baseline -0.009 -18"><span class='ocrx_word' id='word_1_629' title='bbox 1864 4191 2067 4263; x_wconf 85' lang='lat' dir='ltr'><strong>pariter</strong></span> <span class='ocrx_word' id='word_1_630' title='bbox 2094 4204 2257 4244; x_wconf 90' lang='lat' dir='ltr'><strong>voces</strong></span> <span class='ocrx_word' id='word_1_631' title='bbox 2291 4196 2345 4243; x_wconf 89' lang='lat' dir='ltr'><strong>et</strong></span> <span class='ocrx_word' id='word_1_632' title='bbox 2371 4185 2564 4252; x_wconf 86' lang='lat' dir='ltr'><strong>fustes,</strong></span> <span class='ocrx_word' id='word_1_633' title='bbox 2594 4183 2853 4253; x_wconf 90' lang='lat' dir='ltr'><strong>omnique</strong></span> <span class='ocrx_word' id='word_1_634' title='bbox 2887 4181 3041 4253; x_wconf 89' lang='lat' dir='ltr'><strong>plebe</strong></span> <span class='ocrx_word' id='word_1_635' title='bbox 3072 4186 3369 4245; x_wconf 89' lang='lat' dir='ltr'><strong>commota,</strong></span> <span class='ocrx_word' id='word_1_636' title='bbox 3401 4177 3463 4237; x_wconf 89' lang='lat' dir='ltr'><strong>in</strong></span> 
     </span>
    </p>
   </div>
   <div class='ocr_carea' id='block_1_87' title="bbox 1864 4270 3467 4346">
    <p class='ocr_par' dir='ltr' id='par_1_87' title="bbox 1864 4270 3467 4346">
     <span class='ocr_line' id='line_1_87' title="bbox 1864 4270 3467 4346; baseline -0.008 -10"><span class='ocrx_word' id='word_1_637' title='bbox 1864 4280 2151 4336; x_wconf 90' lang='lat' dir='ltr'><strong>ecclesiam</strong></span> <span class='ocrx_word' id='word_1_638' title='bbox 2186 4277 2332 4334; x_wconf 89' lang='lat' dir='ltr'><strong>beati</strong></span> <span class='ocrx_word' id='word_1_639' title='bbox 2376 4277 2509 4343; x_wconf 87' lang='lat' dir='ltr'><strong>viri,</strong></span> <span class='ocrx_word' id='word_1_640' title='bbox 2548 4292 2672 4346; x_wconf 73' lang='lat' dir='ltr'><strong>qua:</strong></span> <span class='ocrx_word' id='word_1_641' title='bbox 2709 4272 2974 4330; x_wconf 84' lang='lat' dir='ltr'><strong>canonica</strong></span> <span class='ocrx_word' id='word_1_642' title='bbox 3018 4270 3467 4341; x_wconf 66' lang='lat' dir='ltr'><strong>nuncupabatur,</strong></span> 
     </span>
    </p>
   </div>
   <div class='ocr_carea' id='block_1_88' title="bbox 1865 4361 3469 4443">
    <p class='ocr_par' dir='ltr' id='par_1_88' title="bbox 1865 4361 3469 4443">
     <span class='ocr_line' id='line_1_88' title="bbox 1865 4361 3469 4443; baseline -0.01 -13"><span class='ocrx_word' id='word_1_643' title='bbox 1865 4389 1992 4430; x_wconf 90' lang='lat' dir='ltr'><strong>cum</strong></span> <span class='ocrx_word' id='word_1_644' title='bbox 2036 4387 2235 4443; x_wconf 89' lang='lat' dir='ltr'><strong>magno</strong></span> <span class='ocrx_word' id='word_1_645' title='bbox 2283 4371 2490 4441; x_wconf 89' lang='lat' dir='ltr'><strong>impetu</strong></span> <span class='ocrx_word' id='word_1_646' title='bbox 2537 4369 2783 4435; x_wconf 89' lang='lat' dir='ltr'><strong>irruunt;</strong></span> <span class='ocrx_word' id='word_1_647' title='bbox 2834 4363 3101 4436; x_wconf 90' lang='lat' dir='ltr'><strong>quidquid</strong></span> <span class='ocrx_word' id='word_1_648' title='bbox 3153 4361 3469 4431; x_wconf 57' lang='lat' dir='ltr'><strong>inveniunt,</strong></span> 
     </span>
    </p>
   </div>
   <div class='ocr_carea' id='block_1_89' title="bbox 169 4457 3461 4555">
    <p class='ocr_par' dir='ltr' id='par_1_89' title="bbox 169 4457 3461 4555">
     <span class='ocr_line' id='line_1_89' title="bbox 169 4457 3461 4555; baseline -0.009 -21"><span class='ocrx_word' id='word_1_649' title='bbox 169 4478 306 4534; x_wconf 88' lang='lat' dir='ltr'><strong>satis</strong></span> <span class='ocrx_word' id='word_1_650' title='bbox 331 4479 673 4534; x_wconf 87' lang='lat' dir='ltr'><strong>declaratum</strong></span> <span class='ocrx_word' id='word_1_651' title='bbox 714 4485 822 4534; x_wconf 92' lang='lat' dir='ltr'><strong>cst.</strong></span> <span class='ocrx_word' id='word_1_652' title='bbox 857 4475 956 4533; x_wconf 77' lang='lat' dir='ltr'><strong>llic</strong></span> <span class='ocrx_word' id='word_1_653' title='bbox 979 4475 1147 4544; x_wconf 90' lang='lat' dir='ltr'><strong>enim,</strong></span> <span class='ocrx_word' id='word_1_654' title='bbox 1171 4474 1631 4555; x_wconf 79' lang='lat' dir='ltr'><strong>qpadragesimali</strong></span> <span class='ocrx_word' id='word_1_655' title='bbox 1685 4473 1766 4527; x_wconf 88' lang='lat' dir='ltr'><strong>ri-</strong></span> <span class='ocrx_word' id='word_1_656' title='bbox 1798 4472 1843 4527; x_wconf 86' lang='grc' dir='ltr'><strong>Ι)</strong></span> <span class='ocrx_word' id='word_1_657' title='bbox 1867 4465 2150 4538; x_wconf 89' lang='lat' dir='ltr'><strong>diripiunt,</strong></span> <span class='ocrx_word' id='word_1_658' title='bbox 2189 4464 2523 4533; x_wconf 90' lang='lat' dir='ltr'><strong>domumque</strong></span> <span class='ocrx_word' id='word_1_659' title='bbox 2567 4462 2849 4555; x_wconf 81' lang='lat' dir='ltr'><strong>destruere</strong></span> <span class='ocrx_word' id='word_1_660' title='bbox 2898 4457 3196 4555; x_wconf 56' lang='lat' dir='ltr'><strong>incipiunt,</strong></span> <span class='ocrx_word' id='word_1_661' title='bbox 3241 4469 3461 4509; x_wconf 88' lang='lat' dir='ltr'><strong>servum</strong></span> 
     </span>
    </p>
   </div>
   <div class='ocr_carea' id='block_1_90' title="bbox 166 4563 1761 4643">
    <p class='ocr_par' dir='ltr' id='par_1_90' title="bbox 166 4563 1761 4643">
     <span class='ocr_line' id='line_1_90' title="bbox 166 4563 1761 4643; baseline -0.003 -18"><span class='ocrx_word' id='word_1_662' title='bbox 166 4585 298 4640; x_wconf 84' lang='lat' dir='ltr'><strong>gorc</strong></span> <span class='ocrx_word' id='word_1_663' title='bbox 337 4577 640 4636; x_wconf 89' lang='lat' dir='ltr'><strong>transacto,</strong></span> <span class='ocrx_word' id='word_1_664' title='bbox 672 4584 798 4643; x_wconf 86' lang='lat' dir='ltr'><strong>cum</strong></span> <span class='ocrx_word' id='word_1_665' title='bbox 828 4568 1093 4623; x_wconf 85' lang='lat' dir='ltr'><strong>fratribus</strong></span> <span class='ocrx_word' id='word_1_666' title='bbox 1122 4568 1552 4638; x_wconf 90' lang='lat' dir='ltr'><strong>omnipotentem</strong></span> <span class='ocrx_word' id='word_1_667' title='bbox 1588 4563 1761 4622; x_wconf 89' lang='lat' dir='ltr'><strong>Deum</strong></span> 
     </span>
    </p>
   </div>
   <div class='ocr_carea' id='block_1_91' title="bbox 163 4661 1764 4734">
    <p class='ocr_par' dir='ltr' id='par_1_91' title="bbox 163 4661 1764 4734">
     <span class='ocr_line' id='line_1_91' title="bbox 163 4661 1764 4734; baseline 0.002 -20"><span class='ocrx_word' id='word_1_668' title='bbox 163 4663 383 4734; x_wconf 65' lang='lat' dir='ltr'><strong>rogarit</strong></span> <span class='ocrx_word' id='word_1_669' title='bbox 437 4671 497 4718; x_wconf 93' lang='lat' dir='ltr'><strong>ut</strong></span> <span class='ocrx_word' id='word_1_670' title='bbox 524 4663 604 4719; x_wconf 90' lang='lat' dir='ltr'><strong>eis</strong></span> <span class='ocrx_word' id='word_1_671' title='bbox 652 4663 970 4734; x_wconf 86' lang='lat' dir='ltr'><strong>dignaretur</strong></span> <span class='ocrx_word' id='word_1_672' title='bbox 1024 4662 1311 4717; x_wconf 89' lang='lat' dir='ltr'><strong>ostendere</strong></span> <span class='ocrx_word' id='word_1_673' title='bbox 1362 4661 1410 4717; x_wconf 91' lang='lat' dir='ltr'><strong>si</strong></span> <span class='ocrx_word' id='word_1_674' title='bbox 1458 4676 1555 4717; x_wconf 90' lang='lat' dir='ltr'><strong>eos</strong></span> <span class='ocrx_word' id='word_1_675' title='bbox 1610 4677 1764 4718; x_wconf 87' lang='lat' dir='ltr'><strong>more</strong></span> 
     </span>
    </p>
   </div>
   <div class='ocr_carea' id='block_1_92' title="bbox 81 4748 1764 4843">
    <p class='ocr_par' dir='ltr' id='par_1_92' title="bbox 81 4748 1764 4843">
     <span class='ocr_line' id='line_1_92' title="bbox 81 4748 1764 4843; baseline 0 -36"><span class='ocrx_word' id='word_1_676' title='bbox 81 4793 98 4843; x_wconf 53' lang='grc' dir='ltr'>ι</span> <span class='ocrx_word' id='word_1_677' title='bbox 161 4753 326 4808; x_wconf 85' lang='lat' dir='ltr'><strong>solito</strong></span> <span class='ocrx_word' id='word_1_678' title='bbox 354 4753 479 4809; x_wconf 89' lang='lat' dir='ltr'><strong>dies</strong></span> <span class='ocrx_word' id='word_1_679' title='bbox 502 4753 661 4808; x_wconf 89' lang='lat' dir='ltr'><strong>vellet</strong></span> <span class='ocrx_word' id='word_1_680' title='bbox 682 4753 955 4823; x_wconf 85' lang='lat' dir='ltr'><strong>jejunare.</strong></span> <span class='ocrx_word' id='word_1_681' title='bbox 988 4751 1199 4818; x_wconf 77' lang='lat' dir='ltr'><strong>Quibus</strong></span> <span class='ocrx_word' id='word_1_682' title='bbox 1222 4748 1764 4843; x_wconf 63' lang='lat' dir='ltr'><strong>ipsé_Dominus,per</strong></span> 
     </span>
    </p>
   </div>
   <div class='ocr_carea' id='block_1_93' title="bbox 158 4841 1760 4917">
    <p class='ocr_par' dir='ltr' id='par_1_93' title="bbox 158 4841 1760 4917">
     <span class='ocr_line' id='line_1_93' title="bbox 158 4841 1760 4917; baseline 0 -20"><span class='ocrx_word' id='word_1_683' title='bbox 158 4844 480 4917; x_wconf 77' lang='lat' dir='ltr'><strong>incognitas</strong></span> <span class='ocrx_word' id='word_1_684' title='bbox 496 4846 667 4914; x_wconf 88' lang='lat' dir='ltr'><strong>viros,</strong></span> <span class='ocrx_word' id='word_1_685' title='bbox 696 4853 823 4900; x_wconf 90' lang='lat' dir='ltr'><strong>ante</strong></span> <span class='ocrx_word' id='word_1_686' title='bbox 845 4860 942 4900; x_wconf 90' lang='lat' dir='ltr'><strong>eos</strong></span> <span class='ocrx_word' id='word_1_687' title='bbox 964 4844 1114 4898; x_wconf 93' lang='lat' dir='ltr'><strong>illico</strong></span> <span class='ocrx_word' id='word_1_688' title='bbox 1147 4849 1300 4896; x_wconf 89' lang='lat' dir='ltr'><strong>tanta</strong></span> <span class='ocrx_word' id='word_1_689' title='bbox 1322 4841 1466 4896; x_wconf 92' lang='lat' dir='ltr'><strong>dona</strong></span> <span class='ocrx_word' id='word_1_690' title='bbox 1513 4842 1760 4897; x_wconf 90' lang='lat' dir='ltr'><strong>omnium</strong></span> 
     </span>
    </p>
   </div>
   <div class='ocr_carea' id='block_1_94' title="bbox 155 4934 1762 5007">
    <p class='ocr_par' dir='ltr' id='par_1_94' title="bbox 155 4934 1762 5007">
     <span class='ocr_line' id='line_1_94' title="bbox 155 4934 1762 5007; baseline 0 -17"><span class='ocrx_word' id='word_1_691' title='bbox 155 4950 343 4991; x_wconf 87' lang='lat' dir='ltr'><strong>rerum</strong></span> <span class='ocrx_word' id='word_1_692' title='bbox 371 4936 452 4991; x_wconf 80' lang='lat' dir='ltr'><strong>ad</strong></span> <span class='ocrx_word' id='word_1_693' title='bbox 481 4937 752 4992; x_wconf 89' lang='lat' dir='ltr'><strong>edendum</strong></span> <span class='ocrx_word' id='word_1_694' title='bbox 790 4951 1034 5007; x_wconf 81' lang='lat' dir='ltr'><strong>congrua</strong></span> <span class='ocrx_word' id='word_1_695' title='bbox 1063 4934 1249 5000; x_wconf 86' lang='lat' dir='ltr'><strong>misit,</strong></span> <span class='ocrx_word' id='word_1_696' title='bbox 1275 4939 1483 5003; x_wconf 88' lang='lat' dir='ltr'><strong>quanta</strong></span> <span class='ocrx_word' id='word_1_697' title='bbox 1528 4948 1625 5004; x_wconf 91' lang='lat' dir='ltr'><strong>per</strong></span> <span class='ocrx_word' id='word_1_698' title='bbox 1660 4934 1762 4990; x_wconf 84' lang='lat' dir='ltr'><strong>hos</strong></span> 
     </span>
    </p>
   </div>
   <div class='ocr_carea' id='block_1_95' title="bbox 151 5024 1760 5098">
    <p class='ocr_par' dir='ltr' id='par_1_95' title="bbox 151 5024 1760 5098">
     <span class='ocr_line' id='line_1_95' title="bbox 151 5024 1760 5098; baseline 0.001 -18"><span class='ocrx_word' id='word_1_699' title='bbox 151 5041 349 5083; x_wconf 87' lang='lat' dir='ltr'><strong>omnes</strong></span> <span class='ocrx_word' id='word_1_700' title='bbox 381 5026 839 5087; x_wconf 84' lang='lat' dir='ltr'><strong>diesPascbales</strong></span> <span class='ocrx_word' id='word_1_701' title='bbox 860 5027 941 5083; x_wconf 93' lang='lat' dir='ltr'><strong>eis</strong></span> <span class='ocrx_word' id='word_1_702' title='bbox 962 5027 1307 5083; x_wconf 88' lang='lat' dir='ltr'><strong>abundanter</strong></span> <span class='ocrx_word' id='word_1_703' title='bbox 1335 5024 1584 5081; x_wconf 81' lang='lat' dir='ltr'><strong>suﬁicere</strong></span> <span class='ocrx_word' id='word_1_704' title='bbox 1628 5041 1760 5098; x_wconf 87' lang='lat' dir='ltr'><strong>pos-</strong></span> 
     </span>
    </p>
   </div>
   <div class='ocr_carea' id='block_1_96' title="bbox 159 5118 1759 5190">
    <p class='ocr_par' dir='ltr' id='par_1_96' title="bbox 159 5118 1759 5190">
     <span class='ocr_line' id='line_1_96' title="bbox 159 5118 1759 5190; baseline -0.002 -13"><span class='ocrx_word' id='word_1_705' title='bbox 159 5134 303 5178; x_wconf 77' lang='lat' dir='ltr'><strong>sent.</strong></span> <span class='ocrx_word' id='word_1_706' title='bbox 330 5121 403 5176; x_wconf 83' lang='lat' dir='ltr'><strong>Et</strong></span> <span class='ocrx_word' id='word_1_707' title='bbox 429 5131 500 5177; x_wconf 85' lang='lat' dir='ltr'><strong>ut</strong></span> <span class='ocrx_word' id='word_1_708' title='bbox 530 5123 809 5179; x_wconf 74' lang='lat' dir='ltr'><strong>evidenter</strong></span> <span class='ocrx_word' id='word_1_709' title='bbox 835 5122 937 5177; x_wconf 86' lang='lat' dir='ltr'><strong>hac</strong></span> <span class='ocrx_word' id='word_1_710' title='bbox 961 5122 1193 5179; x_wconf 88' lang='lat' dir='ltr'><strong>ulterius</strong></span> <span class='ocrx_word' id='word_1_711' title='bbox 1217 5118 1574 5190; x_wconf 89' lang='lat' dir='ltr'><strong>ambiguitate</strong></span> <span class='ocrx_word' id='word_1_712' title='bbox 1602 5134 1759 5176; x_wconf 86' lang='lat' dir='ltr'><strong>care-</strong></span> 
     </span>
    </p>
   </div>
   <div class='ocr_carea' id='block_1_97' title="bbox 1868 4547 3471 4621">
    <p class='ocr_par' dir='ltr' id='par_1_97' title="bbox 1868 4547 3471 4621">
     <span class='ocr_line' id='line_1_97' title="bbox 1868 4547 3471 4621; baseline -0.009 -8"><span class='ocrx_word' id='word_1_713' title='bbox 1868 4574 1998 4615; x_wconf 90' lang='lat' dir='ltr'><strong>vero</strong></span> <span class='ocrx_word' id='word_1_714' title='bbox 2029 4557 2126 4612; x_wconf 90' lang='lat' dir='ltr'><strong>Dei</strong></span> <span class='ocrx_word' id='word_1_715' title='bbox 2160 4557 2282 4612; x_wconf 85' lang='lat' dir='ltr'><strong>ideo</strong></span> <span class='ocrx_word' id='word_1_716' title='bbox 2317 4571 2429 4611; x_wconf 79' lang='lat' dir='ltr'><strong>non</strong></span> <span class='ocrx_word' id='word_1_717' title='bbox 2472 4552 2814 4619; x_wconf 85' lang='lat' dir='ltr'><strong>interfecere,</strong></span> <span class='ocrx_word' id='word_1_718' title='bbox 2858 4551 2986 4621; x_wconf 90' lang='lat' dir='ltr'><strong>quia</strong></span> <span class='ocrx_word' id='word_1_719' title='bbox 3030 4564 3139 4603; x_wconf 92' lang='lat' dir='ltr'><strong>non</strong></span> <span class='ocrx_word' id='word_1_720' title='bbox 3183 4547 3471 4609; x_wconf 61' lang='lat' dir='ltr'><strong>invenere.</strong></span> 
     </span>
    </p>
   </div>
   <div class='ocr_carea' id='block_1_98' title="bbox 1868 4638 3466 4709">
    <p class='ocr_par' dir='ltr' id='par_1_98' title="bbox 1868 4638 3466 4709">
     <span class='ocr_line' id='line_1_98' title="bbox 1868 4638 3466 4709; baseline -0.012 -2"><span class='ocrx_word' id='word_1_721' title='bbox 1868 4652 1995 4709; x_wconf 63' lang='lat' dir='ltr'><strong>Haec</strong></span> <span class='ocrx_word' id='word_1_722' title='bbox 2021 4659 2082 4707; x_wconf 90' lang='lat' dir='ltr'><strong>ut</strong></span> <span class='ocrx_word' id='word_1_723' title='bbox 2117 4650 2315 4706; x_wconf 89' lang='lat' dir='ltr'><strong>nobilis</strong></span> <span class='ocrx_word' id='word_1_724' title='bbox 2350 4646 2765 4704; x_wconf 84' lang='lat' dir='ltr'><strong>Herlembaldus</strong></span> <span class='ocrx_word' id='word_1_725' title='bbox 2806 4642 3098 4706; x_wconf 68' lang='lat' dir='ltr'><strong>caeterique</strong></span> <span class='ocrx_word' id='word_1_726' title='bbox 3134 4638 3321 4692; x_wconf 87' lang='lat' dir='ltr'><strong>ﬁdeles</strong></span> <span class='ocrx_word' id='word_1_727' title='bbox 3361 4652 3466 4707; x_wconf 40' lang='lat' dir='ltr'><strong>auf</strong></span> 
     </span>
    </p>
   </div>
   <div class='ocr_carea' id='block_1_99' title="bbox 1865 4732 3473 4813">
    <p class='ocr_par' dir='ltr' id='par_1_99' title="bbox 1865 4732 3473 4813">
     <span class='ocr_line' id='line_1_99' title="bbox 1865 4732 3473 4813; baseline -0.014 -12"><span class='ocrx_word' id='word_1_728' title='bbox 1865 4746 2035 4811; x_wconf 89' lang='lat' dir='ltr'><strong>diere,</strong></span> <span class='ocrx_word' id='word_1_729' title='bbox 2067 4742 2298 4813; x_wconf 91' lang='lat' dir='ltr'><strong>sumptis</strong></span> <span class='ocrx_word' id='word_1_730' title='bbox 2328 4740 2499 4796; x_wconf 89' lang='lat' dir='ltr'><strong>armis</strong></span> <span class='ocrx_word' id='word_1_731' title='bbox 2533 4739 2589 4793; x_wconf 94' lang='lat' dir='ltr'><strong>in</strong></span> <span class='ocrx_word' id='word_1_732' title='bbox 2618 4737 2881 4805; x_wconf 79' lang='lat' dir='ltr'><strong>audacem</strong></span> <span class='ocrx_word' id='word_1_733' title='bbox 2908 4732 3119 4804; x_wconf 90' lang='lat' dir='ltr'><strong>plebem</strong></span> <span class='ocrx_word' id='word_1_734' title='bbox 3145 4737 3200 4782; x_wconf 88' lang='lat' dir='ltr'><strong>et</strong></span> <span class='ocrx_word' id='word_1_735' title='bbox 3228 4737 3473 4782; x_wconf 80' lang='lat' dir='ltr'><strong>temera—.</strong></span> 
     </span>
    </p>
   </div>
   <div class='ocr_carea' id='block_1_100' title="bbox 1794 4821 3478 4903">
    <p class='ocr_par' dir='ltr' id='par_1_100' title="bbox 1794 4821 3478 4903">
     <span class='ocr_line' id='line_1_100' title="bbox 1794 4821 3478 4903; baseline -0.014 -8"><span class='ocrx_word' id='word_1_736' title='bbox 1794 4840 1807 4854; x_wconf 85' lang='lat'>’</span> <span class='ocrx_word' id='word_1_737' title='bbox 1866 4837 2006 4895; x_wconf 88' lang='lat' dir='ltr'><strong>riam</strong></span> <span class='ocrx_word' id='word_1_738' title='bbox 2037 4836 2282 4899; x_wconf 90' lang='lat' dir='ltr'><strong>irruere,</strong></span> <span class='ocrx_word' id='word_1_739' title='bbox 2314 4847 2456 4902; x_wconf 85' lang='lat' dir='ltr'><strong>quos</strong></span> <span class='ocrx_word' id='word_1_740' title='bbox 2480 4830 2733 4903; x_wconf 89' lang='lat' dir='ltr'><strong>protinus</strong></span> <span class='ocrx_word' id='word_1_741' title='bbox 2764 4827 2845 4882; x_wconf 90' lang='lat' dir='ltr'><strong>sic</strong></span> <span class='ocrx_word' id='word_1_742' title='bbox 2872 4821 3307 4881; x_wconf 80' lang='lat' dir='ltr'><strong>cxterminaverc</strong></span> <span class='ocrx_word' id='word_1_743' title='bbox 3350 4834 3478 4873; x_wconf 90' lang='lat' dir='ltr'><strong>om-.</strong></span> 
     </span>
    </p>
   </div>
   <div class='ocr_carea' id='block_1_101' title="bbox 1869 4910 3481 4997">
    <p class='ocr_par' dir='ltr' id='par_1_101' title="bbox 1869 4910 3481 4997">
     <span class='ocr_line' id='line_1_101' title="bbox 1869 4910 3481 4997; baseline -0.016 -11"><span class='ocrx_word' id='word_1_744' title='bbox 1869 4945 1988 4996; x_wconf 86' lang='lat' dir='ltr'><strong>nes,</strong></span> <span class='ocrx_word' id='word_1_745' title='bbox 2031 4925 2191 4997; x_wconf 86' lang='lat' dir='ltr'><strong>quasi</strong></span> <span class='ocrx_word' id='word_1_746' title='bbox 2231 4931 2417 4980; x_wconf 89' lang='lat' dir='ltr'><strong>essent</strong></span> <span class='ocrx_word' id='word_1_747' title='bbox 2448 4921 2729 4978; x_wconf 69' lang='lat' dir='ltr'><strong>vilissima:</strong></span> <span class='ocrx_word' id='word_1_748' title='bbox 2758 4920 3019 4990; x_wconf 85' lang='lat' dir='ltr'><strong>pecudes.</strong></span> <span class='ocrx_word' id='word_1_749' title='bbox 3051 4912 3169 4966; x_wconf 89' lang='lat' dir='ltr'><strong>lmo</strong></span> <span class='ocrx_word' id='word_1_750' title='bbox 3198 4927 3325 4969; x_wconf 89' lang='lat' dir='ltr'><strong>cum</strong></span> <span class='ocrx_word' id='word_1_751' title='bbox 3353 4910 3481 4966; x_wconf 81' lang='lat' dir='ltr'><strong>vir-.</strong></span> 
     </span>
    </p>
   </div>
   <div class='ocr_carea' id='block_1_102' title="bbox 1867 5000 3488 5089">
    <p class='ocr_par' dir='ltr' id='par_1_102' title="bbox 1867 5000 3488 5089">
     <span class='ocr_line' id='line_1_102' title="bbox 1867 5000 3488 5089; baseline -0.015 -11"><span class='ocrx_word' id='word_1_752' title='bbox 1867 5029 1983 5078; x_wconf 90' lang='lat' dir='ltr'><strong>tute</strong></span> <span class='ocrx_word' id='word_1_753' title='bbox 2042 5033 2242 5089; x_wconf 85' lang='lat' dir='ltr'><strong>magna</strong></span> <span class='ocrx_word' id='word_1_754' title='bbox 2300 5024 2355 5070; x_wconf 89' lang='lat' dir='ltr'><strong>et</strong></span> <span class='ocrx_word' id='word_1_755' title='bbox 2403 5020 2669 5085; x_wconf 89' lang='lat' dir='ltr'><strong>potestate</strong></span> <span class='ocrx_word' id='word_1_756' title='bbox 2726 5010 2793 5066; x_wconf 86' lang='lat' dir='ltr'><strong>ad</strong></span> <span class='ocrx_word' id='word_1_757' title='bbox 2850 5005 3151 5069; x_wconf 83' lang='lat' dir='ltr'><strong>ecclesiam</strong></span> <span class='ocrx_word' id='word_1_758' title='bbox 3217 5000 3488 5065; x_wconf 69' lang='lat' dir='ltr'><strong>majorem</strong></span> 
     </span>
    </p>
   </div>
   <div class='ocr_carea' id='block_1_103' title="bbox 1870 5090 3497 5176">
    <p class='ocr_par' dir='ltr' id='par_1_103' title="bbox 1870 5090 3497 5176">
     <span class='ocr_line' id='line_1_103' title="bbox 1870 5090 3497 5176; baseline -0.015 -6"><span class='ocrx_word' id='word_1_759' title='bbox 1870 5113 2175 5176; x_wconf 85' lang='lat' dir='ltr'><strong>venientes,</strong></span> <span class='ocrx_word' id='word_1_760' title='bbox 2202 5106 2474 5163; x_wconf 86' lang='lat' dir='ltr'><strong>violenter</strong></span> <span class='ocrx_word' id='word_1_761' title='bbox 2498 5106 2567 5162; x_wconf 88' lang='lat' dir='ltr'><strong>ab</strong></span> <span class='ocrx_word' id='word_1_762' title='bbox 2593 5102 2777 5174; x_wconf 86' lang='lat' dir='ltr'><strong>impiis</strong></span> <span class='ocrx_word' id='word_1_763' title='bbox 2802 5099 3097 5162; x_wconf 76' lang='lat' dir='ltr'><strong>abstulere</strong></span> <span class='ocrx_word' id='word_1_764' title='bbox 3126 5090 3391 5160; x_wconf 86' lang='lat' dir='ltr'><strong>quidquid</strong></span> <span class='ocrx_word' id='word_1_765' title='bbox 3420 5093 3497 5176; x_wconf 57' lang='lat' dir='ltr'><strong>de,</strong></span> 
     </span>
    </p>
   </div>
  </div>
