  <div class='ocr_page' id='page_1' title='image "/cluster/home/n/w/nwhite01/storage/ocr_20150623/143/hvd.32044015471816/735.png"; bbox 0 0 4028 5360; ppageno 0'>
   <div class='ocr_carea' id='block_1_1' title="bbox 548 308 701 367">
    <p class='ocr_par' dir='ltr' id='par_1_1' title="bbox 548 308 701 367">
     <span class='ocr_line' id='line_1_1' title="bbox 548 308 701 367; baseline 0.007 -1"><span class='ocrx_word' id='word_1_1' title='bbox 548 308 701 367; x_wconf 58' lang='lat'><strong>4-567</strong></span> 
     </span>
    </p>
   </div>
   <div class='ocr_carea' id='block_1_2' title="bbox 1652 309 2707 370">
    <p class='ocr_par' dir='ltr' id='par_1_2' title="bbox 1652 309 2707 370">
     <span class='ocr_line' id='line_1_2' title="bbox 1652 309 2707 370; baseline 0.004 -5"><span class='ocrx_word' id='word_1_2' title='bbox 1652 309 1750 367; x_wconf 81' lang='lat' dir='ltr'><strong>SS.</strong></span> <span class='ocrx_word' id='word_1_3' title='bbox 1799 311 2080 366; x_wconf 77' lang='lat' dir='ltr'><strong>ABIALDl</strong></span> <span class='ocrx_word' id='word_1_4' title='bbox 2130 312 2219 367; x_wconf 85' lang='lat' dir='ltr'>ET</span> <span class='ocrx_word' id='word_1_5' title='bbox 2260 312 2707 370; x_wconf 75' lang='lat' dir='ltr'><strong>ERLEMBALDI</strong></span> 
     </span>
    </p>
   </div>
   <div class='ocr_carea' id='block_1_3' title="bbox 3708 327 3845 383">
    <p class='ocr_par' dir='ltr' id='par_1_3' title="bbox 3708 327 3845 383">
     <span class='ocr_line' id='line_1_3' title="bbox 3708 327 3845 383; baseline 0.007 -2"><span class='ocrx_word' id='word_1_6' title='bbox 3708 327 3845 383; x_wconf 66' lang='grc' dir='ltr'><strong>μεθ</strong></span> 
     </span>
    </p>
   </div>
   <div class='ocr_carea' id='block_1_4' title="bbox 557 430 2147 519">
    <p class='ocr_par' dir='ltr' id='par_1_4' title="bbox 557 442 2146 519">
     <span class='ocr_line' id='line_1_4' title="bbox 557 442 2146 519; baseline 0.001 -18"><span class='ocrx_word' id='word_1_7' title='bbox 557 447 722 502; x_wconf 89' lang='lat' dir='ltr'><strong>domo</strong></span> <span class='ocrx_word' id='word_1_8' title='bbox 759 442 979 503; x_wconf 78' lang='lat' dir='ltr'><strong>Domini</strong></span> <span class='ocrx_word' id='word_1_9' title='bbox 1014 453 1325 518; x_wconf 78' lang='lat' dir='ltr'><strong>rapuerant,</strong></span> <span class='ocrx_word' id='word_1_10' title='bbox 1366 454 1419 501; x_wconf 89' lang='lat' dir='ltr'><strong>et</strong></span> <span class='ocrx_word' id='word_1_11' title='bbox 1462 446 1541 502; x_wconf 85' lang='lat' dir='ltr'><strong>sic</strong></span> <span class='ocrx_word' id='word_1_12' title='bbox 1583 448 1827 504; x_wconf 70' lang='lat' dir='ltr'><strong>ecclesia:</strong></span> <span class='ocrx_word' id='word_1_13' title='bbox 1869 447 1965 502; x_wconf 89' lang='lat' dir='ltr'><strong>Dei</strong></span> <span class='ocrx_word' id='word_1_14' title='bbox 2009 464 2146 519; x_wconf 90' lang='lat' dir='ltr'><strong>pene</strong></span> 
     </span>
    </p>
   </div>
   <div class='ocr_carea' id='block_1_5' title="bbox 2250 430 3845 519">
    <p class='ocr_par' dir='ltr' id='par_1_5' title="bbox 2251 430 3845 506">
     <span class='ocr_line' id='line_1_5' title="bbox 2251 430 3845 506; baseline 0.008 -22"><span class='ocrx_word' id='word_1_15' title='bbox 2251 430 2550 485; x_wconf 90' lang='lat' dir='ltr'><strong>notandum</strong></span> <span class='ocrx_word' id='word_1_16' title='bbox 2582 432 2728 501; x_wconf 89' lang='lat' dir='ltr'><strong>quod</strong></span> <span class='ocrx_word' id='word_1_17' title='bbox 2759 432 2812 486; x_wconf 93' lang='lat' dir='ltr'><strong>in</strong></span> <span class='ocrx_word' id='word_1_18' title='bbox 2851 432 2971 488; x_wconf 92' lang='lat' dir='ltr'><strong>loco</strong></span> <span class='ocrx_word' id='word_1_19' title='bbox 3010 450 3122 506; x_wconf 87' lang='lat' dir='ltr'><strong>quo</strong></span> <span class='ocrx_word' id='word_1_20' title='bbox 3150 436 3469 506; x_wconf 87' lang='lat' dir='ltr'><strong>psalterium</strong></span> <span class='ocrx_word' id='word_1_21' title='bbox 3507 437 3757 505; x_wconf 73' lang='lat' dir='ltr'><strong>ﬁniebat,</strong></span> <span class='ocrx_word' id='word_1_22' title='bbox 3790 444 3845 497; x_wconf 84' lang='lat' dir='ltr'><strong>ia</strong></span> 
     </span>
    </p>
   </div>
   <div class='ocr_carea' id='block_1_6' title="bbox 554 537 2142 609">
    <p class='ocr_par' dir='ltr' id='par_1_6' title="bbox 554 537 2142 609">
     <span class='ocr_line' id='line_1_6' title="bbox 554 537 2142 609; baseline -0.002 -14"><span class='ocrx_word' id='word_1_23' title='bbox 554 549 755 595; x_wconf 75' lang='lat' dir='ltr'><strong>cuncta</strong></span> <span class='ocrx_word' id='word_1_24' title='bbox 810 547 938 595; x_wconf 90' lang='lat' dir='ltr'><strong>sunt</strong></span> <span class='ocrx_word' id='word_1_25' title='bbox 978 539 1207 603; x_wconf 87' lang='lat' dir='ltr'><strong>reddita,</strong></span> <span class='ocrx_word' id='word_1_26' title='bbox 1255 547 1514 608; x_wconf 90' lang='lat' dir='ltr'><strong>operante</strong></span> <span class='ocrx_word' id='word_1_27' title='bbox 1560 537 1782 593; x_wconf 79' lang='lat' dir='ltr'><strong>Christo</strong></span> <span class='ocrx_word' id='word_1_28' title='bbox 1826 554 1921 609; x_wconf 87' lang='lat' dir='ltr'><strong>per</strong></span> <span class='ocrx_word' id='word_1_29' title='bbox 1969 539 2142 593; x_wconf 87' lang='lat' dir='ltr'><strong>zelum</strong></span> 
     </span>
    </p>
   </div>
   <div class='ocr_carea' id='block_1_7' title="bbox 555 629 2146 702">
    <p class='ocr_par' dir='ltr' id='par_1_7' title="bbox 555 629 2146 702">
     <span class='ocr_line' id='line_1_7' title="bbox 555 629 2146 702; baseline 0.001 -17"><span class='ocrx_word' id='word_1_30' title='bbox 555 632 795 702; x_wconf 76' lang='lat' dir='ltr'><strong>piorum,</strong></span> <span class='ocrx_word' id='word_1_31' title='bbox 825 646 948 700; x_wconf 79' lang='lat' dir='ltr'><strong>quae</strong></span> <span class='ocrx_word' id='word_1_32' title='bbox 983 631 1051 685; x_wconf 92' lang='lat' dir='ltr'><strong>ab</strong></span> <span class='ocrx_word' id='word_1_33' title='bbox 1077 646 1140 685; x_wconf 92' lang='lat' dir='ltr'><strong>ea</strong></span> <span class='ocrx_word' id='word_1_34' title='bbox 1169 629 1387 684; x_wconf 74' lang='lat' dir='ltr'><strong>fuerant</strong></span> <span class='ocrx_word' id='word_1_35' title='bbox 1429 639 1602 701; x_wconf 80' lang='lat' dir='ltr'><strong>rapta,</strong></span> <span class='ocrx_word' id='word_1_36' title='bbox 1635 639 1895 700; x_wconf 89' lang='lat' dir='ltr'><strong>operante</strong></span> <span class='ocrx_word' id='word_1_37' title='bbox 1944 629 2146 686; x_wconf 87' lang='lat' dir='ltr'><strong>Satana</strong></span> 
     </span>
    </p>
   </div>
   <div class='ocr_carea' id='block_1_8' title="bbox 556 720 1273 791">
    <p class='ocr_par' dir='ltr' id='par_1_8' title="bbox 556 720 1273 791">
     <span class='ocr_line' id='line_1_8' title="bbox 556 720 1273 791; baseline -0.001 -15"><span class='ocrx_word' id='word_1_38' title='bbox 556 737 653 791; x_wconf 90' lang='lat' dir='ltr'><strong>per</strong></span> <span class='ocrx_word' id='word_1_39' title='bbox 686 720 925 778; x_wconf 88' lang='lat' dir='ltr'><strong>furorem</strong></span> <span class='ocrx_word' id='word_1_40' title='bbox 961 721 1273 791; x_wconf 90' lang='lat' dir='ltr'><strong>impiorum.</strong></span> 
     </span>
    </p>
   </div>
   <div class='ocr_carea' id='block_1_9' title="bbox 627 812 2147 886">
    <p class='ocr_par' dir='ltr' id='par_1_9' title="bbox 627 812 2147 886">
     <span class='ocr_line' id='line_1_9' title="bbox 627 812 2147 886; baseline 0.003 -19"><span class='ocrx_word' id='word_1_41' title='bbox 627 814 715 868; x_wconf 73' lang='grc'><strong>55.</strong></span> <span class='ocrx_word' id='word_1_42' title='bbox 760 812 913 868; x_wconf 90' lang='lat' dir='ltr'><strong>Sicut</strong></span> <span class='ocrx_word' id='word_1_43' title='bbox 936 812 1190 868; x_wconf 84' lang='lat' dir='ltr'><strong>Arialdus</strong></span> <span class='ocrx_word' id='word_1_44' title='bbox 1215 814 1457 883; x_wconf 80' lang='lat' dir='ltr'><strong>quotidie</strong></span> <span class='ocrx_word' id='word_1_45' title='bbox 1481 814 1685 870; x_wconf 82' lang='lat' dir='ltr'><strong>Christi</strong></span> <span class='ocrx_word' id='word_1_46' title='bbox 1712 831 1909 871; x_wconf 71' lang='lat' dir='ltr'><strong>causas</strong></span> <span class='ocrx_word' id='word_1_47' title='bbox 1940 815 2147 886; x_wconf 79' lang='lat' dir='ltr'><strong>erigere</strong></span> 
     </span>
    </p>
   </div>
   <div class='ocr_carea' id='block_1_10' title="bbox 554 907 2146 974">
    <p class='ocr_par' dir='ltr' id='par_1_10' title="bbox 554 907 2146 974">
     <span class='ocr_line' id='line_1_10' title="bbox 554 907 2146 974; baseline 0.002 -12"><span class='ocrx_word' id='word_1_48' title='bbox 554 916 608 962; x_wconf 91' lang='lat' dir='ltr'><strong>et</strong></span> <span class='ocrx_word' id='word_1_49' title='bbox 635 908 874 961; x_wconf 76' lang='lat' dir='ltr'><strong>exaltare</strong></span> <span class='ocrx_word' id='word_1_50' title='bbox 902 907 1297 974; x_wconf 84' lang='lat' dir='ltr'><strong>contendebat,</strong></span> <span class='ocrx_word' id='word_1_51' title='bbox 1342 908 1417 963; x_wconf 89' lang='lat' dir='ltr'><strong>ita</strong></span> <span class='ocrx_word' id='word_1_52' title='bbox 1458 909 1713 965; x_wconf 83' lang='lat' dir='ltr'><strong>Christus</strong></span> <span class='ocrx_word' id='word_1_53' title='bbox 1754 910 1821 965; x_wconf 90' lang='lat' dir='ltr'><strong>de</strong></span> <span class='ocrx_word' id='word_1_54' title='bbox 1864 911 2060 966; x_wconf 80' lang='lat' dir='ltr'><strong>virtute</strong></span> <span class='ocrx_word' id='word_1_55' title='bbox 2092 912 2146 965; x_wconf 91' lang='lat' dir='ltr'><strong>in</strong></span> 
     </span>
    </p>
   </div>
   <div class='ocr_carea' id='block_1_11' title="bbox 554 999 2145 1072">
    <p class='ocr_par' dir='ltr' id='par_1_11' title="bbox 554 999 2145 1072">
     <span class='ocr_line' id='line_1_11' title="bbox 554 999 2145 1072; baseline 0.004 -20"><span class='ocrx_word' id='word_1_56' title='bbox 554 1000 811 1054; x_wconf 73' lang='lat' dir='ltr'><strong>virtutem</strong></span> <span class='ocrx_word' id='word_1_57' title='bbox 854 999 1137 1054; x_wconf 81' lang='lat' dir='ltr'><strong>Arialdum</strong></span> <span class='ocrx_word' id='word_1_58' title='bbox 1185 999 1403 1055; x_wconf 85' lang='lat' dir='ltr'><strong>assidue</strong></span> <span class='ocrx_word' id='word_1_59' title='bbox 1449 1002 1801 1072; x_wconf 72' lang='lat' dir='ltr'><strong>provehebat.</strong></span> <span class='ocrx_word' id='word_1_60' title='bbox 1849 1000 1985 1056; x_wconf 84' lang='lat' dir='ltr'><strong>Nam</strong></span> <span class='ocrx_word' id='word_1_61' title='bbox 2034 1012 2145 1058; x_wconf 89' lang='lat' dir='ltr'><strong>tam</strong></span> 
     </span>
    </p>
   </div>
   <div class='ocr_carea' id='block_1_12' title="bbox 553 1092 2145 1177">
    <p class='ocr_par' dir='ltr' id='par_1_12' title="bbox 553 1092 2145 1177">
     <span class='ocr_line' id='line_1_12' title="bbox 553 1092 2145 1177; baseline 0.003 -31"><span class='ocrx_word' id='word_1_62' title='bbox 553 1101 827 1163; x_wconf 87' lang='lat' dir='ltr'><strong>potentem</strong></span> <span class='ocrx_word' id='word_1_63' title='bbox 860 1092 913 1146; x_wconf 94' lang='lat' dir='ltr'><strong>in</strong></span> <span class='ocrx_word' id='word_1_64' title='bbox 943 1092 1190 1147; x_wconf 90' lang='lat' dir='ltr'><strong>oratione</strong></span> <span class='ocrx_word' id='word_1_65' title='bbox 1234 1109 1517 1164; x_wconf 84' lang='lat' dir='ltr'><strong>nunquam</strong></span> <span class='ocrx_word' id='word_1_66' title='bbox 1564 1094 1890 1177; x_wconf 74' lang='lat' dir='ltr'><strong>reminiscor</strong></span> <span class='ocrx_word' id='word_1_67' title='bbox 1936 1112 2022 1151; x_wconf 92' lang='lat' dir='ltr'><strong>me</strong></span> <span class='ocrx_word' id='word_1_68' title='bbox 2061 1096 2145 1151; x_wconf 88' lang='lat' dir='ltr'><strong>vi—</strong></span> 
     </span>
    </p>
   </div>
   <div class='ocr_carea' id='block_1_13' title="bbox 552 1184 2145 1257">
    <p class='ocr_par' dir='ltr' id='par_1_13' title="bbox 552 1184 2145 1257">
     <span class='ocr_line' id='line_1_13' title="bbox 552 1184 2145 1257; baseline 0.003 -18"><span class='ocrx_word' id='word_1_69' title='bbox 552 1184 699 1239; x_wconf 80' lang='lat' dir='ltr'><strong>disse</strong></span> <span class='ocrx_word' id='word_1_70' title='bbox 725 1185 893 1239; x_wconf 88' lang='lat' dir='ltr'><strong>alium</strong></span> <span class='ocrx_word' id='word_1_71' title='bbox 922 1200 1285 1254; x_wconf 84' lang='lat' dir='ltr'><strong>quemquam;</strong></span> <span class='ocrx_word' id='word_1_72' title='bbox 1319 1185 1476 1255; x_wconf 85' lang='lat' dir='ltr'><strong>cujus</strong></span> <span class='ocrx_word' id='word_1_73' title='bbox 1505 1184 1823 1256; x_wconf 74' lang='lat' dir='ltr'><strong>qualitatem</strong></span> <span class='ocrx_word' id='word_1_74' title='bbox 1858 1186 1904 1241; x_wconf 88' lang='lat' dir='ltr'><strong>si</strong></span> <span class='ocrx_word' id='word_1_75' title='bbox 1934 1187 2145 1257; x_wconf 79' lang='lat' dir='ltr'><strong>dixero,</strong></span> 
     </span>
    </p>
   </div>
   <div class='ocr_carea' id='block_1_14' title="bbox 552 1275 2144 1350">
    <p class='ocr_par' dir='ltr' id='par_1_14' title="bbox 552 1275 2144 1350">
     <span class='ocr_line' id='line_1_14' title="bbox 552 1275 2144 1350; baseline 0.004 -21"><span class='ocrx_word' id='word_1_76' title='bbox 552 1285 766 1345; x_wconf 81' lang='lat' dir='ltr'><strong>gratum</strong></span> <span class='ocrx_word' id='word_1_77' title='bbox 785 1275 899 1331; x_wconf 84' lang='lat' dir='ltr'><strong>fore</strong></span> <span class='ocrx_word' id='word_1_78' title='bbox 915 1277 1264 1347; x_wconf 82' lang='lat' dir='ltr'><strong>diligentibus</strong></span> <span class='ocrx_word' id='word_1_79' title='bbox 1278 1276 1469 1344; x_wconf 89' lang='lat' dir='ltr'><strong>Deum,</strong></span> <span class='ocrx_word' id='word_1_80' title='bbox 1484 1277 1941 1350; x_wconf 73' lang='lat' dir='ltr'><strong>profuturumque</strong></span> <span class='ocrx_word' id='word_1_81' title='bbox 1964 1296 2144 1349; x_wconf 86' lang='lat' dir='ltr'><strong>spero.</strong></span> 
     </span>
    </p>
   </div>
   <div class='ocr_carea' id='block_1_15' title="bbox 544 1365 2146 1439">
    <p class='ocr_par' dir='ltr' id='par_1_15' title="bbox 544 1365 2146 1439">
     <span class='ocr_line' id='line_1_15' title="bbox 544 1365 2146 1439; baseline 0.004 -20"><span class='ocrx_word' id='word_1_82' title='bbox 544 1365 656 1421; x_wconf 82' lang='lat' dir='ltr'><strong>Tot</strong></span> <span class='ocrx_word' id='word_1_83' title='bbox 682 1365 825 1421; x_wconf 90' lang='lat' dir='ltr'><strong>enim</strong></span> <span class='ocrx_word' id='word_1_84' title='bbox 851 1375 1165 1421; x_wconf 91' lang='lat' dir='ltr'><strong>sanctorum</strong></span> <span class='ocrx_word' id='word_1_85' title='bbox 1190 1366 1410 1421; x_wconf 90' lang='lat' dir='ltr'><strong>nomina</strong></span> <span class='ocrx_word' id='word_1_86' title='bbox 1437 1367 1503 1422; x_wconf 82' lang='lat' dir='ltr'><strong>de</strong></span> <span class='ocrx_word' id='word_1_87' title='bbox 1526 1367 1697 1439; x_wconf 88' lang='lat' dir='ltr'><strong>ipsius</strong></span> <span class='ocrx_word' id='word_1_88' title='bbox 1723 1384 1818 1423; x_wconf 76' lang='lat' dir='ltr'><strong>ore</strong></span> <span class='ocrx_word' id='word_1_89' title='bbox 1839 1386 1948 1424; x_wconf 88' lang='lat' dir='ltr'><strong>non</strong></span> <span class='ocrx_word' id='word_1_90' title='bbox 1971 1371 2146 1425; x_wconf 88' lang='lat' dir='ltr'><strong>solum</strong></span> 
     </span>
    </p>
   </div>
   <div class='ocr_carea' id='block_1_16' title="bbox 554 1458 2146 1531">
    <p class='ocr_par' dir='ltr' id='par_1_16' title="bbox 554 1458 2146 1531">
     <span class='ocr_line' id='line_1_16' title="bbox 554 1458 2146 1531; baseline 0.004 -20"><span class='ocrx_word' id='word_1_91' title='bbox 554 1458 722 1511; x_wconf 76' lang='lat' dir='ltr'><strong>semel</strong></span> <span class='ocrx_word' id='word_1_92' title='bbox 749 1458 803 1511; x_wconf 92' lang='lat' dir='ltr'><strong>in</strong></span> <span class='ocrx_word' id='word_1_93' title='bbox 834 1458 938 1525; x_wconf 90' lang='lat' dir='ltr'><strong>die,</strong></span> <span class='ocrx_word' id='word_1_94' title='bbox 970 1458 1063 1511; x_wconf 90' lang='lat' dir='ltr'><strong>sed</strong></span> <span class='ocrx_word' id='word_1_95' title='bbox 1093 1458 1256 1512; x_wconf 89' lang='lat' dir='ltr'><strong>etiam</strong></span> <span class='ocrx_word' id='word_1_96' title='bbox 1286 1458 1370 1513; x_wconf 89' lang='lat' dir='ltr'><strong>bis</strong></span> <span class='ocrx_word' id='word_1_97' title='bbox 1401 1468 1591 1528; x_wconf 88' lang='lat' dir='ltr'><strong>terque</strong></span> <span class='ocrx_word' id='word_1_98' title='bbox 1632 1460 1919 1515; x_wconf 84' lang='lat' dir='ltr'><strong>audiebam</strong></span> <span class='ocrx_word' id='word_1_99' title='bbox 1951 1477 2146 1531; x_wconf 86' lang='lat' dir='ltr'><strong>proce-</strong></span> 
     </span>
    </p>
   </div>
   <div class='ocr_carea' id='block_1_17' title="bbox 552 1547 2149 1621">
    <p class='ocr_par' dir='ltr' id='par_1_17' title="bbox 552 1547 2149 1621">
     <span class='ocr_line' id='line_1_17' title="bbox 552 1547 2149 1621; baseline 0.006 -20"><span class='ocrx_word' id='word_1_100' title='bbox 552 1547 702 1613; x_wconf 78' lang='lat' dir='ltr'><strong>dere,</strong></span> <span class='ocrx_word' id='word_1_101' title='bbox 754 1554 886 1616; x_wconf 91' lang='lat' dir='ltr'><strong>quot</strong></span> <span class='ocrx_word' id='word_1_102' title='bbox 935 1564 1217 1618; x_wconf 86' lang='lat' dir='ltr'><strong>nunquam</strong></span> <span class='ocrx_word' id='word_1_103' title='bbox 1265 1549 1467 1619; x_wconf 77' lang='lat' dir='ltr'><strong>scripta</strong></span> <span class='ocrx_word' id='word_1_104' title='bbox 1516 1549 1569 1603; x_wconf 91' lang='lat' dir='ltr'><strong>in</strong></span> <span class='ocrx_word' id='word_1_105' title='bbox 1621 1551 1807 1606; x_wconf 88' lang='lat' dir='ltr'><strong>codice</strong></span> <span class='ocrx_word' id='word_1_106' title='bbox 1853 1551 1995 1621; x_wconf 85' lang='lat' dir='ltr'><strong>vidi,</strong></span> <span class='ocrx_word' id='word_1_107' title='bbox 2048 1568 2149 1611; x_wconf 88' lang='lat' dir='ltr'><strong>nec</strong></span> 
     </span>
    </p>
   </div>
   <div class='ocr_carea' id='block_1_18' title="bbox 551 1638 2146 1709">
    <p class='ocr_par' dir='ltr' id='par_1_18' title="bbox 551 1638 2146 1709">
     <span class='ocr_line' id='line_1_18' title="bbox 551 1638 2146 1709; baseline 0.005 -17"><span class='ocrx_word' id='word_1_108' title='bbox 551 1638 719 1692; x_wconf 87' lang='lat' dir='ltr'><strong>alium</strong></span> <span class='ocrx_word' id='word_1_109' title='bbox 752 1638 1113 1709; x_wconf 83' lang='lat' dir='ltr'><strong>proferentcm</strong></span> <span class='ocrx_word' id='word_1_110' title='bbox 1142 1641 1344 1696; x_wconf 83' lang='lat' dir='ltr'><strong>audivi.</strong></span> <span class='ocrx_word' id='word_1_111' title='bbox 1376 1640 1513 1695; x_wconf 90' lang='lat' dir='ltr'><strong>Nam</strong></span> <span class='ocrx_word' id='word_1_112' title='bbox 1538 1641 1663 1697; x_wconf 89' lang='lat' dir='ltr'><strong>licet</strong></span> <span class='ocrx_word' id='word_1_113' title='bbox 1691 1643 1890 1698; x_wconf 82' lang='lat' dir='ltr'><strong>divinis</strong></span> <span class='ocrx_word' id='word_1_114' title='bbox 1921 1660 1985 1699; x_wconf 90' lang='lat' dir='ltr'><strong>ac</strong></span> <span class='ocrx_word' id='word_1_115' title='bbox 2011 1645 2146 1700; x_wconf 89' lang='lat' dir='ltr'><strong>libe-</strong></span> 
     </span>
    </p>
   </div>
   <div class='ocr_carea' id='block_1_19' title="bbox 551 1731 2148 1807">
    <p class='ocr_par' dir='ltr' id='par_1_19' title="bbox 551 1731 2148 1807">
     <span class='ocr_line' id='line_1_19' title="bbox 551 1731 2148 1807; baseline 0.006 -24"><span class='ocrx_word' id='word_1_116' title='bbox 551 1731 760 1785; x_wconf 88' lang='lat' dir='ltr'><strong>ralibus</strong></span> <span class='ocrx_word' id='word_1_117' title='bbox 788 1732 983 1787; x_wconf 88' lang='lat' dir='ltr'><strong>litteris</strong></span> <span class='ocrx_word' id='word_1_118' title='bbox 1008 1732 1087 1787; x_wconf 91' lang='lat' dir='ltr'><strong>sic</strong></span> <span class='ocrx_word' id='word_1_119' title='bbox 1116 1732 1360 1789; x_wconf 92' lang='lat' dir='ltr'><strong>imbutus</strong></span> <span class='ocrx_word' id='word_1_120' title='bbox 1402 1742 1546 1789; x_wconf 91' lang='lat' dir='ltr'><strong>esset</strong></span> <span class='ocrx_word' id='word_1_121' title='bbox 1581 1741 1640 1789; x_wconf 94' lang='lat' dir='ltr'><strong>ut</strong></span> <span class='ocrx_word' id='word_1_122' title='bbox 1667 1734 1753 1789; x_wconf 85' lang='lat' dir='ltr'><strong>vix</strong></span> <span class='ocrx_word' id='word_1_123' title='bbox 1788 1736 1988 1791; x_wconf 85' lang='lat' dir='ltr'><strong>alicubi</strong></span> <span class='ocrx_word' id='word_1_124' title='bbox 2027 1737 2148 1807; x_wconf 87' lang='lat' dir='ltr'><strong>ejus</strong></span> 
     </span>
    </p>
   </div>
   <div class='ocr_carea' id='block_1_20' title="bbox 2247 520 3837 600">
    <p class='ocr_par' dir='ltr' id='par_1_20' title="bbox 2247 520 3837 600">
     <span class='ocr_line' id='line_1_20' title="bbox 2247 520 3837 600; baseline 0.006 -26"><span class='ocrx_word' id='word_1_125' title='bbox 2247 520 2437 575; x_wconf 90' lang='lat' dir='ltr'><strong>eodem</strong></span> <span class='ocrx_word' id='word_1_126' title='bbox 2496 522 2747 591; x_wconf 88' lang='lat' dir='ltr'><strong>protinus</strong></span> <span class='ocrx_word' id='word_1_127' title='bbox 2798 523 2940 578; x_wconf 90' lang='lat' dir='ltr'><strong>idem</strong></span> <span class='ocrx_word' id='word_1_128' title='bbox 2991 524 3319 595; x_wconf 84' lang='lat' dir='ltr'><strong>incipiebat;</strong></span> <span class='ocrx_word' id='word_1_129' title='bbox 3375 521 3593 584; x_wconf 74' lang='lat' dir='ltr'><strong>etiamsi</strong></span> <span class='ocrx_word' id='word_1_130' title='bbox 3648 541 3837 600; x_wconf 64' lang='lat' dir='ltr'><strong>prater</strong></span> 
     </span>
    </p>
   </div>
   <div class='ocr_carea' id='block_1_21' title="bbox 2246 611 3843 689">
    <p class='ocr_par' dir='ltr' id='par_1_21' title="bbox 2246 611 3843 689">
     <span class='ocr_line' id='line_1_21' title="bbox 2246 611 3843 689; baseline 0.005 -23"><span class='ocrx_word' id='word_1_131' title='bbox 2246 611 2488 681; x_wconf 87' lang='lat' dir='ltr'><strong>psalmos</strong></span> <span class='ocrx_word' id='word_1_132' title='bbox 2521 620 2629 667; x_wconf 89' lang='lat' dir='ltr'><strong>tres</strong></span> <span class='ocrx_word' id='word_1_133' title='bbox 2658 613 2771 685; x_wconf 73' lang='lat'><strong>(27)</strong></span> <span class='ocrx_word' id='word_1_134' title='bbox 2802 613 3024 669; x_wconf 90' lang='lat' dir='ltr'><strong>minime</strong></span> <span class='ocrx_word' id='word_1_135' title='bbox 3049 615 3098 669; x_wconf 91' lang='lat' dir='ltr'><strong>ei</strong></span> <span class='ocrx_word' id='word_1_136' title='bbox 3126 617 3352 672; x_wconf 82' lang='lat' dir='ltr'><strong>exordio</strong></span> <span class='ocrx_word' id='word_1_137' title='bbox 3383 619 3476 689; x_wconf 82' lang='lat' dir='ltr'><strong>(an</strong></span> <span class='ocrx_word' id='word_1_138' title='bbox 3503 635 3571 673; x_wconf 78' lang='lat' dir='ltr'><strong>ea:</strong></span> <span class='ocrx_word' id='word_1_139' title='bbox 3599 621 3787 673; x_wconf 74' lang='lat' dir='ltr'><strong>ordine</strong></span> <span class='ocrx_word' id='word_1_140' title='bbox 3800 623 3843 685; x_wconf 64' lang='lat' dir='ltr'><strong>3p</strong></span> 
     </span>
    </p>
   </div>
   <div class='ocr_carea' id='block_1_22' title="bbox 2246 701 3847 784">
    <p class='ocr_par' dir='ltr' id='par_1_22' title="bbox 2246 701 3847 784">
     <span class='ocr_line' id='line_1_22' title="bbox 2246 701 3847 784; baseline 0.008 -30"><span class='ocrx_word' id='word_1_141' title='bbox 2246 708 2379 756; x_wconf 92' lang='lat' dir='ltr'><strong>tunc</strong></span> <span class='ocrx_word' id='word_1_142' title='bbox 2413 701 2595 756; x_wconf 87' lang='lat' dir='ltr'><strong>dicere</strong></span> <span class='ocrx_word' id='word_1_143' title='bbox 2614 701 2820 758; x_wconf 79' lang='lat' dir='ltr'><strong>liceret.</strong></span> <span class='ocrx_word' id='word_1_144' title='bbox 2855 704 3129 761; x_wconf 91' lang='lat' dir='ltr'><strong>Clericum</strong></span> <span class='ocrx_word' id='word_1_145' title='bbox 3150 708 3297 763; x_wconf 88' lang='lat' dir='ltr'><strong>enim</strong></span> <span class='ocrx_word' id='word_1_146' title='bbox 3320 708 3597 765; x_wconf 78' lang='lat' dir='ltr'><strong>fatebatur</strong></span> <span class='ocrx_word' id='word_1_147' title='bbox 3623 727 3847 784; x_wconf 83' lang='lat' dir='ltr'><strong>semper</strong></span> 
     </span>
    </p>
   </div>
   <div class='ocr_carea' id='block_1_23' title="bbox 2246 793 3719 867">
    <p class='ocr_par' dir='ltr' id='par_1_23' title="bbox 2246 793 3719 867">
     <span class='ocr_line' id='line_1_23' title="bbox 2246 793 3719 867; baseline 0.004 -18"><span class='ocrx_word' id='word_1_148' title='bbox 2246 793 2442 849; x_wconf 89' lang='lat' dir='ltr'><strong>debere</strong></span> <span class='ocrx_word' id='word_1_149' title='bbox 2469 794 2611 850; x_wconf 90' lang='lat' dir='ltr'><strong>inter</strong></span> <span class='ocrx_word' id='word_1_150' title='bbox 2636 796 2998 867; x_wconf 87' lang='lat' dir='ltr'><strong>psalmodiam</strong></span> <span class='ocrx_word' id='word_1_151' title='bbox 3027 813 3166 854; x_wconf 85' lang='lat' dir='ltr'><strong>esse.</strong></span> <span class='ocrx_word' id='word_1_152' title='bbox 3712 793 3719 797; x_wconf 78' lang='grc'><em>’</em></span> 
     </span>
    </p>
   </div>
   <div class='ocr_carea' id='block_1_24' title="bbox 2867 909 3216 968">
    <p class='ocr_par' dir='ltr' id='par_1_24' title="bbox 2867 909 3216 968">
     <span class='ocr_line' id='line_1_24' title="bbox 2867 909 3216 968; baseline 0.003 -3"><span class='ocrx_word' id='word_1_153' title='bbox 2867 909 3095 965; x_wconf 77' lang='lat' dir='ltr'><strong>CAPUT</strong></span> <span class='ocrx_word' id='word_1_154' title='bbox 3129 910 3216 968; x_wconf 70' lang='lat' dir='ltr'><strong>VI.</strong></span> 
     </span>
    </p>
   </div>
   <div class='ocr_carea' id='block_1_25' title="bbox 2246 995 3841 1073">
    <p class='ocr_par' dir='ltr' id='par_1_25' title="bbox 2246 995 3841 1073">
     <span class='ocr_line' id='line_1_25' title="bbox 2246 995 3841 1073; baseline 0.006 -22"><span class='ocrx_word' id='word_1_155' title='bbox 2246 995 2683 1069; x_wconf 57' lang='lat' dir='ltr'><strong>Archiapiscopus</strong></span> <span class='ocrx_word' id='word_1_156' title='bbox 2721 1018 2839 1055; x_wconf 84' lang='lat' dir='ltr'><strong>cum</strong></span> <span class='ocrx_word' id='word_1_157' title='bbox 2868 1003 2977 1073; x_wconf 73' lang='lat' dir='ltr'><strong>suis</strong></span> <span class='ocrx_word' id='word_1_158' title='bbox 3001 1001 3284 1057; x_wconf 77' lang='lat' dir='ltr'><strong>Arialdum</strong></span> <span class='ocrx_word' id='word_1_159' title='bbox 3311 1013 3365 1058; x_wconf 81' lang='lat' dir='ltr'><strong>et</strong></span> <span class='ocrx_word' id='word_1_160' title='bbox 3388 1004 3571 1073; x_wconf 73' lang='lat' dir='ltr'><strong>ﬁdeles</strong></span> <span class='ocrx_word' id='word_1_161' title='bbox 3597 1015 3841 1062; x_wconf 72' lang='lat' dir='ltr'><strong>armatas</strong></span> 
     </span>
    </p>
   </div>
   <div class='ocr_carea' id='block_1_26' title="bbox 2693 1072 3372 1144">
    <p class='ocr_par' dir='ltr' id='par_1_26' title="bbox 2693 1072 3372 1144">
     <span class='ocr_line' id='line_1_26' title="bbox 2693 1072 3372 1144; baseline 0.006 -21"><span class='ocrx_word' id='word_1_162' title='bbox 2693 1072 3001 1141; x_wconf 72' lang='lat' dir='ltr'><strong>aggreditur</strong></span> <span class='ocrx_word' id='word_1_163' title='bbox 3023 1073 3372 1144; x_wconf 77' lang='lat' dir='ltr'><strong>vinciturque.</strong></span> 
     </span>
    </p>
   </div>
   <div class='ocr_carea' id='block_1_27' title="bbox 2316 1160 3839 1234">
    <p class='ocr_par' dir='ltr' id='par_1_27' title="bbox 2316 1160 3839 1234">
     <span class='ocr_line' id='line_1_27' title="bbox 2316 1160 3839 1234; baseline 0.008 -19"><span class='ocrx_word' id='word_1_164' title='bbox 2316 1160 2403 1216; x_wconf 78' lang='lat'><strong>55.</strong></span> <span class='ocrx_word' id='word_1_165' title='bbox 2441 1161 2684 1217; x_wconf 89' lang='lat' dir='ltr'><strong>Peractis</strong></span> <span class='ocrx_word' id='word_1_166' title='bbox 2705 1162 2871 1234; x_wconf 75' lang='lat' dir='ltr'><strong>igitur</strong></span> <span class='ocrx_word' id='word_1_167' title='bbox 2892 1180 3088 1219; x_wconf 88' lang='lat' dir='ltr'><strong>novem</strong></span> <span class='ocrx_word' id='word_1_168' title='bbox 3123 1166 3283 1221; x_wconf 90' lang='lat' dir='ltr'><strong>annis</strong></span> <span class='ocrx_word' id='word_1_169' title='bbox 3335 1168 3391 1221; x_wconf 93' lang='lat' dir='ltr'><strong>in</strong></span> <span class='ocrx_word' id='word_1_170' title='bbox 3422 1169 3694 1225; x_wconf 79' lang='lat' dir='ltr'><strong>exercitio</strong></span> <span class='ocrx_word' id='word_1_171' title='bbox 3731 1181 3839 1227; x_wconf 85' lang='lat' dir='ltr'><strong>tam</strong></span> 
     </span>
    </p>
   </div>
   <div class='ocr_carea' id='block_1_28' title="bbox 2246 1254 3841 1335">
    <p class='ocr_par' dir='ltr' id='par_1_28' title="bbox 2246 1254 3841 1335">
     <span class='ocr_line' id='line_1_28' title="bbox 2246 1254 3841 1335; baseline 0.008 -30"><span class='ocrx_word' id='word_1_172' title='bbox 2246 1254 2435 1323; x_wconf 80' lang='lat' dir='ltr'><strong>grandi</strong></span> <span class='ocrx_word' id='word_1_173' title='bbox 2468 1262 2631 1323; x_wconf 87' lang='lat' dir='ltr'><strong>atque</strong></span> <span class='ocrx_word' id='word_1_174' title='bbox 2666 1255 2993 1322; x_wconf 87' lang='lat' dir='ltr'><strong>admirabili,</strong></span> <span class='ocrx_word' id='word_1_175' title='bbox 3017 1266 3239 1312; x_wconf 82' lang='lat' dir='ltr'><strong>ventum</strong></span> <span class='ocrx_word' id='word_1_176' title='bbox 3289 1268 3376 1314; x_wconf 89' lang='lat' dir='ltr'><strong>est</strong></span> <span class='ocrx_word' id='word_1_177' title='bbox 3425 1260 3495 1315; x_wconf 84' lang='lat' dir='ltr'><strong>ad</strong></span> <span class='ocrx_word' id='word_1_178' title='bbox 3535 1261 3841 1335; x_wconf 80' lang='lat' dir='ltr'><strong>decimum,</strong></span> 
     </span>
    </p>
   </div>
   <div class='ocr_carea' id='block_1_29' title="bbox 2248 1344 3837 1420">
    <p class='ocr_par' dir='ltr' id='par_1_29' title="bbox 2248 1344 3837 1420">
     <span class='ocr_line' id='line_1_29' title="bbox 2248 1344 3837 1420; baseline 0.006 -23"><span class='ocrx_word' id='word_1_179' title='bbox 2248 1344 2304 1398; x_wconf 89' lang='lat' dir='ltr'><strong>in</strong></span> <span class='ocrx_word' id='word_1_180' title='bbox 2328 1360 2438 1415; x_wconf 90' lang='lat' dir='ltr'><strong>quo</strong></span> <span class='ocrx_word' id='word_1_181' title='bbox 2465 1346 2711 1414; x_wconf 90' lang='lat' dir='ltr'><strong>pervenit</strong></span> <span class='ocrx_word' id='word_1_182' title='bbox 2741 1346 2807 1401; x_wconf 90' lang='lat' dir='ltr'><strong>ad</strong></span> <span class='ocrx_word' id='word_1_183' title='bbox 2837 1357 3024 1403; x_wconf 89' lang='lat' dir='ltr'><strong>votum</strong></span> <span class='ocrx_word' id='word_1_184' title='bbox 3048 1349 3144 1404; x_wconf 89' lang='lat' dir='ltr'><strong>diu</strong></span> <span class='ocrx_word' id='word_1_185' title='bbox 3182 1349 3347 1404; x_wconf 85' lang='lat' dir='ltr'><strong>nimis</strong></span> <span class='ocrx_word' id='word_1_186' title='bbox 3394 1359 3669 1420; x_wconf 87' lang='lat' dir='ltr'><strong>optatum.</strong></span> <span class='ocrx_word' id='word_1_187' title='bbox 3704 1351 3837 1408; x_wconf 78' lang='lat' dir='ltr'><strong>Nam</strong></span> 
     </span>
    </p>
   </div>
   <div class='ocr_carea' id='block_1_30' title="bbox 2242 1436 3837 1513">
    <p class='ocr_par' dir='ltr' id='par_1_30' title="bbox 2242 1436 3837 1513">
     <span class='ocr_line' id='line_1_30' title="bbox 2242 1436 3837 1513; baseline 0.006 -22"><span class='ocrx_word' id='word_1_188' title='bbox 2242 1437 2331 1492; x_wconf 86' lang='lat' dir='ltr'><strong>sic</strong></span> <span class='ocrx_word' id='word_1_189' title='bbox 2352 1452 2453 1507; x_wconf 92' lang='lat' dir='ltr'><strong>pro</strong></span> <span class='ocrx_word' id='word_1_190' title='bbox 2495 1436 2717 1493; x_wconf 84' lang='lat' dir='ltr'><strong>Christo</strong></span> <span class='ocrx_word' id='word_1_191' title='bbox 2761 1439 2900 1494; x_wconf 91' lang='lat' dir='ltr'><strong>mori</strong></span> <span class='ocrx_word' id='word_1_192' title='bbox 2954 1440 3209 1497; x_wconf 88' lang='lat' dir='ltr'><strong>ardenter</strong></span> <span class='ocrx_word' id='word_1_193' title='bbox 3247 1442 3521 1513; x_wconf 89' lang='lat' dir='ltr'><strong>cupiebat,</strong></span> <span class='ocrx_word' id='word_1_194' title='bbox 3575 1453 3659 1509; x_wconf 89' lang='lat' dir='ltr'><strong>ut,</strong></span> <span class='ocrx_word' id='word_1_195' title='bbox 3714 1463 3837 1501; x_wconf 75' lang='lat' dir='ltr'><strong>cum</strong></span> 
     </span>
    </p>
   </div>
   <div class='ocr_carea' id='block_1_31' title="bbox 2246 1527 3839 1607">
    <p class='ocr_par' dir='ltr' id='par_1_31' title="bbox 2246 1527 3839 1607">
     <span class='ocr_line' id='line_1_31' title="bbox 2246 1527 3839 1607; baseline 0.008 -27"><span class='ocrx_word' id='word_1_196' title='bbox 2246 1527 2544 1597; x_wconf 85' lang='lat' dir='ltr'><strong>quemlibet</strong></span> <span class='ocrx_word' id='word_1_197' title='bbox 2580 1543 2640 1583; x_wconf 90' lang='lat' dir='ltr'><strong>se</strong></span> <span class='ocrx_word' id='word_1_198' title='bbox 2688 1529 2968 1601; x_wconf 86' lang='lat' dir='ltr'><strong>Deumque</strong></span> <span class='ocrx_word' id='word_1_199' title='bbox 3015 1541 3263 1588; x_wconf 88' lang='lat' dir='ltr'><strong>cerneret</strong></span> <span class='ocrx_word' id='word_1_200' title='bbox 3310 1549 3447 1605; x_wconf 89' lang='lat' dir='ltr'><strong>pure</strong></span> <span class='ocrx_word' id='word_1_201' title='bbox 3498 1535 3839 1607; x_wconf 74' lang='lat' dir='ltr'><strong>diligentem,</strong></span> 
     </span>
    </p>
   </div>
   <div class='ocr_carea' id='block_1_32' title="bbox 2248 1623 3840 1695">
    <p class='ocr_par' dir='ltr' id='par_1_32' title="bbox 2248 1623 3840 1695">
     <span class='ocr_line' id='line_1_32' title="bbox 2248 1623 3840 1695; baseline 0.008 -22"><span class='ocrx_word' id='word_1_202' title='bbox 2248 1635 2444 1691; x_wconf 84' lang='lat' dir='ltr'><strong>magna</strong></span> <span class='ocrx_word' id='word_1_203' title='bbox 2477 1637 2602 1675; x_wconf 90' lang='lat' dir='ltr'><strong>cum</strong></span> <span class='ocrx_word' id='word_1_204' title='bbox 2641 1637 2799 1692; x_wconf 84' lang='lat' dir='ltr'><strong>prece</strong></span> <span class='ocrx_word' id='word_1_205' title='bbox 2851 1623 3189 1695; x_wconf 86' lang='lat' dir='ltr'><strong>deposceret,</strong></span> <span class='ocrx_word' id='word_1_206' title='bbox 3219 1626 3455 1682; x_wconf 84' lang='lat' dir='ltr'><strong>dicens:</strong></span> <span class='ocrx_word' id='word_1_207' title='bbox 3493 1625 3745 1683; x_wconf 85' lang='lat' dir='ltr'><strong>Obsecro</strong></span> <span class='ocrx_word' id='word_1_208' title='bbox 3792 1640 3840 1685; x_wconf 85' lang='lat' dir='ltr'><strong>te</strong></span> 
     </span>
    </p>
   </div>
   <div class='ocr_carea' id='block_1_33' title="bbox 2249 1712 3838 1791">
    <p class='ocr_par' dir='ltr' id='par_1_33' title="bbox 2249 1712 3838 1791">
     <span class='ocr_line' id='line_1_33' title="bbox 2249 1712 3838 1791; baseline 0.006 -24"><span class='ocrx_word' id='word_1_209' title='bbox 2249 1729 2344 1783; x_wconf 89' lang='lat' dir='ltr'><strong>per</strong></span> <span class='ocrx_word' id='word_1_210' title='bbox 2367 1712 2671 1783; x_wconf 86' lang='lat' dir='ltr'><strong>Christum,</strong></span> <span class='ocrx_word' id='word_1_211' title='bbox 2699 1724 2762 1771; x_wconf 90' lang='lat' dir='ltr'><strong>ut</strong></span> <span class='ocrx_word' id='word_1_212' title='bbox 2780 1731 2889 1787; x_wconf 88' lang='lat' dir='ltr'><strong>pro</strong></span> <span class='ocrx_word' id='word_1_213' title='bbox 2903 1716 2991 1772; x_wconf 74' lang='lat' dir='ltr'><strong>r’ne</strong></span> <span class='ocrx_word' id='word_1_214' title='bbox 3007 1733 3220 1788; x_wconf 89' lang='lat' dir='ltr'><strong>precem</strong></span> <span class='ocrx_word' id='word_1_215' title='bbox 3246 1718 3444 1774; x_wconf 89' lang='lat' dir='ltr'><strong>fundas</strong></span> <span class='ocrx_word' id='word_1_216' title='bbox 3469 1719 3635 1789; x_wconf 37' lang='lat' dir='ltr'><strong>apudi</strong></span> <span class='ocrx_word' id='word_1_217' title='bbox 3660 1721 3838 1791; x_wconf 77' lang='lat' dir='ltr'><strong>ipsum</strong></span> 
     </span>
    </p>
   </div>
   <div class='ocr_carea' id='block_1_34' title="bbox 549 1808 2147 1893">
    <p class='ocr_par' dir='ltr' id='par_1_34' title="bbox 549 1819 2146 1893">
     <span class='ocr_line' id='line_1_34' title="bbox 549 1819 2146 1893; baseline 0.006 -20"><span class='ocrx_word' id='word_1_218' title='bbox 549 1835 649 1889; x_wconf 89' lang='lat' dir='ltr'><strong>par</strong></span> <span class='ocrx_word' id='word_1_219' title='bbox 678 1819 909 1875; x_wconf 85' lang='lat' dir='ltr'><strong>inveniri</strong></span> <span class='ocrx_word' id='word_1_220' title='bbox 941 1830 1148 1890; x_wconf 85' lang='lat' dir='ltr'><strong>posset,</strong></span> <span class='ocrx_word' id='word_1_221' title='bbox 1203 1822 1514 1878; x_wconf 90' lang='lat' dir='ltr'><strong>nullatenus</strong></span> <span class='ocrx_word' id='word_1_222' title='bbox 1541 1825 1662 1893; x_wconf 92' lang='lat' dir='ltr'><strong>plus</strong></span> <span class='ocrx_word' id='word_1_223' title='bbox 1692 1824 1745 1878; x_wconf 90' lang='lat' dir='ltr'><strong>in</strong></span> <span class='ocrx_word' id='word_1_224' title='bbox 1790 1841 1888 1880; x_wconf 88' lang='lat' dir='ltr'><strong>sua</strong></span> <span class='ocrx_word' id='word_1_225' title='bbox 1920 1826 2146 1881; x_wconf 86' lang='lat' dir='ltr'><strong>scientia</strong></span> 
     </span>
    </p>
   </div>
   <div class='ocr_carea' id='block_1_35' title="bbox 2250 1808 3835 1893">
    <p class='ocr_par' dir='ltr' id='par_1_35' title="bbox 2250 1808 3835 1880">
     <span class='ocr_line' id='line_1_35' title="bbox 2250 1808 3835 1880; baseline 0.004 -19"><span class='ocrx_word' id='word_1_226' title='bbox 2250 1816 2518 1877; x_wconf 88' lang='lat' dir='ltr'><strong>quatenus</strong></span> <span class='ocrx_word' id='word_1_227' title='bbox 2543 1808 2808 1880; x_wconf 81' lang='lat' dir='ltr'><strong>sanguine</strong></span> <span class='ocrx_word' id='word_1_228' title='bbox 2849 1810 3071 1880; x_wconf 82' lang='lat' dir='ltr'><strong>proprio</strong></span> <span class='ocrx_word' id='word_1_229' title='bbox 3111 1812 3299 1866; x_wconf 90' lang='lat' dir='ltr'><strong>testari</strong></span> <span class='ocrx_word' id='word_1_230' title='bbox 3349 1827 3567 1867; x_wconf 89' lang='lat' dir='ltr'><strong>merear</strong></span> <span class='ocrx_word' id='word_1_231' title='bbox 3611 1814 3835 1867; x_wconf 78' lang='lat' dir='ltr'><strong>verbum</strong></span> 
     </span>
    </p>
   </div>
   <div class='ocr_carea' id='block_1_36' title="bbox 549 1914 2143 1986">
    <p class='ocr_par' dir='ltr' id='par_1_36' title="bbox 549 1914 2143 1986">
     <span class='ocr_line' id='line_1_36' title="bbox 549 1914 2143 1986; baseline 0.005 -20"><span class='ocrx_word' id='word_1_232' title='bbox 549 1914 857 1968; x_wconf 75' lang='lat' dir='ltr'><strong>confidebat</strong></span> <span class='ocrx_word' id='word_1_233' title='bbox 899 1931 1065 1986; x_wconf 90' lang='lat' dir='ltr'><strong>quam</strong></span> <span class='ocrx_word' id='word_1_234' title='bbox 1108 1915 1258 1970; x_wconf 90' lang='lat' dir='ltr'><strong>velut</strong></span> <span class='ocrx_word' id='word_1_235' title='bbox 1307 1932 1407 1971; x_wconf 91' lang='lat' dir='ltr'><strong>nec</strong></span> <span class='ocrx_word' id='word_1_236' title='bbox 1455 1933 1620 1971; x_wconf 89' lang='lat' dir='ltr'><strong>unam</strong></span> <span class='ocrx_word' id='word_1_237' title='bbox 1672 1918 1837 1973; x_wconf 88' lang='lat' dir='ltr'><strong>sciret</strong></span> <span class='ocrx_word' id='word_1_238' title='bbox 1884 1918 2143 1975; x_wconf 90' lang='lat' dir='ltr'><strong>litteram.</strong></span> 
     </span>
    </p>
   </div>
   <div class='ocr_carea' id='block_1_37' title="bbox 548 2002 2145 2077">
    <p class='ocr_par' dir='ltr' id='par_1_37' title="bbox 548 2002 2145 2077">
     <span class='ocr_line' id='line_1_37' title="bbox 548 2002 2145 2077; baseline 0.004 -20"><span class='ocrx_word' id='word_1_239' title='bbox 548 2002 658 2057; x_wconf 85' lang='lat' dir='ltr'><strong>Sed</strong></span> <span class='ocrx_word' id='word_1_240' title='bbox 690 2020 815 2058; x_wconf 84' lang='lat' dir='ltr'><strong>cum</strong></span> <span class='ocrx_word' id='word_1_241' title='bbox 856 2014 1000 2059; x_wconf 91' lang='lat' dir='ltr'><strong>esset</strong></span> <span class='ocrx_word' id='word_1_242' title='bbox 1043 2021 1168 2059; x_wconf 89' lang='lat' dir='ltr'><strong>cum</strong></span> <span class='ocrx_word' id='word_1_243' title='bbox 1216 2007 1401 2077; x_wconf 90' lang='lat' dir='ltr'><strong>aliquo</strong></span> <span class='ocrx_word' id='word_1_244' title='bbox 1444 2007 1510 2062; x_wconf 92' lang='lat' dir='ltr'><strong>de</strong></span> <span class='ocrx_word' id='word_1_245' title='bbox 1548 2007 1653 2062; x_wconf 80' lang='lat' dir='ltr'><strong>fide</strong></span> <span class='ocrx_word' id='word_1_246' title='bbox 1701 2008 2063 2065; x_wconf 87' lang='lat' dir='ltr'><strong>altercaturus</strong></span> <span class='ocrx_word' id='word_1_247' title='bbox 2091 2010 2145 2064; x_wconf 90' lang='lat' dir='ltr'><strong>in</strong></span> 
     </span>
    </p>
   </div>
   <div class='ocr_carea' id='block_1_38' title="bbox 550 2095 2146 2175">
    <p class='ocr_par' dir='ltr' id='par_1_38' title="bbox 550 2095 2146 2175">
     <span class='ocr_line' id='line_1_38' title="bbox 550 2095 2146 2175; baseline 0.006 -27"><span class='ocrx_word' id='word_1_248' title='bbox 550 2095 790 2165; x_wconf 87' lang='lat' dir='ltr'><strong>publico,</strong></span> <span class='ocrx_word' id='word_1_249' title='bbox 829 2097 1146 2167; x_wconf 88' lang='lat' dir='ltr'><strong>priusquam</strong></span> <span class='ocrx_word' id='word_1_250' title='bbox 1180 2098 1297 2169; x_wconf 91' lang='lat' dir='ltr'><strong>ipsa</strong></span> <span class='ocrx_word' id='word_1_251' title='bbox 1334 2100 1627 2175; x_wconf 64' lang='lat' dir='ltr'><strong>haberetur</strong></span> <span class='ocrx_word' id='word_1_252' title='bbox 1664 2096 1981 2171; x_wconf 80' lang='lat' dir='ltr'><strong>congressio</strong></span> <span class='ocrx_word' id='word_1_253' title='bbox 2026 2111 2146 2157; x_wconf 77' lang='lat' dir='ltr'><strong>stu~</strong></span> 
     </span>
    </p>
   </div>
   <div class='ocr_carea' id='block_1_39' title="bbox 548 2189 2149 2264">
    <p class='ocr_par' dir='ltr' id='par_1_39' title="bbox 548 2189 2149 2264">
     <span class='ocr_line' id='line_1_39' title="bbox 548 2189 2149 2264; baseline 0.004 -22"><span class='ocrx_word' id='word_1_254' title='bbox 548 2189 713 2243; x_wconf 90' lang='lat' dir='ltr'><strong>debat</strong></span> <span class='ocrx_word' id='word_1_255' title='bbox 745 2205 842 2259; x_wconf 89' lang='lat' dir='ltr'><strong>per</strong></span> <span class='ocrx_word' id='word_1_256' title='bbox 877 2205 956 2256; x_wconf 90' lang='lat' dir='ltr'><strong>se,</strong></span> <span class='ocrx_word' id='word_1_257' title='bbox 993 2190 1109 2245; x_wconf 86' lang='lat' dir='ltr'><strong>sive</strong></span> <span class='ocrx_word' id='word_1_258' title='bbox 1144 2206 1239 2261; x_wconf 89' lang='lat' dir='ltr'><strong>per</strong></span> <span class='ocrx_word' id='word_1_259' title='bbox 1269 2189 1467 2247; x_wconf 82' lang='lat' dir='ltr'><strong>fratres</strong></span> <span class='ocrx_word' id='word_1_260' title='bbox 1496 2192 1757 2259; x_wconf 90' lang='lat' dir='ltr'><strong>directos,</strong></span> <span class='ocrx_word' id='word_1_261' title='bbox 1799 2193 2149 2264; x_wconf 81' lang='lat' dir='ltr'><strong>circumqua-</strong></span> 
     </span>
    </p>
   </div>
   <div class='ocr_carea' id='block_1_40' title="bbox 549 2284 2144 2357">
    <p class='ocr_par' dir='ltr' id='par_1_40' title="bbox 549 2284 2144 2357">
     <span class='ocr_line' id='line_1_40' title="bbox 549 2284 2144 2357; baseline 0.005 -23"><span class='ocrx_word' id='word_1_262' title='bbox 549 2296 659 2350; x_wconf 73' lang='lat' dir='ltr'><strong>que</strong></span> <span class='ocrx_word' id='word_1_263' title='bbox 686 2297 913 2350; x_wconf 90' lang='lat' dir='ltr'><strong>corpora</strong></span> <span class='ocrx_word' id='word_1_264' title='bbox 942 2291 1258 2337; x_wconf 90' lang='lat' dir='ltr'><strong>sanctorum</strong></span> <span class='ocrx_word' id='word_1_265' title='bbox 1288 2284 1588 2354; x_wconf 87' lang='lat' dir='ltr'><strong>requirere,</strong></span> <span class='ocrx_word' id='word_1_266' title='bbox 1635 2293 1799 2354; x_wconf 89' lang='lat' dir='ltr'><strong>atque</strong></span> <span class='ocrx_word' id='word_1_267' title='bbox 1827 2301 2017 2340; x_wconf 88' lang='lat' dir='ltr'><strong>eorum</strong></span> <span class='ocrx_word' id='word_1_268' title='bbox 2046 2303 2144 2357; x_wconf 90' lang='lat' dir='ltr'><strong>pa-</strong></span> 
     </span>
    </p>
   </div>
   <div class='ocr_carea' id='block_1_41' title="bbox 549 2370 2148 2443">
    <p class='ocr_par' dir='ltr' id='par_1_41' title="bbox 549 2370 2148 2443">
     <span class='ocr_line' id='line_1_41' title="bbox 549 2370 2148 2443; baseline 0.006 -21"><span class='ocrx_word' id='word_1_269' title='bbox 549 2370 805 2436; x_wconf 77' lang='lat' dir='ltr'><strong>troeinia,</strong></span> <span class='ocrx_word' id='word_1_270' title='bbox 837 2371 928 2425; x_wconf 93' lang='lat' dir='ltr'><strong>ubi</strong></span> <span class='ocrx_word' id='word_1_271' title='bbox 960 2386 1179 2426; x_wconf 90' lang='lat' dir='ltr'><strong>omnem</strong></span> <span class='ocrx_word' id='word_1_272' title='bbox 1212 2388 1368 2427; x_wconf 90' lang='lat' dir='ltr'><strong>suam</strong></span> <span class='ocrx_word' id='word_1_273' title='bbox 1403 2389 1555 2443; x_wconf 90' lang='lat' dir='ltr'><strong>spem</strong></span> <span class='ocrx_word' id='word_1_274' title='bbox 1586 2375 1901 2442; x_wconf 90' lang='lat' dir='ltr'><strong>collocarat,</strong></span> <span class='ocrx_word' id='word_1_275' title='bbox 1950 2377 2148 2433; x_wconf 76' lang='lat' dir='ltr'><strong>obnixe</strong></span> 
     </span>
    </p>
   </div>
   <div class='ocr_carea' id='block_1_42' title="bbox 548 2462 2148 2535">
    <p class='ocr_par' dir='ltr' id='par_1_42' title="bbox 548 2462 2148 2535">
     <span class='ocr_line' id='line_1_42' title="bbox 548 2462 2148 2535; baseline 0.004 -18"><span class='ocrx_word' id='word_1_276' title='bbox 548 2463 813 2534; x_wconf 84' lang='lat' dir='ltr'><strong>ﬂagitare.</strong></span> <span class='ocrx_word' id='word_1_277' title='bbox 848 2462 985 2518; x_wconf 88' lang='lat' dir='ltr'><strong>Nam</strong></span> <span class='ocrx_word' id='word_1_278' title='bbox 1016 2465 1278 2535; x_wconf 88' lang='lat' dir='ltr'><strong>quotidie,</strong></span> <span class='ocrx_word' id='word_1_279' title='bbox 1313 2466 1544 2522; x_wconf 84' lang='lat' dir='ltr'><strong>vallatus</strong></span> <span class='ocrx_word' id='word_1_280' title='bbox 1575 2465 1815 2522; x_wconf 83' lang='lat' dir='ltr'><strong>fraterna</strong></span> <span class='ocrx_word' id='word_1_281' title='bbox 1847 2469 1983 2535; x_wconf 86' lang='lat' dir='ltr'><strong>acie,</strong></span> <span class='ocrx_word' id='word_1_282' title='bbox 2021 2484 2148 2524; x_wconf 86' lang='lat' dir='ltr'><strong>san-</strong></span> 
     </span>
    </p>
   </div>
   <div class='ocr_carea' id='block_1_43' title="bbox 446 2556 2147 2637">
    <p class='ocr_par' dir='ltr' id='par_1_43' title="bbox 446 2556 2147 2637">
     <span class='ocr_line' id='line_1_43' title="bbox 446 2556 2147 2637; baseline 0.002 -26"><span class='ocrx_word' id='word_1_283' title='bbox 446 2626 459 2637; x_wconf 46' lang='lat'><strong><em>.</em></strong></span> <span class='ocrx_word' id='word_1_284' title='bbox 549 2564 766 2611; x_wconf 87' lang='lat' dir='ltr'><strong>ctorum</strong></span> <span class='ocrx_word' id='word_1_285' title='bbox 794 2571 1024 2626; x_wconf 89' lang='lat' dir='ltr'><strong>corpora</strong></span> <span class='ocrx_word' id='word_1_286' title='bbox 1054 2556 1382 2612; x_wconf 90' lang='lat' dir='ltr'><strong>circumibat</strong></span> <span class='ocrx_word' id='word_1_287' title='bbox 1408 2566 1570 2629; x_wconf 87' lang='lat' dir='ltr'><strong>atque</strong></span> <span class='ocrx_word' id='word_1_288' title='bbox 1593 2574 1777 2615; x_wconf 85' lang='lat' dir='ltr'><strong>coram</strong></span> <span class='ocrx_word' id='word_1_289' title='bbox 1804 2559 2008 2614; x_wconf 87' lang='lat' dir='ltr'><strong>eisdem</strong></span> <span class='ocrx_word' id='word_1_290' title='bbox 2037 2559 2147 2616; x_wconf 90' lang='lat' dir='ltr'><strong>Deo</strong></span> 
     </span>
    </p>
   </div>
   <div class='ocr_carea' id='block_1_44' title="bbox 549 2647 1505 2720">
    <p class='ocr_par' dir='ltr' id='par_1_44' title="bbox 549 2647 1505 2720">
     <span class='ocr_line' id='line_1_44' title="bbox 549 2647 1505 2720; baseline 0.003 -19"><span class='ocrx_word' id='word_1_291' title='bbox 549 2649 947 2719; x_wconf 81' lang='lat' dir='ltr'><strong>gemebundam</strong></span> <span class='ocrx_word' id='word_1_292' title='bbox 980 2647 1241 2704; x_wconf 80' lang='lat' dir='ltr'><strong>fundebat</strong></span> <span class='ocrx_word' id='word_1_293' title='bbox 1267 2664 1505 2720; x_wconf 89' lang='lat' dir='ltr'><strong>precem.</strong></span> 
     </span>
    </p>
   </div>
   <div class='ocr_carea' id='block_1_45' title="bbox 621 2738 2145 2814">
    <p class='ocr_par' dir='ltr' id='par_1_45' title="bbox 621 2738 2145 2814">
     <span class='ocr_line' id='line_1_45' title="bbox 621 2738 2145 2814; baseline 0.003 -20"><span class='ocrx_word' id='word_1_294' title='bbox 621 2740 710 2794; x_wconf 71' lang='grc'><strong>54.</strong></span> <span class='ocrx_word' id='word_1_295' title='bbox 750 2738 1027 2796; x_wconf 80' lang='lat' dir='ltr'><strong>Exeuntes</strong></span> <span class='ocrx_word' id='word_1_296' title='bbox 1066 2741 1211 2795; x_wconf 89' lang='lat' dir='ltr'><strong>enim</strong></span> <span class='ocrx_word' id='word_1_297' title='bbox 1244 2758 1274 2795; x_wconf 91' lang='lat' dir='ltr'><strong>a</strong></span> <span class='ocrx_word' id='word_1_298' title='bbox 1301 2741 1485 2809; x_wconf 92' lang='lat' dir='ltr'><strong>domo,</strong></span> <span class='ocrx_word' id='word_1_299' title='bbox 1516 2742 1831 2814; x_wconf 80' lang='lat' dir='ltr'><strong>singulatim</strong></span> <span class='ocrx_word' id='word_1_300' title='bbox 1860 2743 2145 2813; x_wconf 89' lang='lat' dir='ltr'><strong>privatim-</strong></span> 
     </span>
    </p>
   </div>
   <div class='ocr_carea' id='block_1_46' title="bbox 521 2832 2145 2905">
    <p class='ocr_par' dir='ltr' id='par_1_46' title="bbox 521 2832 2145 2905">
     <span class='ocr_line' id='line_1_46' title="bbox 521 2832 2145 2905; baseline 0.002 -19"><span class='ocrx_word' id='word_1_301' title='bbox 521 2848 657 2902; x_wconf 64' lang='lat' dir='ltr'><strong>‘que</strong></span> <span class='ocrx_word' id='word_1_302' title='bbox 699 2832 908 2887; x_wconf 86' lang='lat' dir='ltr'><strong>orando</strong></span> <span class='ocrx_word' id='word_1_303' title='bbox 954 2833 1373 2901; x_wconf 88' lang='lat' dir='ltr'><strong>incedebamus,</strong></span> <span class='ocrx_word' id='word_1_304' title='bbox 1417 2835 1589 2889; x_wconf 89' lang='lat' dir='ltr'><strong>donec</strong></span> <span class='ocrx_word' id='word_1_305' title='bbox 1632 2835 1817 2905; x_wconf 89' lang='lat' dir='ltr'><strong>populi</strong></span> <span class='ocrx_word' id='word_1_306' title='bbox 1852 2836 2145 2890; x_wconf 91' lang='lat' dir='ltr'><strong>tumultum</strong></span> 
     </span>
    </p>
   </div>
   <div class='ocr_carea' id='block_1_47' title="bbox 550 2924 2147 2997">
    <p class='ocr_par' dir='ltr' id='par_1_47' title="bbox 550 2924 2147 2997">
     <span class='ocr_line' id='line_1_47' title="bbox 550 2924 2147 2997; baseline 0.003 -19"><span class='ocrx_word' id='word_1_307' title='bbox 550 2924 963 2980; x_wconf 87' lang='lat' dir='ltr'><strong>transissemus.</strong></span> <span class='ocrx_word' id='word_1_308' title='bbox 1014 2927 1135 2992; x_wconf 74' lang='lat' dir='ltr'><strong>Quo</strong></span> <span class='ocrx_word' id='word_1_309' title='bbox 1182 2928 1448 2993; x_wconf 88' lang='lat' dir='ltr'><strong>transito,</strong></span> <span class='ocrx_word' id='word_1_310' title='bbox 1499 2927 1740 2997; x_wconf 90' lang='lat' dir='ltr'><strong>psalmos</strong></span> <span class='ocrx_word' id='word_1_311' title='bbox 1787 2928 2147 2983; x_wconf 90' lang='lat' dir='ltr'><strong>cantabamus</strong></span> 
     </span>
    </p>
   </div>
   <div class='ocr_carea' id='block_1_48' title="bbox 551 3016 2144 3090">
    <p class='ocr_par' dir='ltr' id='par_1_48' title="bbox 551 3016 2144 3090">
     <span class='ocr_line' id='line_1_48' title="bbox 551 3016 2144 3090; baseline 0.003 -20"><span class='ocrx_word' id='word_1_312' title='bbox 551 3016 858 3086; x_wconf 79' lang='lat' dir='ltr'><strong>reciproce,</strong></span> <span class='ocrx_word' id='word_1_313' title='bbox 903 3034 1044 3088; x_wconf 87' lang='lat' dir='ltr'><strong>quos</strong></span> <span class='ocrx_word' id='word_1_314' title='bbox 1085 3018 1378 3088; x_wconf 88' lang='lat' dir='ltr'><strong>incipiebat</strong></span> <span class='ocrx_word' id='word_1_315' title='bbox 1413 3019 1556 3089; x_wconf 88' lang='lat' dir='ltr'><strong>ipse,</strong></span> <span class='ocrx_word' id='word_1_316' title='bbox 1595 3028 1650 3074; x_wconf 90' lang='lat' dir='ltr'><strong>et</strong></span> <span class='ocrx_word' id='word_1_317' title='bbox 1685 3020 1790 3074; x_wconf 91' lang='lat' dir='ltr'><strong>hoc</strong></span> <span class='ocrx_word' id='word_1_318' title='bbox 1829 3020 2144 3090; x_wconf 85' lang='lat' dir='ltr'><strong>agebamus,</strong></span> 
     </span>
    </p>
   </div>
   <div class='ocr_carea' id='block_1_49' title="bbox 551 3109 2144 3183">
    <p class='ocr_par' dir='ltr' id='par_1_49' title="bbox 551 3109 2144 3183">
     <span class='ocr_line' id='line_1_49' title="bbox 551 3109 2144 3183; baseline 0.003 -21"><span class='ocrx_word' id='word_1_319' title='bbox 551 3124 841 3179; x_wconf 87' lang='lat' dir='ltr'><strong>quousque</strong></span> <span class='ocrx_word' id='word_1_320' title='bbox 861 3109 1105 3165; x_wconf 71' lang='lat' dir='ltr'><strong>ecclesim</strong></span> <span class='ocrx_word' id='word_1_321' title='bbox 1127 3110 1313 3180; x_wconf 88' lang='lat' dir='ltr'><strong>januis</strong></span> <span class='ocrx_word' id='word_1_322' title='bbox 1335 3111 1569 3181; x_wconf 82' lang='lat' dir='ltr'><strong>proximi</strong></span> <span class='ocrx_word' id='word_1_323' title='bbox 1594 3127 1864 3178; x_wconf 84' lang='lat' dir='ltr'><strong>essemus,</strong></span> <span class='ocrx_word' id='word_1_324' title='bbox 1892 3112 1960 3167; x_wconf 90' lang='lat' dir='ltr'><strong>ad</strong></span> <span class='ocrx_word' id='word_1_325' title='bbox 1980 3126 2144 3183; x_wconf 90' lang='lat' dir='ltr'><strong>quam</strong></span> 
     </span>
    </p>
   </div>
   <div class='ocr_carea' id='block_1_50' title="bbox 553 3199 2150 3274">
    <p class='ocr_par' dir='ltr' id='par_1_50' title="bbox 553 3199 2150 3274">
     <span class='ocr_line' id='line_1_50' title="bbox 553 3199 2150 3274; baseline 0.003 -22"><span class='ocrx_word' id='word_1_326' title='bbox 553 3199 943 3269; x_wconf 80' lang='lat' dir='ltr'><strong>pergebamus,</strong></span> <span class='ocrx_word' id='word_1_327' title='bbox 997 3200 1088 3255; x_wconf 90' lang='lat' dir='ltr'><strong>ubi</strong></span> <span class='ocrx_word' id='word_1_328' title='bbox 1135 3200 1323 3255; x_wconf 91' lang='lat' dir='ltr'><strong>relicta</strong></span> <span class='ocrx_word' id='word_1_329' title='bbox 1369 3202 1672 3271; x_wconf 89' lang='lat' dir='ltr'><strong>psalmodia</strong></span> <span class='ocrx_word' id='word_1_330' title='bbox 1717 3201 1946 3272; x_wconf 86' lang='lat' dir='ltr'><strong>ejusque</strong></span> <span class='ocrx_word' id='word_1_331' title='bbox 1994 3211 2150 3274; x_wconf 90' lang='lat' dir='ltr'><strong>parte</strong></span> 
     </span>
    </p>
   </div>
   <div class='ocr_carea' id='block_1_51' title="bbox 554 3290 2149 3363">
    <p class='ocr_par' dir='ltr' id='par_1_51' title="bbox 554 3290 2149 3363">
     <span class='ocr_line' id='line_1_51' title="bbox 554 3290 2149 3363; baseline 0.004 -19"><span class='ocrx_word' id='word_1_332' title='bbox 554 3290 747 3344; x_wconf 85' lang='lat' dir='ltr'><strong>ultima</strong></span> <span class='ocrx_word' id='word_1_333' title='bbox 779 3292 1054 3347; x_wconf 63' lang='lat' dir='ltr'><strong>memoriae</strong></span> <span class='ocrx_word' id='word_1_334' title='bbox 1084 3293 1299 3358; x_wconf 86' lang='lat' dir='ltr'><strong>tradita,</strong></span> <span class='ocrx_word' id='word_1_335' title='bbox 1331 3310 1470 3363; x_wconf 89' lang='lat' dir='ltr'><strong>quos</strong></span> <span class='ocrx_word' id='word_1_336' title='bbox 1502 3294 1568 3349; x_wconf 91' lang='lat' dir='ltr'><strong>ad</strong></span> <span class='ocrx_word' id='word_1_337' title='bbox 1598 3294 1816 3349; x_wconf 90' lang='lat' dir='ltr'><strong>laudem</strong></span> <span class='ocrx_word' id='word_1_338' title='bbox 1843 3295 1988 3350; x_wconf 90' lang='lat' dir='ltr'><strong>illius</strong></span> <span class='ocrx_word' id='word_1_339' title='bbox 2018 3311 2149 3350; x_wconf 91' lang='lat' dir='ltr'><strong>san-</strong></span> 
     </span>
    </p>
   </div>
   <div class='ocr_carea' id='block_1_52' title="bbox 556 3383 2147 3458">
    <p class='ocr_par' dir='ltr' id='par_1_52' title="bbox 556 3383 2147 3458">
     <span class='ocr_line' id='line_1_52' title="bbox 556 3383 2147 3458; baseline 0.004 -22"><span class='ocrx_word' id='word_1_340' title='bbox 556 3383 628 3443; x_wconf 85' lang='lat' dir='ltr'><strong>cti</strong></span> <span class='ocrx_word' id='word_1_341' title='bbox 668 3384 939 3453; x_wconf 85' lang='lat' dir='ltr'><strong>pertinere</strong></span> <span class='ocrx_word' id='word_1_342' title='bbox 976 3393 1170 3440; x_wconf 84' lang='lat' dir='ltr'><strong>cautus</strong></span> <span class='ocrx_word' id='word_1_343' title='bbox 1208 3386 1290 3440; x_wconf 88' lang='lat' dir='ltr'><strong>vel</strong></span> <span class='ocrx_word' id='word_1_344' title='bbox 1330 3386 1562 3458; x_wconf 84' lang='lat' dir='ltr'><strong>hymnos</strong></span> <span class='ocrx_word' id='word_1_345' title='bbox 1599 3388 1823 3455; x_wconf 87' lang='lat' dir='ltr'><strong>sciebat,</strong></span> <span class='ocrx_word' id='word_1_346' title='bbox 1866 3389 2147 3457; x_wconf 87' lang='lat' dir='ltr'><strong>sumebat;</strong></span> 
     </span>
    </p>
   </div>
   <div class='ocr_carea' id='block_1_53' title="bbox 556 3476 2151 3553">
    <p class='ocr_par' dir='ltr' id='par_1_53' title="bbox 556 3476 2151 3553">
     <span class='ocr_line' id='line_1_53' title="bbox 556 3476 2151 3553; baseline 0.003 -22"><span class='ocrx_word' id='word_1_347' title='bbox 556 3476 637 3531; x_wconf 87' lang='lat' dir='ltr'><strong>sic</strong></span> <span class='ocrx_word' id='word_1_348' title='bbox 663 3476 881 3546; x_wconf 90' lang='lat' dir='ltr'><strong>quidem</strong></span> <span class='ocrx_word' id='word_1_349' title='bbox 912 3476 1141 3531; x_wconf 87' lang='lat' dir='ltr'><strong>dicendo</strong></span> <span class='ocrx_word' id='word_1_350' title='bbox 1174 3479 1448 3534; x_wconf 83' lang='lat' dir='ltr'><strong>moderate</strong></span> <span class='ocrx_word' id='word_1_351' title='bbox 1477 3480 1692 3550; x_wconf 89' lang='lat' dir='ltr'><strong>lenique</strong></span> <span class='ocrx_word' id='word_1_352' title='bbox 1730 3496 1863 3535; x_wconf 91' lang='lat' dir='ltr'><strong>voce</strong></span> <span class='ocrx_word' id='word_1_353' title='bbox 1901 3488 1962 3535; x_wconf 88' lang='lat' dir='ltr'><strong>ut</strong></span> <span class='ocrx_word' id='word_1_354' title='bbox 2003 3479 2151 3553; x_wconf 88' lang='lat' dir='ltr'><strong>quod</strong></span> 
     </span>
    </p>
   </div>
   <div class='ocr_carea' id='block_1_54' title="bbox 556 3569 2151 3642">
    <p class='ocr_par' dir='ltr' id='par_1_54' title="bbox 556 3569 2151 3642">
     <span class='ocr_line' id='line_1_54' title="bbox 556 3569 2151 3642; baseline 0.004 -19"><span class='ocrx_word' id='word_1_355' title='bbox 556 3569 773 3624; x_wconf 85' lang='lat' dir='ltr'><strong>dicebat</strong></span> <span class='ocrx_word' id='word_1_356' title='bbox 815 3584 1103 3640; x_wconf 88' lang='lat' dir='ltr'><strong>possemus</strong></span> <span class='ocrx_word' id='word_1_357' title='bbox 1138 3571 1357 3639; x_wconf 88' lang='lat' dir='ltr'><strong>audire,</strong></span> <span class='ocrx_word' id='word_1_358' title='bbox 1397 3582 1561 3642; x_wconf 90' lang='lat' dir='ltr'><strong>atque</strong></span> <span class='ocrx_word' id='word_1_359' title='bbox 1598 3589 1723 3627; x_wconf 91' lang='lat' dir='ltr'><strong>cum</strong></span> <span class='ocrx_word' id='word_1_360' title='bbox 1756 3588 1823 3628; x_wconf 91' lang='lat' dir='ltr'><strong>eo</strong></span> <span class='ocrx_word' id='word_1_361' title='bbox 1861 3573 2062 3641; x_wconf 92' lang='lat' dir='ltr'><strong>dicere,</strong></span> <span class='ocrx_word' id='word_1_362' title='bbox 2094 3584 2151 3630; x_wconf 89' lang='lat' dir='ltr'><strong>et</strong></span> 
     </span>
    </p>
   </div>
   <div class='ocr_carea' id='block_1_55' title="bbox 557 3658 2151 3720">
    <p class='ocr_par' dir='ltr' id='par_1_55' title="bbox 557 3658 2151 3720">
     <span class='ocr_line' id='line_1_55' title="bbox 557 3658 2151 3720; baseline 0.004 -8"><span class='ocrx_word' id='word_1_363' title='bbox 557 3673 680 3713; x_wconf 93' lang='lat' dir='ltr'><strong>cum</strong></span> <span class='ocrx_word' id='word_1_364' title='bbox 729 3658 833 3712; x_wconf 89' lang='lat' dir='ltr'><strong>hoc</strong></span> <span class='ocrx_word' id='word_1_365' title='bbox 875 3666 1065 3712; x_wconf 86' lang='lat' dir='ltr'><strong>sancto</strong></span> <span class='ocrx_word' id='word_1_366' title='bbox 1102 3674 1300 3713; x_wconf 91' lang='lat' dir='ltr'><strong>canore</strong></span> <span class='ocrx_word' id='word_1_367' title='bbox 1340 3668 1464 3713; x_wconf 90' lang='lat' dir='ltr'><strong>ante</strong></span> <span class='ocrx_word' id='word_1_368' title='bbox 1499 3669 1749 3715; x_wconf 90' lang='lat' dir='ltr'><strong>sanctum</strong></span> <span class='ocrx_word' id='word_1_369' title='bbox 1795 3661 2151 3720; x_wconf 85' lang='lat' dir='ltr'><strong>veniebamus</strong></span> 
     </span>
    </p>
   </div>
   <div class='ocr_carea' id='block_1_56' title="bbox 556 3749 2149 3819">
    <p class='ocr_par' dir='ltr' id='par_1_56' title="bbox 556 3749 2149 3819">
     <span class='ocr_line' id='line_1_56' title="bbox 556 3749 2149 3819; baseline 0.003 -15"><span class='ocrx_word' id='word_1_370' title='bbox 556 3752 746 3805; x_wconf 87' lang='lat' dir='ltr'><strong>altare.</strong></span> <span class='ocrx_word' id='word_1_371' title='bbox 790 3749 910 3818; x_wconf 76' lang='lat' dir='ltr'><strong>Quo</strong></span> <span class='ocrx_word' id='word_1_372' title='bbox 947 3750 1330 3806; x_wconf 87' lang='lat' dir='ltr'><strong>venerabiliter</strong></span> <span class='ocrx_word' id='word_1_373' title='bbox 1369 3753 1614 3819; x_wconf 86' lang='lat' dir='ltr'><strong>adorato,</strong></span> <span class='ocrx_word' id='word_1_374' title='bbox 1653 3753 1700 3807; x_wconf 91' lang='lat' dir='ltr'><strong>si</strong></span> <span class='ocrx_word' id='word_1_375' title='bbox 1738 3753 1856 3807; x_wconf 89' lang='lat' dir='ltr'><strong>dies</strong></span> <span class='ocrx_word' id='word_1_376' title='bbox 1886 3754 2149 3811; x_wconf 88' lang='lat' dir='ltr'><strong>solemnis</strong></span> 
     </span>
    </p>
   </div>
   <div class='ocr_carea' id='block_1_57' title="bbox 556 3839 2150 3915">
    <p class='ocr_par' dir='ltr' id='par_1_57' title="bbox 556 3839 2150 3915">
     <span class='ocr_line' id='line_1_57' title="bbox 556 3839 2150 3915; baseline 0.003 -20"><span class='ocrx_word' id='word_1_377' title='bbox 556 3842 642 3895; x_wconf 87' lang='lat' dir='ltr'><strong>vel</strong></span> <span class='ocrx_word' id='word_1_378' title='bbox 680 3839 962 3896; x_wconf 85' lang='lat' dir='ltr'><strong>Paschalis</strong></span> <span class='ocrx_word' id='word_1_379' title='bbox 1005 3857 1115 3896; x_wconf 90' lang='lat' dir='ltr'><strong>non</strong></span> <span class='ocrx_word' id='word_1_380' title='bbox 1160 3850 1323 3910; x_wconf 83' lang='lat' dir='ltr'><strong>esset,</strong></span> <span class='ocrx_word' id='word_1_381' title='bbox 1361 3850 1591 3914; x_wconf 90' lang='lat' dir='ltr'><strong>utraque</strong></span> <span class='ocrx_word' id='word_1_382' title='bbox 1635 3860 1810 3915; x_wconf 80' lang='lat' dir='ltr'><strong>genua</strong></span> <span class='ocrx_word' id='word_1_383' title='bbox 1851 3844 1906 3898; x_wconf 91' lang='lat' dir='ltr'><strong>in</strong></span> <span class='ocrx_word' id='word_1_384' title='bbox 1949 3853 2150 3900; x_wconf 88' lang='lat' dir='ltr'><strong>terram</strong></span> 
     </span>
    </p>
   </div>
   <div class='ocr_carea' id='block_1_58' title="bbox 554 3932 2153 4007">
    <p class='ocr_par' dir='ltr' id='par_1_58' title="bbox 554 3932 2153 4007">
     <span class='ocr_line' id='line_1_58' title="bbox 554 3932 2153 4007; baseline 0.004 -22"><span class='ocrx_word' id='word_1_385' title='bbox 554 3932 810 4000; x_wconf 82' lang='lat' dir='ltr'><strong>ponebat,</strong></span> <span class='ocrx_word' id='word_1_386' title='bbox 857 3948 1052 3987; x_wconf 88' lang='lat' dir='ltr'><strong>manus</strong></span> <span class='ocrx_word' id='word_1_387' title='bbox 1092 3932 1450 4003; x_wconf 75' lang='lat' dir='ltr'><strong>expandebat,</strong></span> <span class='ocrx_word' id='word_1_388' title='bbox 1482 3935 1670 3990; x_wconf 90' lang='lat' dir='ltr'><strong>oculos</strong></span> <span class='ocrx_word' id='word_1_389' title='bbox 1703 3934 1756 3988; x_wconf 91' lang='lat' dir='ltr'><strong>in</strong></span> <span class='ocrx_word' id='word_1_390' title='bbox 1793 3935 1990 3990; x_wconf 67' lang='lat' dir='ltr'><strong>omium</strong></span> <span class='ocrx_word' id='word_1_391' title='bbox 2023 3936 2153 4007; x_wconf 79' lang='lat' dir='ltr'><strong>ﬁge-</strong></span> 
     </span>
    </p>
   </div>
   <div class='ocr_carea' id='block_1_59' title="bbox 556 4022 2151 4095">
    <p class='ocr_par' dir='ltr' id='par_1_59' title="bbox 556 4022 2151 4095">
     <span class='ocr_line' id='line_1_59' title="bbox 556 4022 2151 4095; baseline 0.003 -19"><span class='ocrx_word' id='word_1_392' title='bbox 556 4022 668 4088; x_wconf 86' lang='lat' dir='ltr'><strong>bat,</strong></span> <span class='ocrx_word' id='word_1_393' title='bbox 696 4032 749 4076; x_wconf 84' lang='lat' dir='ltr'><strong>et</strong></span> <span class='ocrx_word' id='word_1_394' title='bbox 772 4023 850 4077; x_wconf 87' lang='lat' dir='ltr'><strong>sie</strong></span> <span class='ocrx_word' id='word_1_395' title='bbox 878 4022 933 4076; x_wconf 90' lang='lat' dir='ltr'><strong>in</strong></span> <span class='ocrx_word' id='word_1_396' title='bbox 963 4024 1142 4079; x_wconf 88' lang='lat' dir='ltr'><strong>crucis</strong></span> <span class='ocrx_word' id='word_1_397' title='bbox 1172 4025 1333 4079; x_wconf 90' lang='lat' dir='ltr'><strong>modo</strong></span> <span class='ocrx_word' id='word_1_398' title='bbox 1359 4033 1484 4079; x_wconf 89' lang='lat' dir='ltr'><strong>ante</strong></span> <span class='ocrx_word' id='word_1_399' title='bbox 1514 4025 1684 4079; x_wconf 90' lang='lat' dir='ltr'><strong>altare</strong></span> <span class='ocrx_word' id='word_1_400' title='bbox 1713 4033 1886 4091; x_wconf 88' lang='lat' dir='ltr'><strong>stans,</strong></span> <span class='ocrx_word' id='word_1_401' title='bbox 1915 4041 2015 4095; x_wconf 86' lang='lat' dir='ltr'><strong>pro</strong></span> <span class='ocrx_word' id='word_1_402' title='bbox 2042 4024 2151 4080; x_wconf 79' lang='lat' dir='ltr'><strong>Ro-</strong></span> 
     </span>
    </p>
   </div>
   <div class='ocr_carea' id='block_1_60' title="bbox 558 4115 2151 4187">
    <p class='ocr_par' dir='ltr' id='par_1_60' title="bbox 558 4115 2151 4187">
     <span class='ocr_line' id='line_1_60' title="bbox 558 4115 2151 4187; baseline 0.003 -21"><span class='ocrx_word' id='word_1_403' title='bbox 558 4129 721 4167; x_wconf 86' lang='lat' dir='ltr'><strong>mano</strong></span> <span class='ocrx_word' id='word_1_404' title='bbox 759 4130 975 4168; x_wconf 89' lang='lat' dir='ltr'><strong>summo</strong></span> <span class='ocrx_word' id='word_1_405' title='bbox 1006 4115 1281 4185; x_wconf 76' lang='lat' dir='ltr'><strong>pontifice,</strong></span> <span class='ocrx_word' id='word_1_406' title='bbox 1312 4124 1473 4185; x_wconf 88' lang='lat' dir='ltr'><strong>atque</strong></span> <span class='ocrx_word' id='word_1_407' title='bbox 1515 4132 1614 4187; x_wconf 91' lang='lat' dir='ltr'><strong>pro</strong></span> <span class='ocrx_word' id='word_1_408' title='bbox 1641 4132 1795 4187; x_wconf 91' lang='lat' dir='ltr'><strong>pace,</strong></span> <span class='ocrx_word' id='word_1_409' title='bbox 1832 4134 1931 4187; x_wconf 90' lang='lat' dir='ltr'><strong>pro</strong></span> <span class='ocrx_word' id='word_1_410' title='bbox 1977 4116 2151 4172; x_wconf 89' lang='lat' dir='ltr'><strong>salute</strong></span> 
     </span>
    </p>
   </div>
   <div class='ocr_carea' id='block_1_61' title="bbox 558 4202 2149 4277">
    <p class='ocr_par' dir='ltr' id='par_1_61' title="bbox 558 4202 2149 4277">
     <span class='ocr_line' id='line_1_61' title="bbox 558 4202 2149 4277; baseline 0.005 -23"><span class='ocrx_word' id='word_1_411' title='bbox 558 4202 884 4256; x_wconf 87' lang='lat' dir='ltr'><strong>universalis</strong></span> <span class='ocrx_word' id='word_1_412' title='bbox 942 4203 1234 4271; x_wconf 70' lang='lat' dir='ltr'><strong>Ecclesim,</strong></span> <span class='ocrx_word' id='word_1_413' title='bbox 1285 4222 1349 4260; x_wconf 90' lang='lat' dir='ltr'><strong>ac</strong></span> <span class='ocrx_word' id='word_1_414' title='bbox 1396 4222 1495 4276; x_wconf 92' lang='lat' dir='ltr'><strong>pro</strong></span> <span class='ocrx_word' id='word_1_415' title='bbox 1546 4207 1667 4277; x_wconf 88' lang='lat' dir='ltr'><strong>ejus</strong></span> <span class='ocrx_word' id='word_1_416' title='bbox 1713 4207 2149 4262; x_wconf 86' lang='lat' dir='ltr'><strong>adversariorum</strong></span> 
     </span>
    </p>
   </div>
   <div class='ocr_carea' id='block_1_62' title="bbox 557 4293 2150 4367">
    <p class='ocr_par' dir='ltr' id='par_1_62' title="bbox 557 4293 2150 4367">
     <span class='ocr_line' id='line_1_62' title="bbox 557 4293 2150 4367; baseline 0.006 -22"><span class='ocrx_word' id='word_1_417' title='bbox 557 4293 946 4357; x_wconf 88' lang='lat' dir='ltr'><strong>conversione,</strong></span> <span class='ocrx_word' id='word_1_418' title='bbox 990 4304 1044 4347; x_wconf 89' lang='lat' dir='ltr'><strong>et</strong></span> <span class='ocrx_word' id='word_1_419' title='bbox 1087 4311 1184 4363; x_wconf 81' lang='lat' dir='ltr'><strong>pro</strong></span> <span class='ocrx_word' id='word_1_420' title='bbox 1221 4298 1432 4351; x_wconf 67' lang='lat' dir='ltr'><strong>czeteris</strong></span> <span class='ocrx_word' id='word_1_421' title='bbox 1464 4294 1779 4367; x_wconf 60' lang='lat' dir='ltr'><strong>hujusmodi</strong></span> <span class='ocrx_word' id='word_1_422' title='bbox 1824 4299 2150 4354; x_wconf 88' lang='lat' dir='ltr'><strong>utilitatibus</strong></span> 
     </span>
    </p>
   </div>
   <div class='ocr_carea' id='block_1_63' title="bbox 557 4381 2145 4461">
    <p class='ocr_par' dir='ltr' id='par_1_63' title="bbox 557 4381 2145 4461">
     <span class='ocr_line' id='line_1_63' title="bbox 557 4381 2145 4461; baseline 0.007 -28"><span class='ocrx_word' id='word_1_423' title='bbox 557 4381 765 4449; x_wconf 68' lang='lat' dir='ltr'><strong>multis,</strong></span> <span class='ocrx_word' id='word_1_424' title='bbox 795 4382 965 4437; x_wconf 91' lang='lat' dir='ltr'><strong>Deum</strong></span> <span class='ocrx_word' id='word_1_425' title='bbox 992 4387 1406 4443; x_wconf 66' lang='lat' dir='ltr'><strong>exorabatcnm</strong></span> <span class='ocrx_word' id='word_1_426' title='bbox 1451 4388 1740 4457; x_wconf 80' lang='lat' dir='ltr'><strong>gemitibus</strong></span> <span class='ocrx_word' id='word_1_427' title='bbox 1781 4397 1834 4443; x_wconf 90' lang='lat' dir='ltr'><strong>et</strong></span> <span class='ocrx_word' id='word_1_428' title='bbox 1869 4390 2145 4461; x_wconf 80' lang='lat' dir='ltr'><strong>lacrymis.</strong></span> 
     </span>
    </p>
   </div>
   <div class='ocr_carea' id='block_1_64' title="bbox 2248 1900 3840 1975">
    <p class='ocr_par' dir='ltr' id='par_1_64' title="bbox 2248 1900 3840 1975">
     <span class='ocr_line' id='line_1_64' title="bbox 2248 1900 3840 1975; baseline 0.005 -22"><span class='ocrx_word' id='word_1_429' title='bbox 2248 1900 2389 1970; x_wconf 86' lang='lat' dir='ltr'><strong>ejus,</strong></span> <span class='ocrx_word' id='word_1_430' title='bbox 2422 1900 2568 1970; x_wconf 88' lang='lat' dir='ltr'><strong>quod</strong></span> <span class='ocrx_word' id='word_1_431' title='bbox 2592 1901 2848 1971; x_wconf 77' lang='lat' dir='ltr'><strong>praedico,</strong></span> <span class='ocrx_word' id='word_1_432' title='bbox 2880 1902 2947 1957; x_wconf 90' lang='lat' dir='ltr'><strong>ad</strong></span> <span class='ocrx_word' id='word_1_433' title='bbox 2992 1903 3139 1972; x_wconf 88' lang='lat' dir='ltr'><strong>quod</strong></span> <span class='ocrx_word' id='word_1_434' title='bbox 3175 1901 3592 1975; x_wconf 87' lang='lat' dir='ltr'><strong>adipiscendum</strong></span> <span class='ocrx_word' id='word_1_435' title='bbox 3634 1904 3689 1958; x_wconf 89' lang='lat' dir='ltr'><strong>ei</strong></span> <span class='ocrx_word' id='word_1_436' title='bbox 3729 1905 3840 1962; x_wconf 76' lang='lat' dir='ltr'><strong>bzec</strong></span> 
     </span>
    </p>
   </div>
   <div class='ocr_carea' id='block_1_65' title="bbox 2249 1991 3838 2066">
    <p class='ocr_par' dir='ltr' id='par_1_65' title="bbox 2249 1991 3838 2066">
     <span class='ocr_line' id='line_1_65' title="bbox 2249 1991 3838 2066; baseline 0.003 -20"><span class='ocrx_word' id='word_1_437' title='bbox 2249 1992 2468 2047; x_wconf 89' lang='lat' dir='ltr'><strong>occasio</strong></span> <span class='ocrx_word' id='word_1_438' title='bbox 2496 1991 2618 2048; x_wconf 86' lang='lat' dir='ltr'><strong>fuit.</strong></span> <span class='ocrx_word' id='word_1_439' title='bbox 2647 1992 2937 2049; x_wconf 85' lang='lat' dir='ltr'><strong>Juraverat</strong></span> <span class='ocrx_word' id='word_1_440' title='bbox 2962 1994 3040 2049; x_wconf 79' lang='lat' dir='ltr'><strong>illi</strong></span> <span class='ocrx_word' id='word_1_441' title='bbox 3073 1994 3254 2050; x_wconf 90' lang='lat' dir='ltr'><strong>omnis</strong></span> <span class='ocrx_word' id='word_1_442' title='bbox 3283 1995 3487 2062; x_wconf 87' lang='lat' dir='ltr'><strong>clerus,</strong></span> <span class='ocrx_word' id='word_1_443' title='bbox 3516 2005 3633 2050; x_wconf 85' lang='lat' dir='ltr'><strong>tam</strong></span> <span class='ocrx_word' id='word_1_444' title='bbox 3662 1998 3838 2066; x_wconf 75' lang='lat' dir='ltr'><strong>maje-</strong></span> 
     </span>
    </p>
   </div>
   <div class='ocr_carea' id='block_1_66' title="bbox 2246 2085 3839 2159">
    <p class='ocr_par' dir='ltr' id='par_1_66' title="bbox 2246 2085 3839 2159">
     <span class='ocr_line' id='line_1_66' title="bbox 2246 2085 3839 2159; baseline 0.002 -20"><span class='ocrx_word' id='word_1_445' title='bbox 2246 2085 2326 2140; x_wconf 91' lang='lat' dir='ltr'><strong>ris</strong></span> <span class='ocrx_word' id='word_1_446' title='bbox 2371 2100 2536 2154; x_wconf 90' lang='lat' dir='ltr'><strong>quam</strong></span> <span class='ocrx_word' id='word_1_447' title='bbox 2579 2086 2809 2141; x_wconf 86' lang='lat' dir='ltr'><strong>minoris</strong></span> <span class='ocrx_word' id='word_1_448' title='bbox 2843 2086 3073 2154; x_wconf 84' lang='lat' dir='ltr'><strong>ordinis,</strong></span> <span class='ocrx_word' id='word_1_449' title='bbox 3109 2103 3323 2143; x_wconf 88' lang='lat' dir='ltr'><strong>necnon</strong></span> <span class='ocrx_word' id='word_1_450' title='bbox 3359 2087 3477 2159; x_wconf 87' lang='lat' dir='ltr'><strong>ipse</strong></span> <span class='ocrx_word' id='word_1_451' title='bbox 3511 2087 3715 2153; x_wconf 83' lang='lat' dir='ltr'><strong>Guido,</strong></span> <span class='ocrx_word' id='word_1_452' title='bbox 3748 2090 3839 2159; x_wconf 88' lang='lat' dir='ltr'><strong>qui</strong></span> 
     </span>
    </p>
   </div>
   <div class='ocr_carea' id='block_1_67' title="bbox 2240 2176 3841 2250">
    <p class='ocr_par' dir='ltr' id='par_1_67' title="bbox 2240 2176 3841 2250">
     <span class='ocr_line' id='line_1_67' title="bbox 2240 2176 3841 2250; baseline 0.002 -19"><span class='ocrx_word' id='word_1_453' title='bbox 2240 2176 2501 2233; x_wconf 81' lang='lat' dir='ltr'><strong>Pontifex</strong></span> <span class='ocrx_word' id='word_1_454' title='bbox 2555 2178 2879 2246; x_wconf 88' lang='lat' dir='ltr'><strong>dicebatur,</strong></span> <span class='ocrx_word' id='word_1_455' title='bbox 2946 2188 3218 2250; x_wconf 88' lang='lat' dir='ltr'><strong>quatenus</strong></span> <span class='ocrx_word' id='word_1_456' title='bbox 3273 2195 3400 2235; x_wconf 89' lang='lat' dir='ltr'><strong>cum</strong></span> <span class='ocrx_word' id='word_1_457' title='bbox 3459 2195 3528 2235; x_wconf 90' lang='lat' dir='ltr'><strong>eo</strong></span> <span class='ocrx_word' id='word_1_458' title='bbox 3581 2181 3841 2236; x_wconf 81' lang='lat' dir='ltr'><strong>deberent</strong></span> 
     </span>
    </p>
   </div>
   <div class='ocr_carea' id='block_1_68' title="bbox 2246 2270 3837 2345">
    <p class='ocr_par' dir='ltr' id='par_1_68' title="bbox 2246 2270 3837 2345">
     <span class='ocr_line' id='line_1_68' title="bbox 2246 2270 3837 2345; baseline 0.003 -19"><span class='ocrx_word' id='word_1_459' title='bbox 2246 2271 2501 2327; x_wconf 63' lang='lat' dir='ltr'><strong>haeresim</strong></span> <span class='ocrx_word' id='word_1_460' title='bbox 2539 2270 2907 2328; x_wconf 90' lang='lat' dir='ltr'><strong>Simoniacam</strong></span> <span class='ocrx_word' id='word_1_461' title='bbox 2936 2287 3000 2329; x_wconf 91' lang='lat' dir='ltr'><strong>ac</strong></span> <span class='ocrx_word' id='word_1_462' title='bbox 3026 2270 3437 2345; x_wconf 78' lang='lat' dir='ltr'><strong>Neaphytanam</strong></span> <span class='ocrx_word' id='word_1_463' title='bbox 3465 2274 3759 2341; x_wconf 84' lang='lat' dir='ltr'><strong>damnare,</strong></span> <span class='ocrx_word' id='word_1_464' title='bbox 3785 2284 3837 2330; x_wconf 81' lang='lat' dir='ltr'><strong>et</strong></span> 
     </span>
    </p>
   </div>
   <div class='ocr_carea' id='block_1_69' title="bbox 2249 2363 3835 2435">
    <p class='ocr_par' dir='ltr' id='par_1_69' title="bbox 2249 2363 3835 2435">
     <span class='ocr_line' id='line_1_69' title="bbox 2249 2363 3835 2435; baseline 0.003 -18"><span class='ocrx_word' id='word_1_465' title='bbox 2249 2363 2303 2417; x_wconf 92' lang='lat' dir='ltr'><strong>in</strong></span> <span class='ocrx_word' id='word_1_466' title='bbox 2338 2363 2606 2419; x_wconf 86' lang='lat' dir='ltr'><strong>catholica</strong></span> <span class='ocrx_word' id='word_1_467' title='bbox 2630 2364 2734 2419; x_wconf 80' lang='lat' dir='ltr'><strong>fide</strong></span> <span class='ocrx_word' id='word_1_468' title='bbox 2755 2365 2985 2421; x_wconf 90' lang='lat' dir='ltr'><strong>ulterius</strong></span> <span class='ocrx_word' id='word_1_469' title='bbox 3015 2365 3325 2435; x_wconf 88' lang='lat' dir='ltr'><strong>persistere.</strong></span> <span class='ocrx_word' id='word_1_470' title='bbox 3355 2363 3462 2420; x_wconf 89' lang='lat' dir='ltr'><strong>Sed</strong></span> <span class='ocrx_word' id='word_1_471' title='bbox 3490 2381 3620 2421; x_wconf 89' lang='lat' dir='ltr'><strong>cum</strong></span> <span class='ocrx_word' id='word_1_472' title='bbox 3662 2368 3835 2422; x_wconf 76' lang='lat' dir='ltr'><strong>eccle-</strong></span> 
     </span>
    </p>
   </div>
   <div class='ocr_carea' id='block_1_70' title="bbox 2248 2451 3839 2526">
    <p class='ocr_par' dir='ltr' id='par_1_70' title="bbox 2248 2451 3839 2526">
     <span class='ocr_line' id='line_1_70' title="bbox 2248 2451 3839 2526; baseline 0.002 -18"><span class='ocrx_word' id='word_1_473' title='bbox 2248 2454 2456 2509; x_wconf 89' lang='lat' dir='ltr'><strong>siarum</strong></span> <span class='ocrx_word' id='word_1_474' title='bbox 2508 2454 2777 2526; x_wconf 78' lang='lat' dir='ltr'><strong>regimina</strong></span> <span class='ocrx_word' id='word_1_475' title='bbox 2814 2455 2992 2511; x_wconf 88' lang='lat' dir='ltr'><strong>eidem</strong></span> <span class='ocrx_word' id='word_1_476' title='bbox 3048 2451 3282 2511; x_wconf 88' lang='lat' dir='ltr'><strong>Guidoni</strong></span> <span class='ocrx_word' id='word_1_477' title='bbox 3337 2455 3457 2511; x_wconf 89' lang='lat' dir='ltr'><strong>sine</strong></span> <span class='ocrx_word' id='word_1_478' title='bbox 3523 2456 3839 2512; x_wconf 81' lang='lat' dir='ltr'><strong>rectoribus</strong></span> 
     </span>
    </p>
   </div>
   <div class='ocr_carea' id='block_1_71' title="bbox 2247 2546 3833 2618">
    <p class='ocr_par' dir='ltr' id='par_1_71' title="bbox 2247 2546 3833 2618">
     <span class='ocr_line' id='line_1_71' title="bbox 2247 2546 3833 2618; baseline 0.001 -17"><span class='ocrx_word' id='word_1_479' title='bbox 2247 2547 2600 2617; x_wconf 86' lang='lat' dir='ltr'><strong>apparebant,</strong></span> <span class='ocrx_word' id='word_1_480' title='bbox 2633 2546 2778 2602; x_wconf 90' lang='lat' dir='ltr'><strong>illico</strong></span> <span class='ocrx_word' id='word_1_481' title='bbox 2801 2548 2945 2618; x_wconf 61' lang='lat' dir='ltr'><strong>quod</strong></span> <span class='ocrx_word' id='word_1_482' title='bbox 2971 2547 3250 2617; x_wconf 88' lang='lat' dir='ltr'><strong>juraverat</strong></span> <span class='ocrx_word' id='word_1_483' title='bbox 3272 2546 3534 2602; x_wconf 89' lang='lat' dir='ltr'><strong>oblivioni</strong></span> <span class='ocrx_word' id='word_1_484' title='bbox 3553 2548 3833 2614; x_wconf 77' lang='lat' dir='ltr'><strong>tradebat;</strong></span> 
     </span>
    </p>
   </div>
   <div class='ocr_carea' id='block_1_72' title="bbox 2246 2637 3837 2707">
    <p class='ocr_par' dir='ltr' id='par_1_72' title="bbox 2246 2637 3837 2707">
     <span class='ocr_line' id='line_1_72' title="bbox 2246 2637 3837 2707; baseline 0.001 -14"><span class='ocrx_word' id='word_1_485' title='bbox 2246 2647 2320 2704; x_wconf 88' lang='lat' dir='ltr'><strong>et,</strong></span> <span class='ocrx_word' id='word_1_486' title='bbox 2354 2654 2453 2693; x_wconf 90' lang='lat' dir='ltr'><strong>ceu</strong></span> <span class='ocrx_word' id='word_1_487' title='bbox 2480 2638 2635 2694; x_wconf 87' lang='lat' dir='ltr'><strong>canis</strong></span> <span class='ocrx_word' id='word_1_488' title='bbox 2670 2637 2739 2694; x_wconf 88' lang='lat' dir='ltr'><strong>ad</strong></span> <span class='ocrx_word' id='word_1_489' title='bbox 2772 2639 3157 2707; x_wconf 90' lang='lat' dir='ltr'><strong>vomitum,sie</strong></span> <span class='ocrx_word' id='word_1_490' title='bbox 3177 2639 3553 2695; x_wconf 83' lang='lat' dir='ltr'><strong>revertebatur</strong></span> <span class='ocrx_word' id='word_1_491' title='bbox 3578 2640 3651 2695; x_wconf 85' lang='lat' dir='ltr'><strong>ad</strong></span> <span class='ocrx_word' id='word_1_492' title='bbox 3680 2656 3837 2695; x_wconf 89' lang='lat' dir='ltr'><strong>suum</strong></span> 
     </span>
    </p>
   </div>
   <div class='ocr_carea' id='block_1_73' title="bbox 2246 2727 3833 2799">
    <p class='ocr_par' dir='ltr' id='par_1_73' title="bbox 2246 2727 3833 2799">
     <span class='ocr_line' id='line_1_73' title="bbox 2246 2727 3833 2799; baseline 0 -17"><span class='ocrx_word' id='word_1_493' title='bbox 2246 2729 2533 2799; x_wconf 87' lang='lat' dir='ltr'><strong>antiquum</strong></span> <span class='ocrx_word' id='word_1_494' title='bbox 2559 2735 2791 2783; x_wconf 88' lang='lat' dir='ltr'><strong>reatum.</strong></span> <span class='ocrx_word' id='word_1_495' title='bbox 2830 2727 2988 2795; x_wconf 86' lang='lat' dir='ltr'><strong>Quod</strong></span> <span class='ocrx_word' id='word_1_496' title='bbox 3026 2728 3110 2782; x_wconf 92' lang='lat' dir='ltr'><strong>vir</strong></span> <span class='ocrx_word' id='word_1_497' title='bbox 3139 2727 3237 2783; x_wconf 88' lang='lat' dir='ltr'><strong>Dei</strong></span> <span class='ocrx_word' id='word_1_498' title='bbox 3262 2728 3524 2784; x_wconf 86' lang='lat' dir='ltr'><strong>Arialdus</strong></span> <span class='ocrx_word' id='word_1_499' title='bbox 3558 2743 3833 2794; x_wconf 86' lang='lat' dir='ltr'><strong>cernens,,</strong></span> 
     </span>
    </p>
   </div>
   <div class='ocr_carea' id='block_1_74' title="bbox 2247 2819 3829 2891">
    <p class='ocr_par' dir='ltr' id='par_1_74' title="bbox 2247 2819 3829 2891">
     <span class='ocr_line' id='line_1_74' title="bbox 2247 2819 3829 2891; baseline 0 -17"><span class='ocrx_word' id='word_1_500' title='bbox 2247 2820 2457 2876; x_wconf 88' lang='lat' dir='ltr'><strong>litteras</strong></span> <span class='ocrx_word' id='word_1_501' title='bbox 2491 2836 2588 2891; x_wconf 92' lang='lat' dir='ltr'><strong>per</strong></span> <span class='ocrx_word' id='word_1_502' title='bbox 2610 2836 2810 2876; x_wconf 88' lang='lat' dir='ltr'><strong>manus</strong></span> <span class='ocrx_word' id='word_1_503' title='bbox 2840 2819 3204 2876; x_wconf 82' lang='lat' dir='ltr'><strong>Herlembaldi</strong></span> <span class='ocrx_word' id='word_1_504' title='bbox 3238 2821 3306 2876; x_wconf 86' lang='lat' dir='ltr'><strong>ad</strong></span> <span class='ocrx_word' id='word_1_505' title='bbox 3344 2821 3712 2891; x_wconf 88' lang='lat' dir='ltr'><strong>apostolicum</strong></span> <span class='ocrx_word' id='word_1_506' title='bbox 3750 2821 3829 2875; x_wconf 85' lang='lat' dir='ltr'><strong>di-</strong></span> 
     </span>
    </p>
   </div>
   <div class='ocr_carea' id='block_1_75' title="bbox 2249 2911 3837 2982">
    <p class='ocr_par' dir='ltr' id='par_1_75' title="bbox 2249 2911 3837 2982">
     <span class='ocr_line' id='line_1_75' title="bbox 2249 2911 3837 2982; baseline 0 -17"><span class='ocrx_word' id='word_1_507' title='bbox 2249 2912 2408 2976; x_wconf 76' lang='lat' dir='ltr'><strong>rexit,</strong></span> <span class='ocrx_word' id='word_1_508' title='bbox 2462 2920 2735 2982; x_wconf 89' lang='lat' dir='ltr'><strong>quatenus</strong></span> <span class='ocrx_word' id='word_1_509' title='bbox 2771 2912 2887 2982; x_wconf 90' lang='lat' dir='ltr'><strong>ipse</strong></span> <span class='ocrx_word' id='word_1_510' title='bbox 2925 2912 3241 2967; x_wconf 89' lang='lat' dir='ltr'><strong>decerneret</strong></span> <span class='ocrx_word' id='word_1_511' title='bbox 3293 2911 3424 2982; x_wconf 90' lang='lat' dir='ltr'><strong>quid</strong></span> <span class='ocrx_word' id='word_1_512' title='bbox 3476 2912 3547 2966; x_wconf 89' lang='lat' dir='ltr'><strong>de</strong></span> <span class='ocrx_word' id='word_1_513' title='bbox 3592 2912 3837 2966; x_wconf 82' lang='lat' dir='ltr'><strong>Cuidone</strong></span> 
     </span>
    </p>
   </div>
   <div class='ocr_carea' id='block_1_76' title="bbox 2248 3000 3829 3073">
    <p class='ocr_par' dir='ltr' id='par_1_76' title="bbox 2248 3000 3829 3073">
     <span class='ocr_line' id='line_1_76' title="bbox 2248 3000 3829 3073; baseline -0.001 -15"><span class='ocrx_word' id='word_1_514' title='bbox 2248 3003 2496 3058; x_wconf 91' lang='lat' dir='ltr'><strong>adultero</strong></span> <span class='ocrx_word' id='word_1_515' title='bbox 2540 3011 2595 3057; x_wconf 90' lang='lat' dir='ltr'><strong>et</strong></span> <span class='ocrx_word' id='word_1_516' title='bbox 2624 3001 2938 3057; x_wconf 86' lang='lat' dir='ltr'><strong>Simonian</strong></span> <span class='ocrx_word' id='word_1_517' title='bbox 2962 3010 3127 3073; x_wconf 89' lang='lat' dir='ltr'><strong>atque</strong></span> <span class='ocrx_word' id='word_1_518' title='bbox 3151 3016 3372 3072; x_wconf 81' lang='lat' dir='ltr'><strong>perjuro</strong></span> <span class='ocrx_word' id='word_1_519' title='bbox 3396 3000 3516 3056; x_wconf 78' lang='lat' dir='ltr'><strong>ﬁeri</strong></span> <span class='ocrx_word' id='word_1_520' title='bbox 3535 3010 3829 3072; x_wconf 74' lang='lat' dir='ltr'><strong>oporteret;</strong></span> 
     </span>
    </p>
   </div>
   <div class='ocr_carea' id='block_1_77' title="bbox 2312 3090 3832 3162">
    <p class='ocr_par' dir='ltr' id='par_1_77' title="bbox 2312 3090 3832 3162">
     <span class='ocr_line' id='line_1_77' title="bbox 2312 3090 3832 3162; baseline 0 -16"><span class='ocrx_word' id='word_1_521' title='bbox 2312 3091 2400 3146; x_wconf 83' lang='lat'><strong>56.</strong></span> <span class='ocrx_word' id='word_1_522' title='bbox 2434 3090 2592 3147; x_wconf 90' lang='lat' dir='ltr'><strong>Tunc</strong></span> <span class='ocrx_word' id='word_1_523' title='bbox 2645 3090 2811 3146; x_wconf 89' lang='lat' dir='ltr'><strong>etiam</strong></span> <span class='ocrx_word' id='word_1_524' title='bbox 2842 3091 2952 3146; x_wconf 92' lang='lat' dir='ltr'><strong>duo</strong></span> <span class='ocrx_word' id='word_1_525' title='bbox 3004 3091 3186 3147; x_wconf 91' lang='lat' dir='ltr'><strong>clerici</strong></span> <span class='ocrx_word' id='word_1_526' title='bbox 3227 3090 3571 3146; x_wconf 78' lang='lat' dir='ltr'><strong>Modiocnses</strong></span> <span class='ocrx_word' id='word_1_527' title='bbox 3606 3090 3725 3162; x_wconf 75' lang='grc'><strong>(9.8)</strong></span> <span class='ocrx_word' id='word_1_528' title='bbox 3769 3091 3832 3146; x_wconf 74' lang='lat' dir='ltr'><strong>ad</strong></span> 
     </span>
    </p>
   </div>
   <div class='ocr_carea' id='block_1_78' title="bbox 2175 3156 3833 3254">
    <p class='ocr_par' dir='ltr' id='par_1_78' title="bbox 2175 3156 3833 3254">
     <span class='ocr_line' id='line_1_78' title="bbox 2175 3156 3833 3254; baseline -0.002 -16"><span class='ocrx_word' id='word_1_529' title='bbox 2175 3156 2219 3219; x_wconf 67' lang='grc' dir='ltr'>ο</span> <span class='ocrx_word' id='word_1_530' title='bbox 2250 3182 2459 3239; x_wconf 89' lang='lat' dir='ltr'><strong>Christi</strong></span> <span class='ocrx_word' id='word_1_531' title='bbox 2483 3182 2750 3238; x_wconf 88' lang='lat' dir='ltr'><strong>famulum</strong></span> <span class='ocrx_word' id='word_1_532' title='bbox 2770 3198 2989 3249; x_wconf 86' lang='lat' dir='ltr'><strong>venere,</strong></span> <span class='ocrx_word' id='word_1_533' title='bbox 3022 3184 3354 3254; x_wconf 88' lang='lat' dir='ltr'><strong>spondentes</strong></span> <span class='ocrx_word' id='word_1_534' title='bbox 3384 3183 3525 3238; x_wconf 89' lang='lat' dir='ltr'><strong>velle</strong></span> <span class='ocrx_word' id='word_1_535' title='bbox 3677 3156 3833 3238; x_wconf 56' lang='lat' dir='ltr'><strong>retine</strong></span> 
     </span>
    </p>
   </div>
   <div class='ocr_carea' id='block_1_79' title="bbox 2250 3273 3845 3347">
    <p class='ocr_par' dir='ltr' id='par_1_79' title="bbox 2250 3273 3845 3347">
     <span class='ocr_line' id='line_1_79' title="bbox 2250 3273 3845 3347; baseline -0.001 -17"><span class='ocrx_word' id='word_1_536' title='bbox 2250 3291 2418 3347; x_wconf 89' lang='lat' dir='ltr'><strong>quere</strong></span> <span class='ocrx_word' id='word_1_537' title='bbox 2444 3291 2607 3346; x_wconf 89' lang='lat' dir='ltr'><strong>opera</strong></span> <span class='ocrx_word' id='word_1_538' title='bbox 2635 3285 2689 3331; x_wconf 89' lang='lat' dir='ltr'><strong>et</strong></span> <span class='ocrx_word' id='word_1_539' title='bbox 2717 3276 3054 3332; x_wconf 84' lang='lat' dir='ltr'><strong>consortium</strong></span> <span class='ocrx_word' id='word_1_540' title='bbox 3092 3273 3325 3340; x_wconf 78' lang='lat' dir='ltr'><strong>diaboli,</strong></span> <span class='ocrx_word' id='word_1_541' title='bbox 3357 3283 3437 3333; x_wconf 66' lang='lat' dir='ltr'><strong>et.</strong></span> <span class='ocrx_word' id='word_1_542' title='bbox 3455 3274 3721 3344; x_wconf 84' lang='lat' dir='ltr'><strong>deinceps</strong></span> <span class='ocrx_word' id='word_1_543' title='bbox 3749 3274 3845 3329; x_wconf 53' lang='lat' dir='ltr'><strong>ﬁt»</strong></span> 
     </span>
    </p>
   </div>
   <div class='ocr_carea' id='block_1_80' title="bbox 2251 3365 3829 3438">
    <p class='ocr_par' dir='ltr' id='par_1_80' title="bbox 2251 3365 3829 3438">
     <span class='ocr_line' id='line_1_80' title="bbox 2251 3365 3829 3438; baseline -0.001 -16"><span class='ocrx_word' id='word_1_544' title='bbox 2251 3368 2413 3423; x_wconf 91' lang='lat' dir='ltr'><strong>miter</strong></span> <span class='ocrx_word' id='word_1_545' title='bbox 2442 3376 2630 3424; x_wconf 79' lang='lat' dir='ltr'><strong>tenere</strong></span> <span class='ocrx_word' id='word_1_546' title='bbox 2671 3376 2725 3423; x_wconf 91' lang='lat' dir='ltr'><strong>et</strong></span> <span class='ocrx_word' id='word_1_547' title='bbox 2774 3367 3071 3438; x_wconf 68' lang='lat' dir='ltr'><strong>prazdicare</strong></span> <span class='ocrx_word' id='word_1_548' title='bbox 3116 3382 3282 3438; x_wconf 88' lang='lat' dir='ltr'><strong>opera</strong></span> <span class='ocrx_word' id='word_1_549' title='bbox 3329 3376 3386 3422; x_wconf 88' lang='lat' dir='ltr'><strong>et</strong></span> <span class='ocrx_word' id='word_1_550' title='bbox 3415 3366 3581 3421; x_wconf 83' lang='lat' dir='ltr'><strong>ﬁdem</strong></span> <span class='ocrx_word' id='word_1_551' title='bbox 3611 3365 3829 3432; x_wconf 83' lang='lat' dir='ltr'><strong>Christi,</strong></span> 
     </span>
    </p>
   </div>
   <div class='ocr_carea' id='block_1_81' title="bbox 2250 3458 3831 3530">
    <p class='ocr_par' dir='ltr' id='par_1_81' title="bbox 2250 3458 3831 3530">
     <span class='ocr_line' id='line_1_81' title="bbox 2250 3458 3831 3530; baseline -0.003 -14"><span class='ocrx_word' id='word_1_552' title='bbox 2250 3475 2380 3516; x_wconf 87' lang='lat' dir='ltr'><strong>nam</strong></span> <span class='ocrx_word' id='word_1_553' title='bbox 2411 3477 2556 3516; x_wconf 83' lang='lat' dir='ltr'><strong>unus</strong></span> <span class='ocrx_word' id='word_1_554' title='bbox 2582 3476 2651 3516; x_wconf 79' lang='lat' dir='ltr'><strong>ex</strong></span> <span class='ocrx_word' id='word_1_555' title='bbox 2687 3460 2775 3517; x_wconf 88' lang='lat' dir='ltr'><strong>his</strong></span> <span class='ocrx_word' id='word_1_556' title='bbox 2798 3469 2963 3516; x_wconf 60' lang='lat' dir='ltr'><strong>tantae</strong></span> <span class='ocrx_word' id='word_1_557' title='bbox 3001 3459 3179 3515; x_wconf 88' lang='lat' dir='ltr'><strong>fuerat</strong></span> <span class='ocrx_word' id='word_1_558' title='bbox 3200 3458 3442 3515; x_wconf 68' lang='lat' dir='ltr'><strong>audaciae</strong></span> <span class='ocrx_word' id='word_1_559' title='bbox 3471 3466 3527 3514; x_wconf 91' lang='lat' dir='ltr'><strong>et</strong></span> <span class='ocrx_word' id='word_1_560' title='bbox 3561 3459 3831 3530; x_wconf 82' lang='lat' dir='ltr'><strong>perversi-</strong></span> 
     </span>
    </p>
   </div>
   <div class='ocr_carea' id='block_1_82' title="bbox 2249 3549 3833 3624">
    <p class='ocr_par' dir='ltr' id='par_1_82' title="bbox 2249 3549 3833 3624">
     <span class='ocr_line' id='line_1_82' title="bbox 2249 3549 3833 3624; baseline -0.004 -15"><span class='ocrx_word' id='word_1_561' title='bbox 2249 3554 2400 3620; x_wconf 89' lang='lat' dir='ltr'><strong>tatis,</strong></span> <span class='ocrx_word' id='word_1_562' title='bbox 2427 3562 2488 3608; x_wconf 90' lang='lat' dir='ltr'><strong>ut</strong></span> <span class='ocrx_word' id='word_1_563' title='bbox 2521 3553 2680 3624; x_wconf 88' lang='lat' dir='ltr'><strong>quasi</strong></span> <span class='ocrx_word' id='word_1_564' title='bbox 2704 3554 2901 3609; x_wconf 88' lang='lat' dir='ltr'><strong>ductor</strong></span> <span class='ocrx_word' id='word_1_565' title='bbox 2927 3552 3186 3608; x_wconf 83' lang='lat' dir='ltr'><strong>existeret</strong></span> <span class='ocrx_word' id='word_1_566' title='bbox 3214 3554 3458 3607; x_wconf 66' lang='lat' dir='ltr'><strong>adversae</strong></span> <span class='ocrx_word' id='word_1_567' title='bbox 3480 3551 3675 3621; x_wconf 77' lang='lat' dir='ltr'><strong>partis.</strong></span> <span class='ocrx_word' id='word_1_568' title='bbox 3703 3549 3833 3616; x_wconf 54' lang='grc' dir='ltr'><strong>θυῖε</strong></span> 
     </span>
    </p>
   </div>
   <div class='ocr_carea' id='block_1_83' title="bbox 2248 3642 3838 3716">
    <p class='ocr_par' dir='ltr' id='par_1_83' title="bbox 2248 3642 3838 3716">
     <span class='ocr_line' id='line_1_83' title="bbox 2248 3642 3838 3716; baseline -0.005 -15"><span class='ocrx_word' id='word_1_569' title='bbox 2248 3645 2355 3701; x_wconf 90' lang='lat' dir='ltr'><strong>bus</strong></span> <span class='ocrx_word' id='word_1_570' title='bbox 2382 3645 2466 3700; x_wconf 89' lang='lat' dir='ltr'><strong>vir</strong></span> <span class='ocrx_word' id='word_1_571' title='bbox 2492 3644 2589 3699; x_wconf 93' lang='lat' dir='ltr'><strong>Dei</strong></span> <span class='ocrx_word' id='word_1_572' title='bbox 2625 3645 2701 3700; x_wconf 88' lang='lat' dir='ltr'><strong>ait</strong></span> <span class='ocrx_word' id='word_1_573' title='bbox 2732 3661 2745 3698; x_wconf 88' lang='lat'><strong>:</strong></span> <span class='ocrx_word' id='word_1_574' title='bbox 2779 3643 2883 3699; x_wconf 89' lang='lat' dir='ltr'><strong>Tot</strong></span> <span class='ocrx_word' id='word_1_575' title='bbox 2914 3644 3116 3716; x_wconf 89' lang='lat' dir='ltr'><strong>quippe</strong></span> <span class='ocrx_word' id='word_1_576' title='bbox 3145 3650 3278 3700; x_wconf 84' lang='lat' dir='ltr'><strong>sunt</strong></span> <span class='ocrx_word' id='word_1_577' title='bbox 3324 3642 3421 3713; x_wconf 85' lang='lat' dir='ltr'><strong>qui</strong></span> <span class='ocrx_word' id='word_1_578' title='bbox 3483 3643 3595 3697; x_wconf 88' lang='lat' dir='ltr'><strong>hoc</strong></span> <span class='ocrx_word' id='word_1_579' title='bbox 3651 3642 3838 3696; x_wconf 87' lang='lat' dir='ltr'><strong>dicunt</strong></span> 
     </span>
    </p>
   </div>
   <div class='ocr_carea' id='block_1_84' title="bbox 2251 3734 3830 3808">
    <p class='ocr_par' dir='ltr' id='par_1_84' title="bbox 2251 3734 3830 3808">
     <span class='ocr_line' id='line_1_84' title="bbox 2251 3734 3830 3808; baseline -0.004 -15"><span class='ocrx_word' id='word_1_580' title='bbox 2251 3739 2585 3794; x_wconf 88' lang='lat' dir='ltr'><strong>mendaciter</strong></span> <span class='ocrx_word' id='word_1_581' title='bbox 2610 3745 2669 3792; x_wconf 89' lang='lat' dir='ltr'><strong>ut</strong></span> <span class='ocrx_word' id='word_1_582' title='bbox 2703 3737 2810 3807; x_wconf 83' lang='lat' dir='ltr'><strong>iam</strong></span> <span class='ocrx_word' id='word_1_583' title='bbox 2839 3751 2977 3808; x_wconf 88' lang='lat' dir='ltr'><strong>pene</strong></span> <span class='ocrx_word' id='word_1_584' title='bbox 3000 3751 3162 3792; x_wconf 90' lang='lat' dir='ltr'><strong>nemo</strong></span> <span class='ocrx_word' id='word_1_585' title='bbox 3206 3736 3282 3791; x_wconf 87' lang='lat' dir='ltr'><strong>sit</strong></span> <span class='ocrx_word' id='word_1_586' title='bbox 3329 3735 3420 3791; x_wconf 91' lang='lat' dir='ltr'><strong>cui</strong></span> <span class='ocrx_word' id='word_1_587' title='bbox 3474 3734 3655 3805; x_wconf 81' lang='lat' dir='ltr'><strong>possit</strong></span> <span class='ocrx_word' id='word_1_588' title='bbox 3691 3734 3830 3788; x_wconf 77' lang='lat' dir='ltr'><strong>credi</strong></span> 
     </span>
    </p>
   </div>
   <div class='ocr_carea' id='block_1_85' title="bbox 2249 3826 3832 3896">
    <p class='ocr_par' dir='ltr' id='par_1_85' title="bbox 2249 3826 3832 3896">
     <span class='ocr_line' id='line_1_85' title="bbox 2249 3826 3832 3896; baseline -0.004 -10"><span class='ocrx_word' id='word_1_589' title='bbox 2249 3830 2536 3886; x_wconf 89' lang='lat' dir='ltr'><strong>veraciter.</strong></span> <span class='ocrx_word' id='word_1_590' title='bbox 2567 3827 2678 3885; x_wconf 77' lang='lat' dir='ltr'><strong>Vos</strong></span> <span class='ocrx_word' id='word_1_591' title='bbox 2707 3844 2856 3896; x_wconf 88' lang='lat' dir='ltr'><strong>vero,</strong></span> <span class='ocrx_word' id='word_1_592' title='bbox 2894 3830 2942 3884; x_wconf 92' lang='lat' dir='ltr'><strong>si</strong></span> <span class='ocrx_word' id='word_1_593' title='bbox 2965 3826 3129 3883; x_wconf 91' lang='lat' dir='ltr'><strong>vultis</strong></span> <span class='ocrx_word' id='word_1_594' title='bbox 3151 3836 3213 3883; x_wconf 90' lang='lat' dir='ltr'><strong>ut</strong></span> <span class='ocrx_word' id='word_1_595' title='bbox 3241 3826 3440 3882; x_wconf 88' lang='lat' dir='ltr'><strong>vestris</strong></span> <span class='ocrx_word' id='word_1_596' title='bbox 3470 3826 3695 3881; x_wconf 84' lang='lat' dir='ltr'><strong>credam</strong></span> <span class='ocrx_word' id='word_1_597' title='bbox 3720 3842 3832 3880; x_wconf 82' lang='lat' dir='ltr'><strong>ser-</strong></span> 
     </span>
    </p>
   </div>
   <div class='ocr_carea' id='block_1_86' title="bbox 2238 3915 3832 3997">
    <p class='ocr_par' dir='ltr' id='par_1_86' title="bbox 2238 3915 3832 3997">
     <span class='ocr_line' id='line_1_86' title="bbox 2238 3915 3832 3997; baseline -0.004 -21"><span class='ocrx_word' id='word_1_598' title='bbox 2238 3922 2534 3997; x_wconf 52' lang='lat' dir='ltr'><strong>.monibus,</strong></span> <span class='ocrx_word' id='word_1_599' title='bbox 2566 3920 2658 3993; x_wconf 87' lang='lat' dir='ltr'><strong>ite,</strong></span> <span class='ocrx_word' id='word_1_600' title='bbox 2683 3928 2737 3975; x_wconf 91' lang='lat' dir='ltr'><strong>et</strong></span> <span class='ocrx_word' id='word_1_601' title='bbox 2768 3920 3023 3990; x_wconf 89' lang='lat' dir='ltr'><strong>operibus</strong></span> <span class='ocrx_word' id='word_1_602' title='bbox 3051 3934 3140 3974; x_wconf 90' lang='lat' dir='ltr'><strong>me</strong></span> <span class='ocrx_word' id='word_1_603' title='bbox 3186 3918 3405 3973; x_wconf 83' lang='lat' dir='ltr'><strong>firmum</strong></span> <span class='ocrx_word' id='word_1_604' title='bbox 3443 3916 3677 3971; x_wconf 84' lang='lat' dir='ltr'><strong>reddite.</strong></span> <span class='ocrx_word' id='word_1_605' title='bbox 3729 3915 3832 3969; x_wconf 82' lang='lat' dir='ltr'><strong>Re-</strong></span> 
     </span>
    </p>
   </div>
   <div class='ocr_carea' id='block_1_87' title="bbox 2251 4010 3830 4085">
    <p class='ocr_par' dir='ltr' id='par_1_87' title="bbox 2251 4010 3830 4085">
     <span class='ocr_line' id='line_1_87' title="bbox 2251 4010 3830 4085; baseline -0.004 -16"><span class='ocrx_word' id='word_1_606' title='bbox 2251 4014 2423 4085; x_wconf 78' lang='lat' dir='ltr'><strong>gressi</strong></span> <span class='ocrx_word' id='word_1_607' title='bbox 2470 4014 2636 4083; x_wconf 71' lang='lat' dir='ltr'><strong>igitur</strong></span> <span class='ocrx_word' id='word_1_608' title='bbox 2664 4014 2877 4080; x_wconf 89' lang='lat' dir='ltr'><strong>domos,</strong></span> <span class='ocrx_word' id='word_1_609' title='bbox 2907 4012 3177 4068; x_wconf 87' lang='lat' dir='ltr'><strong>connubio</strong></span> <span class='ocrx_word' id='word_1_610' title='bbox 3221 4012 3368 4066; x_wconf 90' lang='lat' dir='ltr'><strong>illico</strong></span> <span class='ocrx_word' id='word_1_611' title='bbox 3419 4027 3452 4066; x_wconf 87' lang='lat' dir='ltr'><strong>a</strong></span> <span class='ocrx_word' id='word_1_612' title='bbox 3493 4026 3554 4065; x_wconf 87' lang='lat' dir='ltr'><strong>se</strong></span> <span class='ocrx_word' id='word_1_613' title='bbox 3596 4010 3830 4080; x_wconf 84' lang='lat' dir='ltr'><strong>repulso,</strong></span> 
     </span>
    </p>
   </div>
   <div class='ocr_carea' id='block_1_88' title="bbox 2251 4102 3831 4177">
    <p class='ocr_par' dir='ltr' id='par_1_88' title="bbox 2251 4102 3831 4177">
     <span class='ocr_line' id='line_1_88' title="bbox 2251 4102 3831 4177; baseline -0.005 -15"><span class='ocrx_word' id='word_1_614' title='bbox 2251 4120 2466 4177; x_wconf 84' lang='lat' dir='ltr'><strong>coepere</strong></span> <span class='ocrx_word' id='word_1_615' title='bbox 2480 4107 2660 4177; x_wconf 89' lang='lat' dir='ltr'><strong>palam</strong></span> <span class='ocrx_word' id='word_1_616' title='bbox 2683 4115 2733 4161; x_wconf 86' lang='lat' dir='ltr'><strong>et</strong></span> <span class='ocrx_word' id='word_1_617' title='bbox 2755 4114 3072 4161; x_wconf 86' lang='lat' dir='ltr'><strong>constanter</strong></span> <span class='ocrx_word' id='word_1_618' title='bbox 3094 4104 3336 4175; x_wconf 80' lang='lat' dir='ltr'><strong>proﬁteri</strong></span> <span class='ocrx_word' id='word_1_619' title='bbox 3359 4102 3421 4157; x_wconf 85' lang='lat' dir='ltr'><strong>B.</strong></span> <span class='ocrx_word' id='word_1_620' title='bbox 3446 4102 3654 4157; x_wconf 77' lang='lat' dir='ltr'><strong>Arialdi</strong></span> <span class='ocrx_word' id='word_1_621' title='bbox 3676 4102 3831 4156; x_wconf 79' lang='lat' dir='ltr'><strong>verba</strong></span> 
     </span>
    </p>
   </div>
   <div class='ocr_carea' id='block_1_89' title="bbox 2250 4193 3831 4269">
    <p class='ocr_par' dir='ltr' id='par_1_89' title="bbox 2250 4193 3831 4269">
     <span class='ocr_line' id='line_1_89' title="bbox 2250 4193 3831 4269; baseline -0.006 -14"><span class='ocrx_word' id='word_1_622' title='bbox 2250 4214 2370 4255; x_wconf 89' lang='lat' dir='ltr'><strong>esse</strong></span> <span class='ocrx_word' id='word_1_623' title='bbox 2403 4200 2561 4269; x_wconf 88' lang='lat' dir='ltr'><strong>plena</strong></span> <span class='ocrx_word' id='word_1_624' title='bbox 2586 4199 2830 4265; x_wconf 85' lang='lat' dir='ltr'><strong>veritate,</strong></span> <span class='ocrx_word' id='word_1_625' title='bbox 2854 4213 2975 4269; x_wconf 67' lang='lat' dir='ltr'><strong>quae</strong></span> <span class='ocrx_word' id='word_1_626' title='bbox 3003 4199 3266 4253; x_wconf 88' lang='lat' dir='ltr'><strong>hactenus</strong></span> <span class='ocrx_word' id='word_1_627' title='bbox 3287 4204 3441 4251; x_wconf 90' lang='lat' dir='ltr'><strong>erant</strong></span> <span class='ocrx_word' id='word_1_628' title='bbox 3460 4194 3695 4265; x_wconf 88' lang='lat' dir='ltr'><strong>professi</strong></span> <span class='ocrx_word' id='word_1_629' title='bbox 3725 4193 3831 4246; x_wconf 84' lang='lat' dir='ltr'><strong>fore</strong></span> 
     </span>
    </p>
   </div>
   <div class='ocr_carea' id='block_1_90' title="bbox 2250 4285 3831 4363">
    <p class='ocr_par' dir='ltr' id='par_1_90' title="bbox 2250 4285 3831 4363">
     <span class='ocr_line' id='line_1_90' title="bbox 2250 4285 3831 4363; baseline -0.004 -19"><span class='ocrx_word' id='word_1_630' title='bbox 2250 4291 2410 4363; x_wconf 89' lang='lat' dir='ltr'><strong>plena</strong></span> <span class='ocrx_word' id='word_1_631' title='bbox 2445 4290 2701 4346; x_wconf 89' lang='lat' dir='ltr'><strong>falsitate.</strong></span> <span class='ocrx_word' id='word_1_632' title='bbox 2732 4289 2860 4345; x_wconf 75' lang='lat' dir='ltr'><strong>Haec</strong></span> <span class='ocrx_word' id='word_1_633' title='bbox 2881 4299 2941 4344; x_wconf 90' lang='lat' dir='ltr'><strong>ut</strong></span> <span class='ocrx_word' id='word_1_634' title='bbox 2965 4289 3140 4344; x_wconf 88' lang='lat' dir='ltr'><strong>Guido</strong></span> <span class='ocrx_word' id='word_1_635' title='bbox 3169 4288 3445 4353; x_wconf 85' lang='lat' dir='ltr'><strong>audierat,</strong></span> <span class='ocrx_word' id='word_1_636' title='bbox 3489 4301 3665 4341; x_wconf 69' lang='lat' dir='ltr'><strong>saevos</strong></span> <span class='ocrx_word' id='word_1_637' title='bbox 3710 4285 3831 4338; x_wconf 81' lang='lat' dir='ltr'><strong>illuc</strong></span> 
     </span>
    </p>
   </div>
   <div class='ocr_carea' id='block_1_91' title="bbox 2251 4378 3831 4453">
    <p class='ocr_par' dir='ltr' id='par_1_91' title="bbox 2251 4378 3831 4453">
     <span class='ocr_line' id='line_1_91' title="bbox 2251 4378 3831 4453; baseline -0.006 -16"><span class='ocrx_word' id='word_1_638' title='bbox 2251 4383 2503 4453; x_wconf 89' lang='lat' dir='ltr'><strong>protinus</strong></span> <span class='ocrx_word' id='word_1_639' title='bbox 2523 4383 2859 4453; x_wconf 89' lang='lat' dir='ltr'><strong>apparitores</strong></span> <span class='ocrx_word' id='word_1_640' title='bbox 2882 4382 3123 4448; x_wconf 89' lang='lat' dir='ltr'><strong>mittens,</strong></span> <span class='ocrx_word' id='word_1_641' title='bbox 3140 4395 3236 4435; x_wconf 92' lang='lat' dir='ltr'><strong>eos</strong></span> <span class='ocrx_word' id='word_1_642' title='bbox 3260 4394 3453 4448; x_wconf 91' lang='lat' dir='ltr'><strong>capere</strong></span> <span class='ocrx_word' id='word_1_643' title='bbox 3468 4378 3657 4447; x_wconf 83' lang='lat' dir='ltr'><strong>jussit,</strong></span> <span class='ocrx_word' id='word_1_644' title='bbox 3674 4385 3831 4445; x_wconf 82' lang='lat' dir='ltr'><strong>atque</strong></span> 
     </span>
    </p>
   </div>
   <div class='ocr_carea' id='block_1_92' title="bbox 558 4467 3827 4571">
    <p class='ocr_par' dir='ltr' id='par_1_92' title="bbox 558 4467 3827 4571">
     <span class='ocr_line' id='line_1_92' title="bbox 558 4467 3827 4571; baseline -0.001 -46"><span class='ocrx_word' id='word_1_645' title='bbox 558 4471 669 4527; x_wconf 86' lang='lat' dir='ltr'><strong>Nos</strong></span> <span class='ocrx_word' id='word_1_646' title='bbox 705 4490 832 4529; x_wconf 88' lang='lat' dir='ltr'><strong>vero</strong></span> <span class='ocrx_word' id='word_1_647' title='bbox 863 4484 987 4545; x_wconf 91' lang='lat' dir='ltr'><strong>post</strong></span> <span class='ocrx_word' id='word_1_648' title='bbox 1023 4476 1204 4546; x_wconf 90' lang='lat' dir='ltr'><strong>ipsum</strong></span> <span class='ocrx_word' id='word_1_649' title='bbox 1246 4480 1688 4550; x_wconf 89' lang='lat' dir='ltr'><strong>procumbentes,</strong></span> <span class='ocrx_word' id='word_1_650' title='bbox 1734 4479 1882 4550; x_wconf 84' lang='lat' dir='ltr'><strong>quod</strong></span> <span class='ocrx_word' id='word_1_651' title='bbox 1916 4480 2146 4547; x_wconf 88' lang='lat' dir='ltr'><strong>dicebat,</strong></span> <span class='ocrx_word' id='word_1_652' title='bbox 2183 4512 2230 4571; x_wconf 68' lang='grc' dir='ltr'>υ</span> <span class='ocrx_word' id='word_1_653' title='bbox 2255 4477 2309 4529; x_wconf 90' lang='lat' dir='ltr'><strong>in</strong></span> <span class='ocrx_word' id='word_1_654' title='bbox 2338 4476 2499 4546; x_wconf 80' lang='lat' dir='ltr'><strong>Alpes</strong></span> <span class='ocrx_word' id='word_1_655' title='bbox 2536 4475 2601 4571; x_wconf 74' lang='lat' dir='ltr'><strong>ad</strong></span> <span class='ocrx_word' id='word_1_656' title='bbox 2641 4474 2917 4540; x_wconf 87' lang='lat' dir='ltr'><strong>Castnum,</strong></span> <span class='ocrx_word' id='word_1_657' title='bbox 2953 4474 3108 4571; x_wconf 27' lang='lat' dir='ltr'><strong>Aquod</strong></span> <span class='ocrx_word' id='word_1_658' title='bbox 3149 4473 3352 4571; x_wconf 75' lang='lat' dir='ltr'><strong>dicitur</strong></span> <span class='ocrx_word' id='word_1_659' title='bbox 3399 4469 3643 4525; x_wconf 89' lang='lat' dir='ltr'><strong>Leucum</strong></span> <span class='ocrx_word' id='word_1_660' title='bbox 3700 4467 3827 4535; x_wconf 71' lang='lat'><strong>(29),</strong></span> 
     </span>
    </p>
   </div>
   <div class='ocr_carea' id='block_1_93' title="bbox 557 4565 2143 4639">
    <p class='ocr_par' dir='ltr' id='par_1_93' title="bbox 557 4565 2143 4639">
     <span class='ocr_line' id='line_1_93' title="bbox 557 4565 2143 4639; baseline 0.003 -19"><span class='ocrx_word' id='word_1_661' title='bbox 557 4565 916 4623; x_wconf 82' lang='lat' dir='ltr'><strong>audiebamus</strong></span> <span class='ocrx_word' id='word_1_662' title='bbox 966 4577 1021 4622; x_wconf 88' lang='lat' dir='ltr'><strong>et</strong></span> <span class='ocrx_word' id='word_1_663' title='bbox 1063 4570 1546 4639; x_wconf 89' lang='lat' dir='ltr'><strong>respondebamus.</strong></span> <span class='ocrx_word' id='word_1_664' title='bbox 1603 4569 1759 4627; x_wconf 87' lang='lat' dir='ltr'><strong>Tunc</strong></span> <span class='ocrx_word' id='word_1_665' title='bbox 1806 4572 2024 4627; x_wconf 91' lang='lat' dir='ltr'><strong>demum</strong></span> <span class='ocrx_word' id='word_1_666' title='bbox 2065 4573 2143 4627; x_wconf 90' lang='lat' dir='ltr'><strong>si-</strong></span> 
     </span>
    </p>
   </div>
   <div class='ocr_carea' id='block_1_94' title="bbox 559 4656 2148 4734">
    <p class='ocr_par' dir='ltr' id='par_1_94' title="bbox 559 4656 2148 4734">
     <span class='ocr_line' id='line_1_94' title="bbox 559 4656 2148 4734; baseline 0.006 -24"><span class='ocrx_word' id='word_1_667' title='bbox 559 4656 730 4712; x_wconf 86' lang='lat' dir='ltr'><strong>lenter</strong></span> <span class='ocrx_word' id='word_1_668' title='bbox 766 4661 1046 4730; x_wconf 87' lang='lat' dir='ltr'><strong>paululum</strong></span> <span class='ocrx_word' id='word_1_669' title='bbox 1083 4663 1306 4729; x_wconf 88' lang='lat' dir='ltr'><strong>orabat,</strong></span> <span class='ocrx_word' id='word_1_670' title='bbox 1356 4663 1518 4734; x_wconf 89' lang='lat' dir='ltr'><strong>idque</strong></span> <span class='ocrx_word' id='word_1_671' title='bbox 1558 4679 2005 4734; x_wconf 91' lang='lat' dir='ltr'><strong>unumquemque</strong></span> <span class='ocrx_word' id='word_1_672' title='bbox 2049 4681 2148 4719; x_wconf 90' lang='lat' dir='ltr'><strong>no-</strong></span> 
     </span>
    </p>
   </div>
   <div class='ocr_carea' id='block_1_95' title="bbox 556 4752 2148 4826">
    <p class='ocr_par' dir='ltr' id='par_1_95' title="bbox 556 4752 2148 4826">
     <span class='ocr_line' id='line_1_95' title="bbox 556 4752 2148 4826; baseline 0.004 -22"><span class='ocrx_word' id='word_1_673' title='bbox 556 4756 729 4804; x_wconf 89' lang='lat' dir='ltr'><strong>strum</strong></span> <span class='ocrx_word' id='word_1_674' title='bbox 780 4767 941 4821; x_wconf 83' lang='lat' dir='ltr'><strong>agere</strong></span> <span class='ocrx_word' id='word_1_675' title='bbox 993 4752 1224 4807; x_wconf 88' lang='lat' dir='ltr'><strong>sinebat.</strong></span> <span class='ocrx_word' id='word_1_676' title='bbox 1275 4753 1520 4825; x_wconf 90' lang='lat' dir='ltr'><strong>Denique</strong></span> <span class='ocrx_word' id='word_1_677' title='bbox 1568 4771 1627 4810; x_wconf 90' lang='lat' dir='ltr'><strong>se</strong></span> <span class='ocrx_word' id='word_1_678' title='bbox 1673 4754 1935 4826; x_wconf 81' lang='lat' dir='ltr'><strong>erigebat,</strong></span> <span class='ocrx_word' id='word_1_679' title='bbox 1976 4756 2148 4811; x_wconf 87' lang='lat' dir='ltr'><strong>altare</strong></span> 
     </span>
    </p>
   </div>
   <div class='ocr_carea' id='block_1_96' title="bbox 557 4840 2143 4916">
    <p class='ocr_par' dir='ltr' id='par_1_96' title="bbox 557 4840 2143 4916">
     <span class='ocr_line' id='line_1_96' title="bbox 557 4840 2143 4916; baseline 0.006 -23"><span class='ocrx_word' id='word_1_680' title='bbox 557 4840 852 4896; x_wconf 85' lang='lat' dir='ltr'><strong>honoriﬁce</strong></span> <span class='ocrx_word' id='word_1_681' title='bbox 889 4843 1176 4910; x_wconf 88' lang='lat' dir='ltr'><strong>adorabat,</strong></span> <span class='ocrx_word' id='word_1_682' title='bbox 1213 4857 1266 4899; x_wconf 89' lang='lat' dir='ltr'><strong>et</strong></span> <span class='ocrx_word' id='word_1_683' title='bbox 1310 4845 1593 4900; x_wconf 89' lang='lat' dir='ltr'><strong>nobiscum</strong></span> <span class='ocrx_word' id='word_1_684' title='bbox 1629 4845 1743 4915; x_wconf 90' lang='lat' dir='ltr'><strong>jam</strong></span> <span class='ocrx_word' id='word_1_685' title='bbox 1783 4846 2143 4916; x_wconf 82' lang='lat' dir='ltr'><strong>regrediendo</strong></span> 
     </span>
    </p>
   </div>
   <div class='ocr_carea' id='block_1_97' title="bbox 555 4933 2150 5008">
    <p class='ocr_par' dir='ltr' id='par_1_97' title="bbox 555 4933 2150 5008">
     <span class='ocr_line' id='line_1_97' title="bbox 555 4933 2150 5008; baseline 0.004 -21"><span class='ocrx_word' id='word_1_686' title='bbox 555 4933 806 4988; x_wconf 89' lang='lat' dir='ltr'><strong>dicebat:</strong></span> <span class='ocrx_word' id='word_1_687' title='bbox 839 4933 1104 5006; x_wconf 79' lang='lat' dir='ltr'><strong>Angelum</strong></span> <span class='ocrx_word' id='word_1_688' title='bbox 1154 4937 1303 5005; x_wconf 88' lang='lat' dir='ltr'><strong>pacis</strong></span> <span class='ocrx_word' id='word_1_689' title='bbox 1352 4945 1407 4991; x_wconf 93' lang='lat' dir='ltr'><strong>et</strong></span> <span class='ocrx_word' id='word_1_690' title='bbox 1452 4937 1639 5008; x_wconf 71' lang='lat' dir='ltr'><strong>gratia:</strong></span> <span class='ocrx_word' id='word_1_691' title='bbox 1665 4937 1808 4991; x_wconf 88' lang='lat' dir='ltr'><strong>dona</strong></span> <span class='ocrx_word' id='word_1_692' title='bbox 1839 4937 2019 5005; x_wconf 92' lang='lat' dir='ltr'><strong>nobis,</strong></span> <span class='ocrx_word' id='word_1_693' title='bbox 2045 4937 2150 4993; x_wconf 90' lang='lat' dir='ltr'><strong>Do-</strong></span> 
     </span>
    </p>
   </div>
   <div class='ocr_carea' id='block_1_98' title="bbox 558 5026 2150 5098">
    <p class='ocr_par' dir='ltr' id='par_1_98' title="bbox 558 5026 2150 5098">
     <span class='ocr_line' id='line_1_98' title="bbox 558 5026 2150 5098; baseline 0.004 -19"><span class='ocrx_word' id='word_1_694' title='bbox 558 5027 705 5082; x_wconf 89' lang='lat' dir='ltr'><strong>mine</strong></span> <span class='ocrx_word' id='word_1_695' title='bbox 736 5026 879 5082; x_wconf 83' lang='lat' dir='ltr'><strong>Deus</strong></span> <span class='ocrx_word' id='word_1_696' title='bbox 922 5036 1107 5083; x_wconf 86' lang='lat' dir='ltr'><strong>noster</strong></span> <span class='ocrx_word' id='word_1_697' title='bbox 1138 5029 1275 5098; x_wconf 73' lang='lat'><strong>(’26),</strong></span> <span class='ocrx_word' id='word_1_698' title='bbox 1314 5039 1366 5083; x_wconf 87' lang='lat' dir='ltr'><strong>et</strong></span> <span class='ocrx_word' id='word_1_699' title='bbox 1402 5038 1533 5084; x_wconf 89' lang='lat' dir='ltr'><strong>tunc</strong></span> <span class='ocrx_word' id='word_1_700' title='bbox 1570 5029 1641 5082; x_wconf 81' lang='lat' dir='ltr'><strong>ibi</strong></span> <span class='ocrx_word' id='word_1_701' title='bbox 1685 5029 1929 5098; x_wconf 89' lang='lat' dir='ltr'><strong>psalmos</strong></span> <span class='ocrx_word' id='word_1_702' title='bbox 1969 5030 2150 5085; x_wconf 91' lang='lat' dir='ltr'><strong>dicere</strong></span> 
     </span>
    </p>
   </div>
   <div class='ocr_carea' id='block_1_99' title="bbox 558 5117 2149 5158">
    <p class='ocr_par' dir='ltr' id='par_1_99' title="bbox 558 5117 2149 5158">
     <span class='ocr_line' id='line_1_99' title="bbox 558 5117 2149 5158; baseline 0 0"><span class='ocrx_word' id='word_1_703' title='bbox 558 5117 612 5158; x_wconf 70' lang='lat' dir='ltr'><strong>in</strong></span> <span class='ocrx_word' id='word_1_704' title='bbox 645 5118 887 5158; x_wconf 64' lang='grc' dir='ltr'><strong>ρρρῐίιςῖεγι</strong></span> <span class='ocrx_word' id='word_1_705' title='bbox 917 5121 1061 5158; x_wconf 69' lang='lat' dir='ltr'><strong>nvitn</strong></span> <span class='ocrx_word' id='word_1_706' title='bbox 1096 5120 1384 5158; x_wconf 71' lang='lat' dir='ltr'><strong>irmininimt</strong></span> <span class='ocrx_word' id='word_1_707' title='bbox 1439 5120 1528 5158; x_wconf 71' lang='grc' dir='ltr'>ιιιιὶ</span> <span class='ocrx_word' id='word_1_708' title='bbox 1562 5120 1782 5158; x_wconf 69' lang='grc' dir='ltr'><strong>ηιιαιΙηηι</strong></span> <span class='ocrx_word' id='word_1_709' title='bbox 1816 5120 1868 5158; x_wconf 74' lang='lat' dir='ltr'><strong>in</strong></span> <span class='ocrx_word' id='word_1_710' title='bbox 1904 5120 2149 5158; x_wconf 66' lang='lat' dir='ltr'><strong>inut-nee“</strong></span> 
     </span>
    </p>
   </div>
   <div class='ocr_carea' id='block_1_100' title="bbox 2252 4564 3831 4637">
    <p class='ocr_par' dir='ltr' id='par_1_100' title="bbox 2252 4564 3831 4637">
     <span class='ocr_line' id='line_1_100' title="bbox 2252 4564 3831 4637; baseline -0.006 -16"><span class='ocrx_word' id='word_1_711' title='bbox 2252 4566 2548 4637; x_wconf 87' lang='lat' dir='ltr'><strong>deportari.</strong></span> <span class='ocrx_word' id='word_1_712' title='bbox 2574 4565 2650 4620; x_wconf 91' lang='lat' dir='ltr'><strong>lbi</strong></span> <span class='ocrx_word' id='word_1_713' title='bbox 2684 4582 2921 4635; x_wconf 90' lang='lat' dir='ltr'><strong>namque</strong></span> <span class='ocrx_word' id='word_1_714' title='bbox 2953 4566 3007 4619; x_wconf 90' lang='lat' dir='ltr'><strong>in</strong></span> <span class='ocrx_word' id='word_1_715' title='bbox 3034 4573 3145 4619; x_wconf 90' lang='lat' dir='ltr'><strong>tam</strong></span> <span class='ocrx_word' id='word_1_716' title='bbox 3174 4564 3354 4618; x_wconf 88' lang='lat' dir='ltr'><strong>dirum</strong></span> <span class='ocrx_word' id='word_1_717' title='bbox 3398 4577 3677 4617; x_wconf 79' lang='lat' dir='ltr'><strong>carcerem</strong></span> <span class='ocrx_word' id='word_1_718' title='bbox 3711 4570 3831 4615; x_wconf 82' lang='lat' dir='ltr'><strong>sunt</strong></span> 
     </span>
    </p>
   </div>
   <div class='ocr_carea' id='block_1_101' title="bbox 2253 4654 3830 4740">
    <p class='ocr_par' dir='ltr' id='par_1_101' title="bbox 2253 4654 3830 4740">
     <span class='ocr_line' id='line_1_101' title="bbox 2253 4654 3830 4740; baseline -0.006 -25"><span class='ocrx_word' id='word_1_719' title='bbox 2253 4662 2410 4716; x_wconf 88' lang='lat' dir='ltr'><strong>missi</strong></span> <span class='ocrx_word' id='word_1_720' title='bbox 2440 4660 2606 4730; x_wconf 91' lang='lat' dir='ltr'><strong>(sicut</strong></span> <span class='ocrx_word' id='word_1_721' title='bbox 2640 4660 2747 4740; x_wconf 70' lang='lat' dir='ltr'><strong>ipsi</strong></span> <span class='ocrx_word' id='word_1_722' title='bbox 2782 4659 2939 4714; x_wconf 90' lang='lat' dir='ltr'><strong>nobis</strong></span> <span class='ocrx_word' id='word_1_723' title='bbox 2963 4667 3092 4713; x_wconf 90' lang='lat' dir='ltr'><strong>sunt</strong></span> <span class='ocrx_word' id='word_1_724' title='bbox 3113 4666 3300 4728; x_wconf 85' lang='lat' dir='ltr'><strong>postea</strong></span> <span class='ocrx_word' id='word_1_725' title='bbox 3329 4654 3589 4726; x_wconf 85' lang='lat' dir='ltr'><strong>professi)</strong></span> <span class='ocrx_word' id='word_1_726' title='bbox 3615 4662 3674 4708; x_wconf 92' lang='lat' dir='ltr'><strong>ut</strong></span> <span class='ocrx_word' id='word_1_727' title='bbox 3694 4669 3830 4707; x_wconf 85' lang='lat' dir='ltr'><strong>nun-</strong></span> 
     </span>
    </p>
   </div>
   <div class='ocr_carea' id='block_1_102' title="bbox 2253 4742 3831 4823">
    <p class='ocr_par' dir='ltr' id='par_1_102' title="bbox 2253 4742 3831 4823">
     <span class='ocr_line' id='line_1_102' title="bbox 2253 4742 3831 4823; baseline -0.009 -15"><span class='ocrx_word' id='word_1_728' title='bbox 2253 4768 2416 4823; x_wconf 87' lang='lat' dir='ltr'><strong>quam</strong></span> <span class='ocrx_word' id='word_1_729' title='bbox 2440 4766 2535 4807; x_wconf 91' lang='lat' dir='ltr'><strong>eos</strong></span> <span class='ocrx_word' id='word_1_730' title='bbox 2563 4750 2852 4822; x_wconf 78' lang='lat' dir='ltr'><strong>contigerit</strong></span> <span class='ocrx_word' id='word_1_731' title='bbox 2882 4749 3100 4803; x_wconf 88' lang='lat' dir='ltr'><strong>audisse</strong></span> <span class='ocrx_word' id='word_1_732' title='bbox 3134 4754 3353 4803; x_wconf 90' lang='lat' dir='ltr'><strong>sanctos</strong></span> <span class='ocrx_word' id='word_1_733' title='bbox 3399 4761 3431 4799; x_wconf 88' lang='lat' dir='ltr'><strong>a</strong></span> <span class='ocrx_word' id='word_1_734' title='bbox 3480 4744 3708 4814; x_wconf 80' lang='lat' dir='ltr'><strong>paganis</strong></span> <span class='ocrx_word' id='word_1_735' title='bbox 3738 4742 3831 4795; x_wconf 79' lang='lat' dir='ltr'><strong>du-</strong></span> 
     </span>
    </p>
   </div>
   <div class='ocr_carea' id='block_1_103' title="bbox 2254 4835 3827 4912">
    <p class='ocr_par' dir='ltr' id='par_1_103' title="bbox 2254 4835 3827 4912">
     <span class='ocr_line' id='line_1_103' title="bbox 2254 4835 3827 4912; baseline -0.006 -15"><span class='ocrx_word' id='word_1_736' title='bbox 2254 4843 2401 4897; x_wconf 88' lang='lat' dir='ltr'><strong>riora</strong></span> <span class='ocrx_word' id='word_1_737' title='bbox 2428 4857 2732 4912; x_wconf 84' lang='lat' dir='ltr'><strong>perpessos.</strong></span> <span class='ocrx_word' id='word_1_738' title='bbox 2754 4839 2911 4907; x_wconf 87' lang='lat' dir='ltr'><strong>Quod</strong></span> <span class='ocrx_word' id='word_1_739' title='bbox 2932 4839 3136 4894; x_wconf 89' lang='lat' dir='ltr'><strong>Christi</strong></span> <span class='ocrx_word' id='word_1_740' title='bbox 3159 4838 3399 4892; x_wconf 88' lang='lat' dir='ltr'><strong>famulus</strong></span> <span class='ocrx_word' id='word_1_741' title='bbox 3423 4836 3553 4891; x_wconf 89' lang='lat' dir='ltr'><strong>dum</strong></span> <span class='ocrx_word' id='word_1_742' title='bbox 3576 4835 3827 4896; x_wconf 83' lang='lat' dir='ltr'><strong>audisset,</strong></span> 
     </span>
    </p>
   </div>
   <div class='ocr_carea' id='block_1_104' title="bbox 2257 4923 3830 4993">
    <p class='ocr_par' dir='ltr' id='par_1_104' title="bbox 2257 4923 3830 4993">
     <span class='ocr_line' id='line_1_104' title="bbox 2257 4923 3830 4993; baseline -0.008 -4"><span class='ocrx_word' id='word_1_743' title='bbox 2257 4942 2554 4989; x_wconf 89' lang='lat' dir='ltr'><strong>convocata</strong></span> <span class='ocrx_word' id='word_1_744' title='bbox 2580 4933 2634 4987; x_wconf 91' lang='lat' dir='ltr'><strong>in</strong></span> <span class='ocrx_word' id='word_1_745' title='bbox 2660 4949 2832 4986; x_wconf 90' lang='lat' dir='ltr'><strong>unum</strong></span> <span class='ocrx_word' id='word_1_746' title='bbox 2865 4931 3106 4986; x_wconf 89' lang='lat' dir='ltr'><strong>civitatis</strong></span> <span class='ocrx_word' id='word_1_747' title='bbox 3135 4928 3505 4993; x_wconf 88' lang='lat' dir='ltr'><strong>multitudine,</strong></span> <span class='ocrx_word' id='word_1_748' title='bbox 3531 4927 3610 4981; x_wconf 93' lang='lat' dir='ltr'><strong>ait</strong></span> <span class='ocrx_word' id='word_1_749' title='bbox 3639 4944 3653 4981; x_wconf 90' lang='lat'><strong>:</strong></span> <span class='ocrx_word' id='word_1_750' title='bbox 3701 4923 3830 4978; x_wconf 73' lang='lat' dir='ltr'><strong>Volo</strong></span> 
     </span>
    </p>
   </div>
   <div class='ocr_carea' id='block_1_105' title="bbox 2257 5014 3829 5093">
    <p class='ocr_par' dir='ltr' id='par_1_105' title="bbox 2257 5014 3829 5093">
     <span class='ocr_line' id='line_1_105' title="bbox 2257 5014 3829 5093; baseline -0.007 -14"><span class='ocrx_word' id='word_1_751' title='bbox 2257 5040 2376 5091; x_wconf 88' lang='lat' dir='ltr'><strong>vos,</strong></span> <span class='ocrx_word' id='word_1_752' title='bbox 2409 5025 2772 5091; x_wconf 89' lang='lat' dir='ltr'><strong>dilectissimi,</strong></span> <span class='ocrx_word' id='word_1_753' title='bbox 2802 5024 2943 5078; x_wconf 89' lang='lat' dir='ltr'><strong>seire</strong></span> <span class='ocrx_word' id='word_1_754' title='bbox 2971 5023 3118 5093; x_wconf 92' lang='lat' dir='ltr'><strong>quod</strong></span> <span class='ocrx_word' id='word_1_755' title='bbox 3148 5014 3498 5076; x_wconf 81' lang='lat' dir='ltr'><strong>Christianus</strong></span> <span class='ocrx_word' id='word_1_756' title='bbox 3546 5033 3648 5088; x_wconf 91' lang='lat' dir='ltr'><strong>pro</strong></span> <span class='ocrx_word' id='word_1_757' title='bbox 3689 5015 3829 5071; x_wconf 81' lang='lat' dir='ltr'><strong>nulla</strong></span> 
     </span>
    </p>
   </div>
   <div class='ocr_carea' id='block_1_106' title="bbox 2259 5110 3827 5158">
    <p class='ocr_par' dir='ltr' id='par_1_106' title="bbox 2259 5110 3827 5158">
     <span class='ocr_line' id='line_1_106' title="bbox 2259 5110 3827 5158; baseline 0 0"><span class='ocrx_word' id='word_1_758' title='bbox 2259 5133 2422 5158; x_wconf 68' lang='lat' dir='ltr'><strong>oniten</strong></span> <span class='ocrx_word' id='word_1_759' title='bbox 2457 5116 2692 5158; x_wconf 69' lang='lat' dir='ltr'><strong>cladium</strong></span> <span class='ocrx_word' id='word_1_760' title='bbox 2717 5116 2908 5158; x_wconf 69' lang='lat' dir='ltr'><strong>dobant</strong></span> <span class='ocrx_word' id='word_1_761' title='bbox 2935 5113 3077 5158; x_wconf 61' lang='grc' dir='ltr'><strong>τρε-Νι</strong></span> <span class='ocrx_word' id='word_1_762' title='bbox 3101 5114 3201 5158; x_wconf 60' lang='lat' dir='ltr'><strong>nini</strong></span> <span class='ocrx_word' id='word_1_763' title='bbox 3228 5127 3327 5158; x_wconf 84' lang='lat' dir='ltr'><strong>nm</strong></span> <span class='ocrx_word' id='word_1_764' title='bbox 3351 5111 3474 5158; x_wconf 72' lang='lat' dir='ltr'><strong>ﬁdei</strong></span> <span class='ocrx_word' id='word_1_765' title='bbox 3500 5110 3827 5158; x_wconf 68' lang='lat' dir='ltr'><strong>defensione.</strong></span> 
     </span>
    </p>
   </div>
  </div>
