4028 5360
283 246 424 304 “99

1821 257 2029 315 ACTA.

3421 229 3555 325 utr

286 342 395 429 duo
421 367 608 426 clerici
637 371 879 442 quandiu
908 373 965 428 in
999 374 1225 445 perﬁdia
1278 375 1657 445 persistentes,
1706 390 1873 448 open
1898 388 1947 439 Α
1974 379 2216 449 populus
2244 382 2554 438 exclamare
2586 402 2599 437 :
2631 383 2962 439 Occidantur
2987 383 3273 450 velociter,
3301 382 3559 439 occidan-

285 462 555 517 diabolica
580 471 711 518 sunt
736 466 930 532 secuti,
962 467 1264 523 honoriﬁce
1295 468 1365 523 ab
1384 482 1451 522 eo
1491 468 1587 538 qui
1625 467 1868 538 pontifex

282 552 709 611 Mcdiolanensis
733 556 933 613 dicitur
978 567 1107 613 sunt
1144 559 1344 625 habiti;
1383 575 1510 615 eum
1543 574 1674 615 vero
1719 575 1870 614 eam-

271 646 408 703 .dem
440 646 721 716 perﬁdiam
765 649 1201 721 diabolicamquc
1238 652 1540 722 nequitiam
1585 652 1872 710 decrevere

284 746 635 794 contemnere
657 749 713 794 et
732 739 1013 796 Christum
1045 742 1221 814 sequi,
1242 752 1372 798 tunc
1401 750 1532 798 sunt
1561 743 1724 813 capti,
1742 754 1871 800 tunc

278 829 337 884 in
376 831 557 886 dirum
594 846 871 887 carcerem
904 834 1063 889 trusi.

351 923 440 977 57.
471 922 597 979 llaec
626 941 750 979 eum
777 926 923 981 cives
944 925 1242 982 Christiani
1273 928 1585 993 audissent,
1611 928 1873 998 obstupe-

276 1013 434 1080 facti,
462 1024 667 1071 tantam
690 1018 975 1087 perﬁdiam
1014 1035 1140 1074 cum
1182 1035 1381 1090 magno
1419 1021 1659 1076 clamore
1688 1037 1871 1091 cmpe-

278 1115 412 1163 runt
438 1108 721 1175 damnare,
753 1110 818 1164 ad
848 1127 999 1165 arma
1031 1128 1275 1178 currere,
1295 1123 1350 1167 et
1381 1113 1448 1167 ad
1482 1113 1871 1169 vindicandum

279 1208 495 1265 tantum
527 1202 706 1259 scelus
729 1212 918 1258 contra
947 1202 1251 1259 Guidonem
1285 1206 1455 1259 exire.
1502 1204 1709 1260 Christi
1740 1220 1872 1263 vero

277 1291 543 1358 famulus,
568 1294 767 1349 timens
804 1311 869 1350 ne
896 1296 963 1350 ad
994 1297 1118 1352 ﬁdei
1142 1296 1531 1354 detrimentum
1558 1313 1658 1367 pro
1680 1298 1872 1352 absen-

275 1385 352 1442 tia
388 1383 752 1444 llcrlembaldi
777 1388 1011 1458 pOpulus
1040 1390 1265 1459 praemio
1288 1397 1383 1444 aut
1411 1391 1606 1446 timore
1630 1405 1875 1445 corrum-

276 1484 535 1544 peretur,
589 1492 687 1533 eos
740 1480 1041 1548 praecessit,
1068 1481 1123 1535 in
1151 1498 1319 1536 manu
1350 1491 1580 1552 portans
1613 1481 1871 1537 vexillum

275 1577 483 1622 saneta:
519 1569 720 1625 crucis.
750 1569 928 1625 Guido
970 1580 1175 1640 autem,
1240 1590 1334 1643 spe
1382 1574 1566 1629 nimia:
1616 1575 1871 1630 multitu-

274 1660 423 1715 diuis
445 1661 711 1730 equitum,
744 1672 1088 1734 pugnaturus
1118 1666 1359 1721 occurrit
1387 1667 1442 1721 in
1486 1668 1708 1723 ruribus
1750 1667 1869 1722 Mo-

1973 482 2081 528 tur.
2117 472 2212 529 llis
2242 474 2423 543 dictis,
2455 475 2631 532 Guido
2679 494 2805 532 cum
2849 493 3045 549 magna
3094 478 3415 533 clericorum
3464 495 3557 535 ca.

1972 574 2122 620 terva
2147 566 2313 635 carpit
2340 567 2689 633 descendere,
2720 576 2782 622 ut
2807 577 3029 623 sanctos
3072 566 3168 622 Dei
3207 568 3557 638 opprimeret.

1975 656 2079 713 Sed
2110 674 2236 712 cum
2273 659 2442 712 nimia
2482 660 2654 730 plebis
2689 660 2957 714 densitate
2987 661 3055 715 ad
3080 676 3177 718 eos
3209 676 3320 715 non
3349 662 3561 731 pateret

1966 764 2247 815 accessus,
2271 750 2437 819 cmpit
2458 748 2636 804 Guido
2649 751 2987 806 exclamare:
3010 749 3215 806 Omnes
3237 752 3331 821 qui
3362 750 3419 806 S.
3437 752 3559 805 Am-

1970 842 2141 900 brosii
2165 843 2430 898 honorem
2457 843 2692 913 diligunt
2712 844 2782 897 ab
2809 844 3037 898 ecclesia
3068 852 3286 910 exeant,
3301 853 3363 899 ut
3387 845 3563 899 nostri

1972 934 2273 989 adversarii
2302 934 2609 989 evidentius
2636 942 3062 1004 cognoscantur,
3114 936 3387 1007 citiusque
3428 951 3563 991 con-

1973 1037 2220 1083 terantur
2248 1036 2303 1081 et
2343 1028 2742 1097 opprimantur.
2795 1025 3099 1097 Subitoque
3151 1029 3382 1083 ecclesia
3435 1043 3563 1082 eva-

1972 1126 2136 1172 cnata
2165 1125 2249 1172 est
2272 1116 2342 1170 ita
2373 1126 2432 1171 ut
2458 1132 2525 1170 ex
2556 1125 2763 1186 septem
2793 1115 3037 1170 millibus
3065 1116 3309 1170 virorum
3349 1125 3561 1171 tantum

1968 1208 2261 1264 duodecim
2286 1208 2651 1262 remanserint
2679 1207 2733 1260 in
2764 1207 3071 1262 subsidium
3108 1221 3393 1262 servorum
3442 1207 3560 1263 Dei.

1972 1298 2230 1353 Arialdus
2258 1305 2441 1352 autem
2487 1306 2543 1352 et
2602 1297 3016 1353 Herlcmbaldus
3074 1312 3237 1367 super
3290 1299 3563 1354 cancellos

1974 1398 2203 1455 stantes,
2236 1390 2466 1446 ﬂexibus
2494 1390 2724 1461 genibus
2753 1389 3046 1445 Dominum
3094 1392 3399 1445 exorabant
3441 1410 3455 1445 :
3507 1391 3562 1444 in

1964 1498 2115 1552 quos
2140 1498 2269 1552 pars
2301 1482 2529 1537 adversa
2560 1483 2799 1538 clamore
2846 1498 3048 1553 magno
3097 1483 3278 1549 irruit,
3332 1484 3455 1538 laici
3504 1484 3562 1539 in

1974 1574 2438 1641 llerlembaldum,
2486 1575 2672 1631 clerici
2718 1590 2853 1630 vero
2914 1576 2969 1630 in
3021 1576 3341 1643 Arialdum;
3400 1592 3564 1646 quem

1974 1664 2339 1735 percutientes
2350 1665 2608 1721 deorsum
2631 1665 2992 1737 praecipitant,
3009 1674 3064 1720 et
3090 1679 3415 1735 percussum
3437 1681 3562 1721 cre—

272 1750 613 1817 dicensibus,
643 1754 883 1810 millibus
913 1754 1025 1811 fere
1047 1756 1231 1811 decem
1257 1757 1325 1811 ab
1349 1757 1490 1827 urbe
1517 1759 1867 1814 distantibus.
1901 1734 1946 1795 B
1974 1756 2113 1813 dunt
2150 1755 2415 1811 occisum.
2450 1734 2762 1813 Terrebatur
2782 1734 2967 1812 autem
3002 1734 3282 1827 sceptrum
3326 1757 3566 1813 militare

271 1840 723 1900 Vociferantibus
766 1846 950 1916 itaque
975 1848 1223 1917 partibus
1280 1849 1548 1920 utrisque,
1599 1850 1871 1905 inﬁdelem

276 1936 453 1991 aciem
490 1937 741 2007 protinus
800 1947 985 1995 tantus
1030 1940 1227 1996 invasit
1283 1932 1455 1996 timor.
1500 1952 1771 2012 quatenus
1819 1942 1870 1999 ei

274 2027 430 2081 nulla
460 2027 681 2097 quidem
718 2039 1025 2086 remaneret
1054 2047 1179 2101 spes
1209 2031 1450 2104 fugiendi
1480 2034 1564 2088 vel
1609 2034 1868 2102 bellandi,

277 2110 389 2175 sed
404 2120 599 2176 dantes
647 2122 831 2177 statim
884 2124 1127 2190 obsides,
1179 2124 1407 2181 clericos
1463 2127 1874 2196 speponderunt

277 2220 471 2281 captos
501 2214 828 2282 quantocius
857 2230 916 2269 se
959 2215 1288 2270 reddituros.
1342 2215 1406 2269 Et
1454 2216 1533 2271 sic
1572 2217 1629 2270 in
1679 2217 1871 2271 eodem

276 2304 367 2359 die
420 2305 627 2361 reversi
674 2314 803 2360 sunt
853 2306 1185 2377 gaudentes,
1239 2305 1520 2376 Deumque
1565 2308 1867 2362 laudantes.

277 2398 466 2454 Tert'a
489 2400 653 2454 etiam
683 2399 771 2455 die
799 2410 923 2471 post
952 2403 1068 2456 haec
1096 2402 1160 2456 ad
1193 2402 1476 2456 ecclesiam
1508 2401 1608 2455 viri
1642 2400 1737 2457 Dei
1767 2417 1871 2456 vox

279 2492 548 2557 insonuit,
579 2492 770 2548 dicens
803 2512 815 2547 :
850 2492 929 2547 En
955 2493 1070 2564 jam
1116 2494 1337 2548 veniunt
1385 2494 1549 2548 rudes
1605 2500 1872 2565 martyres

278 2581 518 2648 Christi,
551 2583 737 2638 clerici
789 2585 1017 2652 scilicet,
1049 2585 1140 2654 qui
1193 2583 1410 2639 fuerant
1450 2585 1614 2655 capti.
1661 2584 1872 2651 Quibus

278 2673 484 2729 Christi
516 2674 757 2731 famulus
787 2693 911 2732 cum
942 2677 1131 2732 multis
1162 2676 1411 2733 ﬁdelibus
1441 2677 1585 2733 illico
1632 2677 1874 2732 occurrit

280 2764 518 2832 obvius,
573 2782 777 2837 eosque
834 2769 1184 2829 deosculans,
1241 2784 1364 2824 cum
1425 2783 1622 2840 magno
1675 2770 1873 2839 gaudio

282 2860 525 2929 suscepit
558 2878 571 2914 :
604 2869 659 2916 et
688 2863 903 2918 excelsa
932 2880 1067 2919 voce
1102 2884 1121 2915 σ
1160 2863 1236 2918 Te
1283 2863 1457 2919 Deum
1502 2864 1793 2920 laudamus
1848 2884 1867 2916 ι

280 2940 407 3003 cum
440 2947 702 3005 fratribus
731 2959 951 3007 cantare
993 2953 1179 3023 etrapit,
1213 2952 1444 3023 illosque
1475 2952 1555 3009 sic
1590 2954 1645 3007 in
1695 2955 1873 3009 eccle-

282 3039 422 3094 siam
454 3040 777 3096 introduxit.
811 3040 963 3110 Quos
989 3051 1123 3098 tunc
1151 3051 1557 3098 consterna.....
1593 3043 1705 3116 (50)

354 3132 444 3187 58.
491 3131 788 3204 Postquam
851 3144 1034 3190 autem
1094 3134 1506 3193 Herlembaldus
1557 3136 1728 3193 Roma
1782 3153 1871 3192 re-

281 3225 415 3305 diit,
477 3226 796 3297 litterasque
857 3228 1448 3285 extommunicationis
1522 3229 1717 3284 detulit
1784 3246 1875 3284 ar-

280 3317 655 3388 cbiepiscopo,
715 3320 896 3374 subito
947 3320 1241 3391 przedictus
1290 3321 1732 3392 archiepiscopus
1779 3338 1875 3392 per

282 3417 457 3463 totam
510 3410 701 3465 urbem
774 3412 997 3467 nuntios
1055 3413 1206 3468 misit
1272 3412 1327 3466 in
1378 3411 1614 3468 Sabbato
1675 3412 1871 3483 (ante)

281 3499 642 3557 Pentecosten
712 3504 970 3558 nuntians
1038 3504 1309 3558 universis
1379 3503 1630 3571 civibus,
1698 3513 1763 3557 ut
1826 3503 1874 3557 si

200 3640 203 3641 ν
282 3591 529 3646 inaudita
559 3592 700 3647 scire
744 3600 1025 3663 cuperent,
1058 3593 1113 3648 in
1159 3592 1481 3649 Pentecoste
1512 3593 1624 3663 (51)
1656 3609 1875 3648 summo

199 3720 213 3731 ς
279 3684 524 3740 diluculo
554 3684 802 3740 venirent
826 3685 896 3739 ad
926 3686 1190 3756 majorem
1218 3686 1531 3742 ecclesiam.
1552 3683 1669 3740 Hoc
1690 3692 1873 3738 autem

281 3778 409 3833 ideo
437 3777 586 3840 fecit,
620 3787 678 3833 ut
712 3787 901 3833 contra
936 3786 1163 3834 sanctos
1187 3777 1284 3833 Dei
1323 3778 1605 3832 Arialdum
1646 3785 1704 3832 et
1740 3774 1877 3830 Her-

281 3869 615 3924 lembaldum
659 3870 891 3939 populus
930 3870 1216 3925 insaniret.
1265 3868 1425 3923 Mane
1456 3868 1518 3923 ﬁt
1572 3881 1876 3922 concursus

279 3959 503 4029 populi;
564 3958 979 4014 llerlernbaldus
1034 3975 1203 4029 supra
1253 3958 1527 4014 cancellos
1584 3957 1697 4028 (52)
1755 3970 1875 4011 sese

279 4050 532 4115 contulit,
566 4051 639 4103 ita
671 4058 731 4104 ut
758 4050 827 4104 ab
855 4051 1113 4105 omnibus
1142 4049 1435 4105 videretur.
1491 4048 1668 4118 Coepit
1711 4047 1877 4128 igitur

279 4140 481 4208 Cuido,
513 4151 705 4197 tenens
733 4158 899 4196 manu
929 4140 1518 4199 excommunicationis
1546 4140 1775 4205 bullam,
1807 4139 1873 4193 ad

277 4236 546 4307 populum
577 4236 841 4304 conqueri
870 4236 937 4290 de
975 4235 1200 4290 Arialdo
1248 4243 1303 4289 et
1354 4232 1756 4299 llerlembaldo,
1787 4232 1874 4286 di-

277 4345 410 4385 cens
446 4347 458 4382 :
500 4326 762 4381 Turbalio
792 4325 1045 4396 pestifera
1094 4342 1192 4396 per
1235 4327 1337 4381 hos
1360 4325 1718 4381 disseminata
1768 4332 1871 4392 est,

1966 1857 2097 1904 ante
2112 1846 2568 1915 Hcrlcmbaldum,
2594 1864 2758 1918 super
2782 1863 2892 1920 quo
2921 1865 2982 1907 se
3006 1850 3300 1919 appodiare
3322 1851 3561 1916 solebat;

1973 1953 2083 2009 quo
2119 1938 2220 1993 sibi
2252 1938 2683 2008 propinquantes
2706 1939 3027 1995 mirabiliter
3049 1943 3454 2010 prosternebat,
3486 1942 3565 1996 ita

1973 2037 2034 2084 ut
2068 2029 2251 2084 nullus
2274 2030 2499 2084 auderet
2527 2030 2631 2086 sibi
2666 2031 3030 2102 propinquius
3059 2035 3344 2090 accedere.

2044 2121 2133 2175 59.
2164 2119 2343 2189 Cir-pit
2374 2120 2539 2191 igitur
2570 2121 2758 2176 volare
2789 2121 2933 2177 fama
2963 2139 3061 2193 per
3088 2125 3301 2191 urbem,
3332 2134 3565 2180 mortem

1974 2210 2236 2267 nuntians
2265 2211 2495 2278 Arialdi,
2539 2212 2686 2268 unde
2726 2228 2992 2283 sequaces
3038 2215 3126 2271 sui
3180 2216 3263 2271 ira
3303 2215 3567 2291 commoti

1973 2320 2125 2360 arma
2147 2304 2401 2373 capiunt;
2461 2304 2852 2374 venientesque
2888 2321 2999 2360 non
3030 2307 3099 2363 ad
3132 2308 3447 2376 ecclesiam,
3472 2309 3568 2365 ubi

1976 2396 2242 2451 tumultus
2262 2405 2401 2463 erat,
2431 2396 2525 2452 sed
2553 2397 2919 2466 pontiﬁcalem
2950 2398 3131 2453 aulam
3161 2399 3563 2471 ingrediuntur.

1969 2504 2221 2557 quaequze
2251 2489 2852 2559 reperiunt,dissipant,
2878 2499 2933 2544 et
2961 2505 3058 2559 per
3086 2491 3226 2546 aulae
3253 2491 3565 2563 ingressum

1976 2579 2185 2633 intrant
2228 2581 2630 2634 ecclesiam.....
2699 2588 2783 2636 tos
2832 2590 3220 2651 cruentosque.
3267 2580 3568 2652 Creperunt

1976 2671 2159 2740 itaque
2184 2669 2622 2726 llcrlembaldum
2651 2671 2952 2737 cohortari,
2984 2679 3046 2726 ut
3096 2672 3454 2728 descenderet
3510 2682 3567 2729 et

1976 2760 2180 2817 Christi
2215 2763 2560 2819 adversarios
2608 2779 2735 2818 cum
2776 2764 2859 2819 eis
2906 2772 3297 2833 prosterneret.
3351 2764 3567 2831 Quibus

1976 2854 2126 2908 nullo
2155 2855 2318 2909 modo
2341 2855 2720 2924 acquiescens,
2744 2870 2844 2911 nec
2874 2854 3186 2920 descendit,
3212 2870 3313 2911 nec
3364 2871 3564 2910 manus

1976 2928 2246 3014 deposuit.
2273 2945 2378 3016 ipsi
2402 2961 2534 3001 vero
2562 2946 2770 3001 irruere
2797 2946 3048 3016 protinus
3089 2946 3144 3001 in
3193 2945 3565 3013 adversarios,

1976 3046 2051 3103 et,
2077 3037 2219 3093 sicut
2241 3046 2366 3092 ante
2389 3038 2790 3093 validissimum
2834 3047 3059 3094 ventum
3099 3037 3305 3105 fumus,
3329 3038 3410 3094 sic
3438 3047 3565 3093 ante

1975 3144 2072 3183 eos
2096 3128 2275 3183 omnis
2302 3127 2447 3182 illico
2470 3127 2704 3183 inﬁdelis
2725 3128 2946 3184 evanuit
2973 3128 3228 3199 populus.
3258 3127 3566 3183 Guidonem

1975 3235 2105 3274 vero
2132 3228 2256 3274 ante
2287 3219 2488 3289 januas
2516 3220 2572 3273 in
2594 3234 2738 3289 equo
2762 3220 3071 3289 reperiunt;
3109 3236 3271 3290 quem
3293 3220 3441 3290 iuste
3472 3218 3566 3274 fu-

1976 3312 2240 3382 stigantes
2270 3312 2529 3380 spoliant,
2551 3320 2716 3381 atque
2737 3327 2929 3367 eorum
2956 3327 3155 3368 manus
3201 3312 3292 3368 vix
3336 3310 3569 3368 evadere

1975 3404 2171 3474 potuit,
2206 3403 2259 3457 in
2292 3405 2634 3460 coenaeulum
2653 3404 2926 3474 quoddam
2954 3412 3165 3461 tractus
3185 3406 3366 3475 potius
3397 3419 3566 3476 quam

1975 3491 2208 3548 delatus.
2243 3492 2351 3547 Tot
2368 3509 2605 3564 namque
2626 3494 2779 3551 ocius
2809 3501 2942 3550 tunc
2978 3510 3283 3565 apparuere
3302 3511 3399 3567 pro
3420 3494 3569 3550 veri.

1979 3593 2089 3639 tate
2106 3594 2380 3640 certantes
2411 3585 2571 3655 quasi
2598 3585 2802 3641 eisdem
2847 3587 2981 3640 nulli
3035 3594 3223 3641 essent
3271 3587 3326 3640 in
3372 3586 3564 3641 eadem

1975 3676 2111 3731 urbe
2138 3676 2473 3732 resistentes.
2514 3675 2712 3747 Magno
2741 3676 2908 3746 igitur
2929 3691 3054 3734 cum
3094 3677 3342 3746 tropme
3386 3676 3532 3730 eccle
3553 3704 3565 3717 -

1977 3768 2116 3821 siam
2159 3767 2450 3833 intrantes,
2478 3765 2920 3821 Herlembaldum
2959 3766 3289 3822 descendere
3333 3764 3566 3831 faciunt,

1977 3859 2088 3913 imo
2114 3858 2219 3912 lacti
2249 3858 2405 3912 valde
2450 3865 2581 3911 sunt
2624 3857 2822 3924 eﬁ‘ecti,
2852 3872 2920 3912 eo
2971 3857 3120 3928 quod
3171 3856 3234 3914 B.
3280 3857 3567 3912 Arialdmn

1976 3964 2141 4019 quem
2167 3949 2461 4004 credebant
2487 3956 2787 4015 mortuum,
2825 3948 3106 4018 reperiunt
3142 3948 3346 4003 vivum.
3391 3946 3567 4014 Quem

1976 4038 2291 4093 tollentesin
2315 4038 2517 4092 atrium
2534 4038 2936 4109 ecclesim,qute
2958 4038 3161 4095 dicitur
3171 4038 3409 4094 Rozzoni
3426 4039 3565 4109 (35).

1976 4130 2289 4197 deveniunt,
2318 4130 2499 4200 ibique
2521 4132 2776 4201 protinus
2818 4138 2968 4186 tanta
2997 4140 3335 4189 armatorum
3372 4132 3563 4186 multi-

1978 4223 2107 4277 tudo
2125 4231 2210 4277 est
2235 4232 2561 4295 congregata
2584 4233 2854 4293 quatenus
2878 4223 3228 4279 inimicorum
3254 4239 3360 4278 non
3384 4224 3567 4281 solum

1977 4334 2205 4389 corpora
2237 4328 2600 4393 prosternere,
2634 4336 2823 4376 verum
2851 4320 3017 4375 etiam
3046 4319 3291 4389 ipsorum
3341 4326 3567 4387 possent

278 4422 354 4477 ita
388 4429 447 4475 ut
476 4420 688 4475 videam
719 4419 775 4474 in
808 4420 894 4474 his
925 4420 1144 4489 scriptis
1173 4419 1419 4473 omnium
1452 4426 1704 4473 nostrum
1751 4434 1875 4487 per-
1906 4416 1950 4470 D
1976 4412 2144 4467 libere
2171 4411 2355 4467 omnia
2377 4413 2616 4468 aedilicia
2645 4414 2929 4469 subruere.
2952 4411 3034 4467 Ad
3061 4412 3207 4482 quod
3240 4410 3565 4481 patrandum

278 4513 480 4568 niciem
510 4511 798 4567 contineri.
830 4510 956 4566 Haec
982 4511 1129 4566 enim
1161 4510 1352 4566 civitas
1393 4510 1465 4564 ob
1509 4509 1868 4565 reverentiam

279 4604 343 4659 B.
390 4604 663 4661 Ambrosii
713 4619 996 4674 nunquam
1050 4602 1313 4656 Romana:
1364 4602 1546 4670 paruit
1590 4600 1865 4655 Ecclesite.

278 4695 425 4768 Ergo
456 4697 715 4751 tollantur
742 4699 810 4751 de
853 4705 997 4751 terra
1050 4694 1351 4749 viventium
1407 4693 1462 4747 bi
1510 4694 1868 4747 scminatores

279 4787 572 4841 verborum
601 4787 696 4857 qui
725 4786 968 4857 quotidie
998 4786 1249 4839 laborant
1278 4793 1338 4838 ut
1368 4784 1482 4838 lucc
1511 4784 1643 4838 urbs
1680 4782 1867 4852 pristi-

279 4895 407 4939 nam
437 4888 490 4934 et
518 4880 796 4949 propriam
827 4877 1017 4949 perdat
1036 4877 1365 4933 libertatem.
1420 4874 1498 4929 Ad
1548 4874 1665 4930 haec
1703 4873 1867 4942 cmpit

292 5106 307 5150 ι
351 5076 463 5150 (50)
502 5075 663 5150 Notat
689 5076 1004 5150 Pnrieellus,
1034 5076 1091 5133 in
1114 5091 1220 5134 suo
1246 5090 1349 5129 ms.
1375 5074 1615 5150 defuisse
1639 5074 1869 5150 paginas

277 5146 451 5238 duas,
476 5163 598 5218 quae
618 5149 742 5238 dum
771 5146 1431 5238 aliunde'rc‘stapurentur,
1443 5146 1600 5214 jubet
1629 5146 1870 5226 suppleri

1974 4505 2104 4560 dum
2142 4506 2302 4561 anxie
2327 4505 2669 4569 anhelarent,
2697 4503 3135 4568 Herlembaldus,
3171 4501 3287 4570 jam
3309 4500 3566 4555 vexillum

1973 4598 2030 4651 in
2054 4612 2222 4651 manu
2255 4607 2445 4652 tenens
2475 4607 2741 4661 erectum,
2772 4595 2849 4649 ait
2874 4613 2886 4648 ε
2939 4592 3164 4664 Oportet
3193 4601 3251 4646 ut
3279 4591 3568 4645 dominum

1971 4689 2255 4743 Arialdum
2302 4689 2687 4757 inquiramus,
2739 4695 2793 4742 et
2846 4687 3010 4757 cujus
3052 4686 3277 4741 domum
3322 4690 3568 4737 evertere

1974 4780 2227 4850 primitus
2278 4780 2595 4836 debeamus.
2648 4777 2777 4834 Haec
2822 4793 2955 4833 vero
3005 4786 3070 4834 ut
3111 4774 3319 4830 Christi
3365 4781 3571 4844 martyr

1968 4875 2166 4941 audiit,
2206 4873 2260 4928 in
2291 4874 2494 4941 locum,
2542 4872 2689 4928 unde
2731 4887 2762 4926 a
2800 4875 3027 4931 cunctis
3065 4874 3252 4942 posset
3285 4866 3488 4933 audiri,
3516 4880 3578 4922 se

1973 5081 2063 5152 pln
2088 5078 2671 5152 ’ibusuconscendatur
2717 5073 3031 5151 gradibus,
3077 5082 3176 5145 per
3216 5077 3353 5132 quos
3385 5066 3598 5119 venitur

1973 5148 2341 5238 his-1900"?
2368 5148 2468 5237 ipsi
2486 5149 2684 5238 9"9’9,
2700 5148 3066 5238 atrienses-

3031 5200 3066 5238 Ζ
3084 5200 3311 5238 --.ιὶηὶηιῖ
3378 5219 3398 5238 ι
3441 5204 3566 5238 ἶηηιι

3573 5203 3610 5238 it
