4028 5360
506 285 640 347 ιιτι

1607 290 1705 346 SS.
1753 291 2035 345 ARIALDI
2088 290 2174 347 ΕΤ
2221 292 2668 347 ERLEMBALDI

3647 294 3790 351 {L72

497 400 668 474 jussit
694 402 925 473 deferri;
953 414 1129 477 e’oq‘ue
1158 406 1418 462 innu'ent'e
1452 422 1639 475 manu,
1686 406 1964 463 Silentium
2006 406 2089 464 fa-
2121 418 2165 471 Α
2196 409 2336 464 licet'
2358 408 2596 464 ﬁdelium
2632 400 2705 465 ad
2744 410 3031 466 ecclesiam
3074 394 3336 478 Rozzoni,
3382 411 3617 468 alterum
3660 432 3791 471 vero

500 506 650 551 ctam
676 505 760 553 εει
787 513 1065 568 magnum.

576 588 662 644 60.
702 588 1049 657 Charissimi,
1094 590 1290 660 inquit,
1328 591 1375 649 si
1421 592 1474 646 in
1510 592 1727 664 linguas
1752 602 2096 649 verterentur

500 690 688 737 nostra
737 682 927 739 omnia
972 683 1237 750 membra,
1288 685 1440 739 nullo
1489 686 1651 741 modo
1704 687 1947 743 valerent
1996 686 2094 742 Dei

499 774 726 830 lau.lare
775 776 1083 847 magnalia,
1137 776 1293 832 vobis
1346 777 1507 832 hodie
1557 778 1773 841 coalitus
1825 788 2091 835 ostensa:

500 865 675 922 Hodie
698 868 866 935 enim,
897 876 958 922 ut
983 868 1158 934 scitis,
1190 868 1317 925 talis
1344 869 1475 924 hora
1507 868 1640 938 fuit,
1673 872 1730 926 in
1760 887 1869 943 qua
1910 872 2095 929 nullus

502 968 744 1015 vestrum
777 975 948 1015 unum
996 960 1189 1019 saltem
1220 976 1320 1032 pro
1347 962 1577 1019 veritate
1618 964 1833 1019 valebat
1866 965 2091 1021 verbum

500 1049 767 1122 proferre,
822 1067 970 1108 nunc
998 1061 1180 1108 autem
1209 1054 1395 1111 nullus
1422 1065 1507 1112 est
1535 1056 1628 1127 qui
1657 1057 1743 1113 vel
1769 1057 1934 1113 etiam
1962 1068 2097 1114 con:-

500 1149 584 1196 tra
614 1156 732 1209 vos,
778 1149 837 1197 ut
879 1142 1172 1212 inspieitis,
1210 1145 1407 1200 audeat
1446 1146 1665 1203 mutire.
1715 1146 1917 1219 Ecquis
1964 1164 2094 1206 vero

499 1241 583 1287 est
612 1232 728 1288 haec
758 1242 1037 1304 operatus,
1068 1234 1174 1290 nisi
1208 1234 1503 1293 Christus?
1531 1236 1589 1293 Si
1629 1239 1797 1311 igitur
1831 1239 2095 1299 Dominus

498 1322 663 1377 hodie
691 1324 946 1394 cognovit
973 1323 1212 1381 famulos
1230 1325 1300 1380 ad
1340 1328 1621 1397 tuendum,
1654 1329 1880 1400 dignum
1914 1340 2001 1388 est
2034 1341 2097 1388 ut

498 1412 691 1469 famuli
728 1425 961 1473 noscant
997 1415 1291 1474 Dominum
1327 1420 1396 1475 ad
1432 1422 1825 1479 venerandum.
1861 1421 1999 1480 Nam
2045 1424 2096 1481 si

498 1506 710 1563 inimici
747 1507 844 1565 Dei
869 1518 924 1565 et
950 1510 1123 1566 nostri
1152 1511 1473 1570 hodiernnn
1509 1524 1800 1570 noscerent
1832 1517 2098 1573 solemnia

497 1609 685 1670 tatem,
718 1603 865 1673 quod
891 1608 1142 1678 egerunt,
1175 1598 1491 1665 nullatenus
1521 1608 1707 1665 essent
1736 1611 1939 1665 conati.
1984 1610 2096 1668 Nos

497 1708 628 1748 vero
655 1703 711 1751 et
739 1695 835 1752 Dei
876 1698 1018 1755 scire
1056 1698 1458 1757 solemnitatem
1494 1702 1828 1772 venerando,
1877 1711 1932 1761 et
1973 1704 2095 1776 eius

388 1874 393 1879 _
496 1790 688 1846 audire
718 1799 986 1862 prmeepta
1012 1792 1368 1863 obsequendo
1387 1801 1621 1864 oportet.
1646 1794 1738 1853 -Αἰι
1766 1796 1914 1851 enim
1948 1814 1967 1848 ι
1995 1796 2094 1852 Di-

500 1882 656 1956 ligite
717 1885 975 1942 inimicos
1021 1896 1263 1955 vestros;
1316 1886 1620 1944 benefacite
1671 1888 1759 1944 his
1823 1888 1916 1960 qui
1965 1889 2096 1946 ode-

495 1984 626 2032 runt
650 1990 750 2031 vos
792 1976 947 2048 (Luc.
990 1992 1066 2044 vi,
1106 1975 1221 2040 27).
1254 1995 1274 2030 ι
1322 1976 1425 2033 Per
1464 1978 1644 2048 ipsum
1689 1995 1821 2051 ergo
1849 1994 1948 2036 vos
1995 1993 2096 2037 oro

496 2076 560 2123 ut
588 2084 737 2123 nunc
762 2083 917 2124 arma
941 2068 1249 2140 deponatis,
1282 2085 1609 2142 mecumque
1632 2071 1698 2127 ad
1727 2071 1788 2127 Β.
1816 2073 2094 2130 Ambrosii

495 2175 717 2215 sacrum
757 2176 958 2231 corpus
991 2160 1244 2229 veniatis,
1288 2172 1342 2218 et
1389 2163 1463 2218 ibi
1506 2162 1617 2218 Deo
1661 2172 1841 2236 grates
1882 2164 2094 2222 debitas

495 2251 699 2321 pariter
723 2252 1038 2318 reddamus,
1069 2260 1399 2324 nostrosque
1430 2255 1661 2311 aemulos
1694 2255 1839 2311 diem
1869 2256 2090 2312 hodier-

496 2357 631 2399 num
670 2342 870 2398 ducere
904 2342 1192 2398 letiferum
1224 2336 1496 2412 sinamus,
1535 2361 1636 2401 nec
1662 2342 1772 2401 nun
1815 2362 1915 2417 pro
1959 2347 2094 2418 ipsis

498 2430 673 2487 Deum
725 2432 1050 2504 suppliciter
1098 2448 1410 2491 exoremus.
1458 2434 1597 2492 Nam
1649 2452 1679 2492 a
1726 2438 1927 2508 quibus
1977 2439 2095 2495 haec

495 2534 753 2596 aguntur,
785 2525 894 2580 alta
923 2525 1190 2585 celsitudo
1219 2527 1553 2597 acquiritur:
1585 2529 1714 2599 quia
1741 2529 1809 2584 de
1834 2530 1960 2585 ﬁliis
1994 2531 2094 2586 ho-

496 2617 708 2673 minum
739 2615 982 2684 D'ei.ﬁlii,
1015 2624 1249 2672 testante
1277 2616 1516 2685 Christo,
1563 2618 1869 2674 efﬁciuntur
1899 2619 2087 2691 (Joan.

497 2707 610 2779 12).
644 2705 772 2762 Haec
799 2707 889 2762 illa
916 2708 1209 2765 multitudo
1237 2708 1369 2764 dum
1400 2710 1670 2778 audisset,
1712 2710 1802 2765 alii
1842 2712 2093 2768 videlicet

494 2798 879 2868 sapientiores,
917 2797 979 2853 Β.
1010 2797 1296 2855 Arialdum
1321 2809 1496 2856 totum
1525 2810 1811 2857 cruentum
1842 2810 1896 2858 et
1922 2804 2091 2859 semi-

502 2905 694 2946 necem
725 2899 1057 2962 spectantes,
1089 2907 1281 2962 pacem
1309 2892 1590 2964 vitamque
1623 2894 1972 2952 inimicorum
1994 2910 2092 2966 po-

495 2996 650 3039 scere
677 2982 983 3049 audientes,
1013 2983 1280 3068 mirantes
1308 2984 1792 3054 obstupeseebant;
1839 2986 1931 3040 alii
1960 3001 2091 3042 vero

496 3071 858 3132 ferventinres
885 3075 1103 3147 spiritu,
1132 3076 1220 3133 his
1246 3077 1427 3133 verbis
1466 3078 1616 3133 nullo
1656 3078 1821 3133 modo
1865 3080 2089 3150 acquie-

496 3182 651 3224 scere
695 3168 973 3225 volebant.
1033 3168 1415 3229 Verumtamen
1468 3170 1597 3225 licet
1645 3171 1847 3226 diversi
1895 3171 2095 3228 vellent

497 3261 714 3318 diversa
731 3304 748 3331 ,
777 3272 976 3320 cuncta
1005 3271 1187 3319 tamen
1214 3263 1362 3319 illico
1387 3272 1516 3319 sunt
1541 3253 1810 3334 completa
1839 3263 2093 3336 martyris

498 3351 687 3406 verba.

1104 3465 1335 3521 CAPUT
1382 3466 1489 3521 VII.

504 3555 562 3613 S.
598 3557 812 3612 Arialdi
862 3558 927 3613 ab
963 3557 1167 3629 hospite
1193 3560 1493 3683 ρᾶδεῖξιυιενο
1523 3561 1723 3631 proditi
1754 3561 1920 3617 corde:
1973 3578 2097 3617 cru-

747 3667 751 3670 ~
1259 3646 1286 3683 ε
1309 3647 1375 3683 ιε.

1259 3646 1375 3685 ειη.

510 3734 515 3740 ·
570 3719 660 3775 ﬁl.
707 3718 968 3790 Sequenti
997 3719 1235 3791 denique
1270 3731 1430 3776 nocte
1457 3720 1655 3776 iterum
1689 3737 1814 3777 cum
1847 3721 2097 3779 Cuidone

500 3821 827 3883 congregata
854 3820 939 3867 est
964 3827 1093 3883 pars
1122 3827 1410 3883 perversa,
1441 3813 1631 3869 dicens
1657 3832 1669 3868 :
1693 3812 1814 3869 Non
1847 3829 1950 3869 nos
1978 3814 2097 3870 haec

502 3903 730 3959 adversa
757 3904 1075 3959 omnimodo
1104 3904 1390 3975 dejiciant;
1439 3906 1719 3976 pepularis
1757 3907 1904 3961 enim
1936 3908 2096 3963 turba

502 3995 614 4049 cito
641 4003 995 4063 mutatur,‘et
1038 3997 1096 4051 in
1138 3996 1382 4051 diversas
1429 4005 1612 4067 partes
1660 3996 1817 4052 facile
1847 3997 2092 4053 inclinat.

502 4086 650 4142 Certi
678 4088 897 4157 quidem
921 4104 1135 4155 sumus,
1177 4089 1323 4159 quod
1347 4090 1399 4144 in
1428 4090 1561 4145 urbe
1585 4090 1866 4145 Arialdum
1891 4086 2099 4145 exstin-

504 4194 670 4248 guere
697 4180 849 4235 nullo
876 4182 1037 4236 modo
1064 4181 1333 4238 valemus.
1377 4180 1508 4237 Tale
1546 4181 1712 4253 igitur
1739 4182 1885 4237 aliud
1914 4181 2100 4237 consi-

504 4269 641 4323 lium
671 4280 856 4325 nostra
884 4272 1158 4341 sagacitas
1185 4273 1441 4342 reperiat,
1468 4274 1614 4343 quod
1643 4274 1761 4343 ipse
1786 4274 2098 4329 nullatenus

504 4360 736 4416 evadere
780 4369 962 4431 queat.
1006 4361 1425 4419 Constituantur
1468 4364 1722 4435 equidem
1749 4381 1847 4435 per
1882 4367 2096 4421 diversa

2194 500 2251 556 in
2302 501 2451 556 curia
2501 502 2817 572 pontiﬁcali.
2869 501 3164 558 Crescebat
3217 513 3399 559 autem
3445 505 3614 573 nimis
3661 523 3791 578 pars

2192 608 2417 659 vesana,
2475 608 2575 664 pro
2623 596 2852 665 pecunia
2905 596 3010 651 sibi
3060 596 3116 650 in
3166 597 3418 653 noctibus
3468 599 3631 666 data;
3680 616 3791 671 qua

2190 684 2445 753 nequiter
2471 694 2768 753 crescente,
2795 686 2978 742 ﬁdeles
3002 688 3260 757 paulatim
3290 689 3549 745 taedeates
3574 706 3792 762 erepere

2192 774 2442 833 deﬁcere.
2474 775 2629 844 Quod
2672 792 2928 847 perversa
2968 779 3120 849 plebs
3153 796 3403 845 cernens,
3434 783 3605 853 cmpit
3648 784 3791 838 elata

2195 866 2250 921 in
2302 865 2364 924 Β.
2415 867 2698 924 Ariahlum
2746 886 2872 925 eum
2921 871 3109 927 nimiis
3153 871 3491 929 clamoribus
3540 875 3792 930 irruendi

2192 957 2374 1015 facere
2402 960 2683 1031 impetum,
2722 971 2994 1033 quatenus
3023 978 3148 1018 eum
3181 964 3254 1019 ibi
3289 975 3511 1020 necaret
3558 966 3792 1043 ejusque

2192 1051 2373 1108 locum
2401 1052 2646 1111 funditus
2671 1055 2958 1131 desolaret.
2991 1054 3121 1110 Erat
3140 1056 3285 1111 enim
3308 1055 3516 1112 Christi
3546 1056 3790 1115 famulus

2193 1143 2337 1199 inter
2361 1144 2587 1201 adversa
2613 1155 2724 1201 tam
2754 1145 2911 1204 fortis
2939 1154 2993 1201 et
3023 1155 3281 1202 constans
3317 1156 3375 1202 ut
3404 1147 3593 1203 nullus
3613 1164 3646 1202 e
3673 1147 3789 1203 f:a-

2192 1235 2371 1319 tribus
2419 1238 2472 1293 in
2521 1235 2611 1294 die
2654 1238 3021 1294 tribulationis
3053 1239 3178 1294 inde
3227 1239 3452 1294 auderet
3500 1238 3785 1311 aufugene,

2190 1346 2296 1387 nec
2320 1331 2616 1402 quidquam
2647 1338 2951 1403 a5portare,
2981 1333 3076 1387 sed
3105 1348 3229 1387 cum
3280 1331 3560 1387 fremitum
3592 1332 3789 1403 impio-

2186 1439 2318 1479 rum
2348 1425 2819 1494 supervenientem
2849 1425 3119 1491 audirent,
3166 1440 3226 1480 se
3268 1434 3395 1479 ante
3439 1426 3614 1480 altare
3663 1439 3790 1494 pro.

2191 1517 2535 1584 Btcrncbant,
2567 1516 2750 1589 ibique
2779 1528 3010 1574 mortem
3036 1517 3443 1589 exspectabant.

2267 1655 2357 1711 62.
2399 1654 2458 1710 ln
2489 1671 2601 1712 uno
2627 1656 2820 1713 horum
2848 1656 3082 1723 dierum,
3107 1670 3232 1710 cum
3259 1654 3375 1726 jam
3397 1654 3606 1710 clausis
3632 1654 3791 1711 ostiis

2124 1766 2169 1824 Β
2196 1745 2393 1804 fratres
2424 1734 2561 1804 ante
2591 1748 2763 1804 altare
2794 1748 3053 1820 jacebant
3098 1757 3328 1802 mortem
3374 1746 3789 1817 praestolantes,

2194 1855 2341 1896 unus
2366 1855 2559 1896 eorum
2602 1856 2718 1896 rem
2761 1856 2929 1912 quam
2966 1840 3204 1895 maxime
3237 1839 3514 1910 diligebat,
3559 1838 3793 1893 latenter

2194 1939 2383 2002 aperto
2410 1932 2550 1988 ostio
2580 1932 2705 1988 inde
2731 1931 3053 2003 asportavit,
3076 1947 3308 2002 eamque
3329 1931 3384 1985 in
3409 1930 3578 1987 domo
3599 1930 3791 1999 cujus-

2194 2021 2322 2078 dam
2358 2022 2536 2078 civilis
2563 2022 2727 2078 amici
2747 2022 3170 2090 commendavit,
3213 2021 3575 2091 protinusquc
3607 2022 3791 2075 rediit.

2195 2109 2353 2179 Quod
2387 2112 2473 2167 vir
2502 2111 2597 2167 Dei
2628 2121 2687 2167 ut
2722 2112 2959 2179 audivit,
2994 2110 3219 2166 fratrem
3254 2111 3324 2166 ad
3351 2126 3410 2166 se
3438 2110 3678 2165 accitum
3711 2110 3792 2167 sic

2195 2204 2466 2260 allocutus
2500 2212 2583 2259 est
2610 2222 2623 2258 :
2649 2202 2898 2269 Arnulfe,
2935 2202 3135 2273 inquit,
3179 2217 3363 2257 nonne
3395 2200 3631 2257 ecclesia
3678 2201 3794 2257 haec

2195 2296 2251 2351 in
2280 2296 2402 2367 ejus
2429 2296 2693 2351 honorem
2723 2304 2779 2350 et
2811 2311 3010 2349 nomen
3032 2294 3279 2349 dedicata
3309 2300 3412 2357 est,
3446 2292 3539 2348 cui
3569 2292 3795 2351 assidue

2194 2388 2469 2445 dicimus:
2506 2406 2523 2439 ι
2555 2385 2667 2442 Sub
2713 2395 2866 2441 tuum
2909 2386 3224 2457 praesidium
3273 2382 3648 2456 confugimus,
3696 2381 3793 2437 Dei

2194 2480 2474 2537 Genitrix?
2502 2499 2521 2532 ›
2556 2477 2623 2533 Ει
2649 2494 2831 2533 nonne
2860 2478 3038 2550 legisti
3066 2496 3079 2533 :
3126 2476 3447 2533 Maledictus
3480 2476 3652 2531 homo
3698 2475 3794 2545 qui

2194 2588 2346 2643 spem
2378 2588 2534 2629 suam
2564 2571 2719 2642 ponit
2761 2570 2816 2625 in
2854 2568 3077 2625 homine
3113 2568 3247 2642 (Jer.
3289 2586 3424 2645 xvii,
3464 2569 3557 2641 5)?
3583 2567 3651 2622 Et
3695 2583 3796 2623 cur

2192 2673 2384 2722 contra
2421 2665 2540 2721 hazc
2580 2680 2727 2720 nunc
2768 2679 2929 2735 agere
2966 2663 3400 2734 prmsumpsisti?
3441 2660 3551 2729 Qui
3582 2677 3795 2733 pavens

2192 2758 2484 2814 obmutuit.
2521 2755 2588 2812 Ut
2616 2748 2797 2812 autem
2825 2765 2935 2811 tam
2981 2756 3125 2811 idem
3167 2772 3336 2826 quam
3372 2755 3556 2811 c:eteri
3591 2755 3796 2813 amodo

2192 2864 2302 2904 non
2331 2855 2725 2920 praesumerent
2753 2847 2881 2903 talia
2900 2889 2916 2915 ,
2957 2848 3074 2903 hzec
3101 2848 3261 2917 culpa
3292 2847 3513 2903 acribus
3543 2847 3793 2902 verberi—

2192 2940 2297 2996 hus
2323 2949 2405 2995 est
2448 2940 2699 3011 protinus
2734 2939 3041 2994 emendata.
3089 2938 3149 2994 In
3191 2940 3278 2993 his
3324 2954 3568 3009 namque
3594 2939 3792 2995 diebus

2191 3027 2394 3083 ibidem
2443 3036 2554 3082 tam
2603 3026 2785 3098 gravis
2827 3024 3083 3081 confusio
3125 3024 3527 3094 vehemensque
3573 3033 3793 3094 pertur-

2118 3115 2160 3173 C
2192 3119 2342 3174 batio
2384 3129 2521 3186 erat,
2570 3126 2630 3172 ut
2672 3117 2729 3171 in
2778 3117 2914 3172 hora
2963 3116 3262 3172 constituta
3306 3115 3555 3185 plerique
3605 3114 3792 3169 ﬁdeles

2194 3211 2375 3265 cibum
2401 3206 2599 3280 capere
2617 3210 2990 3280 desperarent,
3020 3218 3251 3279 mouent
3273 3207 3341 3262 ad
3366 3206 3615 3261 futuram
3644 3207 3792 3263 illico

2192 3310 2587 3371 exspectantes.
2634 3301 2740 3357 Sed
2778 3300 2906 3355 licet
2943 3299 3092 3369 impii
3141 3298 3433 3354 frementes
3461 3298 3790 3365 insanircnt,

2194 3392 2344 3449 nullo
2374 3392 2537 3447 modo
2564 3390 2743 3448 facere
2773 3390 3047 3457 audebant
3076 3389 3221 3460 quod
3243 3389 3622 3455 minabantur,
3652 3404 3791 3459 quo-

2195 3483 2344 3539 niam
2376 3483 2537 3539 toties
2558 3484 2715 3540 dolor
2735 3483 2791 3537 in
2818 3498 3010 3538 eorum
3033 3482 3209 3553 capita
3239 3481 3552 3536 vertebatur
3573 3481 3790 3551 quoties

2195 3586 2389 3634 contra
2426 3576 2633 3633 Christi
2661 3573 2928 3632 famulum
2962 3590 3186 3647 surgere
3214 3574 3547 3630 nitebantur.

2259 3715 2349 3770 63.
2388 3713 2732 3785 Quapropter
2754 3713 3000 3783 iniquum
3022 3720 3078 3768 et
3101 3711 3380 3782 publicum
3405 3710 3540 3766 dant
3580 3726 3790 3781 praeco

2194 3816 2349 3879 ptum
2367 3815 2445 3873 ut,
2462 3806 2635 3861 donec
2663 3806 2918 3861 Arialdus
2943 3805 2996 3859 in
3018 3804 3154 3860 urbe
3178 3810 3445 3869 maneret,
3472 3800 3788 3872 quicunque

2196 3901 2519 3957 clericorum
2532 3898 2745 3969 publice
2760 3897 3079 3969 mysterium
3092 3896 3408 3961 celebraret,
3420 3893 3505 3948 vel
3520 3894 3786 3948 tintinna-

2199 3992 2328 4047 bula
2351 3998 2589 4056 sonaret,
2618 3996 2713 4043 aut
2734 3989 2908 4043 laicus
2941 3988 3231 4058 quisquam
3278 3985 3372 4056 qui
3424 3985 3542 4040 haec
3586 3985 3641 4038 in
3688 3998 3786 4039 sua

2197 4100 2357 4156 agere
2375 4082 2604 4139 ecclesia
2627 4082 2986 4152 permitteret,
3000 4096 3111 4133 non
3137 4080 3314 4134 solum
3338 4078 3649 4147 privaretur
3667 4075 3790 4130 sub-

2199 4180 2421 4246 stantia,
2459 4178 2555 4233 sed
2581 4178 2746 4232 etiam
2768 4177 2900 4230 vita.
2938 4173 3065 4229 "me
3105 4188 3237 4229 vero
3263 4188 3374 4227 non
3409 4170 3591 4226 solum
3634 4168 3783 4232 alibi,

2200 4288 2392 4327 verum
2433 4272 2599 4327 etiam
2656 4271 2710 4324 in
2728 4266 2978 4325 ’ccelesia
3017 4266 3109 4323 ubi
3164 4267 3305 4322 idem
3361 4265 3640 4329 manebat,
3680 4277 3789 4333 pra:

2200 4364 2375 4418 nimio
2397 4364 2592 4419 timore
2609 4362 2836 4433 iubente
2861 4360 3055 4427 milite,
3084 4359 3242 4429 cujus
3265 4359 3381 4428 ipsa
3406 4355 3551 4426 juris
3586 4354 3782 4417 fuerat,

505 4450 657 4513 urbis
688 4451 803 4507 loca
829 4467 898 4506 ex
926 4451 1087 4508 nobis
1115 4452 1217 4507 viri
1238 4453 1560 4525 prudentes,
1586 4454 1850 4524 pecunias
1880 4470 1910 4508 a
1939 4455 2098 4509 nobis
2129 4473 2174 4531 ι)
2201 4456 2419 4510 servari
2434 4468 2668 4522 coepere.
2710 4451 2867 4519 Quod
2919 4452 3037 4521 ipse
3088 4464 3255 4519 super
3312 4444 3521 4512 omnia,
3569 4460 3693 4515 quae
3737 4441 3786 4498 ei

504 4543 611 4600 sibi
662 4544 886 4600 collatas
929 4544 1194 4600 habentes
1238 4545 1479 4615 copiose,
1512 4561 1651 4616 quas
1697 4561 1794 4616 per
1841 4546 2100 4616 populum

505 4637 646 4691 clam
680 4636 737 4689 in
765 4636 1019 4693 noctibus
1049 4637 1323 4705 tribuant;
1360 4637 1417 4692 in
1444 4637 1637 4693 diebus
1662 4652 1813 4703 vero,
1846 4637 2102 4695 omnibus

505 4726 728 4793 oniissis
757 4727 1010 4797 negotiis,
1044 4723 1267 4784 assidue
1291 4729 1707 4795 conveniamus,
1752 4736 1806 4784 et
1845 4729 1952 4784 hoc
1980 4737 2102 4784 tan-

507 4821 601 4877 diu
634 4832 883 4890 agamus,
904 4830 1194 4891 quousque
1215 4822 1382 4877 nimis
1405 4821 1746 4892 multiplicati
1777 4824 1954 4893 ipsum
1983 4824 2104 4879 vio-

503 4910 677 4965 lenter
719 4912 793 4973 ab
818 4912 954 4967 urbe
982 4913 1181 4983 pellere
1226 4913 1526 4968 valeamus.
1579 4912 1735 4979 Quod
1764 4930 1891 4969 cum
1936 4913 2101 4969 fuerit

504 5001 707 5046 factum
763 5005 958 5046 nncitie
990 5006 1230 5046 nmlimm
1259 5004 1473 5046 insidii:
1500 5006 1749 5046 naniam-0
1798 5014 2099 5046 nant-lenm:

2207 4550 2471 4604 hactenus
2502 4545 2833 4610 acciderant,
2865 4542 3088 4615 gravius
3114 4541 3460 4605 existimans,
3487 4539 3564 4593 ait
3590 4557 3605 4592 :
3636 4536 3786 4591 Absit

2205 4648 2265 4694 ut
2290 4640 2396 4695 mei
2419 4639 2559 4693 ultra
2582 4637 2694 4692 sint
2723 4636 3018 4707 participes
3039 4644 3093 4691 et
3131 4633 3347 4700 fratres,
3375 4633 3469 4703 qui
3524 4630 3787 4686 nefandas

2201 4731 2582 4787 hzereticorum
2608 4728 2903 4785 observant
2930 4741 3031 4797 pro
3053 4726 3246 4783 mortis
3270 4725 3467 4781 timore
3487 4723 3788 4779 institutio-

2201 4825 2328 4879 nes!
2361 4821 2480 4890 Qua
2508 4823 2575 4877 de
2605 4836 2683 4886 re,
2713 4820 2879 4875 etiam
2916 4819 3050 4890 ipsis
3089 4818 3353 4874 fratribus
3382 4816 3782 4889 ignorantibus,

2200 4923 2486 4985 assumpto
2519 4922 2732 4969 tantum
2762 4912 2962 4967 comite
3003 4927 3117 4967 uno
3156 4911 3380 4969 nomine
3425 4909 3589 4981 Syro,
3626 4913 3784 4962 nocte

3672 4998 3781 5042 (ﬁll

2200 5010 2339 5044 nlom
2371 5007 2506 5044 ...ριν-ι
2534 5006 2665 5044 aviis
2714 5013 2765 5044 nl
2794 5005 2857 5044 ml
2886 5004 2925 5044 ς
2972 5003 3243 5044 Vian-nm
3289 5003 3352 5042 ad
3401 5002 3612 5042 nimum
