4028 5360
250 287 391 349 ωδ

1794 283 1987 340 ACTA.

3382 291 3522 350 H7!

246 420 343 477 per
365 400 575 457 Padum
598 401 814 474 navigio
842 408 1130 471 cmperunt
1151 399 1482 456 descendere
1508 400 1621 472 ('56)
1642 440 1659 466 ,
1693 413 1831 470 qua-
1860 402 1904 458 Δ
1930 399 2268 456 cultandum.
2294 401 2397 470 Qui
2423 418 2552 459 cum
2587 405 2931 475 promitteret
2958 421 3016 462 se
3052 406 3209 478 juxta
3230 404 3521 463 ecclesiam

246 505 406 552 tenus
442 493 670 549 Romam
698 501 1002 565 pergerent,
1022 500 1077 548 et
1099 507 1275 562 usque
1312 490 1380 547 ad
1430 491 1577 546 aliud
1616 500 1831 560 tempus

245 595 412 642 tanta!
435 585 531 640 ira:
550 585 823 640 cederent.
852 582 911 637 In
938 599 1050 654 quo
1072 583 1282 639 scilicet
1312 581 1529 652 navigio
1552 580 1656 635 sub
1686 594 1828 650 quo-

245 675 370 730 dam
394 675 536 744 capti
565 682 693 729 sunt
729 673 930 745 oppido
963 673 1108 745 (37),
1145 681 1197 728 et
1228 688 1295 727 ex
1337 671 1517 727 medio
1559 671 1828 727 sodalium

245 764 589 829 ineffabiliter
620 766 968 833 mterentium
992 764 1051 820 Β.
1088 764 1349 821 Arialdus
1381 765 1645 819 violenter
1676 765 1828 821 solus

242 864 329 919 est
356 866 568 925 raptus,
596 858 727 912 etin
759 872 942 912 arcem
975 856 1263 912 deductus.
1302 854 1404 911 Ubi
1440 856 1571 911 dum
1610 855 1825 911 solitam

243 947 300 1003 in
331 948 578 1003 oratione
605 956 659 1003 et
685 963 937 1005 sermone
959 956 1167 1005 teneret
1193 946 1826 1015 coustantiam,miratus

242 1042 421 1109 miles,
450 1043 543 1114 qui
569 1043 748 1114 ipsum
782 1052 1022 1115 ceperat,
1046 1045 1122 1100 ait
1148 1063 1161 1099 :
1186 1043 1437 1099 Pontifex
1477 1042 1678 1114 quippe
1715 1041 1827 1097 Me-

240 1133 578 1190 diolanensis
611 1150 871 1207 magnum
899 1134 1119 1205 quidem
1142 1134 1278 1189 mibi
1305 1150 1364 1190 se
1403 1134 1659 1190 daturum
1697 1148 1825 1202 pru-

238 1226 392 1281 misit
421 1225 727 1296 przemium,
754 1227 801 1282 si
826 1235 875 1282 te
898 1227 1343 1297 caperem,eique
1371 1236 1423 1282 te
1445 1224 1825 1282 darem.Nam—

236 1335 346 1391 que
380 1319 516 1374 mihi
548 1320 618 1376 ab
647 1328 820 1375 eoest
861 1320 1172 1375 intimatum
1220 1328 1271 1374 te
1313 1335 1435 1375 esse
1483 1318 1820 1385 hmreticum,

237 1411 405 1481 quod,
433 1420 494 1466 ut
515 1426 699 1479 cerno,
731 1411 957 1466 omnino
1002 1419 1087 1467 est
1133 1410 1354 1467 falsum.
1407 1410 1650 1481 Denique
1693 1425 1820 1465 eum

238 1518 362 1558 cum
390 1504 543 1559 omni
564 1505 728 1559 demo
759 1520 859 1559 sua
882 1504 1265 1560 venerabiliter
1306 1504 1506 1560 habere
1553 1503 1738 1574 coepit,
1766 1512 1822 1559 et

235 1595 531 1654 comitibus
584 1594 805 1657 ,mtestis
861 1594 1086 1667 Papiam
1134 1595 1251 1667 jam
1310 1595 1545 1651 reversis
1595 1594 1819 1650 reddere

235 1686 531 1743 festinavit.

1931 490 2114 546 locum
2137 491 2218 545 sic
2239 492 2440 550 habere
2469 504 2765 564 secretum,
2794 507 2854 552 ut
2877 498 2931 551 in
2955 514 3022 554 eo
3065 498 3379 569 quempiam
3420 513 3522 570 per

1930 581 2337 655 multos‘annos
2365 591 2547 661 tenere
2565 588 2770 644 valeret
2797 589 3062 656 celatum;
3089 591 3267 646 media
3301 589 3520 645 tandem

1928 682 2112 740 nocte,
2136 674 2322 730 libatis
2357 677 2586 744 osculis,
2631 696 2755 736 cum
2803 681 3095 753 gemitibus
3150 691 3205 737 et
3260 681 3520 753 lacrymis

1928 763 2138 831 multis,
2157 780 2332 835 usque
2360 766 2427 821 ad
2447 777 2660 836 portam
2685 786 2811 825 cum
2835 772 3103 827 ambobus
3124 773 3514 842 processimus.

1927 852 2064 909 Nam
2125 854 2304 926 ipsum
2352 857 2586 912 multum
2642 860 2917 930 deprecati
2967 870 3281 929 sumus,ut
3344 878 3515 917 unum

1928 946 2334 1024 (quemcunque
2358 965 2426 1005 ex
2465 950 2629 1006 nobis
2669 952 2849 1023 vellet)
2878 953 2933 1007 in
2971 969 3132 1010 suum
3187 955 3514 1025 obsequium

1926 1055 2172 1109 sumens,
2197 1041 2420 1097 duceret
2454 1062 2467 1098 :
2500 1043 2712 1110 Quibus
2738 1052 2792 1099 et
2825 1044 2941 1115 ipse
2976 1064 2987 1100 :
3026 1045 3407 1118 Nequaquam,
3436 1046 3493 1101 iu

1923 1133 2360 1203 quit,quoniam,
2382 1134 2429 1189 si
2457 1150 2564 1190 una
2587 1136 2697 1190 duo
2719 1143 2867 1203 sunt,
2893 1135 3192 1206 loquuntur
3211 1146 3265 1192 et
3287 1139 3515 1209 loquen-

1923 1235 2006 1282 tes
2035 1226 2353 1281 audiuutur.
2382 1225 2515 1293 Quis
2558 1226 2662 1282 fari
2705 1235 2884 1298 potest
2940 1235 3145 1299 quanta
3190 1229 3331 1284 bona
3381 1239 3514 1285 tunc

1923 1320 2339 1389 Herlembaldus
2399 1324 2721 1394 presbytero
2769 1323 3042 1395 promisit,
3076 1322 3123 1378 si
3162 1323 3277 1397 ipse
3305 1322 3513 1379 Christi

1923 1409 2188 1470 famulum
2217 1406 2497 1483 tractaret,
2525 1413 2683 1480 bene,
2707 1420 2761 1468 et
2803 1421 3011 1485 quanta
3047 1412 3211 1479 mala,
3238 1412 3285 1467 si
3340 1412 3513 1467 male?

1921 1501 2215 1558 Mmrentcs
2246 1503 2432 1576 igitur,
2460 1514 2723 1575 utrosque
2761 1504 2913 1559 abire
2934 1505 3317 1575 permisimus;
3350 1519 3511 1560 mane

1920 1609 2051 1650 vero
2083 1595 2149 1650 ad
2179 1596 2373 1651 urbem
2404 1596 2745 1651 devenimus.

1985 1685 2074 1742 66.
2104 1685 2395 1760 Presbyter
2427 1703 2558 1759 ergo
2582 1702 2843 1757 nequam,
2873 1701 2997 1741 mox
3034 1694 3094 1744 ut
3117 1685 3172 1740 in
3215 1700 3318 1741 suo
3371 1701 3508 1741 cou-

300 1778 387 1834 64.
416 1778 551 1835 Post
574 1779 711 1846 haec,
745 1780 981 1836 scientes
1001 1780 1123 1835 loca
1154 1780 1397 1852 undique
1441 1780 1698 1848 obsessa,
1747 1779 1814 1836 ad
1847 1792 1890 1852 Β
1918 1782 2057 1837 clavi
2086 1782 2239 1837 illum
2266 1780 2919 1848 concluserat,diabolico
2938 1788 3116 1835 tactus
3131 1778 3511 1849 spiritu,malo

227 1871 510 1943 quoddam
576 1880 817 1930 castrum
876 1872 990 1946 (38)
1043 1871 1217 1928 ﬁdelis
1272 1871 1637 1928 Herlembaldi
1687 1881 1817 1928 sunt

232 1964 458 2020 reversi.
486 1962 637 2018 Tunc
656 1963 878 2033 quidam
905 1962 1104 2019 fratres
1125 1962 1517 2020 Canturienses
1566 1965 1618 2020 ei
1657 1979 1787 2020 man

228 2057 453 2123 derunt,
482 2056 725 2113 dicentes
752 2076 765 2111 :
798 2055 971 2113 Nobis
998 2057 1221 2127 quidem
1246 2057 1335 2113 hic
1356 2072 1458 2127 pro
1488 2057 1660 2112 nimia
1689 2072 1816 2127 per—

227 2149 514 2205 secutione
536 2148 715 2204 vivere
750 2163 859 2204 non
891 2148 1038 2215 licet,
1078 2163 1178 2204 nos
1209 2164 1339 2204 vero
1388 2150 1458 2207 ad
1517 2159 1576 2205 te
1627 2150 1815 2209 venire

223 2241 369 2310 jube,
396 2242 452 2296 si
480 2242 676 2312 placet.
718 2239 928 2308 Quibus
949 2250 1003 2297 et
1025 2242 1179 2311 ipse:
1223 2240 1567 2312 Quicunque,
1613 2242 1811 2313 inquit,

222 2348 446 2388 mecum
478 2349 576 2404 pro
596 2331 819 2388 Christo
843 2333 981 2388 mori
1004 2341 1089 2389 est
1116 2342 1362 2403 paratus,
1387 2333 1573 2389 venire
1613 2334 1682 2389 ad
1723 2349 1811 2391 me

221 2422 467 2491 festinet,
489 2424 584 2495 qui
614 2434 795 2480 autem
831 2425 1075 2481 nondum
1124 2433 1227 2491 est,
1281 2425 1545 2481 aliorsum
1596 2424 1811 2497 fugiens

226 2515 481 2571 declinet.
515 2514 660 2578 Haec.
684 2532 774 2571 me
810 2525 1098 2586 praesente,
1124 2517 1268 2587 dicta
1315 2525 1462 2579 sunt.
1520 2516 1652 2572 Post
1693 2518 1813 2575 haec

229 2604 629 2673 Herlembaldo,
675 2607 995 2677 exterisque
1039 2608 1134 2677 qui
1180 2622 1368 2663 secum
1427 2608 1673 2676 aderant,
1730 2608 1813 2671 sic

224 2699 438 2754 loeutus
460 2707 547 2755 est
579 2718 591 2753 :
617 2698 698 2753 Ex
720 2700 844 2763 hac,
870 2698 1074 2768 inquit,
1106 2706 1251 2754 terra
1293 2699 1444 2775 exire
1495 2701 1806 2770 nequimus,

223 2791 350 2860 quia
370 2790 671 2846 mortiferis
696 2790 911 2846 insidiis
937 2804 1130 2846 omnes
1173 2790 1353 2846 aditus
1388 2791 1646 2847 obsessos
1696 2793 1809 2847 sci-

220 2898 363 2937 mus.
388 2882 459 2938 Et
484 2884 574 2939 hic
601 2897 822 2938 manere
838 2899 948 2938 non
968 2897 1284 2953 possumus,
1299 2883 1558 2954 quoniam
1574 2885 1808 2954 populus

219 2988 457 3032 vesanus
490 2976 580 3032 hic
608 2991 695 3030 me
723 2975 977 3047 persequi
994 2975 1112 3046 jam
1146 2976 1414 3043 minatur;
1462 2985 1517 3031 et
1536 2976 1692 3032 valde
1713 2992 1808 3047 pa-

215 3080 315 3121 veo
338 3083 405 3123 ne
438 3069 689 3122 insontes
713 3066 879 3137 hujus
921 3067 1028 3123 loci
1054 3067 1248 3123 incolae
1267 3067 1371 3123 sub
1392 3068 1497 3123 bac
1516 3068 1807 3124 occasione

1917 1873 2155 1929 Cuidoni
2183 1874 2439 1929 nuntiare
2477 1872 2777 1940 festinavit,
2800 1873 2990 1928 dicens
3018 1891 3029 1928 :
3062 1872 3203 1939 Quid
3245 1870 3328 1927 vis
3370 1871 3510 1926 mihi

1915 1965 2074 2033 dare,
2115 1974 2172 2022 et
2189 1980 2290 2039 ego
2320 1965 2419 2022 tibi
2452 1966 2661 2022 tradam
2696 1965 2979 2021 Arialdum
3026 1966 3146 2022 sine
3186 1965 3366 2029 turba,
3389 1964 3508 2019 sine

1915 2055 2317 2126 Herlembaldo,
2357 2059 2470 2114 imo
2526 2058 2735 2128 absque
2787 2057 2909 2113 viro
2958 2057 3187 2129 aliquo?
3236 2055 3341 2111 Cui
3393 2057 3513 2124 ille,

1916 2147 2072 2202 lzetus
2099 2147 2263 2203 nimis
2288 2147 2535 2214 effectus,
2568 2163 2828 2219 maguum
2885 2148 3170 2217 praemium
3197 2147 3342 2215 illico
3376 2161 3504 2200 cum

1915 2239 2210 2295 securitate
2245 2240 2500 2311 promisit
2519 2239 2566 2295 si
2592 2240 2711 2309 ipse
2739 2240 2884 2309 quod
2912 2239 3268 2309 promittebat
3308 2237 3505 2309 imple-

1913 2341 2014 2387 ret.
2044 2332 2198 2389 Tunc
2220 2333 2324 2389 sibi
2346 2333 2701 2403 quamplures
2728 2331 2847 2387 dari
2877 2331 3033 2402 petiit
3072 2330 3310 2397 milites;
3360 2344 3503 2400 quos

1914 2434 2165 2495 sumptos
2197 2424 2339 2479 inter
2358 2424 2501 2479 duas
2524 2423 2813 2489 macerias,
2846 2424 2916 2478 ab
2944 2422 3279 2477 habitatione
3314 2436 3500 2475 seces-

1913 2532 2025 2584 sas,
2050 2525 2211 2571 nocte
2232 2516 2537 2582 constituit,
2562 2516 2750 2571 dicens
2776 2534 2789 2569 :
2821 2514 2999 2581 Unus,
3024 2514 3221 2583 inquit,
3246 2529 3313 2567 ex
3345 2513 3501 2568 vobis

1911 2609 2294 2664 tantummodo
2321 2608 2378 2663 in
2408 2608 2585 2662 media
2603 2608 2785 2677 jaceat
2826 2608 2932 2673 via,
2971 2615 3129 2662 scuto
3176 2614 3498 2675 coopertus;

1910 2700 2061 2757 hunc
2082 2700 2254 2769 enim,
2303 2715 2430 2755 cum
2476 2714 2698 2765 venero,
2755 2700 3056 2768 percutiam
3106 2698 3499 2754 calceamento.

1912 2789 2067 2847 Tunc
2087 2806 2186 2847 vos
2205 2806 2397 2863 omnes
2420 2790 2681 2846 velociter
2701 2790 2929 2860 surgite,
2956 2800 3009 2845 et
3047 2798 3156 2845 tam
3200 2804 3288 2844 me
3329 2804 3497 2858 quam

1910 2884 2092 2956 ipsum
2121 2885 2327 2955 capite;
2354 2900 2424 2939 ne
2449 2882 2593 2938 forte
2621 2882 2843 2954 quidem
2875 2897 3039 2952 super
3061 2882 3231 2947 alium
3261 2881 3500 2952 surgatis

1908 2977 2146 3044 incaute,
2168 2977 2325 3032 vobis
2348 2976 2455 3032 hoc
2477 2974 2592 3031 fore
2625 2976 2843 3045 signum
2870 2975 3083 3031 scitote.
3123 2973 3188 3029 Et
3225 2982 3350 3045 post
3384 2973 3500 3029 haec

1911 3072 1967 3127 in
1987 3071 2075 3128 his
2098 3071 2281 3127 verbis
2307 3072 2377 3127 ad
2400 3071 2577 3125 virum
2615 3069 2711 3125 Dei
2743 3068 3026 3139 ingressus
3051 3075 3137 3123 est
3177 3086 3191 3124 ε
3242 3067 3496 3134 Domine,

216 3156 591 3213 devastentur.
624 3134 967 3227 Quapropter
1003 3172 1230 3213 necesse
1255 3165 1337 3212 est
1366 3167 1430 3212 ut
1471 3160 1620 3214 aliud
1648 3174 1806 3229 repe-
1833 3134 1881 3196 δ
1910 3165 2110 3235 inquit,
2140 3164 2379 3232 Arialde,
2417 3179 2644 3220 necesse
2673 3171 2761 3219 est
2780 3134 2841 3217 ut
2868 3161 2998 3218 hinc
3016 3161 3277 3229 velociter
3315 3163 3496 3218 disce-

212 3246 428 3303 'riamus
453 3248 767 3314 consilium,
793 3248 1021 3315 scilicet,
1048 3256 1110 3303 ut
1146 3264 1459 3320 quaeramus
1492 3252 1805 3323 quempiam

210 3338 415 3407 virum,
440 3339 539 3411 qui
560 3355 648 3395 me
695 3356 792 3411 per
842 3340 961 3396 dies
1007 3340 1220 3412 aliquot
1273 3342 1329 3396 in
1373 3357 1530 3399 suam
1574 3345 1809 3401 occultet

212 3426 760 3501 domum,quatenus
785 3430 1008 3487 interim
1058 3439 1156 3487 aut
1204 3433 1391 3503 populi
1436 3433 1594 3490 furor
1630 3436 1808 3492 defer-

212 3530 353 3589 veat,
376 3531 434 3579 et
460 3523 515 3579 in
544 3524 647 3579 bac
675 3532 823 3579 terra
858 3539 948 3580 me
983 3524 1169 3581 vivere
1196 3526 1387 3595 liceat,
1413 3527 1499 3582 vel
1546 3530 1807 3587 custodiae

210 3611 266 3666 in
296 3614 516 3672 insidiis
539 3615 741 3687 ubique
777 3617 971 3687 positae
999 3632 1089 3673 me
1115 3617 1386 3674 desistant
1417 3635 1665 3691 quaerere
1706 3637 1806 3692 pro

208 3703 382 3762 nimia
405 3707 718 3775 securitate,
754 3717 810 3765 et
842 3708 923 3765 sic
949 3724 1039 3766 me
1058 3709 1189 3765 hinc
1219 3709 1362 3766 forte
1404 3711 1592 3767 licebit
1632 3714 1801 3770 exire.

208 3794 317 3862 Qui
344 3801 750 3871 responderunt
768 3801 1013 3858 dicentes
1039 3820 1053 3858 :
1084 3800 1219 3869 Quae
1245 3812 1426 3858 autem
1460 3804 1601 3861 dicis
1621 3846 1636 3872 ,
1664 3821 1801 3860 cun-

209 3890 314 3945 ctis
336 3894 573 3961 placent,
605 3894 653 3949 si
688 3890 1029 3951 inveniretur
1052 3895 1149 3966 qui
1175 3896 1280 3951 hoc
1319 3895 1549 3951 ﬁdeliter
1576 3896 1799 3953 faceret.

208 3979 275 4036 Et
309 3983 402 4039 ille
434 4004 448 4040 :
486 3984 602 4052 Est,
646 3985 844 4056 inquit,
889 3972 1012 4041 loco
1061 3984 1193 4041 huic
1242 3986 1467 4056 quidam
1517 3988 1803 4059 presbyter

206 4073 443 4145 vicinus,
468 4094 644 4148 nuper
680 4094 745 4133 ex
771 4077 1146 4150 Hierosolyma
1171 4094 1477 4150 regressus,
1499 4081 1594 4150 qui
1616 4081 1804 4137 hacte-

207 4181 312 4223 nus
342 4171 481 4225 mihi
503 4171 722 4226 credere
762 4172 897 4226 satis
942 4179 1027 4227 est
1068 4171 1244 4237 visus,
1270 4186 1366 4241 per
1394 4187 1579 4242 quem,
1604 4173 1652 4228 si
1686 4174 1801 4243 pla-

206 4268 310 4324 cet,
335 4263 609 4328 mittatur,
639 4271 692 4317 et
716 4279 882 4334 super
906 4264 1010 4319 hac
1034 4279 1095 4320 re
1129 4264 1417 4335 diligenter
1465 4265 1796 4336 inquiratur.

202 4347 478 4408 Omnibus
513 4353 698 4425 itaque
728 4355 1059 4424 volentibus,
1089 4371 1188 4427 per
1234 4354 1531 4412 nefandum
1568 4356 1797 4430 presby-

205 4448 383 4498 terum
416 4454 546 4501 tunc
569 4448 799 4503 missum
826 4456 929 4505 est.

206 4606 209 4609 ν
271 4535 361 4591 65.
406 4538 539 4595 Post
595 4542 712 4600 haac
750 4543 1038 4598 ecclesiam
1092 4542 1373 4614 ingressus
1422 4544 1541 4614 ipse
1593 4555 1696 4611 est,
1735 4546 1790 4601 in

201 4640 331 4695 Qua,
365 4633 630 4702 quoniam
653 4634 839 4705 vigilia
865 4634 980 4706 (39)
1009 4632 1067 4688 S.
1099 4633 1327 4690 Joannis
1360 4632 1618 4705 Baptistae
1650 4623 1790 4704 erat,

201 4729 232 4769 a
265 4734 427 4777 mane
456 4740 635 4794 usque
659 4725 729 4779 ad
767 4725 956 4780 horam
982 4724 1143 4794 quasi
1185 4739 1389 4779 nonam
1429 4726 1486 4780 in
1543 4727 1793 4782 oratione

198 4816 508 4874 permansit
536 4816 871 4872 indeﬁciens.
900 4815 968 4870 Et
988 4831 1115 4871 ecce
1135 4815 1487 4873 detestandus
1509 4819 1793 4889 presbyter

197 4902 446 4971 veniens,
477 4918 686 4965 secrete
733 4909 1128 4979 diligenterque
1189 4907 1503 4977 inquiritur,
1533 4910 1581 4965 si
1608 4910 1791 4965 locum

198 4986 424 5050 haberet
452 5007 638 5068 aptum
681 5001 750 5057 ad
774 5001 953 5070 ipsum
978 5015 1076 5070 per
1098 5007 1212 5055 tres
1238 4998 1427 5054 saltem
1450 5015 1666 5055 menses
1690 5014 1786 5055 oc-

273 5148 386 5226 5'36)
423 5152 484 5209 ln
515 5156 789 5214 IEmiliam
821 5155 1048 5225 scilicet,
1106 5166 1170 5214 ut
1197 5171 1295 5226 per
1353 5165 1554 5212 statum

204 5210 383 5274 ficium
420 5231 592 5280 tutum
608 5210 1037 5286 “iter—tenerent.

199 5312 207 5323 .
271 5287 401 5328 tam
446 5294 737 5336 lonrlull‘na
832 5314 851 5338 ε
881 5298 990 5340 mih
1041 5297 1280 5346 mundam
1320 5296 1636 5354 Placentino
1684 5314 1783 5356 on-

1905 3257 2123 3324 damus,
2147 3264 2203 3313 et
2224 3257 2292 3313 ad
2313 3264 2580 3322 castrum,
2605 3256 2673 3312 de
2706 3270 2819 3326 quo
2864 3263 2915 3311 te
2964 3256 3204 3327 suscepi,
3254 3264 3497 3311 revertao

1907 3367 2052 3419 mur,
2102 3351 2365 3422 quoniam
2411 3359 2465 3408 te
2499 3351 2592 3406 hic
2648 3366 2773 3406 esse
2818 3350 3076 3406 omnibus
3132 3360 3323 3406 notum
3380 3359 3493 3420 est;

1905 3457 2033 3496 nam
2057 3441 2103 3498 si
2134 3440 2223 3496 hic
2251 3456 2463 3497 moram
2494 3439 2810 3507 fecerimus,
2838 3456 2963 3496 cras
2986 3440 3178 3511 procul
3213 3441 3382 3496 dubio
3403 3456 3496 3496 ca-

1903 3534 2136 3603 piemur.
2163 3532 2265 3588 Cui
2286 3533 2372 3591 vir
2399 3533 2495 3590 Dei
2527 3552 2540 3588 :
2572 3533 2715 3599 Tibi,
2743 3533 2940 3603 inquit,
2962 3533 3050 3588 via
3073 3542 3331 3599 estnota,
3352 3548 3494 3604 pra:—

1903 3626 2032 3681 oede
2062 3639 2213 3697 ergo,
2236 3634 2291 3681 et
2317 3640 2420 3697 ego
2450 3639 2650 3695 sequar
2687 3633 2757 3680 te.
2789 3625 3076 3680 Traditore
3096 3624 3264 3695 igitur
3289 3637 3495 3695 praece-

1902 3716 2084 3783 dente,
2109 3717 2176 3772 ad
2209 3717 2412 3773 milites
2437 3733 2634 3772 venere
2664 3717 2901 3787 utrique.
2937 3715 3003 3770 Et
3023 3732 3090 3771 ex
3118 3716 3495 3771 calceamento

1903 3806 2049 3863 facto
2088 3808 2343 3864 condicto
2372 3810 2551 3879 signo,
2577 3824 2771 3865 omnes
2804 3808 3010 3878 pariter
3047 3808 3104 3862 in
3166 3806 3260 3861 Dei
3314 3807 3493 3861 virum

1902 3898 2139 3965 irruunt,
2180 3914 2418 3969 eumque
2465 3900 2722 3969 capiunt,
2762 3908 3093 3969 captumque
3136 3898 3324 3954 stricte
3368 3898 3492 3952 viu-

1901 3990 2073 4056 ciunt,
2096 3998 2151 4045 et
2169 3990 2415 4046 vinctum
2441 3991 2693 4061 jumento
2716 3989 3195 4059 superimponunt,
3238 4004 3303 4043 ac
3328 3988 3493 4045 tacite

1901 4084 2221 4156 eoneiteque
2245 4095 2435 4140 contra
2482 4084 2691 4139 Lacum
2742 4084 3008 4155 majorem
3060 4084 3174 4156 (ιθ)
3226 4083 3492 4142 festinant

1900 4192 2144 4249 pergere.

1963 4268 2052 4323 67.
2091 4268 2207 4326 Hoc
2236 4278 2420 4328 autem
2451 4280 2577 4327 ante
2614 4271 2808 4326 horam
2859 4269 2965 4326 diei
3021 4268 3269 4335 tertiam,
3294 4269 3348 4324 in
3376 4285 3488 4340 quo

1897 4360 2081 4435 vigilia
2121 4361 2178 4423 S.
2225 4362 2370 4423 Petri
2396 4365 2722 4431 celebratur,
2752 4380 2855 4435 per
2901 4371 3077 4420 totum
3121 4362 3487 4419 Mediolanum

1826 4483 1872 4539 Β
1897 4461 1982 4508 est
2002 4454 2373 4527 divulgatum;
2410 4458 2556 4513 unde
2602 4455 2807 4512 factum
2864 4466 2950 4512 est
2992 4464 3055 4511 ut
3093 4456 3297 4525 ubique
3342 4462 3490 4509 esset

1895 4544 2077 4625 luctus
2111 4556 2165 4602 et
2207 4548 2509 4625 lamentum
2544 4549 2784 4619 piorum,
2830 4556 2994 4618 atque
3035 4554 3227 4601 contra
3280 4558 3484 4598 vesana

1893 4622 2186 4693 exsultatio
2206 4622 2587 4708 reproborum.
2608 4637 2764 4706 Quod
2791 4653 2894 4707 ego
2916 4636 3166 4700 audiens,
3192 4634 3483 4688 tumultuo-

1894 4742 2013 4780 sam
2047 4734 2103 4781 et
2142 4726 2432 4782 confusam
2477 4729 2726 4798 prorinus
2776 4727 2973 4797 reliqui
3014 4725 3485 4794 urbem,eumque

1893 4828 2216 4887 prosecutus
2246 4833 2389 4873 sum.
2411 4818 2508 4874 Dic
2536 4820 2704 4890 igitur
2723 4818 2913 4873 eodem
2944 4824 3213 4884 nocteque
3237 4814 3488 4884 sequenti

1893 4905 2090 4962 festiue
2110 4923 2433 4978 properans,
2455 4909 2543 4964 die
2568 4910 2740 4965 altero
2775 4907 2843 4961 ad
2886 4904 3173 4977 praefatum
3213 4904 3328 4973 jam
3373 4905 3490 4960 sole

1892 5001 2104 5057 oriente
2126 5000 2348 5072 perveni
2371 4999 2608 5071 Lacum;
2643 5015 2810 5073 supra
2836 5000 2998 5072 cujus
3023 4997 3156 5051 dum
3175 4993 3493 5052 incederem

1600 5156 1787 5231 ponti-
1887 5171 1943 5225 et
1967 5179 1998 5218 a
2027 5162 2168 5217 Lacu
2200 5160 2391 5230 Maiori
2420 5164 2600 5221 solum
2638 5169 2726 5222 tl.

1986 5233 2075 5360 39g
2113 5231 2331 5315 Scilicet
2464 5234 2635 5295 Junii.

1986 5304 2054 5358 40
2116 5303 2287 5360 Maior
2333 5304 2534 5360 dieitur
2592 5329 2610 5360 ι

1986 5292 2075 5360 403
2116 5303 2287 5360 Maior
2333 5304 2534 5360 dicitur
2592 5292 2842 5360 (Lacus.
2880 5325 2899 5358 ι
2956 5299 3098 5358 olim
3155 5312 3175 5343 ι
3206 5292 3518 5356 Verbanus.
