4028 5360
482 249 508 304 -ῒ
524 245 623 306 Πό

1587 251 1686 306 SS.
1734 251 2014 306 ARIALDI
2057 245 2148 305 ΕΤ
2195 249 2638 309 EBLEMBALDI

3627 255 3766 318 “76

471 360 648 426 littus,
666 371 720 416 et
745 358 1010 418 Stationa:
1034 361 1168 435 (ιιι),
1193 360 1286 417 ubi
1310 362 1589 433 parentela
1637 365 1763 418 mali
1803 361 2073 418 Guidonis
2108 369 2148 424 Α
2181 366 2432 421 cessione
2481 367 2682 423 exibat.
2724 369 2798 425 lbi
2831 371 3052 442 quidem
3095 387 3345 432 seorsum
3393 376 3536 432 duas
3577 375 3766 434 inveni

472 453 775 521 habitabat.
797 469 973 509 essem
1001 455 1363 524 propinquus,
1392 454 1614 510 obvium
1655 455 1824 510 habui
1867 455 2069 520 virum,

478 545 702 603 nomine
733 545 1050 613 Martinam,
1077 546 1174 616 qui
1203 562 1262 602 se
1290 546 1505 601 dicebat
1533 546 1650 602 fore
1671 547 2070 620 presbyterum.

476 637 576 694 I‘lic
628 653 716 694 me
739 638 1095 710 interrogavit
1119 639 1266 694 unde
1319 653 1521 706 essem,
1548 655 1726 710 quove
1771 655 2072 710 pergerem.

483 728 684 798 Cui,ut
708 729 990 785 veritatem
1019 746 1248 785 securus
1272 730 1340 784 ab
1366 746 1430 786 eo
1458 731 1812 802 inquirerem,
1831 747 1897 787 ex
1922 740 2076 802 parte

488 819 752 876 mentitus
782 835 925 886 sum,
953 819 1144 875 dicens
1170 837 1186 873 :
1215 819 1294 872 Ex
1317 821 1405 875 illa
1432 821 1586 891 plebe
1615 837 1740 877 sam
1772 830 1827 877 et
1851 837 2075 892 compa-

475 927 566 966 res
593 911 700 967 mci
725 912 834 966 huc
857 926 945 966 me
971 911 1238 978 direxere,
1265 921 1325 966 ut
1359 911 1648 968 manifeste
1689 915 1911 969 valeant
1935 915 2076 971 scire

478 1012 664 1058 utrum
687 1019 877 1058 verum
908 1003 980 1058 sit
1018 1004 1165 1074 quod
1198 1005 1341 1075 apud
1388 1021 1488 1059 nos
1532 1006 1598 1060 de
1639 1007 1884 1074 Arialdo,
1913 1008 2074 1062 cleri-

478 1110 672 1150 corum
703 1094 950 1161 inimico,
986 1095 1202 1149 noviter
1248 1094 1513 1161 insonuit,
1546 1096 1774 1162 scilicet,
1799 1098 1945 1167 quod
1975 1114 2074 1152 ex-

481 1187 722 1245 stinctus
744 1188 835 1252 sit,
861 1196 914 1242 et
939 1179 1090 1243 sicis
1123 1203 1291 1258 super
1340 1188 1443 1242 hoc
1508 1189 1739 1258 pleniter
1781 1189 2074 1246 laetandum

477 1280 568 1335 sit.
597 1279 666 1334 At
696 1280 820 1334 ille:
847 1279 1156 1346 Revertere,
1206 1281 1406 1351 inquit,
1430 1297 1676 1358 mecum;
1717 1291 1802 1348 et,
1841 1298 1967 1337 cum
2007 1283 2075 1338 ad

481 1373 772 1428 ecclesiam
801 1388 964 1442 quam
989 1373 1271 1443 paululum
1301 1381 1424 1442 post
1467 1383 1520 1428 te
1571 1373 1862 1444 reliquisti,
1899 1375 2076 1430 redie—

478 1464 578 1530 ris,
609 1465 813 1535 optimc
837 1465 904 1520 de
926 1465 1032 1519 hoc
1063 1465 1370 1520 instructus
1391 1465 1520 1520 eris.

553 1558 743 1612 68-69.
775 1556 841 1612 Et
871 1567 1001 1613 tunc
1021 1557 1156 1612 mihi
1186 1557 1680 1630 secumIrcvertenli
1713 1559 1815 1615 ait:
1843 1558 2076 1614 Externa

474 1664 713 1720 namque
743 1649 831 1705 die
867 1650 980 1721 (42)
1013 1666 1117 1705 vox
1149 1651 1372 1706 lmtifera
1416 1661 1605 1707 nostro
1649 1652 1892 1708 insonuit
1932 1654 2072 1719 loco,

2183 459 2464 526 mulieres,
2488 461 2663 517 dehis
2684 477 2811 533 qua:
2832 463 3144 521 acciderant
3165 467 3506 524 conferentes
3547 480 3602 524 et
3651 470 3768 540 plo-

2179 555 2383 603 rantes.
2415 547 2626 616 Quibus
2653 554 3118 624 appropinquans,
3142 556 3400 627 inquisivi
3423 557 3558 627 quid
3593 557 3767 612 babe-

2177 651 2354 697 rentet
2402 659 2502 698 cur
2529 643 2738 699 ﬂerent.
2776 644 3020 712 Quarum
3063 665 3168 704 una
3214 649 3291 704 ait
3337 667 3352 704 :
3409 649 3550 704 Vere
3603 661 3662 704 tu
3699 664 3768 704 ex

2179 732 2274 788 illo
2310 749 2371 790 es
2397 735 2586 790 ordine
2620 737 2734 806 qui,
2781 754 2905 792 cum
2951 739 3171 795 deberet
3226 740 3346 796 suis
3396 741 3558 796 bonis
3603 740 3768 794 dictis

2177 823 2446 894 factisque
2495 841 2688 882 omnes
2732 827 2912 883 levare
2959 829 3014 882 in
3058 830 3276 897 omium,
3327 839 3554 885 econtra
3607 829 3770 884 malis

2175 915 2438 986 exemplis
2473 925 2702 971 cunctos
2749 917 3053 988 praecipitat
3103 919 3158 973 in
3212 919 3510 974 infernum.
3552 918 3614 972 In
3661 920 3770 972 hoc

2177 1006 2324 1061 enim
2354 1007 2496 1073 loco,
2538 1008 2889 1063 machinante
2934 1017 3031 1064 tuo
3055 1011 3243 1066 ordine
3271 1026 3563 1082 perverso,
3591 1011 3649 1064 in
3679 1011 3768 1066 his

2176 1097 2368 1174 diebus
2397 1107 2607 1154 tantum
2637 1107 2720 1154 est
2757 1111 3122 1170 perpetratum
3147 1105 3326 1158 scelus
3358 1113 3634 1174 quatenus
3670 1120 3770 1174 pro

2180 1172 2285 1244 hoc
2309 1191 2657 1260 omnipotens
2689 1190 2833 1248 Deus
2881 1192 3120 1264 [omnes]
3157 1194 3210 1247 in
3245 1195 3504 1265 abyssum
3561 1195 3772 1248 demer-

2178 1289 2268 1352 gat
2318 1282 2478 1336 anxie
2500 1291 2910 1352 exspectemus;
2955 1293 3008 1339 et
3042 1295 3098 1337 tu
3135 1284 3272 1339 dicis
3317 1303 3330 1338 :
3379 1283 3496 1338 Cur
3543 1285 3771 1340 ﬂemus!

2179 1372 2383 1429 Videns
2414 1374 2581 1445 igitur
2605 1375 2896 1430 mulierum
2925 1377 3106 1442 ﬁdem,
3133 1377 3266 1446 ipsis
3290 1378 3435 1448 quod
3459 1378 3770 1448 discipulus

2178 1480 2356 1520 essem
2389 1466 2538 1520 illius
2562 1467 2629 1521 de
2663 1483 2774 1536 quo
2799 1466 3004 1522 ﬂebant
3023 1468 3291 1535 intimavi,
3312 1485 3543 1539 easque,
3569 1470 3615 1524 si
3639 1485 3770 1525 vera

2178 1563 2364 1612 essent
2391 1573 2517 1627 qua!
2563 1573 2593 1610 a
2648 1558 2906 1627 praedicto
2947 1559 3229 1616 audieram
3275 1561 3416 1624 viro,
3481 1559 3766 1630 inquisivi.

2180 1647 2312 1714 Quae
2342 1648 2548 1716 statim,
2574 1647 2729 1704 factm
2758 1649 2902 1720 apud
2938 1665 3026 1703 me
3060 1649 3224 1704 nimis
3246 1658 3433 1721 gratae,
3466 1651 3658 1706 omnia
3685 1661 3770 1706 te—

473 1741 692 1797 dicens:
736 1739 1022 1808 Arialdus,
1069 1743 1396 1798 clericorum
1441 1744 1821 1813 adversarius,
1866 1745 2079 1800 vinctus
2114 1736 2151 1790 Β
2184 1750 2401 1796 stantur
2429 1757 2552 1798 esse
2582 1757 2730 1808 vera,
2757 1751 2952 1813 prater
2984 1743 3089 1797 hoc
3121 1743 3267 1813 quod
3301 1743 3370 1798 de
3415 1743 3540 1812 ejus
3593 1752 3770 1798 morte

475 1834 710 1888 habetur
755 1835 810 1889 in
855 1851 1014 1900 nave,
1073 1835 1211 1889 etin
1252 1835 1370 1905 ripa
1417 1834 1567 1891 Laci.
1616 1835 1697 1892 Ad
1732 1853 1896 1906 quem
1938 1837 2082 1894 illico

474 1941 602 1980 cum
650 1926 838 1982 multis
887 1926 1010 1982 aliis
1057 1925 1304 1993 decurri,
1349 1934 1404 1981 et
1443 1936 1664 1997 arrepto
1709 1927 1832 1997 palo
1877 1927 2081 1998 optime

475 2027 658 2074 acuto.
697 2033 974 2090 manuque
1013 2026 1215 2084 erecta,
1258 2019 1312 2072 in
1355 2027 1574 2088 pectore
1611 2018 1732 2089 ejus
1770 2019 1924 2072 illum
1955 2018 2082 2073 inti-

475 2125 603 2180 gere
629 2110 806 2178 volui;
837 2111 930 2166 sed
961 2125 1070 2166 non
1101 2125 1224 2165 sum
1255 2110 1576 2180 permissus.
1611 2109 1764 2166 Missi
1794 2120 1923 2166 sunt
1957 2111 2079 2181 qui-

476 2199 600 2256 dem
651 2203 897 2273 quinque
942 2201 1196 2272 protinus
1233 2200 1335 2255 viri
1378 2217 1408 2255 a
1459 2201 1680 2256 domina
1729 2211 1924 2272 nepote
1965 2202 2078 2273 (45)

485 2294 908 2364 arcltiepiscOpi,
949 2294 1015 2348 de
1041 2308 1275 2364 quorum
1303 2291 1586 2348 ferocitate
1619 2293 1736 2362 ipsa
1777 2309 1887 2348 non
1927 2293 2082 2348 dubi-

483 2386 671 2453 tabat,
710 2386 806 2456 qui
841 2401 966 2441 eum
998 2401 1029 2440 a
1055 2385 1319 2440 militibus
1341 2383 1670 2452 dividerent,
1699 2394 1753 2440 et
1785 2386 1842 2439 in
1871 2385 2075 2454 locum,

487 2494 599 2549 quo
623 2479 738 2548 ipsa
784 2478 866 2532 eis
904 2477 1173 2548 jusscrat,
1221 2477 1500 2533 ducerent.
1548 2476 1705 2544 Quod
1767 2478 1885 2534 sine
1923 2493 2077 2532 mora

489 2587 520 2626 c
544 2571 820 2641 :mpletum
853 2579 958 2638 cst,
987 2581 1040 2626 et
1077 2569 1130 2624 in
1160 2580 1367 2625 tantam
1417 2570 1565 2624 illico
1593 2579 1678 2625 est
1711 2570 1909 2626 ductus
1943 2571 2076 2626 soli-

485 2664 730 2735 tudinem
753 2664 918 2719 ntvis
950 2663 1022 2718 ibi
1065 2664 1134 2718 sit
1162 2662 1456 2733 aliquando
1497 2679 1757 2720 accessus
1791 2664 2076 2718 hominum

483 2756 623 2826 (44),
649 2765 703 2810 et
728 2755 1109 2810 tantummodo
1151 2755 1548 2826 navigantium,
1601 2757 1696 2810 sed
1743 2756 2076 2811 silvestrium

485 2849 834 2904 solummodo
863 2849 1128 2904 habitatio
1149 2848 1470 2904 bestiarum.
1500 2848 1643 2914 Quid
1677 2857 1728 2903 te.
1753 2850 1936 2904 verbis
1962 2849 2078 2904 lon-

483 2940 607 3012 gius
643 2940 998 3010 protraham?
1027 2939 1104 2994 lbi
1126 2939 1357 2995 cadaver
1378 2939 1498 3008 ejus
1529 2940 1647 2994 sine
1673 2939 1923 3006 auribus,
1956 2941 2075 2995 sine

487 3032 737 3100 naribus,
763 3029 880 3088 sine
903 3032 1097 3098 oculis,
1127 3031 1245 3086 sine
1267 3031 1486 3086 dextera
1529 3046 1716 3097 manu,
1745 3031 1865 3086 sine
1903 3047 2074 3086 mem-
2103 3074 2146 3100 ,η

2125 3093 2148 3134 ³
2181 3101 2464 3169 militibus,
2495 3111 2555 3156 ut
2582 3099 2902 3170 praedictum
2935 3106 3040 3164 est,
3069 3097 3278 3152 divisus
3303 3106 3357 3174 et
3399 3095 3650 3165 quinque
3695 3093 3776 3149 Ie-

485 3125 589 3180 bro
611 3121 832 3194 genitali
854 3139 975 3178 esse
999 3121 1194 3178 fecere.
1217 3121 1274 3176 Si
1304 3122 1510 3191 absque
1527 3121 1782 3176 omnibus
1798 3121 1885 3178 his
1905 3137 2077 3176 mem-

491 3214 611 3268 bris
632 3214 927 3284 aliquando
953 3227 1285 3284 quemquam
1310 3211 1496 3266 vidisti
1523 3209 1736 3277 vivere,
1765 3211 1914 3265 hunc
1957 3225 2079 3267 esse

489 3315 770 3360 mortuum
793 3305 902 3359 noli
923 3304 1174 3369 credere,
1198 3317 1324 3357 nam
1367 3301 1481 3357 fere
1529 3301 1680 3357 nullo
1719 3302 1884 3358 modo
1924 3301 2080 3373 quie-

491 3412 645 3452 scere
674 3395 978 3466 quiveram,
1007 3395 1182 3448 donec
1203 3394 1240 3448 ii
1267 3393 1363 3463 qui
1385 3393 1441 3448 in
1463 3408 1588 3447 eum
1633 3393 1751 3448 hate
1799 3401 2080 3462 patrarant

487 3486 570 3542 sic
603 3503 690 3542 me
715 3501 969 3542 securum
997 3487 1172 3540 fecere
1193 3494 1464 3554 quatenus
1493 3485 1634 3538 ultra
1687 3499 1798 3538 non
1826 3484 1899 3539 sit
1937 3485 2080 3540 unde

488 3595 610 3634 mea
635 3579 749 3650 jam
773 3594 929 3632 mens
951 3577 1201 3632 dubitare
1243 3576 1436 3646 possit.
1471 3575 1552 3628 Tu
1595 3591 1726 3630 vero
1749 3575 1817 3629 ad
1842 3585 1964 3632 tuos
1994 3592 2072 3630 re-

489 3679 720 3736 vertere,
745 3670 862 3725 lnec
881 3669 962 3724 eis
989 3668 1271 3734 intimans,
1298 3683 1504 3738 eosque
1528 3666 1693 3721 redde
1719 3681 1946 3721 securos
1986 3667 2078 3722 la:-

489 3773 701 3834 tosque.
748 3760 814 3816 Et
862 3767 988 3831 post
1032 3762 1148 3816 haec
1203 3760 1468 3816 alterutro
1515 3758 1677 3815 divisi
1729 3773 1945 3825 sumus,
1997 3768 2074 3824 et,

487 3859 662 3914 donec
705 3856 998 3912 ecclesiam
1047 3863 1134 3910 est
1185 3855 1489 3925 ingressus,
1545 3871 1634 3910 me
1679 3855 1858 3910 redire
1904 3855 2076 3922 tinxi;

489 3959 678 4020 postea
698 3963 852 4014 vero,
871 3947 1065 4003 nolens
1086 3947 1269 4002 verbis
1297 3947 1572 4002 conlidere
1599 3947 1811 4018 'perfidi
1827 3989 1841 4014 ,
1865 3963 2080 4018 regres-

485 4059 588 4098 sus
619 4057 742 4098 sum
769 4041 836 4096 ad
876 4041 980 4096 iter
999 4043 1147 4112 quod
1173 4041 1531 4110 reliqueram.
1582 4041 1721 4095 Cum
1781 4050 1963 4095 autem
2024 4040 2079 4094 in

483 4135 601 4204 jam
624 4133 912 4204 prmfatum
939 4132 1256 4204 ingrederer
1282 4133 1488 4199 vicum,
1507 4132 1662 4202 juxta
1714 4131 1858 4186 viam
1900 4131 2079 4202 reperi

489 4223 799 4289 ecclesiam,
826 4223 880 4276 in
910 4225 1177 4278 honorem
1207 4221 1266 4292 S.
1291 4221 1438 4278 Petri
1459 4223 1786 4289 dedicatam,
1814 4223 1881 4278 ad
1912 4239 2078 4293 quam

490 4325 624 4372 tunc
649 4315 976 4370 clericorum
1021 4315 1398 4385 laicorumque
1432 4315 1735 4370 multitudo
1780 4329 1906 4370 cum
1945 4330 2075 4385 pro~

2183 1833 2362 1889 adhuc
2383 1841 2536 1888 erant
2563 1832 2974 1889 incertzeJ'iam
3001 1833 3186 1903 itaque
3214 1834 3348 1888 mihi
3390 1843 3590 1889 contra
3638 1849 3772 1904 prie-

2183 1925 2349 1982 l'atam
2383 1927 2692 1982 tendentem
2715 1927 3060 1982 solitudinem
3083 1928 3398 1994 ostendunt,
3419 1927 3772 1998 multumque

2181 2017 2502 2086 deposcunt,
2536 2025 2596 2072 ut
2635 2027 2915 2073 revertens
2948 2033 3043 2074 eas
3093 2017 3328 2073 facerem
3373 2019 3601 2086 sciolas,
3627 2019 3776 2074 unde

2181 2108 2262 2162 eis
2287 2108 2466 2163 adimo
2493 2109 2688 2164 inierat
2710 2109 2980 2164 dubietas.
3009 2108 3210 2163 Verum
3233 2111 3536 2181 ingentium
3565 2125 3774 2180 praepe-

2181 2200 2330 2255 ditus
2355 2199 2655 2256 obstaculis
2686 2215 2972 2266 saxorum,
3005 2200 3132 2255 illuc
3155 2201 3416 2256 accedere
3441 2201 3629 2255 eundo
3677 2216 3773 2270 per

2181 2300 2382 2345 terram
2409 2291 2653 2361 nequivi,
2690 2291 2896 2361 quique
2925 2306 3022 2361 per
3043 2305 3238 2344 navem
3269 2290 3400 2344 illuc
3450 2305 3542 2344 me
3601 2299 3772 2345 trans-

2181 2381 2323 2437 ferre
2347 2384 2592 2451 auderet,
2626 2384 2866 2454 reperire
2897 2399 3006 2438 non
3065 2383 3258 2453 potui;
3318 2383 3579 2454 ideoque,
3632 2399 3774 2454 pra:-

2179 2483 2263 2528 ter
2292 2491 2415 2546 qua:
2449 2476 2595 2531 dicta
2624 2485 2774 2544 sunt,
2803 2476 3036 2546 pleniter
3059 2475 3127 2530 dc
3151 2475 3247 2530 illo
3287 2484 3419 2530 tunc
3461 2476 3610 2530 scire
3663 2491 3774 2529 non

2179 2569 2344 2623 valui.

2253 2640 2336 2694 70.
2377 2637 2572 2706 Porro,
2601 2640 2902 2696 secundum
2931 2639 3075 2710 quod
3098 2647 3282 2709 postea
3305 2639 3599 2708 diligenter
3619 2653 3775 2693 scru-

2175 2740 2324 2788 tatus
2367 2747 2510 2798 sum,
2549 2711 2786 2802 qualiter
2816 2732 3124 2802 quibusque
3165 2746 3232 2785 ex
3279 2730 3385 2784 hac
3429 2729 3544 2784 vita
3592 2729 3775 2784 verbis

2177 2825 2511 2896 migraverit,
2542 2823 2896 2895 diligentibus
2943 2821 3116 2878 Deum
3167 2820 3283 2876 fore
3327 2830 3549 2893 gratum
3578 2820 3770 2884 credo,

2176 2917 2224 2972 si
2252 2917 2306 2971 id
2332 2917 2568 2972 breviter
2612 2915 2955 2971 intimavero.
2993 2915 3036 2966 Α
3077 2914 3198 2970 loco
3221 2912 3408 2982 igitur,
3437 2927 3553 2982 quo
3579 2922 3776 2981 captus

2177 3017 2282 3076 est,
2325 3009 2688 3079 psalmodiam
2727 3006 3052 3062 decantavit.
3092 3004 3174 3060 Ad
3218 3003 3524 3058 Stationam
3563 3004 3715 3058 enim
3743 3018 3775 3058 ι

2179 3196 2402 3252 rocibus
2429 3194 2662 3250 servulis
2689 3202 2773 3250 est
2798 3191 3050 3247 traditus.
3089 3189 3194 3257 Qui
3229 3205 3353 3246 cum
3393 3188 3580 3258 ipsum
3608 3188 3776 3242 duce.-

2180 3305 2302 3351 rent
2347 3296 2417 3351 ad
2463 3303 2696 3350 mortem
2717 3337 2732 3360 ,
2779 3293 2999 3348 allocuti
3046 3300 3177 3347 sunt
3223 3289 3469 3344 dicentes
3495 3276 3772 3352 :Arialde,

2177 3405 2280 3444 cur
2308 3403 2416 3443 non
2444 3385 2772 3453 recordaris,
2803 3394 2865 3440 ut
2887 3399 3052 3456 neges
3076 3397 3200 3454 quae
3243 3381 3534 3449 hucusque
3559 3377 3770 3442 dixisti,

2180 3489 2235 3535 et
2259 3479 2563 3550 proﬁtearis
2587 3477 2872 3533 dominum
2899 3483 3151 3530 nostrum
3174 3487 3297 3528 esse
3317 3487 3514 3526 verum
3543 3469 3774 3540 pontiﬁ-

2179 3573 2332 3628 cem?
2351 3571 2489 3626 Nam
2510 3570 2558 3625 si
2581 3570 2684 3624 hoc
2705 3567 2934 3632 faceres,
2963 3566 3104 3621 forte
3140 3565 3320 3620 adhuc
3341 3563 3528 3617 vivere
3549 3575 3766 3632 posses.

2177 3663 2394 3718 Atille:
2417 3661 2594 3729 Absit,
2627 3659 2824 3730 inquit,
2850 3667 2912 3712 ut
2931 3673 3214 3722 coronam,
3237 3670 3405 3725 quam
3449 3669 3640 3708 veram
3689 3651 3772 3705 di-

2180 3755 2354 3810 cendo
2379 3755 2436 3808 in
2460 3769 2580 3808 mea
2603 3750 2874 3823 aequisivi
2899 3749 3034 3816 vita,
3051 3750 3106 3804 in
3136 3748 3244 3802 ﬁne
3267 3743 3588 3800 mentiendo
3611 3744 3772 3797 amit—

2182 3847 2323 3902 tam!
2374 3844 2512 3900 Nam
2570 3859 2658 3899 me
2713 3852 2896 3896 utrum
2947 3856 3093 3896 nunc
3140 3837 3352 3896 ducatis
3403 3836 3476 3891 ad
3515 3843 3768 3895 mortem,

2179 3938 2402 4008 ignoro;
2426 3935 2573 4007 quod
2595 3934 2642 3990 si
2664 3932 2866 3999 facitis,
2903 3931 3095 3986 scitote
3129 3935 3312 3984 vestro
3343 3925 3574 3981 domino
3596 3939 3770 3978 meam

2179 4039 2412 4086 mortem
2434 4027 2592 4083 valde
2623 4027 2954 4091 nocituram,
2981 4037 3090 4078 non
3119 4022 3296 4079 solum
3323 4019 3378 4073 in
3420 4017 3610 4072 futura
3638 4015 3768 4080 vita,

2180 4123 2275 4178 sed
2301 4119 2542 4176 etiamin
2574 4117 2851 4188 presenti.
2899 4115 2966 4169 Et
3011 4113 3092 4168 illi
3133 4132 3147 4168 :
3207 4111 3459 4176 Videsne,
3489 4107 3768 4179 inquiunt,

2179 4215 2334 4269 illum
2361 4226 2630 4282 magnum
2645 4207 2919 4264 montem?
2955 4205 3014 4261 Si
3033 4205 3149 4275 ipse
3178 4202 3425 4274 profecto
3475 4208 3629 4256 esset
3675 4215 3771 4252 au-

2180 4323 2308 4362 reus
2330 4315 2384 4362 et
2426 4314 2574 4372 tuus,
2597 4312 2884 4372 totumque
2901 4299 3081 4365 dares,
3105 4297 3249 4352 ultra
3270 4295 3422 4349 nullo
3439 4291 3606 4348 modo
3636 4291 3772 4346 vive-

559 4567 679 4640 (41)
713 4565 960 4622 ΕΧοιενιι
992 4533 1750 4640 1Stal-ienmgﬁpmcnéolis
1778 4569 1909 4640 [lino
1939 4557 2076 4640 R1113
2107 4567 2330 4640 Djuxta
2379 4547 2585 4620 Lacum
2635 4561 2895 4632 Majorem
2942 4573 3106 4628 quam
3158 4551 3524 4626 secretissime
3573 4549 3770 4606 ductus

488 4629 718 4695 eruditis
747 4645 966 4695 uotum:
1013 4636 1092 4692 sic
1128 4635 1274 4690 enim
1302 4635 1361 4687 '51
1397 4631 1644 4688 Januarii
1685 4633 1741 4686 in
1790 4631 1932 4698 Vita,
1971 4629 2070 4685 SS.

489 4709 666 4764 Julius
696 4719 749 4764 et
794 4707 1046 4764 Julianus
1091 4707 1347 4761 dicuntur
1398 4705 1614 4759 venisse
1649 4704 1742 4758 «in
1792 4702 2073 4757 dimcesim

490 4779 876 4836 Novaricnsem
897 4777 964 4832 ad
990 4778 1225 4832 insulam
1251 4775 1485 4830 Verbani
1511 4775 1682 4839 lacus,
1709 4773 1804 4844 qui
1829 4773 2073 4842 subjaccl'

489 4851 780 4917 Stationw,
825 4864 944 4920 quo
972 4849 1192 4920 nomine
1227 4847 1498 4920 Angeram
1529 4843 1940 4920 observavimus
1981 4859 2077 4912 ap-

489 4914 806 4991 pellatam.»
845 4914 952 4991 ἰιι-ἰί
1003 4914 1349 4989 cAngleriam
1375 4925 1665 4991 g_vocant;
1707 4923 1766 4991 _ct
1804 4914 1887 4991 sic
1918 4922 2077 4991 vocat

489 4984 653 5046 etiam
684 4989 1009 5056 Landulfus,
1041 4984 1232 5058 estque
1265 4987 1524 5058 oppidum
1555 4987 1610 5040 in
1639 4985 1889 5040 orientali
1925 4984 2078 5038 lacus

488 5063 606 5130 ripa
636 5063 669 5116 5
699 5078 754 5130 p.
785 5076 860 5116 m.
895 5075 1059 5130 supra
1088 5058 1333 5131 Sextum:

561 5131 672 5199 (42)
701 5123 827 5184 Ἠοο
852 5139 936 5185 est
964 5123 986 5180 ἱ
1012 5130 1212 5199 nudius
1251 5123 1476 5194 tertius;
1501 5146 1520 5178 ι
1571 5141 1672 5182 nec
1713 5124 1859 5199 enim
1903 5123 2080 5193 placet

490 5195 763 5304 corrigere
795 5200 1042 5270 legendo,
1077 5215 1142 5254 ex
1183 5198 1436 5254 Puricelli
1476 5207 1676 5260 mente,
1715 5215 1734 5246 ‹
1755 5195 2028 5249 hesterna.
2053 5211 2071 5242 ι

562 5269 614 5304 Η,
713 5267 1010 5304 1.-.;..ξ;;εε.ια
1049 5269 1243 5304 Qoninn
1283 5269 1422 5304 nnm-l
1461 5267 1790 5304 Dnrinnllnm
1829 5280 1934 5304 nmr
1988 5263 2044 5304 ΙΙ

562 5263 672 5304 [ἰῇ
713 5263 1243 5304 Ῐ.-.;”..έέ;Εε.ιαἘοηῖΛν
1283 5269 1422 5304 σητιυῖ
1461 5267 1790 5304 βηνῖιιρηιηη
1829 5280 1934 5304 nmr

2179 4645 2364 4830 θδᾘηιὲ
2402 4703 2634 4760 Carolus
2683 4717 2712 4756 a
2756 4700 2989 4756 Basilica
3039 4695 3181 4752 Petri
3209 4695 3334 4778 ,"in
3385 4689 3774 4775 sua_Novaria

2179 4792 2304 4830 nan.
2372 4777 2464 4830 54.
2501 4773 2760 4830 describit
2795 4771 3072 4826 «insulam
3119 4767 3178 4821 S.
3211 4766 3472 4828 Victoris,
3499 4778 3557 4816 in
3590 4761 3770 4814 medio

2179 4792 2304 4902 ac
2325 4760 2466 4902 .123:
2500 4761 3770 4902 assesasses;arma,se:

2204 4832 2294 4904 'er‘é
2325 4832 2466 4909 lacu,
2500 4845 2554 4898 in
2622 4859 2692 4898 uo
2722 4841 2853 4898 olim
2881 4851 2998 4896 erat
3026 4837 3255 4894 ecclesia
3280 4835 3336 4890 S.
3367 4832 3627 4892 Victoris,
3674 4845 3770 4899 pa-

2204 4917 2442 4968 'ocliialis
2493 4861 2804 4968 Iseﬂarum.
2851 4911 3078 4968 pronius
3115 4908 3249 4968 ripa:
3324 4903 3713 4968 adjacentium,
3742 4916 3763 4951 ι

2182 4905 2464 4974 τοοιιίειιίἐ
2493 4905 2804 4978 Isellarum,
2851 4911 3078 4983 propius
3115 4908 3249 4977 ripa:
3324 4905 3713 4973 adjacentium,
3742 4916 3763 4951 ι

2183 5004 2305 5046 alia:
2339 4985 2738 5042 habitatoribus
2781 4981 2894 5038 fere
2937 4980 3148 5036 vacavit
3188 4989 3424 5046 semper,
3470 4973 3768 5046 eademque

2183 5004 2305 5060 quae
2339 4986 2738 5042 habitatoribus
2781 4986 2894 5038 fere
2937 4986 3148 5036 vacavit
3188 4989 3424 5058 semper,
3470 4986 3766 5057 eaqemque

2183 5059 2421 5113 insulam
2457 5058 2514 5110 in
2541 5055 2693 5110 Actis
2723 5052 2822 5107 SS.
2863 5051 2993 5106 Julii
3033 5059 3088 5105 et
3128 5047 3330 5120 Julian}
3364 5059 3518 5100 num.
3563 5057 3582 5094 ι
3616 5047 3766 5120 putat

2183 5111 2447 5190 indicari,
2495 5127 2678 5197 potius
2719 5139 2899 5197 quam
2937 5123 3160 5197 alteram
3209 5116 3492 5197 [sellarum
3529 5111 3765 5197 Lm'ultgis

2185 5173 3212 5270 ⁷ίέίῖιρίῖξῗτιμῆᾇίἰιίἰιιιῃ;
3253 5195 3417 5270 atque
3455 5173 3764 5270 is.

2189 5251 2541 5304 agnda...
2581 5281 2650 5304 nn
2678 5265 2748 5304 ihi
2775 5263 2914 5304 Μηνί
2945 5271 3000 5304 ιιι
3023 5260 3183 5304 mndi
3201 5251 3390 5304 'vellét-
3421 5253 3518 5304 ubi
3561 5270 3579 5302 ι
3607 5251 3764 5304 Inous
