4028 5360
209 280 338 338 ΗΠ

1743 278 1935 333 ACTA.

3343 289 3481 345 “78

199 410 303 450 res.
342 392 438 448 Ille
461 398 641 448 autem
669 390 785 447 hmo
815 392 1043 449 audiens
1094 408 1153 449 se
1194 394 1388 460 erexit,
1416 401 1471 447 et
1520 393 1784 465 hymnum
1814 393 1860 450 Α
1889 390 2046 445 sileat
2075 408 2197 463 quae
2230 395 2551 451 clericorum
2600 395 2834 452 familias
2882 398 3225 454 conturbavit
3275 408 3327 455 et
3371 400 3484 455 dis-

197 490 515 537 sauctorum
550 481 923 553 apostolorum
949 481 1093 537 Petri
1125 492 1177 538 et
1202 482 1356 537 Pauli
1387 482 1495 536 alta
1531 498 1663 537 voce
1694 481 1786 536 de-

196 586 420 629 cantare
448 574 640 644 ccepit;
668 591 779 645 quo
815 576 991 643 linito,
1020 575 1087 631 ad
1124 575 1473 630 solitudinem
1504 575 1571 630 ad
1620 590 1787 645 quam

196 666 511 734 tendebant,
550 683 863 737 pervenere.
889 668 1061 735 Quem
1091 668 1339 724 tollentes
1361 668 1426 723 dc
1448 684 1604 735 nave,
1622 684 1785 737 supra

194 758 473 827 quoddam
524 775 718 814 saxum
767 759 1009 815 vinctum
1064 776 1295 830 posuere
1341 760 1407 814 ad
1464 760 1782 815 sedendum.

197 847 461 904 Seorsum
488 850 723 921 denique
746 852 1027 921 paululum
1050 851 1245 906 remoti
1274 851 1389 906 haec
1408 850 1586 906 dicere
1603 866 1784 921 coepe-

194 949 323 995 runt
342 942 412 996 ad
436 942 669 996 invicem
698 961 710 996 :
745 941 885 1010 Quid
916 942 1219 998 faciemus?
1254 942 1312 998 Si
1343 952 1553 998 tantum
1574 943 1786 999 occide-

192 1034 370 1089 rimus
403 1034 605 1104 virum,
641 1044 842 1091 nostra:
867 1036 1064 1092 animae
1091 1038 1301 1092 nullum
1338 1038 1478 1091 ultra
1528 1047 1787 1107 poterunt

192 1124 421 1195 adipisci
454 1127 779 1195 remedium,
804 1128 983 1184 ethoc
1008 1129 1053 1184 si
1081 1145 1188 1183 non
1237 1128 1551 1195 fecerimus,
1579 1129 1783 1184 nihilo-

192 1218 376 1273 minus
436 1219 756 1274 moriemur.
815 1220 871 1275 In
926 1222 1012 1276 his
1074 1223 1220 1277 enim
1268 1222 1399 1277 dum
1447 1223 1782 1289 haesitat-ent,

193 1324 456 1380 aspexere
504 1312 813 1367 naviculam
863 1315 1077 1370 concite
1135 1314 1483 1381 venientem,
1535 1314 1784 1385 duosque

191 1402 446 1458 homines
468 1402 801 1460 deferentem
829 1425 841 1460 :
873 1404 938 1461 Et
962 1406 1116 1462 aiunt
1143 1408 1209 1462 ad
1235 1407 1467 1462 invicem
1499 1425 1511 1460 :
1551 1404 1662 1462 Hos
1689 1423 1782 1462 ex-

191 1503 520 1565 spectemus,
559 1496 614 1550 hi
638 1495 825 1552 forsan
848 1498 978 1553 boni
1009 1499 1184 1553 nuntii
1220 1498 1387 1569 bajuli
1418 1510 1566 1554 sunt.

260 1585 346 1642 7i.
386 1586 657 1643 Przedicta
697 1605 828 1644 vero
845 1590 975 1644 mali
1004 1589 1272 1646 Guidonis
1312 1591 1508 1661 neptis,
1539 1606 1662 1662 qua:
1688 1606 1782 1647 ex-

181 1677 315 1733 .hinc
366 1677 585 1734 Jezabel
632 1690 686 1735 et
723 1680 987 1739 llerodias
1014 1691 1098 1738 est
1126 1691 1459 1754 nuncupata,
1490 1692 1779 1754 postquam

178 1769 430 1841 quinque
471 1772 539 1826 ad
582 1770 678 1827 Dei
724 1770 990 1828 famulum
1020 1774 1327 1830 necandum
1358 1773 1631 1831 direxerat
1661 1792 1780 1831 ser-

189 1862 371 1929 vulos,
402 1863 545 1919 duos
574 1865 824 1932 clericos,
855 1883 993 1936 quos
1016 1867 1071 1920 in
1100 1865 1221 1936 ejus
1250 1875 1480 1923 mortem
1510 1868 1783 1939 praecipue

190 1953 398 2009 inhiare
445 1967 797 2028 cognoverat,
832 1958 902 2013 ad
932 1973 989 2013 se
1018 1968 1242 2015 vocatos
1281 1958 1362 2014 sic
1390 1959 1626 2014 allocuta
1655 1970 1739 2016 est
1765 1980 1779 2015 :

188 2046 500 2119 Assumptis
542 2049 738 2121 gladiis
782 2060 1025 2108 vestrum
1070 2054 1464 2125 persequimini
1523 2055 1783 2111 velociter

190 2138 511 2209 inimicum,
560 2159 628 2198 ne
678 2142 818 2198 forte
865 2154 1091 2201 Caeteros
1138 2146 1397 2213 seducat,
1449 2156 1505 2203 et
1552 2148 1782 2203 ulterius

189 2231 346 2286 vivat.
380 2230 447 2287 lli
478 2250 610 2289 vero
635 2244 811 2304 erant,
843 2238 938 2308 qui
967 2254 1093 2293 cum
1124 2255 1261 2294 nave
1300 2248 1431 2295 tunc
1470 2241 1780 2296 veniebant.

184 2322 288 2390 Qui
318 2341 444 2380 cum
476 2326 542 2381 ad
574 2336 800 2383 cazteros
843 2330 1140 2398 venissent,
1185 2331 1390 2402 egressi
1419 2332 1486 2386 de
1512 2348 1651 2387 nave
1692 2332 1779 2387 di-

178 2425 315 2471 rcunt
341 2435 353 2471 :
377 2416 484 2473 Ubi
511 2432 594 2474 eSt
622 2418 913 2475 Arialdus?
938 2421 1044 2489 Qui
1075 2424 1475 2493 responderunt
1501 2423 1773 2479 dicentes:

184 2509 430 2567 Mortuus
463 2522 569 2568 est.
611 2515 680 2569 At
726 2516 802 2570 illi
832 2535 844 2570 ε
870 2515 1057 2584 Nobis,
1109 2518 1385 2589 inquiunt,
1431 2519 1652 2589 jussum
1695 2530 1781 2576 est

182 2604 364 2660 videre
389 2607 570 2672 illum.
601 2608 715 2664 sive
743 2609 926 2663 vivum
955 2611 1068 2665 sive
1089 2618 1387 2666 mortuum.
1416 2610 1484 2666 Et
1509 2612 1782 2683 aspicien-

184 2703 287 2763 tes,
314 2697 569 2753 viderunt
597 2700 751 2755 illum
777 2701 992 2756 eminus
1020 2701 1286 2769 vinctum,
1310 2703 1589 2759 sedentem
1616 2720 1780 2775 super

184 2802 396 2845 saxum.
421 2788 484 2844 In
514 2806 675 2861 quem
705 2791 784 2847 sic
806 2793 965 2847 anxie
994 2793 1231 2859 irruunt,
1258 2795 1531 2864 quomodo
1559 2794 1783 2852 leonum

186 2879 344 2934 catuli
374 2897 544 2952 super
571 2883 808 2952 prtedam
840 2882 1098 2939 famelici.
1132 2884 1445 2957 Evaginatis
1480 2888 1644 2959 igitur
1671 2890 1781 2960 gla-

184 2972 308 3040 diis,
339 2974 516 3044 ipsius
543 2992 687 3032 unus
718 2992 906 3043 unam,
953 2977 1090 3033 alter
1132 2993 1262 3033 vero
1307 2980 1611 3035 auriculam
1641 2982 1781 3036 arri-

1889 482 2078 552 persit.
2112 483 2177 540 Et
2207 486 2285 541 sic
2317 486 2404 541 illa
2456 498 2643 544 sancta
2691 490 2872 544 anima
2921 506 3085 545 carne
3137 501 3220 545 est
3272 484 3483 561 soluta;

1890 586 2089 642 corpus
2118 589 2249 629 vero
2280 575 2354 629 ibi
2383 562 2772 648 quoquomodo
2801 589 2958 634 terrae
2988 580 3245 635 traditum
3272 591 3374 637 est.

2482 692 2712 747 CAPUT
2752 693 2887 749 V’lll.

1890 785 2139 854 Corporis
2182 801 2275 854 per
2342 785 2551 860 decerit“
2586 802 2784 860 menses
2833 789 3126 859 incorrupti
3185 788 3487 860 deportatio

2498 854 2879 912 Mediolanum.

1947 946 2036 1002 72.
2077 945 2375 1019 Cmperunt
2423 944 2661 1017 denique
2709 946 2817 1001 illic
2856 942 2980 1017 pust
3026 952 3144 1006 haec
3186 949 3480 1006 luminaria

1886 1039 2144 1110 praeclara
2172 1054 2269 1108 per
2306 1048 2495 1093 noctes
2523 1038 2890 1109 piscatoribus
2922 1056 3215 1110 apparere;
3247 1042 3392 1112 quod
3422 1052 3481 1097 ut

1887 1129 2052 1200 impia
2073 1129 2289 1184 Jezabel
2316 1130 2543 1195 audivit,
2567 1130 2817 1200 protinus
2842 1131 2895 1184 in
2920 1131 3081 1184 aliam
3110 1133 3344 1188 insulam
3365 1132 3479 1205 (47)

1885 1237 2011 1277 eum
2057 1231 2216 1278 nocte
2266 1221 2549 1276 transferri
2583 1222 2773 1292 jussit.
2820 1222 2925 1277 Sed
2971 1239 3097 1277 cum
3144 1224 3333 1280 eadem
3384 1226 3483 1281 lux

1886 1312 2084 1368 ibidem
2139 1312 2390 1367 similiter
2434 1313 2626 1367 crebro
2674 1321 2979 1382 apparcrct,
3033 1312 3087 1368 in
3141 1313 3321 1369 locum
3372 1327 3483 1370 ter-

1887 1405 2021 1459 tium
2071 1404 2183 1477 (48)
2235 1404 2484 1459 eumdem
2545 1405 2816 1475 asportari
2865 1404 3013 1462 fecit.
3064 1404 3266 1462 Videas
3316 1407 3483 1478 igitur

1884 1496 2030 1568 quod
2061 1512 2168 1552 non
2200 1507 2383 1567 posset
2412 1503 2662 1550 sanctum
2694 1496 2970 1550 occultare
3000 1512 3220 1567 corpus,
3253 1512 3353 1552 nec
3377 1497 3481 1551 sub

1885 1597 2030 1646 terra
2078 1605 2255 1660 neque
2298 1604 2463 1659 super
2512 1596 2736 1654 terram,
2778 1587 2906 1658 quia
2950 1587 3084 1642 illud
3134 1589 3337 1659 ubique
3382 1589 3483 1644 lux

1884 1682 2084 1738 eximia
2117 1681 2499 1748 comitabatur,
2531 1680 2671 1735 irata
2715 1681 2870 1735 valde
2908 1679 3035 1736 fecit
3060 1697 3192 1736 saxa
3240 1682 3483 1752 ingentia

1884 1775 2030 1830 circa
2066 1775 2244 1844 ipsum
2279 1773 2502 1839 innecti,
2534 1781 2589 1829 et
2621 1773 2677 1827 in
2715 1772 3045 1843 profundum
3091 1773 3193 1829 laci
3222 1773 3476 1846 dimergi.

1885 1866 2275 1923 Verumtamen
2305 1865 2402 1932 ibi,
2433 1865 2527 1920 ubi
2561 1873 2643 1921 est
2670 1866 2994 1935 projectum,
3033 1873 3180 1921 tanta
3210 1874 3295 1921 est
3323 1881 3480 1936 aqua:

1884 1962 2112 2016 altitudo
2142 1959 2512 2032 (sicut'didici
2543 1976 2575 2015 a
2600 1959 2735 2015 viris
2774 1959 2900 2014 illus
2943 1959 3081 2028 loci)
3124 1968 3184 2015 ut
3226 1960 3314 2014 vix
3350 1958 3482 2015 fune

1883 2062 2101 2107 centum
2149 2053 2459 2109 cubitorum
2512 2050 2803 2122 quisquam
2835 2052 3009 2122 possit
3039 2050 3267 2107 fundum
3313 2053 3481 2108 attin-

1883 2160 2034 2217 gere;
2074 2160 2200 2198 nam
2232 2144 2372 2199 idem
2414 2144 2567 2200 lacus
2615 2160 2714 2214 pro
2760 2144 2847 2198 sui
2893 2144 3268 2215 magnitudine
3306 2143 3480 2214 Major

1883 2246 2273 2306 nuncupatur,
2324 2245 2379 2291 et
2427 2236 2549 2306 plus
2598 2236 2995 2306 quinquaginta
3045 2236 3370 2291 milliarihus
3422 2236 3481 2290 in

1881 2329 2104 2399 longum
2133 2327 2461 2383 extenditur.
2495 2325 2553 2381 In
2584 2343 2694 2397 quo
2726 2335 2837 2381 tam
2882 2327 3309 2383 innumerabiles
3346 2344 3477 2399 ιιι-ου

1880 2420 1969 2475 cul
1997 2418 2164 2475 dubio
2190 2419 2569 2490 immanesque
2597 2428 2725 2475 sunt
2753 2419 2931 2490 pisces
2961 2428 3021 2474 ut
3048 2436 3145 2491 per
3180 2428 3291 2476 tres
3323 2436 3479 2476 men-

1882 2528 1971 2567 ses
2011 2510 2171 2566 facile
2211 2511 2536 2566 devorarcnt
2578 2519 2714 2582 quot
2740 2512 2797 2566 in
2826 2512 3017 2567 eadem
3044 2513 3306 2582 parochia
3350 2521 3481 2569 sunt

1880 2603 2135 2672 pecudes.
2186 2597 2390 2658 Verum
2434 2603 2563 2673 quia
2613 2604 2797 2658 omnia
2847 2604 2966 2659 haec
3008 2606 3221 2660 occulte
3259 2605 3478 2664 fuerant

1879 2702 2121 2765 peracta,
2151 2694 2220 2749 de
2246 2693 2340 2748 illo
2370 2694 2640 2749 haesitatio
2685 2702 2739 2749 et
2788 2695 3068 2751 altercatio
3117 2696 3319 2767 ubique
3358 2706 3480 2753 erat

1881 2800 1991 2840 non
2020 2800 2209 2856 parva.
2262 2785 2370 2852 Alii
2402 2784 2657 2872 djcebant
2684 2785 2832 2855 quod
2873 2793 3020 2841 esset
3059 2795 3331 2854 mortuus,
3381 2786 3477 2840 alii

1880 2878 2024 2949 quod
2052 2877 2373 2940 in.vinculis
2400 2878 2542 2932 clam
2564 2875 2920 2931 detineretur.
2953 2875 3011 2930 1n
3043 2876 3202 2947 cujus
3229 2892 3479 2933 amorem

1881 2979 2011 3027 tunc
2053 2972 2133 3027 sic
2173 2972 2356 3027 omnis
2394 2970 2633 3041 populus
2664 2978 2748 3025 est
2776 2984 3043 3029 accensus
3085 2977 3148 3024 ut
3186 2970 3370 3024 cuncti
3415 2986 3477 3029 se

184 3061 258 3129 pit
284 3063 536 3131 alteram,
562 3065 807 3120 dicentes
834 3084 846 3119 :
880 3064 996 3133 Dic,
1029 3066 1279 3135 furcifer,
1311 3069 1356 3124 si
1392 3069 1649 3127 dominus
1677 3088 1778 3127 no-
1808 3087 1853 3149 C
1884 3063 1987 3119 sub
2008 3061 2371 3134 iureiurando
2401 3061 2842 3133 constringere!!!
2869 3068 3141 3130 quatenus
3179 3060 3334 3115 illum
3379 3068 3478 3119 θυι

183 3160 291 3208 ster
315 3171 484 3211 verus
510 3168 596 3212 est
637 3157 1081 3229 archiepiscopus
1112 3160 1245 3231 (45).
1286 3159 1391 3228 Qui
1442 3163 1729 3233 respondit
1761 3182 1775 3218 :

181 3240 287 3301 Nec
314 3245 418 3301 fuit
452 3263 717 3321 unquam,
768 3248 898 3319 quia
944 3264 1084 3320 opus
1134 3251 1531 3323 archiepiscopi
1578 3254 1635 3309 in
1660 3255 1782 3325 ipso

177 3351 279 3393 nec
322 3348 409 3395 est
444 3355 595 3396 nunc
631 3356 733 3396 nec
759 3340 865 3396 fuit
901 3358 1166 3413 unquam.
1203 3339 1357 3400 Tunc
1389 3345 1629 3401 immites
1658 3348 1781 3417 ejus

181 3437 441 3501 utrasque
470 3440 757 3503 amputant
780 3450 961 3490 aures.
1012 3435 1082 3490 At
1112 3435 1219 3503 ille,
1258 3437 1432 3491 oculis
1479 3437 1536 3492 in
1577 3439 1784 3495 caelum

181 3521 422 3592 elevatis,
462 3526 541 3579 ait
567 3544 580 3579 :
605 3525 821 3582 Gratias
852 3528 949 3581 tibi
976 3543 1097 3600 ago,
1124 3527 1363 3596 Christe,
1386 3529 1481 3599 qui
1507 3545 1593 3585 me
1616 3530 1779 3588 hodie

183 3609 321 3667 inter
348 3623 476 3671 tuos
511 3625 780 3689 martyres
807 3618 1062 3689 dignatus
1106 3630 1191 3675 est
1220 3637 1637 3678 connumerare.
1687 3622 1777 3679 In-

184 3709 489 3776 terrogatur
515 3708 753 3778 denique
782 3709 980 3764 iterum
1033 3710 1080 3765 si
1111 3709 1289 3767 Guido
1316 3728 1481 3769 verus
1509 3722 1655 3771 esset
1691 3731 1780 3770 ar-

182 3793 582 3869 chiepiscopus.
608 3800 713 3868 Qui
736 3802 951 3857 solitam
971 3787 1342 3860 constantiam
1364 3806 1535 3859 animi
1566 3815 1775 3874 tenens,

181 3884 257 3939 ait
281 3904 294 3940 :
318 3886 440 3945 Non
469 3899 573 3946 est.
603 3890 945 3963 Quapropter
967 3910 1136 3950 nasus
1166 3893 1339 3965 ipsius
1368 3895 1621 3964 protinus
1650 3913 1777 3951 cum

181 3974 324 4033 labio
355 3996 595 4053 superno
622 3992 705 4040 est
733 3984 1041 4048 abscissus;
1073 3985 1269 4039 deinde
1293 3987 1454 4043 ambo
1479 3987 1623 4042 oculi
1650 3996 1780 4043 sunt

178 4061 383 4127 effossi.
433 4073 630 4131 Postea
669 4092 799 4131 vero
844 4076 1125 4131 dexteram
1154 4078 1476 4135 detruncant
1529 4095 1775 4145 manum,

179 4159 467 4222 dicentes:
516 4166 644 4223 Haec
669 4176 753 4223 est
783 4184 905 4238 quae
952 4168 1187 4223 faciebat
1234 4170 1512 4239 epistolas,
1544 4170 1776 4226 Romam

177 4253 435 4331 directas.
476 4259 685 4317 Dehinc
714 4262 979 4317 radicitus
1008 4262 1314 4317 membrum
1350 4271 1636 4334 amputant
1684 4281 1776 4337 ge-

180 4343 386 4417 nitale,
444 4350 723 4423 dicentes:
796 4349 1127 4408 Pri-dicatur
1186 4353 1458 4408 castitatis
1512 4353 1775 4409 hactenus

1883 3162 2069 3211 essent
2094 3154 2279 3210 vivum
2326 3154 2442 3210 sive
2486 3163 2765 3209 mortuum
2807 3152 3070 3218 habituri,
3092 3160 3187 3208 aut
3226 3168 3326 3222 pro
3356 3153 3478 3223 ipso

1883 3246 1951 3301 ad
1977 3254 2210 3300 mortem
2251 3260 2426 3316 usque
2465 3245 2746 3303 certaturi.
2800 3243 2906 3301 Sed
2934 3244 3080 3300 Deus
3105 3244 3478 3315 omnipotens,

1884 3336 2042 3407 cujus
2056 3352 2279 3393 causam
2310 3336 2424 3407 ipse
2447 3336 2801 3407 patefecerat,
2815 3352 2917 3392 nec
2939 3336 3093 3391 illum
3121 3351 3319 3405 passus
3332 3344 3417 3392 est
3441 3353 3475 3393 a

1882 3429 2028 3499 pisce
2038 3428 2400 3485 contaminari
2417 3443 2520 3483 nec
2534 3417 2588 3482 in
2605 3428 2726 3483 lacn
2740 3426 2869 3499 prof
2868 3427 3013 3483 unde
3024 3427 3234 3482 occulte
3244 3426 3475 3483 morari.

1950 3521 2038 3575 75.
2074 3520 2390 3576 Transactis
2421 3536 2658 3590 namque
2685 3520 2970 3577 mensibus
2999 3519 3209 3586 decem,
3249 3519 3474 3589 quidam

1880 3614 1964 3667 vir
1989 3612 2182 3679 fidelis,
2211 3612 2434 3668 nomine
2454 3611 2718 3683 Algisius,
2733 3628 2830 3682 per
2852 3612 3043 3667 urbem
3068 3611 3234 3681 ccepit
3252 3611 3475 3666 discur-

1880 3721 2022 3773 rere,
2055 3705 2282 3761 dicens:
2314 3703 2497 3797 Nupeor
2519 3706 2575 3759 in
2601 3705 2689 3760 die
2729 3704 3061 3760 inventionis
3112 3713 3316 3759 sancta:
3338 3720 3471 3759 cru-

1879 3802 1961 3858 cis
2006 3801 2144 3873 (49),
2167 3800 2273 3856 mei
2303 3817 2472 3856 causa
2500 3801 2705 3872 negotii
2752 3800 2911 3871 juxta
2961 3802 3117 3856 littus
3166 3800 3468 3855 transibam

1880 3894 2010 3950 Laci
2038 3894 2279 3967 Majoris.
2313 3892 2381 3947 Et
2419 3908 2551 3948 ecce
2576 3893 2761 3963 aquila
2811 3893 3001 3947 eadem
3043 3892 3474 3963 supervolitahat

1879 3985 2084 4051 littora,
2107 3990 2303 4040 caetera
2327 3984 2606 4054 expellens
2627 3984 2894 4039 volucria.
2927 3983 3084 4049 Quod
3124 3992 3186 4038 ut
3214 3984 3471 4040 viderunt

1880 4084 2147 4146 pastores,
2162 4074 2258 4144 qui
2282 4072 2355 4129 ibi
2380 4075 2679 4144 pascebant
2702 4090 2832 4130 suas
2853 4074 3111 4144 pecudes,
3130 4075 3258 4130 illuc
3275 4073 3469 4130 festiue

1879 4183 2092 4238 accpere
2119 4183 2373 4235 currere;
2404 4183 2532 4223 cum
2557 4167 2763 4239 quibus
2789 4167 3011 4224 cucurri
3030 4176 3086 4222 et
3112 4183 3235 4238 ego.
3255 4167 3321 4222 Et
3341 4183 3469 4223 ecce

1876 4256 2231 4314 beatissimus
2252 4257 2527 4325 Arialdus,
2546 4274 2615 4313 ex
2646 4274 2788 4330 aqua
2812 4259 3112 4330 projectus,
3130 4259 3205 4314 ibi
3234 4259 3465 4331 integer,

1876 4358 2073 4420 praeter
2105 4359 2233 4407 octo
2262 4351 2529 4419 membra,
2552 4368 2676 4423 quae
2696 4352 2746 4408 ei
2772 4361 2929 4409 erant
2954 4369 3078 4408 cum
3106 4352 3251 4409 ferro
3274 4369 3470 4424 ampu-

179 4434 350 4508 fuisti,
410 4443 611 4499 exhinc
638 4452 690 4499 et
716 4452 771 4498 tu
803 4454 990 4500 castus
1018 4444 1148 4500 eris.
1195 4443 1390 4501 Postea
1418 4460 1549 4501 vero
1576 4446 1643 4501 de
1673 4448 1775 4503 sub
1807 4429 1851 4487 ί)
1880 4447 2011 4507 tam,
2029 4439 2266 4511 iacebat.
2296 4441 2525 4497 miriﬁce
2547 4442 2834 4498 candidus.
2886 4441 3061 4509 Quem
3116 4458 3218 4513 880
3246 4443 3463 4511 νίάοιιε,

178 4539 394 4597 gutture
444 4535 686 4607 linguam
742 4537 1035 4592 extrahunt
1083 4536 1234 4608 (46),
1290 4538 1571 4594 dicentes:
1613 4538 1773 4596 Modo

240 4665 352 4747 (μβ)
393 4669 540 4728 Idem
589 4673 822 4728 Carolus
851 4692 919 4747 :‘t
950 4673 1321 4747 Interrogatus
1369 4670 1670 4747 (Arial_dus)
1716 4675 1764 4747 si

178 4730 482 4813 Quidonem
520 4752 727 4798 teneret
769 4730 1264 4813 archiepiscopum,
1315 4730 1485 4812 quem
1520 4730 1764 4799 Ecclesia

152 4800 420 4894 "Romana
440 4814 612 4894 pallio
637 4823 689 4868 et
715 4800 1474 4894 cardinalibus_'firniaverat,
1524 4829 1759 4894 respone

177 4873 309 4956 deus
343 4873 535 4956 dixit:
575 4883 756 4956 Donec
802 4885 1043 4954 linguam
1098 4883 1153 4937 in
1199 4899 1294 4937 ore
1345 4873 1658 4952 piirtavero,
1704 4893 1757 4938 et

176 4951 356 5021 anima
392 4951 690 5010 incolumis
722 4951 906 5021 fuerit,
935 4971 998 5009 ac
1026 4969 1182 5008 mens
1213 4951 1360 5007 meai
1383 4969 1597 5019 serena,
1646 4970 1755 5008 non

174 5017 368 5094 “599139
386 5021 572 5094 ipsum
611 5040 711 5093 pro
732 5017 1163 5094 archiepiscopo,
1190 5039 1293 5078 nec
1317 5024 1546 5078 habebo.
1586 5017 1611 5075 ἰ

245 5084 355 5167 (46)
386 5084 534 5167 [item
563 5111 577 5148 :
611 5084 644 5167 '¢_
668 5084 935 5167 Linguam
959 5084 1091 5166 ejus.
1106 5084 1175 5149 de
1219 5095 1323 5149 sub
1344 5103 1601 5167 mentone
1647 5104 1752 5150 tra'

180 5148 389 5234 ὶιθζιςςὲ,
418 5162 475 5234 in
505 5164 683 5219 insula
714 5148 842 5221 afui
853 5148 1284 5221 semimortuum
1308 5148 1690 5234 reliquerunt.
1704 5148 1752 5219 Ἢ»

254 5210 636 5299 (47),Alteram
698 5210 948 5291 fortassis
999 5210 1281 5293 lsevllarum
1336 5210 1715 5302 praedictarum
1743 5281 1763 5302 ,

1876 4536 2078 4607 optime
2100 4537 2243 4593 illico
2267 4536 2486 4607 agnovi,
2515 4536 2713 4607 hisque
2746 4537 2842 4608 qui
2873 4536 3103 4591 aderant
3127 4536 3463 4607 lacrymabi-

1868 4670 2205 4741 Puriccllus)
2258 4672 2354 4741 «in
2402 4653 2681 4741 apotheca
2711 4666 2768 4724 S.
2814 4668 3110 4741 Ambrosii,
3147 4668 3467 4741 cautissime

1866 4738 2232 4798 humaverunt
2264 4738 2600 4796 defunctum.
2641 4738 2957 4794 Transactis
2987 4755 3118 4793 vero
3142 4738 3334 4793 diebus
3361 4738 3463 4793 ali-

1841 4815 2108 4883 ,quantis,
2135 4813 2255 4881 ejus
2281 4812 2566 4883 cadaveris
2592 4809 2736 4865 fetor
2767 4811 3052 4883 castellum
3089 4823 3253 4883 omne
3284 4809 3466 4883 itaut

1865 4877 2057 4938 otnnes
2092 4877 2424 4937 nausearent
2453 4880 2723 4952 fugientes
2748 4881 3057 4949 occupavit.
3084 4898 3118 4952 »_
3147 4877 3304 4952 Quod
3337 4880 3467 4952 ulti-

1866 4970 2039 5019 mum,
2061 4953 2107 5008 si
2137 4952 2435 5007 contictum
2462 4948 2570 5007 non
2600 4960 2708 5018 est,
2732 4965 2842 5005 non
2870 4948 3122 5006 cadaveri
3150 4948 3335 5002 debuit
3361 4950 3468 5004 im-

1868 5024 2199 5096 putari,gsed
2227 5022 2388 5076 alteri
2435 5032 2488 5096 et
2531 5020 2710 5096 altiori
2752 5036 2935 5078 causae
2969 5022 3024 5096 in
3055 5019 3470 5096 detestationem

1869 5090 2159 5160 facinoris;
2198 5106 2329 5146 nam
2377 5095 2610 5163 cadaver
2656 5093 2860 5163 ipsum,
2908 5094 3074 5149 etiam
3119 5096 3245 5158 post
3281 5090 3474 5147 decem

1870 5181 2106 5231 menses,
2148 5161 2727 5220 suaveolentissimuin
2772 5161 3057 5222 inventum
3098 5167 3201 5225 est,
3243 5167 3306 5213 ut
3346 5177 3479 5217 mox

1871 5239 2100 5295 dicetur.

3545 590 3591 635 υ
