  <div class='ocr_page' id='page_1' title='image "/cluster/home/n/w/nwhite01/storage/ocr_20150623/143/hvd.32044015471816/741.png"; bbox 0 0 4028 5360; ppageno 0'>
   <div class='ocr_carea' id='block_1_1' title="bbox 477 250 2093 334">
    <p class='ocr_par' dir='ltr' id='par_1_1' title="bbox 477 250 2088 334">
     <span class='ocr_line' id='line_1_1' title="bbox 477 250 2088 334; baseline -0.008 0"><span class='ocrx_word' id='word_1_1' title='bbox 477 250 614 334; x_wconf 63' lang='lat' dir='ltr'><strong>trra</strong></span> <span class='ocrx_word' id='word_1_2' title='bbox 1581 269 1681 325; x_wconf 87' lang='lat' dir='ltr'><strong>ss.</strong></span> <span class='ocrx_word' id='word_1_3' title='bbox 1720 266 1999 323; x_wconf 78' lang='lat' dir='ltr'><strong>ARIALDI</strong></span> <span class='ocrx_word' id='word_1_4' title='bbox 2046 266 2088 321; x_wconf 84' lang='lat' dir='ltr'><strong>E</strong></span> 
     </span>
    </p>
   </div>
   <div class='ocr_carea' id='block_1_2' title="bbox 2195 250 3765 334">
    <p class='ocr_par' dir='ltr' id='par_1_2' title="bbox 2195 257 3765 323">
     <span class='ocr_line' id='line_1_2' title="bbox 2195 257 3765 323; baseline 0 -1"><span class='ocrx_word' id='word_1_5' title='bbox 2195 265 2631 323; x_wconf 77' lang='lat' dir='ltr'><strong>ERLEMBALDI</strong></span> <span class='ocrx_word' id='word_1_6' title='bbox 3617 257 3765 323; x_wconf 54' lang='lat'><strong>{380&#39;</strong></span> 
     </span>
    </p>
   </div>
   <div class='ocr_carea' id='block_1_3' title="bbox 477 379 3785 454">
    <p class='ocr_par' dir='ltr' id='par_1_3' title="bbox 477 379 3785 454">
     <span class='ocr_line' id='line_1_3' title="bbox 477 379 3785 454; baseline -0.002 -11"><span class='ocrx_word' id='word_1_7' title='bbox 477 388 597 445; x_wconf 74' lang='lat' dir='ltr'><strong>riter</strong></span> <span class='ocrx_word' id='word_1_8' title='bbox 623 389 887 446; x_wconf 75' lang='lat' dir='ltr'><strong>omnibus</strong></span> <span class='ocrx_word' id='word_1_9' title='bbox 916 387 1026 444; x_wconf 92' lang='lat' dir='ltr'><strong>dixi</strong></span> <span class='ocrx_word' id='word_1_10' title='bbox 1063 406 1076 443; x_wconf 93' lang='lat'><strong>:</strong></span> <span class='ocrx_word' id='word_1_11' title='bbox 1112 383 1316 453; x_wconf 86' lang='lat' dir='ltr'><strong>Videte,</strong></span> <span class='ocrx_word' id='word_1_12' title='bbox 1349 383 1595 454; x_wconf 78' lang='lat' dir='ltr'><strong>inquam,</strong></span> <span class='ocrx_word' id='word_1_13' title='bbox 1628 390 1689 436; x_wconf 81' lang='lat' dir='ltr'><strong>ut</strong></span> <span class='ocrx_word' id='word_1_14' title='bbox 1736 381 1827 438; x_wconf 93' lang='lat' dir='ltr'><strong>hic</strong></span> <span class='ocrx_word' id='word_1_15' title='bbox 1876 380 2060 451; x_wconf 80' lang='lat' dir='ltr'><strong>salvus</strong></span> <span class='ocrx_word' id='word_1_16' title='bbox 2089 394 2139 453; x_wconf 72' lang='grc' dir='ltr'><strong>Α</strong></span> <span class='ocrx_word' id='word_1_17' title='bbox 2166 381 2284 438; x_wconf 91' lang='lat' dir='ltr'><strong>nire</strong></span> <span class='ocrx_word' id='word_1_18' title='bbox 2320 381 2609 437; x_wconf 85' lang='lat' dir='ltr'><strong>hortentur</strong></span> <span class='ocrx_word' id='word_1_19' title='bbox 2631 395 2757 437; x_wconf 92' lang='lat' dir='ltr'><strong>cum</strong></span> <span class='ocrx_word' id='word_1_20' title='bbox 2798 379 3077 452; x_wconf 76' lang='lat' dir='ltr'><strong>plaustris,</strong></span> <span class='ocrx_word' id='word_1_21' title='bbox 3121 387 3393 452; x_wconf 74' lang='lat' dir='ltr'><strong>quatenus</strong></span> <span class='ocrx_word' id='word_1_22' title='bbox 3441 380 3521 437; x_wconf 83' lang='lat' dir='ltr'><strong>illi</strong></span> <span class='ocrx_word' id='word_1_23' title='bbox 3566 382 3727 439; x_wconf 82' lang='lat' dir='ltr'><strong>nobis</strong></span> <span class='ocrx_word' id='word_1_24' title='bbox 3778 382 3785 387; x_wconf 83' lang='grc'><em>’</em></span> 
     </span>
    </p>
   </div>
   <div class='ocr_carea' id='block_1_4' title="bbox 478 470 3757 549">
    <p class='ocr_par' dir='ltr' id='par_1_4' title="bbox 478 470 3757 549">
     <span class='ocr_line' id='line_1_4' title="bbox 478 470 3757 549; baseline -0.002 -14"><span class='ocrx_word' id='word_1_25' title='bbox 478 472 568 538; x_wconf 74' lang='lat' dir='ltr'><strong>sit.</strong></span> <span class='ocrx_word' id='word_1_26' title='bbox 599 475 741 548; x_wconf 85' lang='lat' dir='ltr'><strong>quia</strong></span> <span class='ocrx_word' id='word_1_27' title='bbox 783 479 886 536; x_wconf 87' lang='lat' dir='ltr'><strong>iste</strong></span> <span class='ocrx_word' id='word_1_28' title='bbox 913 487 997 534; x_wconf 92' lang='lat' dir='ltr'><strong>est</strong></span> <span class='ocrx_word' id='word_1_29' title='bbox 1041 477 1102 532; x_wconf 87' lang='grc' dir='ltr'><strong>Β.</strong></span> <span class='ocrx_word' id='word_1_30' title='bbox 1130 475 1619 543; x_wconf 84' lang='lat' dir='ltr'><strong>Arialdus,.quem</strong></span> <span class='ocrx_word' id='word_1_31' title='bbox 1667 480 1900 527; x_wconf 71' lang='lat' dir='ltr'><strong>maestus</strong></span> <span class='ocrx_word' id='word_1_32' title='bbox 1945 470 2070 526; x_wconf 88' lang='lat' dir='ltr'><strong>uni-</strong></span> <span class='ocrx_word' id='word_1_33' title='bbox 2172 489 2299 529; x_wconf 89' lang='lat' dir='ltr'><strong>cum</strong></span> <span class='ocrx_word' id='word_1_34' title='bbox 2363 482 2625 545; x_wconf 86' lang='lat' dir='ltr'><strong>pugnent,</strong></span> <span class='ocrx_word' id='word_1_35' title='bbox 2675 472 2767 527; x_wconf 90' lang='lat' dir='ltr'><strong>isti</strong></span> <span class='ocrx_word' id='word_1_36' title='bbox 2822 487 2952 528; x_wconf 88' lang='lat' dir='ltr'><strong>vero</strong></span> <span class='ocrx_word' id='word_1_37' title='bbox 3009 472 3219 549; x_wconf 26' lang='lat' dir='ltr'><strong>ucstra,</strong></span> <span class='ocrx_word' id='word_1_38' title='bbox 3259 488 3413 527; x_wconf 89' lang='lat' dir='ltr'><strong>arma</strong></span> <span class='ocrx_word' id='word_1_39' title='bbox 3473 481 3529 527; x_wconf 89' lang='lat' dir='ltr'><strong>et</strong></span> <span class='ocrx_word' id='word_1_40' title='bbox 3577 473 3757 529; x_wconf 81' lang='lat' dir='ltr'><strong>victus</strong></span> 
     </span>
    </p>
   </div>
   <div class='ocr_carea' id='block_1_5' title="bbox 479 559 3755 642">
    <p class='ocr_par' dir='ltr' id='par_1_5' title="bbox 479 559 3755 642">
     <span class='ocr_line' id='line_1_5' title="bbox 479 559 3755 642; baseline -0.001 -19"><span class='ocrx_word' id='word_1_41' title='bbox 479 583 681 628; x_wconf 76' lang='lat' dir='ltr'><strong>versus</strong></span> <span class='ocrx_word' id='word_1_42' title='bbox 717 570 1187 642; x_wconf 57' lang='lat' dir='ltr'><strong>quaerit-populus.</strong></span> <span class='ocrx_word' id='word_1_43' title='bbox 1214 567 1356 622; x_wconf 86' lang='lat' dir='ltr'><strong>Dum</strong></span> <span class='ocrx_word' id='word_1_44' title='bbox 1380 567 1526 621; x_wconf 86' lang='lat' dir='ltr'><strong>enim</strong></span> <span class='ocrx_word' id='word_1_45' title='bbox 1555 566 1631 621; x_wconf 85' lang='lat' dir='ltr'><strong>ibi</strong></span> <span class='ocrx_word' id='word_1_46' title='bbox 1674 565 2071 636; x_wconf 88' lang='lat' dir='ltr'><strong>aliquantulum</strong></span> <span class='ocrx_word' id='word_1_47' title='bbox 2172 566 2476 636; x_wconf 76' lang='lat' dir='ltr'><strong>deponent.</strong></span> <span class='ocrx_word' id='word_1_48' title='bbox 2503 565 2842 636; x_wconf 87' lang='lat' dir='ltr'><strong>Congregata</strong></span> <span class='ocrx_word' id='word_1_49' title='bbox 2874 565 3039 637; x_wconf 82' lang='lat' dir='ltr'><strong>igitur</strong></span> <span class='ocrx_word' id='word_1_50' title='bbox 3093 576 3217 635; x_wconf 92' lang='lat' dir='ltr'><strong>post</strong></span> <span class='ocrx_word' id='word_1_51' title='bbox 3263 559 3547 637; x_wconf 80' lang='lat' dir='ltr'><strong>paululum</strong></span> <span class='ocrx_word' id='word_1_52' title='bbox 3604 574 3755 620; x_wconf 77' lang='lat' dir='ltr'><strong>tanta</strong></span> 
     </span>
    </p>
   </div>
   <div class='ocr_carea' id='block_1_6' title="bbox 482 650 3759 729">
    <p class='ocr_par' dir='ltr' id='par_1_6' title="bbox 482 650 3759 729">
     <span class='ocr_line' id='line_1_6' title="bbox 482 650 3759 729; baseline -0.001 -14"><span class='ocrx_word' id='word_1_53' title='bbox 482 676 857 729; x_wconf 76' lang='lat' dir='ltr'><strong>moraremur,</strong></span> <span class='ocrx_word' id='word_1_54' title='bbox 890 662 1074 717; x_wconf 90' lang='lat' dir='ltr'><strong>subito</strong></span> <span class='ocrx_word' id='word_1_55' title='bbox 1100 661 1171 716; x_wconf 93' lang='lat' dir='ltr'><strong>de</strong></span> <span class='ocrx_word' id='word_1_56' title='bbox 1192 674 1317 715; x_wconf 79' lang='lat' dir='ltr'><strong>arce</strong></span> <span class='ocrx_word' id='word_1_57' title='bbox 1348 658 1532 713; x_wconf 77' lang='lat' dir='ltr'><strong>Arena</strong></span> <span class='ocrx_word' id='word_1_58' title='bbox 1579 656 1692 729; x_wconf 78' lang='lat'><strong>(50)</strong></span> <span class='ocrx_word' id='word_1_59' title='bbox 1746 658 1903 712; x_wconf 86' lang='lat' dir='ltr'><strong>missi</strong></span> <span class='ocrx_word' id='word_1_60' title='bbox 1944 666 2073 713; x_wconf 90' lang='lat' dir='ltr'><strong>sunt</strong></span> <span class='ocrx_word' id='word_1_61' title='bbox 2176 650 2306 715; x_wconf 72' lang='lat' dir='ltr'><strong>s&#39;unt</strong></span> <span class='ocrx_word' id='word_1_62' title='bbox 2339 673 2519 722; x_wconf 88' lang='lat' dir='ltr'><strong>carra.</strong></span> <span class='ocrx_word' id='word_1_63' title='bbox 2548 666 2608 713; x_wconf 89' lang='lat' dir='ltr'><strong>ut</strong></span> <span class='ocrx_word' id='word_1_64' title='bbox 2637 674 2733 729; x_wconf 89' lang='lat' dir='ltr'><strong>per</strong></span> <span class='ocrx_word' id='word_1_65' title='bbox 2761 666 2964 728; x_wconf 79' lang='lat' dir='ltr'><strong>septem</strong></span> <span class='ocrx_word' id='word_1_66' title='bbox 2992 656 3377 712; x_wconf 80' lang='lat' dir='ltr'><strong>fere&#39;milliaria</strong></span> <span class='ocrx_word' id='word_1_67' title='bbox 3429 658 3519 712; x_wconf 88' lang='lat' dir='ltr'><strong>vix</strong></span> <span class='ocrx_word' id='word_1_68' title='bbox 3570 668 3759 729; x_wconf 78' lang='lat' dir='ltr'><strong>posset</strong></span> 
     </span>
    </p>
   </div>
   <div class='ocr_carea' id='block_1_7' title="bbox 482 742 2076 826">
    <p class='ocr_par' dir='ltr' id='par_1_7' title="bbox 482 742 2076 826">
     <span class='ocr_line' id='line_1_7' title="bbox 482 742 2076 826; baseline -0.005 -15"><span class='ocrx_word' id='word_1_69' title='bbox 482 755 654 823; x_wconf 66' lang='lat' dir='ltr'><strong>servi,</strong></span> <span class='ocrx_word' id='word_1_70' title='bbox 686 754 781 826; x_wconf 87' lang='lat' dir='ltr'><strong>qui</strong></span> <span class='ocrx_word' id='word_1_71' title='bbox 809 744 934 809; x_wconf 81' lang='lat' dir='ltr'><strong>inde</strong></span> <span class='ocrx_word' id='word_1_72' title='bbox 960 768 1063 808; x_wconf 90' lang='lat' dir='ltr'><strong>nos</strong></span> <span class='ocrx_word' id='word_1_73' title='bbox 1084 752 1392 823; x_wconf 70' lang='lat' dir='ltr'><strong>eiecerunt;</strong></span> <span class='ocrx_word' id='word_1_74' title='bbox 1444 758 1499 805; x_wconf 92' lang='lat' dir='ltr'><strong>et</strong></span> <span class='ocrx_word' id='word_1_75' title='bbox 1524 749 1578 802; x_wconf 90' lang='lat' dir='ltr'><strong>in</strong></span> <span class='ocrx_word' id='word_1_76' title='bbox 1609 742 1926 818; x_wconf 83' lang='lat' dir='ltr'><strong>quamdam,</strong></span> <span class='ocrx_word' id='word_1_77' title='bbox 1951 742 2076 819; x_wconf 54' lang='lat' dir='ltr'><strong>quas</strong></span> 
     </span>
    </p>
   </div>
   <div class='ocr_carea' id='block_1_8' title="bbox 487 839 2075 921">
    <p class='ocr_par' dir='ltr' id='par_1_8' title="bbox 487 839 2075 921">
     <span class='ocr_line' id='line_1_8' title="bbox 487 839 2075 921; baseline -0.006 -19"><span class='ocrx_word' id='word_1_78' title='bbox 487 847 565 902; x_wconf 87' lang='lat' dir='ltr'><strong>ibi</strong></span> <span class='ocrx_word' id='word_1_79' title='bbox 591 854 727 914; x_wconf 90' lang='lat' dir='ltr'><strong>erat,</strong></span> <span class='ocrx_word' id='word_1_80' title='bbox 746 845 959 901; x_wconf 78' lang='lat' dir='ltr'><strong>foveam</strong></span> <span class='ocrx_word' id='word_1_81' title='bbox 983 845 1176 921; x_wconf 84' lang='lat' dir='ltr'><strong>leniter</strong></span> <span class='ocrx_word' id='word_1_82' title='bbox 1204 843 1522 898; x_wconf 87' lang='lat' dir='ltr'><strong>humavere.</strong></span> <span class='ocrx_word' id='word_1_83' title='bbox 1570 839 1684 895; x_wconf 82' lang='lat' dir='ltr'><strong>Hoc</strong></span> <span class='ocrx_word' id='word_1_84' title='bbox 1712 855 1811 911; x_wconf 90' lang='lat' dir='ltr'><strong>ego</strong></span> <span class='ocrx_word' id='word_1_85' title='bbox 1833 840 1929 910; x_wconf 90' lang='lat' dir='ltr'><strong>qui</strong></span> <span class='ocrx_word' id='word_1_86' title='bbox 1956 839 2075 894; x_wconf 65' lang='lat' dir='ltr'><strong>haec</strong></span> 
     </span>
    </p>
   </div>
   <div class='ocr_carea' id='block_1_9' title="bbox 489 930 2091 1013">
    <p class='ocr_par' dir='ltr' id='par_1_9' title="bbox 489 930 2091 1013">
     <span class='ocr_line' id='line_1_9' title="bbox 489 930 2091 1013; baseline -0.007 -17"><span class='ocrx_word' id='word_1_87' title='bbox 489 939 709 1010; x_wconf 84' lang='lat' dir='ltr'><strong>scripsi,</strong></span> <span class='ocrx_word' id='word_1_88' title='bbox 734 940 863 994; x_wconf 89' lang='lat' dir='ltr'><strong>dum</strong></span> <span class='ocrx_word' id='word_1_89' title='bbox 893 936 1191 1004; x_wconf 84' lang='lat' dir='ltr'><strong>audissem,</strong></span> <span class='ocrx_word' id='word_1_90' title='bbox 1217 943 1435 1004; x_wconf 83' lang='lat' dir='ltr'><strong>sumpto</strong></span> <span class='ocrx_word' id='word_1_91' title='bbox 1461 934 1680 1000; x_wconf 81' lang='lat' dir='ltr'><strong>comite,</strong></span> <span class='ocrx_word' id='word_1_92' title='bbox 1705 932 1834 987; x_wconf 88' lang='lat' dir='ltr'><strong>illuc</strong></span> <span class='ocrx_word' id='word_1_93' title='bbox 1859 930 2091 1013; x_wconf 18' lang='lat' dir='ltr'><strong>perrexi.</strong></span> 
     </span>
    </p>
   </div>
   <div class='ocr_carea' id='block_1_10' title="bbox 488 1029 2075 1100">
    <p class='ocr_par' dir='ltr' id='par_1_10' title="bbox 488 1029 2075 1100">
     <span class='ocr_line' id='line_1_10' title="bbox 488 1029 2075 1100; baseline -0.006 -14"><span class='ocrx_word' id='word_1_94' title='bbox 488 1032 721 1087; x_wconf 88' lang='lat' dir='ltr'><strong>concite.</strong></span> <span class='ocrx_word' id='word_1_95' title='bbox 762 1029 1136 1100; x_wconf 84' lang='lat' dir='ltr'><strong>Repertosque</strong></span> <span class='ocrx_word' id='word_1_96' title='bbox 1188 1036 1469 1098; x_wconf 87' lang='lat' dir='ltr'><strong>pastores,</strong></span> <span class='ocrx_word' id='word_1_97' title='bbox 1524 1034 1711 1080; x_wconf 90' lang='lat' dir='ltr'><strong>utrum</strong></span> <span class='ocrx_word' id='word_1_98' title='bbox 1766 1040 1895 1078; x_wconf 89' lang='lat' dir='ltr'><strong>nam</strong></span> <span class='ocrx_word' id='word_1_99' title='bbox 1946 1038 2075 1078; x_wconf 87' lang='lat' dir='ltr'><strong>vera</strong></span> 
     </span>
    </p>
   </div>
   <div class='ocr_carea' id='block_1_11' title="bbox 489 1114 2070 1191">
    <p class='ocr_par' dir='ltr' id='par_1_11' title="bbox 489 1114 2070 1191">
     <span class='ocr_line' id='line_1_11' title="bbox 489 1114 2070 1191; baseline -0.005 -14"><span class='ocrx_word' id='word_1_100' title='bbox 489 1122 675 1177; x_wconf 73' lang='lat' dir='ltr'><strong>essent</strong></span> <span class='ocrx_word' id='word_1_101' title='bbox 695 1137 816 1191; x_wconf 70' lang='lat' dir='ltr'><strong>qum</strong></span> <span class='ocrx_word' id='word_1_102' title='bbox 839 1121 1139 1186; x_wconf 86' lang='lat' dir='ltr'><strong>audieram,</strong></span> <span class='ocrx_word' id='word_1_103' title='bbox 1168 1120 1453 1190; x_wconf 77' lang='lat' dir='ltr'><strong>diligenter</strong></span> <span class='ocrx_word' id='word_1_104' title='bbox 1487 1126 1754 1188; x_wconf 87' lang='lat' dir='ltr'><strong>cauteque</strong></span> <span class='ocrx_word' id='word_1_105' title='bbox 1789 1114 2070 1185; x_wconf 89' lang='lat' dir='ltr'><strong>inquisivi.</strong></span> 
     </span>
    </p>
   </div>
   <div class='ocr_carea' id='block_1_12' title="bbox 494 1207 2075 1283">
    <p class='ocr_par' dir='ltr' id='par_1_12' title="bbox 494 1207 2075 1283">
     <span class='ocr_line' id='line_1_12' title="bbox 494 1207 2075 1283; baseline -0.004 -15"><span class='ocrx_word' id='word_1_106' title='bbox 494 1213 620 1280; x_wconf 85' lang='lat' dir='ltr'><strong>Qui,</strong></span> <span class='ocrx_word' id='word_1_107' title='bbox 648 1220 846 1268; x_wconf 90' lang='lat' dir='ltr'><strong>cuncta</strong></span> <span class='ocrx_word' id='word_1_108' title='bbox 874 1228 996 1267; x_wconf 89' lang='lat' dir='ltr'><strong>esse</strong></span> <span class='ocrx_word' id='word_1_109' title='bbox 1029 1212 1220 1283; x_wconf 85' lang='lat' dir='ltr'><strong>procul</strong></span> <span class='ocrx_word' id='word_1_110' title='bbox 1266 1209 1434 1266; x_wconf 91' lang='lat' dir='ltr'><strong>dubio</strong></span> <span class='ocrx_word' id='word_1_111' title='bbox 1488 1225 1638 1277; x_wconf 90' lang='lat' dir='ltr'><strong>vera,</strong></span> <span class='ocrx_word' id='word_1_112' title='bbox 1681 1207 2075 1278; x_wconf 85' lang='lat' dir='ltr'><strong>respondentes</strong></span> 
     </span>
    </p>
   </div>
   <div class='ocr_carea' id='block_1_13' title="bbox 496 1298 2076 1374">
    <p class='ocr_par' dir='ltr' id='par_1_13' title="bbox 496 1298 2076 1374">
     <span class='ocr_line' id='line_1_13' title="bbox 496 1298 2076 1374; baseline -0.004 -15"><span class='ocrx_word' id='word_1_113' title='bbox 496 1312 870 1360; x_wconf 84' lang='lat' dir='ltr'><strong>asseruerunt.</strong></span> <span class='ocrx_word' id='word_1_114' title='bbox 896 1303 963 1359; x_wconf 88' lang='lat' dir='ltr'><strong>Et</strong></span> <span class='ocrx_word' id='word_1_115' title='bbox 992 1314 1135 1374; x_wconf 83' lang='lat' dir='ltr'><strong>ego:</strong></span> <span class='ocrx_word' id='word_1_116' title='bbox 1175 1302 1233 1357; x_wconf 88' lang='lat' dir='ltr'><strong>Si</strong></span> <span class='ocrx_word' id='word_1_117' title='bbox 1287 1317 1417 1357; x_wconf 91' lang='lat' dir='ltr'><strong>vera</strong></span> <span class='ocrx_word' id='word_1_118' title='bbox 1465 1309 1613 1369; x_wconf 90' lang='lat' dir='ltr'><strong>sunt,</strong></span> <span class='ocrx_word' id='word_1_119' title='bbox 1667 1300 1889 1370; x_wconf 91' lang='lat' dir='ltr'><strong>inquam</strong></span> <span class='ocrx_word' id='word_1_120' title='bbox 1918 1340 1933 1365; x_wconf 92' lang='lat'><strong>,</strong></span> <span class='ocrx_word' id='word_1_121' title='bbox 1983 1298 2076 1354; x_wconf 92' lang='lat' dir='ltr'><strong>ubi</strong></span> 
     </span>
    </p>
   </div>
   <div class='ocr_carea' id='block_1_14' title="bbox 497 1388 2077 1467">
    <p class='ocr_par' dir='ltr' id='par_1_14' title="bbox 497 1388 2077 1467">
     <span class='ocr_line' id='line_1_14' title="bbox 497 1388 2077 1467; baseline -0.005 -16"><span class='ocrx_word' id='word_1_122' title='bbox 497 1411 629 1467; x_wconf 87' lang='lat' dir='ltr'><strong>ergo</strong></span> <span class='ocrx_word' id='word_1_123' title='bbox 656 1403 739 1451; x_wconf 90' lang='lat' dir='ltr'><strong>est</strong></span> <span class='ocrx_word' id='word_1_124' title='bbox 774 1395 899 1450; x_wconf 82' lang='lat' dir='ltr'><strong>ille?</strong></span> <span class='ocrx_word' id='word_1_125' title='bbox 951 1395 1020 1449; x_wconf 74' lang='lat' dir='ltr'><strong>At</strong></span> <span class='ocrx_word' id='word_1_126' title='bbox 1051 1394 1127 1447; x_wconf 86' lang='lat' dir='ltr'><strong>illi</strong></span> <span class='ocrx_word' id='word_1_127' title='bbox 1174 1408 1187 1448; x_wconf 89' lang='lat'>:</span> <span class='ocrx_word' id='word_1_128' title='bbox 1243 1393 1401 1461; x_wconf 87' lang='lat' dir='ltr'><strong>Ecce,</strong></span> <span class='ocrx_word' id='word_1_129' title='bbox 1449 1391 1721 1463; x_wconf 88' lang='lat' dir='ltr'><strong>inquiunt,</strong></span> <span class='ocrx_word' id='word_1_130' title='bbox 1765 1392 1949 1456; x_wconf 89' lang='lat' dir='ltr'><strong>locus,</strong></span> <span class='ocrx_word' id='word_1_131' title='bbox 1984 1388 2077 1444; x_wconf 86' lang='lat' dir='ltr'><strong>ubi</strong></span> 
     </span>
    </p>
   </div>
   <div class='ocr_carea' id='block_1_15' title="bbox 492 1485 2075 1556">
    <p class='ocr_par' dir='ltr' id='par_1_15' title="bbox 492 1485 2075 1556">
     <span class='ocr_line' id='line_1_15' title="bbox 492 1485 2075 1556; baseline -0.003 -16"><span class='ocrx_word' id='word_1_132' title='bbox 492 1487 803 1542; x_wconf 79' lang='lat' dir='ltr'><strong>videntibus</strong></span> <span class='ocrx_word' id='word_1_133' title='bbox 838 1501 962 1542; x_wconf 87' lang='lat' dir='ltr'><strong>sero</strong></span> <span class='ocrx_word' id='word_1_134' title='bbox 989 1492 1070 1541; x_wconf 89' lang='lat' dir='ltr'><strong>est</strong></span> <span class='ocrx_word' id='word_1_135' title='bbox 1098 1485 1309 1556; x_wconf 89' lang='lat' dir='ltr'><strong>positus</strong></span> <span class='ocrx_word' id='word_1_136' title='bbox 1338 1503 1351 1539; x_wconf 90' lang='lat'><strong>:</strong></span> <span class='ocrx_word' id='word_1_137' title='bbox 1387 1498 1548 1539; x_wconf 90' lang='lat' dir='ltr'><strong>mane</strong></span> <span class='ocrx_word' id='word_1_138' title='bbox 1568 1497 1696 1538; x_wconf 89' lang='lat' dir='ltr'><strong>vero</strong></span> <span class='ocrx_word' id='word_1_139' title='bbox 1723 1490 2075 1547; x_wconf 79' lang='lat' dir='ltr'><strong>revertentes,</strong></span> 
     </span>
    </p>
   </div>
   <div class='ocr_carea' id='block_1_16' title="bbox 492 1569 2080 1647">
    <p class='ocr_par' dir='ltr' id='par_1_16' title="bbox 492 1569 2080 1647">
     <span class='ocr_line' id='line_1_16' title="bbox 492 1569 2080 1647; baseline -0.003 -16"><span class='ocrx_word' id='word_1_140' title='bbox 492 1578 675 1633; x_wconf 90' lang='lat' dir='ltr'><strong>locum</strong></span> <span class='ocrx_word' id='word_1_141' title='bbox 705 1578 926 1647; x_wconf 89' lang='lat' dir='ltr'><strong>quidem</strong></span> <span class='ocrx_word' id='word_1_142' title='bbox 948 1576 1292 1641; x_wconf 82' lang='lat' dir='ltr'><strong>invenimus;</strong></span> <span class='ocrx_word' id='word_1_143' title='bbox 1339 1575 1406 1629; x_wconf 89' lang='lat' dir='ltr'><strong>de</strong></span> <span class='ocrx_word' id='word_1_144' title='bbox 1445 1588 1512 1629; x_wconf 92' lang='lat' dir='ltr'><strong>eo</strong></span> <span class='ocrx_word' id='word_1_145' title='bbox 1549 1581 1731 1628; x_wconf 88' lang='lat' dir='ltr'><strong>autem</strong></span> <span class='ocrx_word' id='word_1_146' title='bbox 1773 1572 1929 1626; x_wconf 86' lang='lat' dir='ltr'><strong>nihil.</strong></span> <span class='ocrx_word' id='word_1_147' title='bbox 1963 1569 2080 1626; x_wconf 84' lang='lat' dir='ltr'><strong>Hoc</strong></span> 
     </span>
    </p>
   </div>
   <div class='ocr_carea' id='block_1_17' title="bbox 496 1661 2080 1739">
    <p class='ocr_par' dir='ltr' id='par_1_17' title="bbox 496 1661 2080 1739">
     <span class='ocr_line' id='line_1_17' title="bbox 496 1661 2080 1739; baseline -0.006 -15"><span class='ocrx_word' id='word_1_148' title='bbox 496 1678 707 1724; x_wconf 89' lang='lat' dir='ltr'><strong>tantum</strong></span> <span class='ocrx_word' id='word_1_149' title='bbox 736 1677 992 1739; x_wconf 87' lang='lat' dir='ltr'><strong>putamus</strong></span> <span class='ocrx_word' id='word_1_150' title='bbox 1014 1668 1159 1739; x_wconf 87' lang='lat' dir='ltr'><strong>quod</strong></span> <span class='ocrx_word' id='word_1_151' title='bbox 1183 1674 1339 1721; x_wconf 87' lang='lat' dir='ltr'><strong>nocte</strong></span> <span class='ocrx_word' id='word_1_152' title='bbox 1375 1680 1595 1721; x_wconf 87' lang='lat' dir='ltr'><strong>sursum</strong></span> <span class='ocrx_word' id='word_1_153' title='bbox 1637 1665 1849 1720; x_wconf 86' lang='lat' dir='ltr'><strong>delatus</strong></span> <span class='ocrx_word' id='word_1_154' title='bbox 1895 1663 1967 1717; x_wconf 87' lang='lat' dir='ltr'><strong>sit</strong></span> <span class='ocrx_word' id='word_1_155' title='bbox 2021 1661 2080 1716; x_wconf 91' lang='lat' dir='ltr'><strong>in</strong></span> 
     </span>
    </p>
   </div>
   <div class='ocr_carea' id='block_1_18' title="bbox 497 1772 1907 1817">
    <p class='ocr_par' dir='ltr' id='par_1_18' title="bbox 497 1772 1907 1817">
     <span class='ocr_line' id='line_1_18' title="bbox 497 1772 1907 1817; baseline -0.009 -2"><span class='ocrx_word' id='word_1_156' title='bbox 497 1776 679 1817; x_wconf 87' lang='lat' dir='ltr'><strong>arcem</strong></span> <span class='ocrx_word' id='word_1_157' title='bbox 688 1800 701 1814; x_wconf 87' lang='lat'><strong>.</strong></span> <span class='ocrx_word' id='word_1_158' title='bbox 1904 1772 1907 1775; x_wconf 91' lang='lat'>&#39;</span> 
     </span>
    </p>
   </div>
   <div class='ocr_carea' id='block_1_19' title="bbox 510 1846 2079 1914">
    <p class='ocr_par' dir='ltr' id='par_1_19' title="bbox 510 1846 2079 1914">
     <span class='ocr_line' id='line_1_19' title="bbox 510 1846 2079 1914; baseline -0.004 -9"><span class='ocrx_word' id='word_1_159' title='bbox 510 1853 514 1856; x_wconf 79' lang='grc'><strong>’</strong></span> <span class='ocrx_word' id='word_1_160' title='bbox 568 1852 653 1906; x_wconf 73' lang='grc'><strong>74.</strong></span> <span class='ocrx_word' id='word_1_161' title='bbox 696 1850 791 1907; x_wconf 83' lang='lat' dir='ltr'><strong>His</strong></span> <span class='ocrx_word' id='word_1_162' title='bbox 836 1850 1037 1906; x_wconf 86' lang='lat' dir='ltr'><strong>auditis</strong></span> <span class='ocrx_word' id='word_1_163' title='bbox 1082 1848 1343 1905; x_wconf 78' lang='lat' dir='ltr'><strong>velociter</strong></span> <span class='ocrx_word' id='word_1_164' title='bbox 1386 1863 1660 1914; x_wconf 80' lang='lat' dir='ltr'><strong>reversus,</strong></span> <span class='ocrx_word' id='word_1_165' title='bbox 1684 1846 2079 1913; x_wconf 85' lang='lat' dir='ltr'><strong>Herlembaldo,</strong></span> 
     </span>
    </p>
   </div>
   <div class='ocr_carea' id='block_1_20' title="bbox 498 1938 2080 2014">
    <p class='ocr_par' dir='ltr' id='par_1_20' title="bbox 498 1938 2080 2014">
     <span class='ocr_line' id='line_1_20' title="bbox 498 1938 2080 2014; baseline -0.004 -17"><span class='ocrx_word' id='word_1_166' title='bbox 498 1948 618 1998; x_wconf 91' lang='lat' dir='ltr'><strong>viro</strong></span> <span class='ocrx_word' id='word_1_167' title='bbox 641 1943 916 2014; x_wconf 85' lang='lat' dir='ltr'><strong>prudenti,</strong></span> <span class='ocrx_word' id='word_1_168' title='bbox 943 1956 1284 2012; x_wconf 59' lang='lat' dir='ltr'><strong>quascunque</strong></span> <span class='ocrx_word' id='word_1_169' title='bbox 1335 1941 1638 2007; x_wconf 87' lang='lat' dir='ltr'><strong>audieram,</strong></span> <span class='ocrx_word' id='word_1_170' title='bbox 1686 1956 1781 2009; x_wconf 86' lang='lat' dir='ltr'><strong>per</strong></span> <span class='ocrx_word' id='word_1_171' title='bbox 1833 1938 2080 1993; x_wconf 88' lang='lat' dir='ltr'><strong>ordinem</strong></span> 
     </span>
    </p>
   </div>
   <div class='ocr_carea' id='block_1_21' title="bbox 498 2016 2080 2101">
    <p class='ocr_par' dir='ltr' id='par_1_21' title="bbox 498 2016 2080 2101">
     <span class='ocr_line' id='line_1_21' title="bbox 498 2016 2080 2101; baseline -0.004 -9"><span class='ocrx_word' id='word_1_172' title='bbox 498 2045 695 2092; x_wconf 88' lang='lat' dir='ltr'><strong>cuncta</strong></span> <span class='ocrx_word' id='word_1_173' title='bbox 717 2036 954 2090; x_wconf 88' lang='lat' dir='ltr'><strong>narravi.</strong></span> <span class='ocrx_word' id='word_1_174' title='bbox 986 2034 1091 2101; x_wconf 87' lang='lat' dir='ltr'><strong>Qui</strong></span> <span class='ocrx_word' id='word_1_175' title='bbox 1126 2032 1323 2090; x_wconf 79' lang='lat' dir='ltr'><strong>festiue</strong></span> <span class='ocrx_word' id='word_1_176' title='bbox 1344 2035 1606 2089; x_wconf 82' lang='lat' dir='ltr'><strong>omnibus</strong></span> <span class='ocrx_word' id='word_1_177' title='bbox 1635 2016 1949 2101; x_wconf 61' lang='lat' dir='ltr'><strong>convocatis</strong></span> <span class='ocrx_word' id='word_1_178' title='bbox 1998 2032 2080 2087; x_wconf 90' lang='lat' dir='ltr'><strong>ci-</strong></span> 
     </span>
    </p>
   </div>
   <div class='ocr_carea' id='block_1_22' title="bbox 500 2124 2080 2198">
    <p class='ocr_par' dir='ltr' id='par_1_22' title="bbox 500 2124 2080 2198">
     <span class='ocr_line' id='line_1_22' title="bbox 500 2124 2080 2198; baseline -0.003 -15"><span class='ocrx_word' id='word_1_179' title='bbox 500 2127 682 2193; x_wconf 86' lang='lat' dir='ltr'><strong>vibus,</strong></span> <span class='ocrx_word' id='word_1_180' title='bbox 707 2128 821 2197; x_wconf 88' lang='lat' dir='ltr'><strong>jam</strong></span> <span class='ocrx_word' id='word_1_181' title='bbox 849 2127 905 2181; x_wconf 89' lang='lat' dir='ltr'><strong>in</strong></span> <span class='ocrx_word' id='word_1_182' title='bbox 930 2127 1173 2198; x_wconf 87' lang='lat' dir='ltr'><strong>appetitu</strong></span> <span class='ocrx_word' id='word_1_183' title='bbox 1220 2127 1497 2197; x_wconf 86' lang='lat' dir='ltr'><strong>martyris,</strong></span> <span class='ocrx_word' id='word_1_184' title='bbox 1536 2141 1701 2196; x_wconf 88' lang='lat' dir='ltr'><strong>quem</strong></span> <span class='ocrx_word' id='word_1_185' title='bbox 1751 2124 2080 2196; x_wconf 79' lang='lat' dir='ltr'><strong>patefactum</strong></span> 
     </span>
    </p>
   </div>
   <div class='ocr_carea' id='block_1_23' title="bbox 502 2217 2084 2284">
    <p class='ocr_par' dir='ltr' id='par_1_23' title="bbox 502 2217 2084 2284">
     <span class='ocr_line' id='line_1_23' title="bbox 502 2217 2084 2284; baseline -0.001 -12"><span class='ocrx_word' id='word_1_186' title='bbox 502 2219 1192 2284; x_wconf 81' lang='lat' dir='ltr'><strong>audierant,veliementer</strong></span> <span class='ocrx_word' id='word_1_187' title='bbox 1244 2217 1622 2284; x_wconf 86' lang='lat' dir='ltr'><strong>inhiantibus;</strong></span> <span class='ocrx_word' id='word_1_188' title='bbox 1669 2232 1729 2272; x_wconf 76' lang='lat' dir='ltr'><strong>ex</strong></span> <span class='ocrx_word' id='word_1_189' title='bbox 1788 2217 1894 2272; x_wconf 90' lang='lat' dir='ltr'><strong>illis</strong></span> <span class='ocrx_word' id='word_1_190' title='bbox 1938 2217 2084 2271; x_wconf 88' lang='lat' dir='ltr'><strong>viros</strong></span> 
     </span>
    </p>
   </div>
   <div class='ocr_carea' id='block_1_24' title="bbox 501 2306 2084 2380">
    <p class='ocr_par' dir='ltr' id='par_1_24' title="bbox 501 2306 2084 2380">
     <span class='ocr_line' id='line_1_24' title="bbox 501 2306 2084 2380; baseline -0.003 -16"><span class='ocrx_word' id='word_1_191' title='bbox 501 2310 683 2380; x_wconf 85' lang='lat' dir='ltr'><strong>elegit,</strong></span> <span class='ocrx_word' id='word_1_192' title='bbox 716 2318 877 2380; x_wconf 86' lang='lat' dir='ltr'><strong>atque</strong></span> <span class='ocrx_word' id='word_1_193' title='bbox 916 2309 980 2364; x_wconf 91' lang='lat' dir='ltr'><strong>ad</strong></span> <span class='ocrx_word' id='word_1_194' title='bbox 1028 2317 1280 2365; x_wconf 86' lang='lat' dir='ltr'><strong>sanctum</strong></span> <span class='ocrx_word' id='word_1_195' title='bbox 1328 2308 1717 2377; x_wconf 87' lang='lat' dir='ltr'><strong>requirendum</strong></span> <span class='ocrx_word' id='word_1_196' title='bbox 1759 2322 1958 2376; x_wconf 89' lang='lat' dir='ltr'><strong>corpus</strong></span> <span class='ocrx_word' id='word_1_197' title='bbox 1997 2306 2084 2361; x_wconf 91' lang='lat' dir='ltr'><strong>di-</strong></span> 
     </span>
    </p>
   </div>
   <div class='ocr_carea' id='block_1_25' title="bbox 507 2397 2087 2470">
    <p class='ocr_par' dir='ltr' id='par_1_25' title="bbox 507 2397 2087 2470">
     <span class='ocr_line' id='line_1_25' title="bbox 507 2397 2087 2470; baseline -0.003 -13"><span class='ocrx_word' id='word_1_198' title='bbox 507 2401 666 2457; x_wconf 80' lang='lat' dir='ltr'><strong>rexit.</strong></span> <span class='ocrx_word' id='word_1_199' title='bbox 700 2399 803 2467; x_wconf 84' lang='lat' dir='ltr'><strong>Qui</strong></span> <span class='ocrx_word' id='word_1_200' title='bbox 833 2409 955 2470; x_wconf 87' lang='lat' dir='ltr'><strong>post</strong></span> <span class='ocrx_word' id='word_1_201' title='bbox 980 2400 1202 2454; x_wconf 79' lang='lat' dir='ltr'><strong>biduum</strong></span> <span class='ocrx_word' id='word_1_202' title='bbox 1228 2398 1462 2463; x_wconf 90' lang='lat' dir='ltr'><strong>reversi,</strong></span> <span class='ocrx_word' id='word_1_203' title='bbox 1486 2397 1719 2468; x_wconf 79' lang='lat' dir='ltr'><strong>professi</strong></span> <span class='ocrx_word' id='word_1_204' title='bbox 1750 2406 1876 2452; x_wconf 90' lang='lat' dir='ltr'><strong>sunt</strong></span> <span class='ocrx_word' id='word_1_205' title='bbox 1900 2398 2087 2453; x_wconf 86' lang='lat' dir='ltr'><strong>hostes</strong></span> 
     </span>
    </p>
   </div>
   <div class='ocr_carea' id='block_1_26' title="bbox 507 2489 2105 2561">
    <p class='ocr_par' dir='ltr' id='par_1_26' title="bbox 507 2489 2105 2561">
     <span class='ocr_line' id='line_1_26' title="bbox 507 2489 2105 2561; baseline -0.001 -16"><span class='ocrx_word' id='word_1_206' title='bbox 507 2491 753 2547; x_wconf 86' lang='lat' dir='ltr'><strong>veritatis</strong></span> <span class='ocrx_word' id='word_1_207' title='bbox 779 2491 982 2546; x_wconf 83' lang='lat' dir='ltr'><strong>dixisse</strong></span> <span class='ocrx_word' id='word_1_208' title='bbox 1021 2509 1035 2544; x_wconf 86' lang='lat'><strong>:</strong></span> <span class='ocrx_word' id='word_1_209' title='bbox 1069 2490 1206 2544; x_wconf 79' lang='lat' dir='ltr'><strong>Mori</strong></span> <span class='ocrx_word' id='word_1_210' title='bbox 1234 2490 1418 2561; x_wconf 86' lang='lat' dir='ltr'><strong>potius</strong></span> <span class='ocrx_word' id='word_1_211' title='bbox 1468 2489 1643 2559; x_wconf 80' lang='lat' dir='ltr'><strong>parati</strong></span> <span class='ocrx_word' id='word_1_212' title='bbox 1690 2504 1882 2543; x_wconf 89' lang='lat' dir='ltr'><strong>sumus</strong></span> <span class='ocrx_word' id='word_1_213' title='bbox 1922 2504 2105 2560; x_wconf 81' lang='lat' dir='ltr'><strong>quam</strong></span> 
     </span>
    </p>
   </div>
   <div class='ocr_carea' id='block_1_27' title="bbox 509 2579 2089 2654">
    <p class='ocr_par' dir='ltr' id='par_1_27' title="bbox 509 2579 2089 2654">
     <span class='ocr_line' id='line_1_27' title="bbox 509 2579 2089 2654; baseline -0.003 -16"><span class='ocrx_word' id='word_1_214' title='bbox 509 2582 655 2654; x_wconf 90' lang='lat' dir='ltr'><strong>quod</strong></span> <span class='ocrx_word' id='word_1_215' title='bbox 690 2582 934 2652; x_wconf 84' lang='lat' dir='ltr'><strong>quaeritis</strong></span> <span class='ocrx_word' id='word_1_216' title='bbox 959 2583 1184 2637; x_wconf 87' lang='lat' dir='ltr'><strong>reddere</strong></span> <span class='ocrx_word' id='word_1_217' title='bbox 1214 2597 1434 2652; x_wconf 90' lang='lat' dir='ltr'><strong>corpus.</strong></span> <span class='ocrx_word' id='word_1_218' title='bbox 1461 2579 1575 2635; x_wconf 84' lang='lat' dir='ltr'><strong>Hoc</strong></span> <span class='ocrx_word' id='word_1_219' title='bbox 1601 2589 1783 2651; x_wconf 88' lang='lat' dir='ltr'><strong>autem</strong></span> <span class='ocrx_word' id='word_1_220' title='bbox 1834 2580 1956 2635; x_wconf 91' lang='lat' dir='ltr'><strong>ideo</strong></span> <span class='ocrx_word' id='word_1_221' title='bbox 2006 2581 2089 2634; x_wconf 87' lang='lat' dir='ltr'><strong>di-</strong></span> 
     </span>
    </p>
   </div>
   <div class='ocr_carea' id='block_1_28' title="bbox 507 2671 2091 2745">
    <p class='ocr_par' dir='ltr' id='par_1_28' title="bbox 507 2671 2091 2745">
     <span class='ocr_line' id='line_1_28' title="bbox 507 2671 2091 2745; baseline -0.002 -15"><span class='ocrx_word' id='word_1_222' title='bbox 507 2676 702 2730; x_wconf 83' lang='lat' dir='ltr'><strong>cebant</strong></span> <span class='ocrx_word' id='word_1_223' title='bbox 730 2675 859 2745; x_wconf 90' lang='lat' dir='ltr'><strong>quia</strong></span> <span class='ocrx_word' id='word_1_224' title='bbox 889 2673 1033 2728; x_wconf 91' lang='lat' dir='ltr'><strong>idem</strong></span> <span class='ocrx_word' id='word_1_225' title='bbox 1076 2674 1341 2744; x_wconf 88' lang='lat' dir='ltr'><strong>dissipare</strong></span> <span class='ocrx_word' id='word_1_226' title='bbox 1388 2679 1684 2728; x_wconf 86' lang='lat' dir='ltr'><strong>tentarant.</strong></span> <span class='ocrx_word' id='word_1_227' title='bbox 1747 2671 1883 2727; x_wconf 89' lang='lat' dir='ltr'><strong>Nam</strong></span> <span class='ocrx_word' id='word_1_228' title='bbox 1932 2681 2091 2727; x_wconf 87' lang='lat' dir='ltr'><strong>nocte</strong></span> 
     </span>
    </p>
   </div>
   <div class='ocr_carea' id='block_1_29' title="bbox 507 2763 2092 2836">
    <p class='ocr_par' dir='ltr' id='par_1_29' title="bbox 507 2763 2092 2836">
     <span class='ocr_line' id='line_1_29' title="bbox 507 2763 2092 2836; baseline -0.001 -16"><span class='ocrx_word' id='word_1_229' title='bbox 507 2781 617 2836; x_wconf 88' lang='lat' dir='ltr'><strong>qua</strong></span> <span class='ocrx_word' id='word_1_230' title='bbox 649 2766 716 2821; x_wconf 90' lang='lat' dir='ltr'><strong>ad</strong></span> <span class='ocrx_word' id='word_1_231' title='bbox 744 2780 801 2820; x_wconf 89' lang='lat' dir='ltr'><strong>se</strong></span> <span class='ocrx_word' id='word_1_232' title='bbox 837 2765 971 2819; x_wconf 88' lang='lat' dir='ltr'><strong>illud</strong></span> <span class='ocrx_word' id='word_1_233' title='bbox 1004 2766 1329 2832; x_wconf 88' lang='lat' dir='ltr'><strong>detulerant,</strong></span> <span class='ocrx_word' id='word_1_234' title='bbox 1358 2772 1648 2820; x_wconf 81' lang='lat' dir='ltr'><strong>cernentes</strong></span> <span class='ocrx_word' id='word_1_235' title='bbox 1695 2763 1815 2833; x_wconf 82' lang='lat' dir='ltr'><strong>ejus</strong></span> <span class='ocrx_word' id='word_1_236' title='bbox 1869 2764 2092 2835; x_wconf 82' lang='lat' dir='ltr'><strong>integri-</strong></span> 
     </span>
    </p>
   </div>
   <div class='ocr_carea' id='block_1_30' title="bbox 506 2854 2096 2921">
    <p class='ocr_par' dir='ltr' id='par_1_30' title="bbox 506 2854 2096 2921">
     <span class='ocr_line' id='line_1_30' title="bbox 506 2854 2096 2921; baseline 0.001 -11"><span class='ocrx_word' id='word_1_237' title='bbox 506 2862 673 2911; x_wconf 66' lang='lat' dir='ltr'><strong>tatem</strong></span> <span class='ocrx_word' id='word_1_238' title='bbox 699 2862 753 2910; x_wconf 88' lang='lat' dir='ltr'><strong>et</strong></span> <span class='ocrx_word' id='word_1_239' title='bbox 772 2855 1252 2921; x_wconf 81' lang='lat' dir='ltr'><strong>decorem,dixerc</strong></span> <span class='ocrx_word' id='word_1_240' title='bbox 1293 2857 1359 2910; x_wconf 92' lang='lat' dir='ltr'><strong>ad</strong></span> <span class='ocrx_word' id='word_1_241' title='bbox 1395 2855 1668 2910; x_wconf 86' lang='lat' dir='ltr'><strong>invicem:</strong></span> <span class='ocrx_word' id='word_1_242' title='bbox 1715 2854 1774 2909; x_wconf 90' lang='lat' dir='ltr'><strong>Si</strong></span> <span class='ocrx_word' id='word_1_243' title='bbox 1813 2856 1959 2911; x_wconf 89' lang='lat' dir='ltr'><strong>enim</strong></span> <span class='ocrx_word' id='word_1_244' title='bbox 2004 2858 2096 2913; x_wconf 90' lang='lat' dir='ltr'><strong>hic</strong></span> 
     </span>
    </p>
   </div>
   <div class='ocr_carea' id='block_1_31' title="bbox 512 2946 2093 3018">
    <p class='ocr_par' dir='ltr' id='par_1_31' title="bbox 512 2946 2093 3018">
     <span class='ocr_line' id='line_1_31' title="bbox 512 2946 2093 3018; baseline 0.003 -17"><span class='ocrx_word' id='word_1_245' title='bbox 512 2946 678 3002; x_wconf 77' lang='lat' dir='ltr'><strong>fuerit</strong></span> <span class='ocrx_word' id='word_1_246' title='bbox 702 2947 985 3017; x_wconf 62' lang='lat' dir='ltr'><strong>quaesitus,</strong></span> <span class='ocrx_word' id='word_1_247' title='bbox 1011 2956 1064 3002; x_wconf 90' lang='lat' dir='ltr'><strong>et</strong></span> <span class='ocrx_word' id='word_1_248' title='bbox 1088 2948 1156 3002; x_wconf 82' lang='lat' dir='ltr'><strong>ab</strong></span> <span class='ocrx_word' id='word_1_249' title='bbox 1179 2947 1327 3003; x_wconf 89' lang='lat' dir='ltr'><strong>omni</strong></span> <span class='ocrx_word' id='word_1_250' title='bbox 1352 2947 1552 3018; x_wconf 86' lang='lat' dir='ltr'><strong>populo</strong></span> <span class='ocrx_word' id='word_1_251' title='bbox 1579 2955 1689 3002; x_wconf 90' lang='lat' dir='ltr'><strong>tam</strong></span> <span class='ocrx_word' id='word_1_252' title='bbox 1731 2950 1966 3004; x_wconf 89' lang='lat' dir='ltr'><strong>decorus</strong></span> <span class='ocrx_word' id='word_1_253' title='bbox 2008 2953 2093 3004; x_wconf 90' lang='lat' dir='ltr'><strong>in-</strong></span> 
     </span>
    </p>
   </div>
   <div class='ocr_carea' id='block_1_32' title="bbox 513 3038 2094 3110">
    <p class='ocr_par' dir='ltr' id='par_1_32' title="bbox 513 3038 2094 3110">
     <span class='ocr_line' id='line_1_32' title="bbox 513 3038 2094 3110; baseline 0.003 -17"><span class='ocrx_word' id='word_1_254' title='bbox 513 3047 732 3108; x_wconf 81' lang='lat' dir='ltr'><strong>spectus</strong></span> <span class='ocrx_word' id='word_1_255' title='bbox 750 3080 766 3106; x_wconf 93' lang='lat'><strong>,</strong></span> <span class='ocrx_word' id='word_1_256' title='bbox 797 3054 1010 3108; x_wconf 89' lang='lat' dir='ltr'><strong>semper</strong></span> <span class='ocrx_word' id='word_1_257' title='bbox 1044 3038 1263 3109; x_wconf 90' lang='lat' dir='ltr'><strong>quidem</strong></span> <span class='ocrx_word' id='word_1_258' title='bbox 1293 3040 1407 3110; x_wconf 88' lang='lat' dir='ltr'><strong>ipse</strong></span> <span class='ocrx_word' id='word_1_259' title='bbox 1435 3040 1539 3094; x_wconf 86' lang='lat' dir='ltr'><strong>erit</strong></span> <span class='ocrx_word' id='word_1_260' title='bbox 1565 3040 1620 3094; x_wconf 90' lang='lat' dir='ltr'><strong>in</strong></span> <span class='ocrx_word' id='word_1_261' title='bbox 1642 3040 1820 3107; x_wconf 88' lang='lat' dir='ltr'><strong>laude,</strong></span> <span class='ocrx_word' id='word_1_262' title='bbox 1845 3056 1946 3097; x_wconf 89' lang='lat' dir='ltr'><strong>nos</strong></span> <span class='ocrx_word' id='word_1_263' title='bbox 1966 3057 2094 3097; x_wconf 90' lang='lat' dir='ltr'><strong>vero</strong></span> 
     </span>
    </p>
   </div>
   <div class='ocr_carea' id='block_1_33' title="bbox 467 3128 2093 3203">
    <p class='ocr_par' dir='ltr' id='par_1_33' title="bbox 467 3128 2093 3203">
     <span class='ocr_line' id='line_1_33' title="bbox 467 3128 2093 3203; baseline 0.004 -20"><span class='ocrx_word' id='word_1_264' title='bbox 467 3131 474 3139; x_wconf 87' lang='lat'><strong>&#39;</strong></span> <span class='ocrx_word' id='word_1_265' title='bbox 513 3128 571 3183; x_wconf 86' lang='lat' dir='ltr'><strong>in</strong></span> <span class='ocrx_word' id='word_1_266' title='bbox 600 3130 914 3199; x_wconf 89' lang='lat' dir='ltr'><strong>opprobrio.</strong></span> <span class='ocrx_word' id='word_1_267' title='bbox 952 3128 1296 3201; x_wconf 82' lang='lat' dir='ltr'><strong>Quapmpter</strong></span> <span class='ocrx_word' id='word_1_268' title='bbox 1340 3140 1518 3187; x_wconf 86' lang='lat' dir='ltr'><strong>cutem</strong></span> <span class='ocrx_word' id='word_1_269' title='bbox 1562 3148 1702 3187; x_wconf 88' lang='lat' dir='ltr'><strong>cum</strong></span> <span class='ocrx_word' id='word_1_270' title='bbox 1766 3134 1976 3203; x_wconf 89' lang='lat' dir='ltr'><strong>capillis</strong></span> <span class='ocrx_word' id='word_1_271' title='bbox 2025 3135 2093 3189; x_wconf 91' lang='lat' dir='ltr'><strong>de</strong></span> 
     </span>
    </p>
   </div>
   <div class='ocr_carea' id='block_1_34' title="bbox 515 3220 2103 3292">
    <p class='ocr_par' dir='ltr' id='par_1_34' title="bbox 515 3220 2103 3292">
     <span class='ocr_line' id='line_1_34' title="bbox 515 3220 2103 3292; baseline 0.003 -18"><span class='ocrx_word' id='word_1_272' title='bbox 515 3220 635 3290; x_wconf 80' lang='lat' dir='ltr'><strong>ejus</strong></span> <span class='ocrx_word' id='word_1_273' title='bbox 660 3221 916 3275; x_wconf 90' lang='lat' dir='ltr'><strong>radamus</strong></span> <span class='ocrx_word' id='word_1_274' title='bbox 936 3221 1138 3291; x_wconf 90' lang='lat' dir='ltr'><strong>capite;</strong></span> <span class='ocrx_word' id='word_1_275' title='bbox 1172 3222 1365 3291; x_wconf 85' lang='lat' dir='ltr'><strong>pellem</strong></span> <span class='ocrx_word' id='word_1_276' title='bbox 1387 3237 1519 3276; x_wconf 87' lang='lat' dir='ltr'><strong>vero</strong></span> <span class='ocrx_word' id='word_1_277' title='bbox 1537 3223 1782 3292; x_wconf 87' lang='lat' dir='ltr'><strong>corporis</strong></span> <span class='ocrx_word' id='word_1_278' title='bbox 1811 3224 2103 3280; x_wconf 53' lang='lat' dir='ltr'><strong>albescen-</strong></span> 
     </span>
    </p>
   </div>
   <div class='ocr_carea' id='block_1_35' title="bbox 515 3310 2097 3383">
    <p class='ocr_par' dir='ltr' id='par_1_35' title="bbox 515 3310 2097 3383">
     <span class='ocr_line' id='line_1_35' title="bbox 515 3310 2097 3383; baseline 0.003 -17"><span class='ocrx_word' id='word_1_279' title='bbox 515 3318 624 3366; x_wconf 81' lang='lat' dir='ltr'><strong>tem</strong></span> <span class='ocrx_word' id='word_1_280' title='bbox 650 3310 841 3366; x_wconf 78' lang='lat' dir='ltr'><strong>ferreis</strong></span> <span class='ocrx_word' id='word_1_281' title='bbox 870 3311 1229 3366; x_wconf 87' lang='lat' dir='ltr'><strong>dilaceremus</strong></span> <span class='ocrx_word' id='word_1_282' title='bbox 1257 3312 1496 3383; x_wconf 87' lang='lat' dir='ltr'><strong>ungulis,</strong></span> <span class='ocrx_word' id='word_1_283' title='bbox 1526 3315 1689 3383; x_wconf 88' lang='lat' dir='ltr'><strong>pedes</strong></span> <span class='ocrx_word' id='word_1_284' title='bbox 1712 3315 2097 3371; x_wconf 86' lang='lat' dir='ltr'><strong>abscindamus</strong></span> 
     </span>
    </p>
   </div>
   <div class='ocr_carea' id='block_1_36' title="bbox 517 3402 2103 3474">
    <p class='ocr_par' dir='ltr' id='par_1_36' title="bbox 517 3402 2103 3474">
     <span class='ocr_line' id='line_1_36' title="bbox 517 3402 2103 3474; baseline 0.004 -18"><span class='ocrx_word' id='word_1_285' title='bbox 517 3412 802 3471; x_wconf 84' lang='lat' dir='ltr'><strong>utrosque,</strong></span> <span class='ocrx_word' id='word_1_286' title='bbox 838 3410 894 3457; x_wconf 88' lang='lat' dir='ltr'><strong>et</strong></span> <span class='ocrx_word' id='word_1_287' title='bbox 921 3403 977 3456; x_wconf 90' lang='lat' dir='ltr'><strong>in</strong></span> <span class='ocrx_word' id='word_1_288' title='bbox 1001 3402 1163 3457; x_wconf 85' lang='lat' dir='ltr'><strong>furno</strong></span> <span class='ocrx_word' id='word_1_289' title='bbox 1193 3404 1426 3474; x_wconf 86' lang='lat' dir='ltr'><strong>denique</strong></span> <span class='ocrx_word' id='word_1_290' title='bbox 1461 3406 1624 3461; x_wconf 90' lang='lat' dir='ltr'><strong>nimis</strong></span> <span class='ocrx_word' id='word_1_291' title='bbox 1654 3407 1919 3462; x_wconf 81' lang='lat' dir='ltr'><strong>candente</strong></span> <span class='ocrx_word' id='word_1_292' title='bbox 1944 3408 2103 3462; x_wconf 91' lang='lat' dir='ltr'><strong>illum-</strong></span> 
     </span>
    </p>
   </div>
   <div class='ocr_carea' id='block_1_37' title="bbox 517 3493 2098 3563">
    <p class='ocr_par' dir='ltr' id='par_1_37' title="bbox 517 3493 2098 3563">
     <span class='ocr_line' id='line_1_37' title="bbox 517 3493 2098 3563; baseline 0.004 -15"><span class='ocrx_word' id='word_1_293' title='bbox 517 3493 833 3560; x_wconf 80' lang='lat' dir='ltr'><strong>aduramus,</strong></span> <span class='ocrx_word' id='word_1_294' title='bbox 861 3503 1149 3563; x_wconf 90' lang='lat' dir='ltr'><strong>quatenus,</strong></span> <span class='ocrx_word' id='word_1_295' title='bbox 1176 3496 1223 3549; x_wconf 87' lang='lat' dir='ltr'><strong>si</strong></span> <span class='ocrx_word' id='word_1_296' title='bbox 1251 3495 1317 3549; x_wconf 84' lang='lat' dir='ltr'><strong>ad</strong></span> <span class='ocrx_word' id='word_1_297' title='bbox 1345 3511 1469 3549; x_wconf 91' lang='lat' dir='ltr'><strong>eum</strong></span> <span class='ocrx_word' id='word_1_298' title='bbox 1519 3496 1811 3552; x_wconf 89' lang='lat' dir='ltr'><strong>videndum</strong></span> <span class='ocrx_word' id='word_1_299' title='bbox 1858 3499 2098 3554; x_wconf 89' lang='lat' dir='ltr'><strong>missum</strong></span> 
     </span>
    </p>
   </div>
   <div class='ocr_carea' id='block_1_38' title="bbox 520 3583 2099 3661">
    <p class='ocr_par' dir='ltr' id='par_1_38' title="bbox 520 3583 2099 3661">
     <span class='ocr_line' id='line_1_38' title="bbox 520 3583 2099 3661; baseline 0.003 -21"><span class='ocrx_word' id='word_1_300' title='bbox 520 3583 704 3649; x_wconf 73' lang='lat' dir='ltr'><strong>fuerit,</strong></span> <span class='ocrx_word' id='word_1_301' title='bbox 736 3584 990 3640; x_wconf 87' lang='lat' dir='ltr'><strong>horridus</strong></span> <span class='ocrx_word' id='word_1_302' title='bbox 1038 3592 1093 3640; x_wconf 89' lang='lat' dir='ltr'><strong>et</strong></span> <span class='ocrx_word' id='word_1_303' title='bbox 1147 3585 1364 3656; x_wconf 87' lang='lat' dir='ltr'><strong>ignotus</strong></span> <span class='ocrx_word' id='word_1_304' title='bbox 1398 3587 1579 3656; x_wconf 90' lang='lat' dir='ltr'><strong>potius</strong></span> <span class='ocrx_word' id='word_1_305' title='bbox 1616 3599 1904 3658; x_wconf 87' lang='lat' dir='ltr'><strong>respuatur</strong></span> <span class='ocrx_word' id='word_1_306' title='bbox 1934 3606 2099 3661; x_wconf 89' lang='lat' dir='ltr'><strong>quam</strong></span> 
     </span>
    </p>
   </div>
   <div class='ocr_carea' id='block_1_39' title="bbox 524 3684 1527 3746">
    <p class='ocr_par' dir='ltr' id='par_1_39' title="bbox 524 3684 1527 3746">
     <span class='ocr_line' id='line_1_39' title="bbox 524 3684 1527 3746; baseline 0 -17"><span class='ocrx_word' id='word_1_307' title='bbox 524 3684 822 3746; x_wconf 61' lang='lat' dir='ltr'><strong>quaeratur.</strong></span> <span class='ocrx_word' id='word_1_308' title='bbox 1514 3732 1527 3746; x_wconf 46' lang='lat'><strong>.</strong></span> 
     </span>
    </p>
   </div>
   <div class='ocr_carea' id='block_1_40' title="bbox 596 3766 2109 3833">
    <p class='ocr_par' dir='ltr' id='par_1_40' title="bbox 596 3766 2109 3833">
     <span class='ocr_line' id='line_1_40' title="bbox 596 3766 2109 3833; baseline 0.005 -13"><span class='ocrx_word' id='word_1_309' title='bbox 596 3767 682 3822; x_wconf 84' lang='lat'><strong>75.</strong></span> <span class='ocrx_word' id='word_1_310' title='bbox 726 3766 948 3833; x_wconf 81' lang='lat' dir='ltr'><strong>Verum,</strong></span> <span class='ocrx_word' id='word_1_311' title='bbox 975 3766 1102 3822; x_wconf 89' lang='lat' dir='ltr'><strong>licet</strong></span> <span class='ocrx_word' id='word_1_312' title='bbox 1126 3767 1245 3823; x_wconf 68' lang='lat' dir='ltr'><strong>hazc</strong></span> <span class='ocrx_word' id='word_1_313' title='bbox 1270 3768 1537 3823; x_wconf 87' lang='lat' dir='ltr'><strong>diabolica</strong></span> <span class='ocrx_word' id='word_1_314' title='bbox 1568 3770 2001 3827; x_wconf 88' lang='lat' dir='ltr'><strong>machinamenta</strong></span> <span class='ocrx_word' id='word_1_315' title='bbox 2045 3773 2109 3827; x_wconf 82' lang='lat' dir='ltr'><strong>in‘</strong></span> 
     </span>
    </p>
   </div>
   <div class='ocr_carea' id='block_1_41' title="bbox 524 3855 2103 3931">
    <p class='ocr_par' dir='ltr' id='par_1_41' title="bbox 524 3855 2103 3931">
     <span class='ocr_line' id='line_1_41' title="bbox 524 3855 2103 3931; baseline 0.005 -22"><span class='ocrx_word' id='word_1_316' title='bbox 524 3868 591 3910; x_wconf 83' lang='lat' dir='ltr'><strong>eo</strong></span> <span class='ocrx_word' id='word_1_317' title='bbox 635 3856 831 3910; x_wconf 83' lang='lat' dir='ltr'><strong>cuneta</strong></span> <span class='ocrx_word' id='word_1_318' title='bbox 871 3855 1253 3926; x_wconf 89' lang='lat' dir='ltr'><strong>complessent,</strong></span> <span class='ocrx_word' id='word_1_319' title='bbox 1284 3856 1339 3910; x_wconf 90' lang='lat' dir='ltr'><strong>in</strong></span> <span class='ocrx_word' id='word_1_320' title='bbox 1369 3857 1692 3914; x_wconf 86' lang='lat' dir='ltr'><strong>deteriorem</strong></span> <span class='ocrx_word' id='word_1_321' title='bbox 1731 3875 1898 3931; x_wconf 89' lang='lat' dir='ltr'><strong>quam</strong></span> <span class='ocrx_word' id='word_1_322' title='bbox 1940 3870 2103 3931; x_wconf 86' lang='lat' dir='ltr'><strong>puta-</strong></span> 
     </span>
    </p>
   </div>
   <div class='ocr_carea' id='block_1_42' title="bbox 525 3944 2106 4019">
    <p class='ocr_par' dir='ltr' id='par_1_42' title="bbox 525 3944 2106 4019">
     <span class='ocr_line' id='line_1_42' title="bbox 525 3944 2106 4019; baseline 0.006 -21"><span class='ocrx_word' id='word_1_323' title='bbox 525 3953 650 3999; x_wconf 85' lang='lat' dir='ltr'><strong>rant</strong></span> <span class='ocrx_word' id='word_1_324' title='bbox 683 3944 1036 4014; x_wconf 87' lang='lat' dir='ltr'><strong>ignominiam</strong></span> <span class='ocrx_word' id='word_1_325' title='bbox 1077 3946 1405 4014; x_wconf 87' lang='lat' dir='ltr'><strong>ceciderunt,</strong></span> <span class='ocrx_word' id='word_1_326' title='bbox 1449 3948 1576 4019; x_wconf 87' lang='lat' dir='ltr'><strong>quia</strong></span> <span class='ocrx_word' id='word_1_327' title='bbox 1617 3964 1723 4004; x_wconf 86' lang='lat' dir='ltr'><strong>non</strong></span> <span class='ocrx_word' id='word_1_328' title='bbox 1762 3952 1992 4007; x_wconf 91' lang='lat' dir='ltr'><strong>missum</strong></span> <span class='ocrx_word' id='word_1_329' title='bbox 2022 3962 2106 4008; x_wconf 86' lang='lat' dir='ltr'><strong>est</strong></span> 
     </span>
    </p>
   </div>
   <div class='ocr_carea' id='block_1_43' title="bbox 527 4033 2105 4109">
    <p class='ocr_par' dir='ltr' id='par_1_43' title="bbox 527 4033 2105 4109">
     <span class='ocr_line' id='line_1_43' title="bbox 527 4033 2105 4109; baseline 0.006 -21"><span class='ocrx_word' id='word_1_330' title='bbox 527 4033 598 4088; x_wconf 86' lang='lat' dir='ltr'><strong>ad</strong></span> <span class='ocrx_word' id='word_1_331' title='bbox 626 4034 938 4101; x_wconf 86' lang='lat' dir='ltr'><strong>videndum,</strong></span> <span class='ocrx_word' id='word_1_332' title='bbox 969 4035 1063 4090; x_wconf 91' lang='lat' dir='ltr'><strong>sed</strong></span> <span class='ocrx_word' id='word_1_333' title='bbox 1090 4034 1402 4105; x_wconf 80' lang='lat' dir='ltr'><strong>petendum.</strong></span> <span class='ocrx_word' id='word_1_334' title='bbox 1454 4036 1590 4092; x_wconf 85' lang='lat' dir='ltr'><strong>Nam</strong></span> <span class='ocrx_word' id='word_1_335' title='bbox 1630 4040 1834 4097; x_wconf 83' lang='lat' dir='ltr'><strong>auditis</strong></span> <span class='ocrx_word' id='word_1_336' title='bbox 1878 4043 2105 4109; x_wconf 89' lang='lat' dir='ltr'><strong>nuntiis,</strong></span> 
     </span>
    </p>
   </div>
   <div class='ocr_carea' id='block_1_44' title="bbox 528 4126 2109 4202">
    <p class='ocr_par' dir='ltr' id='par_1_44' title="bbox 528 4126 2109 4202">
     <span class='ocr_line' id='line_1_44' title="bbox 528 4126 2109 4202; baseline 0.008 -23"><span class='ocrx_word' id='word_1_337' title='bbox 528 4126 909 4181; x_wconf 86' lang='lat' dir='ltr'><strong>tintinnabulis</strong></span> <span class='ocrx_word' id='word_1_338' title='bbox 936 4127 1190 4197; x_wconf 90' lang='lat' dir='ltr'><strong>tubisque</strong></span> <span class='ocrx_word' id='word_1_339' title='bbox 1228 4130 1502 4184; x_wconf 83' lang='lat' dir='ltr'><strong>concisius</strong></span> <span class='ocrx_word' id='word_1_340' title='bbox 1549 4134 1890 4202; x_wconf 88' lang='lat' dir='ltr'><strong>sonantibus,</strong></span> <span class='ocrx_word' id='word_1_341' title='bbox 1928 4136 2109 4192; x_wconf 83' lang='lat' dir='ltr'><strong>omnis</strong></span> 
     </span>
    </p>
   </div>
   <div class='ocr_carea' id='block_1_45' title="bbox 533 4214 2105 4285">
    <p class='ocr_par' dir='ltr' id='par_1_45' title="bbox 533 4214 2105 4285">
     <span class='ocr_line' id='line_1_45' title="bbox 533 4214 2105 4285; baseline 0.008 -15"><span class='ocrx_word' id='word_1_342' title='bbox 533 4214 726 4270; x_wconf 84' lang='lat' dir='ltr'><strong>civitas</strong></span> <span class='ocrx_word' id='word_1_343' title='bbox 754 4215 809 4270; x_wconf 91' lang='lat' dir='ltr'><strong>in</strong></span> <span class='ocrx_word' id='word_1_344' title='bbox 837 4234 1007 4275; x_wconf 91' lang='lat' dir='ltr'><strong>unum</strong></span> <span class='ocrx_word' id='word_1_345' title='bbox 1023 4220 1294 4275; x_wconf 86' lang='lat' dir='ltr'><strong>convenit.</strong></span> <span class='ocrx_word' id='word_1_346' title='bbox 1321 4220 1475 4277; x_wconf 90' lang='lat' dir='ltr'><strong>Tunc</strong></span> <span class='ocrx_word' id='word_1_347' title='bbox 1500 4223 1637 4277; x_wconf 82' lang='lat' dir='ltr'><strong>dixit</strong></span> <span class='ocrx_word' id='word_1_348' title='bbox 1662 4224 2105 4285; x_wconf 82' lang='lat' dir='ltr'><strong>Herlembaldus:</strong></span> 
     </span>
    </p>
   </div>
   <div class='ocr_carea' id='block_1_46' title="bbox 532 4305 1033 4370">
    <p class='ocr_par' dir='ltr' id='par_1_46' title="bbox 532 4305 1033 4370">
     <span class='ocr_line' id='line_1_46' title="bbox 532 4305 1033 4370; baseline 0.01 -12"><span class='ocrx_word' id='word_1_349' title='bbox 532 4305 803 4370; x_wconf 51' lang='lat' dir='ltr'><strong>Quoniam</strong></span> <span class='ocrx_word' id='word_1_350' title='bbox 825 4306 1033 4364; x_wconf 75' lang='lat' dir='ltr'><strong>inimici</strong></span> 
     </span>
    </p>
   </div>
   <div class='ocr_carea' id='block_1_47' title="bbox 532 4397 1796 4476">
    <p class='ocr_par' dir='ltr' id='par_1_47' title="bbox 532 4397 1796 4476">
     <span class='ocr_line' id='line_1_47' title="bbox 532 4397 1796 4476; baseline 0.008 -23"><span class='ocrx_word' id='word_1_351' title='bbox 532 4397 758 4453; x_wconf 82' lang='lat' dir='ltr'><strong>reddere</strong></span> <span class='ocrx_word' id='word_1_352' title='bbox 785 4414 1006 4467; x_wconf 89' lang='lat' dir='ltr'><strong>corpus,</strong></span> <span class='ocrx_word' id='word_1_353' title='bbox 1062 4401 1217 4455; x_wconf 81' lang='lat' dir='ltr'><strong>decet</strong></span> <span class='ocrx_word' id='word_1_354' title='bbox 1252 4412 1312 4456; x_wconf 91' lang='lat' dir='ltr'><strong>ut</strong></span> <span class='ocrx_word' id='word_1_355' title='bbox 1342 4404 1410 4458; x_wconf 84' lang='lat' dir='ltr'><strong>ab</strong></span> <span class='ocrx_word' id='word_1_356' title='bbox 1440 4406 1522 4461; x_wconf 89' lang='lat' dir='ltr'><strong>eis</strong></span> <span class='ocrx_word' id='word_1_357' title='bbox 1562 4423 1658 4476; x_wconf 88' lang='lat' dir='ltr'><strong>per</strong></span> <span class='ocrx_word' id='word_1_358' title='bbox 1693 4423 1796 4462; x_wconf 90' lang='lat' dir='ltr'><strong>nos</strong></span> 
     </span>
    </p>
   </div>
   <div class='ocr_carea' id='block_1_48' title="bbox 516 4486 2109 4568">
    <p class='ocr_par' dir='ltr' id='par_1_48' title="bbox 516 4486 2109 4568">
     <span class='ocr_line' id='line_1_48' title="bbox 516 4486 2109 4568; baseline 0.011 -28"><span class='ocrx_word' id='word_1_359' title='bbox 516 4486 832 4557; x_wconf 79' lang='lat' dir='ltr'><strong>auferatur.</strong></span> <span class='ocrx_word' id='word_1_360' title='bbox 874 4488 977 4545; x_wconf 89' lang='lat' dir='ltr'><strong>Sed</strong></span> <span class='ocrx_word' id='word_1_361' title='bbox 1007 4491 1135 4561; x_wconf 87' lang='lat' dir='ltr'><strong>quia</strong></span> <span class='ocrx_word' id='word_1_362' title='bbox 1176 4508 1295 4560; x_wconf 89' lang='lat' dir='ltr'><strong>.res,</strong></span> <span class='ocrx_word' id='word_1_363' title='bbox 1352 4511 1517 4565; x_wconf 89' lang='lat' dir='ltr'><strong>quam</strong></span> <span class='ocrx_word' id='word_1_364' title='bbox 1570 4500 1972 4568; x_wconf 85' lang='lat' dir='ltr'><strong>prosequimur,</strong></span> <span class='ocrx_word' id='word_1_365' title='bbox 2016 4501 2109 4558; x_wconf 90' lang='lat' dir='ltr'><strong>Dei</strong></span> 
     </span>
    </p>
   </div>
   <div class='ocr_carea' id='block_1_49' title="bbox 534 4579 2110 4661">
    <p class='ocr_par' dir='ltr' id='par_1_49' title="bbox 534 4579 2110 4661">
     <span class='ocr_line' id='line_1_49' title="bbox 534 4579 2110 4661; baseline 0.009 -28"><span class='ocrx_word' id='word_1_366' title='bbox 534 4579 772 4661; x_wconf 76' lang='lat' dir='ltr'><strong>creditur</strong></span> <span class='ocrx_word' id='word_1_367' title='bbox 791 4589 843 4635; x_wconf 90' lang='lat' dir='ltr'><strong>et</strong></span> <span class='ocrx_word' id='word_1_368' title='bbox 871 4580 1228 4652; x_wconf 90' lang='lat' dir='ltr'><strong>dicituresse,</strong></span> <span class='ocrx_word' id='word_1_369' title='bbox 1257 4586 1379 4641; x_wconf 88' lang='lat' dir='ltr'><strong>volo</strong></span> <span class='ocrx_word' id='word_1_370' title='bbox 1410 4596 1470 4641; x_wconf 89' lang='lat' dir='ltr'><strong>ut</strong></span> <span class='ocrx_word' id='word_1_371' title='bbox 1521 4589 1650 4643; x_wconf 89' lang='lat' dir='ltr'><strong>illuc</strong></span> <span class='ocrx_word' id='word_1_372' title='bbox 1684 4589 1832 4659; x_wconf 78' lang='lat' dir='ltr'><strong>juste</strong></span> <span class='ocrx_word' id='word_1_373' title='bbox 1884 4599 1938 4646; x_wconf 92' lang='lat' dir='ltr'><strong>et</strong></span> <span class='ocrx_word' id='word_1_374' title='bbox 1985 4609 2110 4647; x_wconf 87' lang='lat' dir='ltr'><strong>cum</strong></span> 
     </span>
    </p>
   </div>
   <div class='ocr_carea' id='block_1_50' title="bbox 534 4668 2112 4754">
    <p class='ocr_par' dir='ltr' id='par_1_50' title="bbox 534 4668 2112 4754">
     <span class='ocr_line' id='line_1_50' title="bbox 534 4668 2112 4754; baseline 0.011 -31"><span class='ocrx_word' id='word_1_375' title='bbox 534 4668 708 4739; x_wconf 82' lang='lat' dir='ltr'><strong>ipsius</strong></span> <span class='ocrx_word' id='word_1_376' title='bbox 734 4670 1051 4728; x_wconf 88' lang='lat' dir='ltr'><strong>incedamus</strong></span> <span class='ocrx_word' id='word_1_377' title='bbox 1070 4674 1295 4731; x_wconf 80' lang='lat' dir='ltr'><strong>honore.</strong></span> <span class='ocrx_word' id='word_1_378' title='bbox 1331 4676 1452 4733; x_wconf 89' lang='lat' dir='ltr'><strong>Non</strong></span> <span class='ocrx_word' id='word_1_379' title='bbox 1489 4680 1637 4734; x_wconf 89' lang='lat' dir='ltr'><strong>enim</strong></span> <span class='ocrx_word' id='word_1_380' title='bbox 1678 4697 1801 4738; x_wconf 89' lang='lat' dir='ltr'><strong>cum</strong></span> <span class='ocrx_word' id='word_1_381' title='bbox 1856 4693 2013 4754; x_wconf 90' lang='lat' dir='ltr'><strong>raptu</strong></span> <span class='ocrx_word' id='word_1_382' title='bbox 2058 4694 2112 4739; x_wconf 88' lang='lat' dir='ltr'><strong>et</strong></span> 
     </span>
    </p>
   </div>
   <div class='ocr_carea' id='block_1_51' title="bbox 538 4765 2113 4844">
    <p class='ocr_par' dir='ltr' id='par_1_51' title="bbox 538 4765 2113 4844">
     <span class='ocr_line' id='line_1_51' title="bbox 538 4765 2113 4844; baseline 0.011 -29"><span class='ocrx_word' id='word_1_383' title='bbox 538 4777 843 4832; x_wconf 88' lang='lat' dir='ltr'><strong>pauperum</strong></span> <span class='ocrx_word' id='word_1_384' title='bbox 892 4765 1217 4822; x_wconf 87' lang='lat' dir='ltr'><strong>detrimento</strong></span> <span class='ocrx_word' id='word_1_385' title='bbox 1263 4768 1631 4825; x_wconf 88' lang='lat' dir='ltr'><strong>innocentium</strong></span> <span class='ocrx_word' id='word_1_386' title='bbox 1680 4788 1990 4844; x_wconf 89' lang='lat' dir='ltr'><strong>pergamus,</strong></span> <span class='ocrx_word' id='word_1_387' title='bbox 2018 4777 2113 4833; x_wconf 83' lang='lat' dir='ltr'><strong>sed</strong></span> 
     </span>
    </p>
   </div>
   <div class='ocr_carea' id='block_1_52' title="bbox 536 4854 2110 4923">
    <p class='ocr_par' dir='ltr' id='par_1_52' title="bbox 536 4854 2110 4923">
     <span class='ocr_line' id='line_1_52' title="bbox 536 4854 2110 4923; baseline 0.01 -16"><span class='ocrx_word' id='word_1_388' title='bbox 536 4854 821 4909; x_wconf 88' lang='lat' dir='ltr'><strong>nobiscum</strong></span> <span class='ocrx_word' id='word_1_389' title='bbox 855 4854 1094 4913; x_wconf 81' lang='lat' dir='ltr'><strong>feramus</strong></span> <span class='ocrx_word' id='word_1_390' title='bbox 1125 4859 1269 4913; x_wconf 91' lang='lat' dir='ltr'><strong>unde</strong></span> <span class='ocrx_word' id='word_1_391' title='bbox 1294 4859 1476 4915; x_wconf 87' lang='lat' dir='ltr'><strong>vivere</strong></span> <span class='ocrx_word' id='word_1_392' title='bbox 1517 4863 1831 4919; x_wconf 89' lang='lat' dir='ltr'><strong>debeamus.</strong></span> <span class='ocrx_word' id='word_1_393' title='bbox 1886 4865 2110 4923; x_wconf 90' lang='lat' dir='ltr'><strong>Discur—</strong></span> 
     </span>
    </p>
   </div>
   <div class='ocr_carea' id='block_1_53' title="bbox 535 4943 2107 5030">
    <p class='ocr_par' dir='ltr' id='par_1_53' title="bbox 535 4943 2107 5030">
     <span class='ocr_line' id='line_1_53' title="bbox 535 4943 2107 5030; baseline 0.01 -31"><span class='ocrx_word' id='word_1_394' title='bbox 535 4943 660 4999; x_wconf 75' lang='lat' dir='ltr'><strong>rant</strong></span> <span class='ocrx_word' id='word_1_395' title='bbox 688 4945 871 5016; x_wconf 87' lang='lat' dir='ltr'><strong>itaque</strong></span> <span class='ocrx_word' id='word_1_396' title='bbox 899 4949 1078 5002; x_wconf 89' lang='lat' dir='ltr'><strong>nuntii</strong></span> <span class='ocrx_word' id='word_1_397' title='bbox 1099 4949 1529 5030; x_wconf 84' lang='lat' dir='ltr'><strong>circumquaque</strong></span> <span class='ocrx_word' id='word_1_398' title='bbox 1562 4954 1821 5011; x_wconf 81' lang='lat' dir='ltr'><strong>velociter</strong></span> <span class='ocrx_word' id='word_1_399' title='bbox 1847 4958 1942 5028; x_wconf 90' lang='lat' dir='ltr'><strong>qui</strong></span> <span class='ocrx_word' id='word_1_400' title='bbox 1984 4974 2107 5014; x_wconf 90' lang='lat' dir='ltr'><strong>om-</strong></span> 
     </span>
    </p>
   </div>
   <div class='ocr_carea' id='block_1_54' title="bbox 537 5037 2110 5118">
    <p class='ocr_par' dir='ltr' id='par_1_54' title="bbox 537 5037 2110 5118">
     <span class='ocr_line' id='line_1_54' title="bbox 537 5037 2110 5118; baseline 0.011 -29"><span class='ocrx_word' id='word_1_401' title='bbox 537 5050 658 5103; x_wconf 81' lang='lat' dir='ltr'><strong>nes,</strong></span> <span class='ocrx_word' id='word_1_402' title='bbox 690 5037 758 5091; x_wconf 91' lang='lat' dir='ltr'><strong>ad</strong></span> <span class='ocrx_word' id='word_1_403' title='bbox 795 5037 934 5092; x_wconf 90' lang='lat' dir='ltr'><strong>bella</strong></span> <span class='ocrx_word' id='word_1_404' title='bbox 969 5049 1145 5109; x_wconf 90' lang='lat' dir='ltr'><strong>aptos,</strong></span> <span class='ocrx_word' id='word_1_405' title='bbox 1176 5057 1300 5097; x_wconf 89' lang='lat' dir='ltr'><strong>cum</strong></span> <span class='ocrx_word' id='word_1_406' title='bbox 1325 5044 1514 5111; x_wconf 89' lang='lat' dir='ltr'><strong>armis,</strong></span> <span class='ocrx_word' id='word_1_407' title='bbox 1548 5046 1892 5118; x_wconf 87' lang='lat' dir='ltr'><strong>rusticosque</strong></span> <span class='ocrx_word' id='word_1_408' title='bbox 1930 5058 1988 5104; x_wconf 92' lang='lat' dir='ltr'><strong>ut</strong></span> <span class='ocrx_word' id='word_1_409' title='bbox 2013 5067 2110 5107; x_wconf 88' lang='lat' dir='ltr'><strong>ve-</strong></span> 
     </span>
    </p>
   </div>
   <div class='ocr_carea' id='block_1_55' title="bbox 538 5176 2129 5308">
    <p class='ocr_par' dir='ltr' id='par_1_55' title="bbox 538 5176 2129 5308">
     <span class='ocr_line' id='line_1_55' title="bbox 538 5176 2129 5308; baseline 0.012 -69"><span class='ocrx_word' id='word_1_410' title='bbox 538 5185 786 5308; x_wconf 46' lang='lat'><strong>“;</strong></span> <span class='ocrx_word' id='word_1_411' title='bbox 808 5176 999 5243; x_wconf 74' lang='lat' dir='ltr'><strong>Arcem</strong></span> <span class='ocrx_word' id='word_1_412' title='bbox 1026 5190 1239 5247; x_wconf 87' lang='lat' dir='ltr'><strong>Trevali</strong></span> <span class='ocrx_word' id='word_1_413' title='bbox 1260 5212 1279 5245; x_wconf 78' lang='grc' dir='ltr'><strong><em>ι</em></strong></span> <span class='ocrx_word' id='word_1_414' title='bbox 1313 5195 1647 5269; x_wconf 81' lang='lat' dir='ltr'><strong>nominaria</strong></span> <span class='ocrx_word' id='word_1_415' title='bbox 1680 5197 1968 5269; x_wconf 82' lang='lat' dir='ltr'><strong>Landull&#39;o,</strong></span> <span class='ocrx_word' id='word_1_416' title='bbox 1995 5207 2129 5272; x_wconf 74' lang='lat' dir='ltr'><strong>jam</strong></span> 
     </span>
    </p>
   </div>
   <div class='ocr_carea' id='block_1_56' title="bbox 637 5255 795 5325">
    <p class='ocr_par' dir='ltr' id='par_1_56' title="bbox 637 5255 795 5325">
     <span class='ocr_line' id='line_1_56' title="bbox 637 5255 795 5325; baseline 0.006 -18"><span class='ocrx_word' id='word_1_417' title='bbox 637 5255 795 5325; x_wconf 82' lang='lat' dir='ltr'><strong>imus.</strong></span> 
     </span>
    </p>
   </div>
   <div class='ocr_carea' id='block_1_57' title="bbox 2173 751 3759 824">
    <p class='ocr_par' dir='ltr' id='par_1_57' title="bbox 2173 751 3759 824">
     <span class='ocr_line' id='line_1_57' title="bbox 2173 751 3759 824; baseline -0.002 -16"><span class='ocrx_word' id='word_1_418' title='bbox 2173 753 2270 824; x_wconf 78' lang='lat' dir='ltr'><strong>p&#39;er</strong></span> <span class='ocrx_word' id='word_1_419' title='bbox 2288 752 2561 823; x_wconf 90' lang='lat' dir='ltr'><strong>publicam</strong></span> <span class='ocrx_word' id='word_1_420' title='bbox 2582 760 2636 807; x_wconf 90' lang='lat' dir='ltr'><strong>et</strong></span> <span class='ocrx_word' id='word_1_421' title='bbox 2662 766 3006 807; x_wconf 87' lang='lat' dir='ltr'><strong>communem</strong></span> <span class='ocrx_word' id='word_1_422' title='bbox 3029 751 3169 805; x_wconf 89' lang='lat' dir='ltr'><strong>viam</strong></span> <span class='ocrx_word' id='word_1_423' title='bbox 3196 752 3353 805; x_wconf 89' lang='lat' dir='ltr'><strong>turba</strong></span> <span class='ocrx_word' id='word_1_424' title='bbox 3374 753 3649 822; x_wconf 85' lang='lat' dir='ltr'><strong>pedestris</strong></span> <span class='ocrx_word' id='word_1_425' title='bbox 3671 753 3759 806; x_wconf 79' lang='lat' dir='ltr'><strong>vel</strong></span> 
     </span>
    </p>
   </div>
   <div class='ocr_carea' id='block_1_58' title="bbox 2175 834 3760 916">
    <p class='ocr_par' dir='ltr' id='par_1_58' title="bbox 2175 834 3760 916">
     <span class='ocr_line' id='line_1_58' title="bbox 2175 834 3760 916; baseline 0.001 -18"><span class='ocrx_word' id='word_1_426' title='bbox 2175 834 2446 916; x_wconf 81' lang='lat' dir='ltr'><strong>equestris</strong></span> <span class='ocrx_word' id='word_1_427' title='bbox 2470 844 2747 900; x_wconf 69' lang='lat' dir='ltr'><strong>incedere.</strong></span> <span class='ocrx_word' id='word_1_428' title='bbox 2763 843 3085 900; x_wconf 83' lang='lat' dir='ltr'><strong>Conﬂuebat</strong></span> <span class='ocrx_word' id='word_1_429' title='bbox 3112 853 3292 898; x_wconf 87' lang='lat' dir='ltr'><strong>autem</strong></span> <span class='ocrx_word' id='word_1_430' title='bbox 3322 844 3567 914; x_wconf 89' lang='lat' dir='ltr'><strong>undique</strong></span> <span class='ocrx_word' id='word_1_431' title='bbox 3598 845 3760 915; x_wconf 86' lang='lat' dir='ltr'><strong>quasi</strong></span> 
     </span>
    </p>
   </div>
   <div class='ocr_carea' id='block_1_59' title="bbox 2177 926 3762 1013">
    <p class='ocr_par' dir='ltr' id='par_1_59' title="bbox 2177 926 3762 1013">
     <span class='ocr_line' id='line_1_59' title="bbox 2177 926 3762 1013; baseline 0 -21"><span class='ocrx_word' id='word_1_432' title='bbox 2177 926 2342 993; x_wconf 74' lang='lat' dir='ltr'><strong>arena</strong></span> <span class='ocrx_word' id='word_1_433' title='bbox 2372 937 2541 992; x_wconf 90' lang='lat' dir='ltr'><strong>maris</strong></span> <span class='ocrx_word' id='word_1_434' title='bbox 2562 929 2853 991; x_wconf 88' lang='lat' dir='ltr'><strong>multitudo</strong></span> <span class='ocrx_word' id='word_1_435' title='bbox 2897 934 3331 1004; x_wconf 87' lang='lat' dir='ltr'><strong>innumerabilis,</strong></span> <span class='ocrx_word' id='word_1_436' title='bbox 3370 952 3526 990; x_wconf 87' lang='lat' dir='ltr'><strong>arma</strong></span> <span class='ocrx_word' id='word_1_437' title='bbox 3573 934 3762 1013; x_wconf 77' lang='lat' dir='ltr'><strong>ferens</strong></span> 
     </span>
    </p>
   </div>
   <div class='ocr_carea' id='block_1_60' title="bbox 2176 1026 3760 1099">
    <p class='ocr_par' dir='ltr' id='par_1_60' title="bbox 2176 1026 3760 1099">
     <span class='ocr_line' id='line_1_60' title="bbox 2176 1026 3760 1099; baseline -0.003 -15"><span class='ocrx_word' id='word_1_438' title='bbox 2176 1039 2231 1085; x_wconf 88' lang='lat' dir='ltr'><strong>et</strong></span> <span class='ocrx_word' id='word_1_439' title='bbox 2261 1030 2438 1085; x_wconf 88' lang='lat' dir='ltr'><strong>vietus</strong></span> <span class='ocrx_word' id='word_1_440' title='bbox 2477 1044 2641 1098; x_wconf 89' lang='lat' dir='ltr'><strong>supra</strong></span> <span class='ocrx_word' id='word_1_441' title='bbox 2695 1028 2921 1083; x_wconf 91' lang='lat' dir='ltr'><strong>dorsum</strong></span> <span class='ocrx_word' id='word_1_442' title='bbox 2967 1026 3295 1083; x_wconf 82' lang='lat' dir='ltr'><strong>famulorum</strong></span> <span class='ocrx_word' id='word_1_443' title='bbox 3330 1028 3443 1083; x_wconf 77' lang='lat' dir='ltr'><strong>si&#39;ve</strong></span> <span class='ocrx_word' id='word_1_444' title='bbox 3472 1026 3760 1099; x_wconf 73' lang='lat' dir='ltr'><strong>jumento-</strong></span> 
     </span>
    </p>
   </div>
   <div class='ocr_carea' id='block_1_61' title="bbox 2176 1119 3761 1185">
    <p class='ocr_par' dir='ltr' id='par_1_61' title="bbox 2176 1119 3761 1185">
     <span class='ocr_line' id='line_1_61' title="bbox 2176 1119 3761 1185; baseline 0 -11"><span class='ocrx_word' id='word_1_445' title='bbox 2176 1135 2321 1174; x_wconf 90' lang='lat' dir='ltr'><strong>rum.</strong></span> <span class='ocrx_word' id='word_1_446' title='bbox 2351 1119 2418 1174; x_wconf 86' lang='lat' dir='ltr'><strong>Et</strong></span> <span class='ocrx_word' id='word_1_447' title='bbox 2442 1121 2522 1174; x_wconf 92' lang='lat' dir='ltr'><strong>sic</strong></span> <span class='ocrx_word' id='word_1_448' title='bbox 2546 1120 2877 1185; x_wconf 89' lang='lat' dir='ltr'><strong>incedentes,</strong></span> <span class='ocrx_word' id='word_1_449' title='bbox 2904 1120 3143 1175; x_wconf 87' lang='lat' dir='ltr'><strong>secundo</strong></span> <span class='ocrx_word' id='word_1_450' title='bbox 3183 1122 3400 1175; x_wconf 89' lang='lat' dir='ltr'><strong>tandem</strong></span> <span class='ocrx_word' id='word_1_451' title='bbox 3421 1119 3523 1176; x_wconf 84' lang='lat' dir='ltr'><strong>die</strong></span> <span class='ocrx_word' id='word_1_452' title='bbox 3558 1121 3630 1175; x_wconf 90' lang='lat' dir='ltr'><strong>ad</strong></span> <span class='ocrx_word' id='word_1_453' title='bbox 3663 1135 3761 1175; x_wconf 85' lang='lat' dir='ltr'><strong>ve-</strong></span> 
     </span>
    </p>
   </div>
   <div class='ocr_carea' id='block_1_62' title="bbox 2180 1210 3761 1282">
    <p class='ocr_par' dir='ltr' id='par_1_62' title="bbox 2180 1210 3761 1282">
     <span class='ocr_line' id='line_1_62' title="bbox 2180 1210 3761 1282; baseline -0.002 -14"><span class='ocrx_word' id='word_1_454' title='bbox 2180 1216 2399 1281; x_wconf 78' lang='lat' dir='ltr'><strong>sperum</strong></span> <span class='ocrx_word' id='word_1_455' title='bbox 2421 1210 2721 1281; x_wconf 90' lang='lat' dir='ltr'><strong>reperimus</strong></span> <span class='ocrx_word' id='word_1_456' title='bbox 2748 1220 2983 1282; x_wconf 86' lang='lat' dir='ltr'><strong>pratum,</strong></span> <span class='ocrx_word' id='word_1_457' title='bbox 3006 1221 3201 1282; x_wconf 86' lang='lat' dir='ltr'><strong>quarto</strong></span> <span class='ocrx_word' id='word_1_458' title='bbox 3223 1211 3336 1267; x_wconf 80' lang='lat' dir='ltr'><strong>fere</strong></span> <span class='ocrx_word' id='word_1_459' title='bbox 3356 1212 3627 1267; x_wconf 37' lang='lat' dir='ltr'><strong>milliario’</strong></span> <span class='ocrx_word' id='word_1_460' title='bbox 3647 1214 3761 1280; x_wconf 75' lang='lat' dir='ltr'><strong>(5i)</strong></span> 
     </span>
    </p>
   </div>
   <div class='ocr_carea' id='block_1_63' title="bbox 2180 1292 3761 1374">
    <p class='ocr_par' dir='ltr' id='par_1_63' title="bbox 2180 1292 3761 1374">
     <span class='ocr_line' id='line_1_63' title="bbox 2180 1292 3761 1374; baseline 0 -17"><span class='ocrx_word' id='word_1_461' title='bbox 2180 1292 2353 1359; x_wconf 90' lang='lat' dir='ltr'><strong>aloco</strong></span> <span class='ocrx_word' id='word_1_462' title='bbox 2384 1304 2915 1374; x_wconf 84' lang='lat' dir='ltr'><strong>quo&#39;incedebamus</strong></span> <span class='ocrx_word' id='word_1_463' title='bbox 2967 1304 3199 1369; x_wconf 88' lang='lat' dir='ltr'><strong>distans,</strong></span> <span class='ocrx_word' id='word_1_464' title='bbox 3252 1305 3391 1359; x_wconf 82' lang='lat' dir='ltr'><strong>bene</strong></span> <span class='ocrx_word' id='word_1_465' title='bbox 3438 1304 3761 1358; x_wconf 83' lang='lat' dir='ltr'><strong>humectum</strong></span> 
     </span>
    </p>
   </div>
   <div class='ocr_carea' id='block_1_64' title="bbox 2180 1393 3762 1467">
    <p class='ocr_par' dir='ltr' id='par_1_64' title="bbox 2180 1393 3762 1467">
     <span class='ocr_line' id='line_1_64' title="bbox 2180 1393 3762 1467; baseline 0 -18"><span class='ocrx_word' id='word_1_466' title='bbox 2180 1394 2547 1466; x_wconf 89' lang='lat' dir='ltr'><strong>amplumque.</strong></span> <span class='ocrx_word' id='word_1_467' title='bbox 2572 1393 2780 1467; x_wconf 88' lang='lat' dir='ltr'><strong>Ibique,</strong></span> <span class='ocrx_word' id='word_1_468' title='bbox 2808 1395 2937 1464; x_wconf 82' lang='lat' dir='ltr'><strong>quia</strong></span> <span class='ocrx_word' id='word_1_469' title='bbox 2969 1396 3036 1449; x_wconf 88' lang='lat' dir='ltr'><strong>ad</strong></span> <span class='ocrx_word' id='word_1_470' title='bbox 3060 1395 3165 1450; x_wconf 83' lang='lat' dir='ltr'><strong>hoc</strong></span> <span class='ocrx_word' id='word_1_471' title='bbox 3191 1404 3377 1465; x_wconf 85' lang='lat' dir='ltr'><strong>aptum</strong></span> <span class='ocrx_word' id='word_1_472' title='bbox 3407 1404 3549 1463; x_wconf 87' lang='lat' dir='ltr'><strong>erat,</strong></span> <span class='ocrx_word' id='word_1_473' title='bbox 3576 1405 3762 1449; x_wconf 86' lang='lat' dir='ltr'><strong>castra</strong></span> 
     </span>
    </p>
   </div>
   <div class='ocr_carea' id='block_1_65' title="bbox 2180 1486 2603 1542">
    <p class='ocr_par' dir='ltr' id='par_1_65' title="bbox 2180 1486 2603 1542">
     <span class='ocr_line' id='line_1_65' title="bbox 2180 1486 2603 1542; baseline 0 0"><span class='ocrx_word' id='word_1_474' title='bbox 2180 1486 2369 1542; x_wconf 81' lang='lat' dir='ltr'><strong>metati</strong></span> <span class='ocrx_word' id='word_1_475' title='bbox 2392 1491 2603 1542; x_wconf 81' lang='lat' dir='ltr'><strong>sumus.</strong></span> 
     </span>
    </p>
   </div>
   <div class='ocr_carea' id='block_1_66' title="bbox 2255 1575 3767 1649">
    <p class='ocr_par' dir='ltr' id='par_1_66' title="bbox 2255 1575 3767 1649">
     <span class='ocr_line' id='line_1_66' title="bbox 2255 1575 3767 1649; baseline 0.001 -19"><span class='ocrx_word' id='word_1_476' title='bbox 2255 1578 2340 1632; x_wconf 90' lang='lat'><strong>76.</strong></span> <span class='ocrx_word' id='word_1_477' title='bbox 2377 1576 2474 1632; x_wconf 75' lang='lat' dir='ltr'><strong>llic</strong></span> <span class='ocrx_word' id='word_1_478' title='bbox 2503 1576 2935 1645; x_wconf 83' lang='lat' dir='ltr'><strong>Herlembaldus,</strong></span> <span class='ocrx_word' id='word_1_479' title='bbox 2958 1578 3043 1633; x_wconf 89' lang='lat' dir='ltr'><strong>vir</strong></span> <span class='ocrx_word' id='word_1_480' title='bbox 3085 1578 3345 1649; x_wconf 88' lang='lat' dir='ltr'><strong>prudens,</strong></span> <span class='ocrx_word' id='word_1_481' title='bbox 3373 1578 3573 1633; x_wconf 88' lang='lat' dir='ltr'><strong>iterum</strong></span> <span class='ocrx_word' id='word_1_482' title='bbox 3616 1575 3767 1633; x_wconf 75' lang='lat' dir='ltr'><strong>dele-</strong></span> 
     </span>
    </p>
   </div>
   <div class='ocr_carea' id='block_1_67' title="bbox 2183 1670 3763 1745">
    <p class='ocr_par' dir='ltr' id='par_1_67' title="bbox 2183 1670 3763 1745">
     <span class='ocr_line' id='line_1_67' title="bbox 2183 1670 3763 1745; baseline 0 -22"><span class='ocrx_word' id='word_1_483' title='bbox 2183 1670 2330 1740; x_wconf 85' lang='lat' dir='ltr'><strong>gavit</strong></span> <span class='ocrx_word' id='word_1_484' title='bbox 2374 1670 2865 1742; x_wconf 72' lang='lat' dir='ltr'><strong>(52),&#39;blandeque</strong></span> <span class='ocrx_word' id='word_1_485' title='bbox 2902 1672 3173 1726; x_wconf 68' lang='lat' dir='ltr'><strong>&#39;sanctum</strong></span> <span class='ocrx_word' id='word_1_486' title='bbox 3233 1685 3434 1740; x_wconf 88' lang='lat' dir='ltr'><strong>corpus</strong></span> <span class='ocrx_word' id='word_1_487' title='bbox 3487 1671 3763 1745; x_wconf 60' lang='lat' dir='ltr'><strong>quaesivit.</strong></span> 
     </span>
    </p>
   </div>
   <div class='ocr_carea' id='block_1_68' title="bbox 2112 1738 3767 1833">
    <p class='ocr_par' dir='ltr' id='par_1_68' title="bbox 2112 1738 3767 1833">
     <span class='ocr_line' id='line_1_68' title="bbox 2112 1738 3767 1833; baseline 0.001 -18"><span class='ocrx_word' id='word_1_488' title='bbox 2112 1738 2156 1792; x_wconf 78' lang='grc' dir='ltr'>Β</span> <span class='ocrx_word' id='word_1_489' title='bbox 2181 1738 2667 1833; x_wconf 56' lang='grc' dir='ltr'><strong>ῥετῑεήὴῑῖἰωᾳυθ</strong></span> <span class='ocrx_word' id='word_1_490' title='bbox 2700 1738 2886 1818; x_wconf 80' lang='lat' dir='ltr'><strong>hostes</strong></span> <span class='ocrx_word' id='word_1_491' title='bbox 2917 1778 2948 1817; x_wconf 93' lang='lat' dir='ltr'><strong>a</strong></span> <span class='ocrx_word' id='word_1_492' title='bbox 2979 1763 3161 1817; x_wconf 89' lang='lat' dir='ltr'><strong>sonitu</strong></span> <span class='ocrx_word' id='word_1_493' title='bbox 3186 1738 3433 1832; x_wconf 80' lang='lat' dir='ltr'><strong>pavendo</strong></span> <span class='ocrx_word' id='word_1_494' title='bbox 3477 1738 3767 1817; x_wconf 71' lang='lat' dir='ltr'><strong>frementis</strong></span> 
     </span>
    </p>
   </div>
   <div class='ocr_carea' id='block_1_69' title="bbox 2182 1852 3765 1923">
    <p class='ocr_par' dir='ltr' id='par_1_69' title="bbox 2182 1852 3765 1923">
     <span class='ocr_line' id='line_1_69' title="bbox 2182 1852 3765 1923; baseline -0.001 -15"><span class='ocrx_word' id='word_1_495' title='bbox 2182 1853 2547 1908; x_wconf 87' lang='lat' dir='ltr'><strong>multitudinis</strong></span> <span class='ocrx_word' id='word_1_496' title='bbox 2578 1869 2740 1923; x_wconf 85' lang='lat' dir='ltr'><strong>super</strong></span> <span class='ocrx_word' id='word_1_497' title='bbox 2765 1868 2824 1908; x_wconf 92' lang='lat' dir='ltr'><strong>se</strong></span> <span class='ocrx_word' id='word_1_498' title='bbox 2843 1854 3141 1917; x_wconf 86' lang='lat' dir='ltr'><strong>venientis,</strong></span> <span class='ocrx_word' id='word_1_499' title='bbox 3168 1853 3459 1923; x_wconf 86' lang='lat' dir='ltr'><strong>prohibere</strong></span> <span class='ocrx_word' id='word_1_500' title='bbox 3486 1852 3635 1923; x_wconf 86' lang='lat' dir='ltr'><strong>quod</strong></span> <span class='ocrx_word' id='word_1_501' title='bbox 3668 1867 3765 1921; x_wconf 84' lang='lat' dir='ltr'><strong>pe-</strong></span> 
     </span>
    </p>
   </div>
   <div class='ocr_carea' id='block_1_70' title="bbox 2187 1942 3770 1999">
    <p class='ocr_par' dir='ltr' id='par_1_70' title="bbox 2187 1942 3770 1999">
     <span class='ocr_line' id='line_1_70' title="bbox 2187 1942 3770 1999; baseline -0.001 -3"><span class='ocrx_word' id='word_1_502' title='bbox 2187 1942 2401 1996; x_wconf 80' lang='lat' dir='ltr'><strong>tebatur</strong></span> <span class='ocrx_word' id='word_1_503' title='bbox 2431 1942 2574 1996; x_wconf 88' lang='lat' dir='ltr'><strong>ultra</strong></span> <span class='ocrx_word' id='word_1_504' title='bbox 2597 1958 2707 1997; x_wconf 91' lang='lat' dir='ltr'><strong>non</strong></span> <span class='ocrx_word' id='word_1_505' title='bbox 2738 1943 2859 1997; x_wconf 92' lang='lat' dir='ltr'><strong>ausi</strong></span> <span class='ocrx_word' id='word_1_506' title='bbox 2886 1953 3031 1999; x_wconf 91' lang='lat' dir='ltr'><strong>sunt.</strong></span> <span class='ocrx_word' id='word_1_507' title='bbox 3064 1942 3129 1998; x_wconf 88' lang='lat' dir='ltr'><strong>Et</strong></span> <span class='ocrx_word' id='word_1_508' title='bbox 3150 1959 3275 1998; x_wconf 89' lang='lat' dir='ltr'><strong>ecce</strong></span> <span class='ocrx_word' id='word_1_509' title='bbox 3297 1944 3384 1998; x_wconf 91' lang='lat' dir='ltr'><strong>die</strong></span> <span class='ocrx_word' id='word_1_510' title='bbox 3414 1944 3589 1997; x_wconf 89' lang='lat' dir='ltr'><strong>altero</strong></span> <span class='ocrx_word' id='word_1_511' title='bbox 3640 1943 3770 1996; x_wconf 88' lang='lat' dir='ltr'><strong>illu-</strong></span> 
     </span>
    </p>
   </div>
   <div class='ocr_carea' id='block_1_71' title="bbox 2184 2025 3764 2102">
    <p class='ocr_par' dir='ltr' id='par_1_71' title="bbox 2184 2025 3764 2102">
     <span class='ocr_line' id='line_1_71' title="bbox 2184 2025 3764 2102; baseline -0.002 -14"><span class='ocrx_word' id='word_1_512' title='bbox 2184 2025 2453 2100; x_wconf 85' lang='lat' dir='ltr'><strong>cescente,</strong></span> <span class='ocrx_word' id='word_1_513' title='bbox 2479 2047 2583 2087; x_wconf 84' lang='lat' dir='ltr'><strong>vox</strong></span> <span class='ocrx_word' id='word_1_514' title='bbox 2606 2031 2829 2088; x_wconf 60' lang='lat' dir='ltr'><strong>letifera</strong></span> <span class='ocrx_word' id='word_1_515' title='bbox 2860 2048 2954 2102; x_wconf 91' lang='lat' dir='ltr'><strong>per</strong></span> <span class='ocrx_word' id='word_1_516' title='bbox 2998 2041 3178 2087; x_wconf 88' lang='lat' dir='ltr'><strong>castra</strong></span> <span class='ocrx_word' id='word_1_517' title='bbox 3219 2032 3483 2099; x_wconf 87' lang='lat' dir='ltr'><strong>insonuit,</strong></span> <span class='ocrx_word' id='word_1_518' title='bbox 3523 2032 3764 2087; x_wconf 84' lang='lat' dir='ltr'><strong>dicens:</strong></span> 
     </span>
    </p>
   </div>
   <div class='ocr_carea' id='block_1_72' title="bbox 2185 2123 3770 2194">
    <p class='ocr_par' dir='ltr' id='par_1_72' title="bbox 2185 2123 3770 2194">
     <span class='ocr_line' id='line_1_72' title="bbox 2185 2123 3770 2194; baseline -0.001 -18"><span class='ocrx_word' id='word_1_519' title='bbox 2185 2124 2245 2177; x_wconf 76' lang='grc' dir='ltr'><strong>ιιι</strong></span> <span class='ocrx_word' id='word_1_520' title='bbox 2278 2124 2460 2178; x_wconf 90' lang='lat' dir='ltr'><strong>littore</strong></span> <span class='ocrx_word' id='word_1_521' title='bbox 2480 2124 2699 2194; x_wconf 85' lang='lat' dir='ltr'><strong>quidem</strong></span> <span class='ocrx_word' id='word_1_522' title='bbox 2722 2123 2906 2179; x_wconf 71' lang='lat' dir='ltr'><strong>“Ticini</strong></span> <span class='ocrx_word' id='word_1_523' title='bbox 2933 2123 3197 2178; x_wconf 79' lang='lat' dir='ltr'><strong>directum</strong></span> <span class='ocrx_word' id='word_1_524' title='bbox 3230 2124 3390 2178; x_wconf 85' lang='lat' dir='ltr'><strong>estin</strong></span> <span class='ocrx_word' id='word_1_525' title='bbox 3418 2134 3613 2177; x_wconf 87' lang='lat' dir='ltr'><strong>navem</strong></span> <span class='ocrx_word' id='word_1_526' title='bbox 3643 2136 3770 2177; x_wconf 89' lang='lat' dir='ltr'><strong>cor-</strong></span> 
     </span>
    </p>
   </div>
   <div class='ocr_carea' id='block_1_73' title="bbox 2185 2202 3770 2289">
    <p class='ocr_par' dir='ltr' id='par_1_73' title="bbox 2185 2202 3770 2289">
     <span class='ocr_line' id='line_1_73' title="bbox 2185 2202 3770 2289; baseline -0.004 -16"><span class='ocrx_word' id='word_1_527' title='bbox 2185 2234 2289 2289; x_wconf 87' lang='lat' dir='ltr'><strong>pus</strong></span> <span class='ocrx_word' id='word_1_528' title='bbox 2326 2216 2387 2271; x_wconf 89' lang='lat' dir='ltr'><strong>B.</strong></span> <span class='ocrx_word' id='word_1_529' title='bbox 2419 2215 2644 2271; x_wconf 78' lang='lat' dir='ltr'><strong>Arialdi.</strong></span> <span class='ocrx_word' id='word_1_530' title='bbox 2677 2215 2773 2272; x_wconf 83' lang='lat' dir='ltr'><strong>His</strong></span> <span class='ocrx_word' id='word_1_531' title='bbox 2802 2215 3003 2272; x_wconf 89' lang='lat' dir='ltr'><strong>auditis</strong></span> <span class='ocrx_word' id='word_1_532' title='bbox 3033 2216 3277 2272; x_wconf 90' lang='lat' dir='ltr'><strong>certatim</strong></span> <span class='ocrx_word' id='word_1_533' title='bbox 3299 2230 3489 2269; x_wconf 86' lang='lat' dir='ltr'><strong>omnes</strong></span> <span class='ocrx_word' id='word_1_534' title='bbox 3514 2202 3770 2284; x_wconf 81' lang='lat' dir='ltr'><strong>arripue-</strong></span> 
     </span>
    </p>
   </div>
   <div class='ocr_carea' id='block_1_74' title="bbox 2187 2307 3773 2379">
    <p class='ocr_par' dir='ltr' id='par_1_74' title="bbox 2187 2307 3773 2379">
     <span class='ocr_line' id='line_1_74' title="bbox 2187 2307 3773 2379; baseline -0.003 -15"><span class='ocrx_word' id='word_1_535' title='bbox 2187 2320 2315 2367; x_wconf 88' lang='lat' dir='ltr'><strong>runt</strong></span> <span class='ocrx_word' id='word_1_536' title='bbox 2337 2325 2593 2376; x_wconf 87' lang='lat' dir='ltr'><strong>cursum;</strong></span> <span class='ocrx_word' id='word_1_537' title='bbox 2642 2309 2731 2364; x_wconf 90' lang='lat' dir='ltr'><strong>ille</strong></span> <span class='ocrx_word' id='word_1_538' title='bbox 2770 2324 3007 2379; x_wconf 87' lang='lat' dir='ltr'><strong>namque</strong></span> <span class='ocrx_word' id='word_1_539' title='bbox 3036 2308 3339 2369; x_wconf 85' lang='lat' dir='ltr'><strong>habebatur</strong></span> <span class='ocrx_word' id='word_1_540' title='bbox 3381 2317 3510 2362; x_wconf 90' lang='lat' dir='ltr'><strong>tunc</strong></span> <span class='ocrx_word' id='word_1_541' title='bbox 3554 2307 3773 2361; x_wconf 88' lang='lat' dir='ltr'><strong>beatior</strong></span> 
     </span>
    </p>
   </div>
   <div class='ocr_carea' id='block_1_75' title="bbox 2187 2395 3773 2472">
    <p class='ocr_par' dir='ltr' id='par_1_75' title="bbox 2187 2395 3773 2472">
     <span class='ocr_line' id='line_1_75' title="bbox 2187 2395 3773 2472; baseline -0.003 -18"><span class='ocrx_word' id='word_1_542' title='bbox 2187 2401 2282 2472; x_wconf 89' lang='lat' dir='ltr'><strong>qui</strong></span> <span class='ocrx_word' id='word_1_543' title='bbox 2303 2401 2372 2456; x_wconf 88' lang='lat' dir='ltr'><strong>ad</strong></span> <span class='ocrx_word' id='word_1_544' title='bbox 2402 2401 2729 2455; x_wconf 87' lang='lat' dir='ltr'><strong>currendum</strong></span> <span class='ocrx_word' id='word_1_545' title='bbox 2753 2408 2871 2455; x_wconf 90' lang='lat' dir='ltr'><strong>erat</strong></span> <span class='ocrx_word' id='word_1_546' title='bbox 2891 2399 3212 2469; x_wconf 89' lang='lat' dir='ltr'><strong>promptior.</strong></span> <span class='ocrx_word' id='word_1_547' title='bbox 3247 2395 3324 2452; x_wconf 83' lang='lat' dir='ltr'><strong>Eo</strong></span> <span class='ocrx_word' id='word_1_548' title='bbox 3372 2397 3542 2468; x_wconf 85' lang='lat' dir='ltr'><strong>igitur</strong></span> <span class='ocrx_word' id='word_1_549' title='bbox 3590 2398 3773 2451; x_wconf 81' lang='lat' dir='ltr'><strong>levato</strong></span> 
     </span>
    </p>
   </div>
   <div class='ocr_carea' id='block_1_76' title="bbox 2191 2481 3775 2562">
    <p class='ocr_par' dir='ltr' id='par_1_76' title="bbox 2191 2481 3775 2562">
     <span class='ocr_line' id='line_1_76' title="bbox 2191 2481 3775 2562; baseline -0.004 -17"><span class='ocrx_word' id='word_1_550' title='bbox 2191 2492 2254 2545; x_wconf 89' lang='lat' dir='ltr'><strong>in-</strong></span> <span class='ocrx_word' id='word_1_551' title='bbox 2270 2490 2530 2545; x_wconf 76' lang='lat' dir='ltr'><strong>feretrum</strong></span> <span class='ocrx_word' id='word_1_552' title='bbox 2569 2490 2702 2562; x_wconf 79' lang='grc'>(55),</span> <span class='ocrx_word' id='word_1_553' title='bbox 2733 2505 2858 2545; x_wconf 91' lang='lat' dir='ltr'><strong>cum</strong></span> <span class='ocrx_word' id='word_1_554' title='bbox 2887 2496 3039 2544; x_wconf 87' lang='lat' dir='ltr'><strong>tanta</strong></span> <span class='ocrx_word' id='word_1_555' title='bbox 3067 2488 3238 2560; x_wconf 88' lang='lat' dir='ltr'><strong>gloria</strong></span> <span class='ocrx_word' id='word_1_556' title='bbox 3273 2496 3326 2543; x_wconf 91' lang='lat' dir='ltr'><strong>et</strong></span> <span class='ocrx_word' id='word_1_557' title='bbox 3364 2488 3525 2542; x_wconf 86' lang='lat' dir='ltr'><strong>laude</strong></span> <span class='ocrx_word' id='word_1_558' title='bbox 3570 2481 3775 2541; x_wconf 77' lang='lat' dir='ltr'><strong>reverti</strong></span> 
     </span>
    </p>
   </div>
   <div class='ocr_carea' id='block_1_77' title="bbox 2191 2584 3773 2654">
    <p class='ocr_par' dir='ltr' id='par_1_77' title="bbox 2191 2584 3773 2654">
     <span class='ocr_line' id='line_1_77' title="bbox 2191 2584 3773 2654; baseline -0.003 -15"><span class='ocrx_word' id='word_1_559' title='bbox 2191 2585 2457 2653; x_wconf 75' lang='lat' dir='ltr'><strong>ccepimus</strong></span> <span class='ocrx_word' id='word_1_560' title='bbox 2498 2592 2557 2639; x_wconf 93' lang='lat' dir='ltr'><strong>ut</strong></span> <span class='ocrx_word' id='word_1_561' title='bbox 2592 2600 2686 2640; x_wconf 89' lang='lat' dir='ltr'><strong>eas</strong></span> <span class='ocrx_word' id='word_1_562' title='bbox 2740 2584 2895 2639; x_wconf 81' lang='lat' dir='ltr'><strong>‘nullo</strong></span> <span class='ocrx_word' id='word_1_563' title='bbox 2949 2584 3113 2639; x_wconf 89' lang='lat' dir='ltr'><strong>modo</strong></span> <span class='ocrx_word' id='word_1_564' title='bbox 3164 2585 3468 2654; x_wconf 83' lang='lat' dir='ltr'><strong>exprimere</strong></span> <span class='ocrx_word' id='word_1_565' title='bbox 3522 2597 3773 2652; x_wconf 84' lang='lat' dir='ltr'><strong>possem,</strong></span> 
     </span>
    </p>
   </div>
   <div class='ocr_carea' id='block_1_78' title="bbox 2192 2672 3778 2746">
    <p class='ocr_par' dir='ltr' id='par_1_78' title="bbox 2192 2672 3778 2746">
     <span class='ocr_line' id='line_1_78' title="bbox 2192 2672 3778 2746; baseline -0.003 -16"><span class='ocrx_word' id='word_1_566' title='bbox 2192 2677 2407 2730; x_wconf 80' lang='lat' dir='ltr'><strong>etiamsi</strong></span> <span class='ocrx_word' id='word_1_567' title='bbox 2432 2691 2619 2730; x_wconf 89' lang='lat' dir='ltr'><strong>vocem</strong></span> <span class='ocrx_word' id='word_1_568' title='bbox 2640 2675 2994 2746; x_wconf 87' lang='lat' dir='ltr'><strong>linguamque</strong></span> <span class='ocrx_word' id='word_1_569' title='bbox 3007 2675 3237 2730; x_wconf 81' lang='lat' dir='ltr'><strong>ferream</strong></span> <span class='ocrx_word' id='word_1_570' title='bbox 3254 2674 3534 2728; x_wconf 82' lang='lat' dir='ltr'><strong>haberem.</strong></span> <span class='ocrx_word' id='word_1_571' title='bbox 3552 2672 3694 2727; x_wconf 81' lang='lat' dir='ltr'><strong>Nam</strong></span> <span class='ocrx_word' id='word_1_572' title='bbox 3710 2672 3778 2726; x_wconf 89' lang='lat' dir='ltr'><strong>de</strong></span> 
     </span>
    </p>
   </div>
   <div class='ocr_carea' id='block_1_79' title="bbox 2193 2766 3775 2842">
    <p class='ocr_par' dir='ltr' id='par_1_79' title="bbox 2193 2766 3775 2842">
     <span class='ocr_line' id='line_1_79' title="bbox 2193 2766 3775 2842; baseline -0.003 -20"><span class='ocrx_word' id='word_1_573' title='bbox 2193 2767 2662 2837; x_wconf 75' lang='lat' dir='ltr'><strong>Castellis,quibus</strong></span> <span class='ocrx_word' id='word_1_574' title='bbox 2700 2783 2759 2821; x_wconf 89' lang='lat' dir='ltr'><strong>se</strong></span> <span class='ocrx_word' id='word_1_575' title='bbox 2795 2768 3175 2842; x_wconf 86' lang='lat' dir='ltr'><strong>concluserant</strong></span> <span class='ocrx_word' id='word_1_576' title='bbox 3203 2782 3301 2836; x_wconf 91' lang='lat' dir='ltr'><strong>pro</strong></span> <span class='ocrx_word' id='word_1_577' title='bbox 3326 2767 3528 2821; x_wconf 86' lang='lat' dir='ltr'><strong>civium</strong></span> <span class='ocrx_word' id='word_1_578' title='bbox 3552 2766 3775 2830; x_wconf 70' lang='lat' dir='ltr'><strong>timore,</strong></span> 
     </span>
    </p>
   </div>
   <div class='ocr_carea' id='block_1_80' title="bbox 2194 2855 3781 2927">
    <p class='ocr_par' dir='ltr' id='par_1_80' title="bbox 2194 2855 3781 2927">
     <span class='ocr_line' id='line_1_80' title="bbox 2194 2855 3781 2927; baseline -0.002 -16"><span class='ocrx_word' id='word_1_579' title='bbox 2194 2857 2416 2912; x_wconf 88' lang='lat' dir='ltr'><strong>exibant</strong></span> <span class='ocrx_word' id='word_1_580' title='bbox 2440 2857 2939 2927; x_wconf 88' lang='lat' dir='ltr'><strong>senum,juvenum</strong></span> <span class='ocrx_word' id='word_1_581' title='bbox 2987 2866 3149 2926; x_wconf 88' lang='lat' dir='ltr'><strong>atque</strong></span> <span class='ocrx_word' id='word_1_582' title='bbox 3202 2857 3498 2910; x_wconf 89' lang='lat' dir='ltr'><strong>mulierum</strong></span> <span class='ocrx_word' id='word_1_583' title='bbox 3548 2855 3781 2909; x_wconf 65' lang='lat' dir='ltr'><strong>inﬁnitae</strong></span> 
     </span>
    </p>
   </div>
   <div class='ocr_carea' id='block_1_81' title="bbox 2196 2946 3779 3017">
    <p class='ocr_par' dir='ltr' id='par_1_81' title="bbox 2196 2946 3779 3017">
     <span class='ocr_line' id='line_1_81' title="bbox 2196 2946 3779 3017; baseline 0 -16"><span class='ocrx_word' id='word_1_584' title='bbox 2196 2947 2592 3013; x_wconf 85' lang='lat' dir='ltr'><strong>multitudines,</strong></span> <span class='ocrx_word' id='word_1_585' title='bbox 2616 2946 2843 3002; x_wconf 48' lang='lat' dir='ltr'><strong>Cru&#39;ces&#39;</strong></span> <span class='ocrx_word' id='word_1_586' title='bbox 2869 2962 3164 3017; x_wconf 78' lang='lat' dir='ltr'><strong>cereusque</strong></span> <span class='ocrx_word' id='word_1_587' title='bbox 3209 2955 3372 3017; x_wconf 91' lang='lat' dir='ltr'><strong>atque</strong></span> <span class='ocrx_word' id='word_1_588' title='bbox 3399 2947 3598 3001; x_wconf 87' lang='lat' dir='ltr'><strong>situlas</strong></span> <span class='ocrx_word' id='word_1_589' title='bbox 3636 2962 3779 3017; x_wconf 80' lang='lat' dir='ltr'><strong>aqua</strong></span> 
     </span>
    </p>
   </div>
   <div class='ocr_carea' id='block_1_82' title="bbox 2122 3040 3780 3133">
    <p class='ocr_par' dir='ltr' id='par_1_82' title="bbox 2122 3040 3780 3133">
     <span class='ocr_line' id='line_1_82' title="bbox 2122 3040 3780 3133; baseline -0.001 -38"><span class='ocrx_word' id='word_1_590' title='bbox 2122 3076 2164 3133; x_wconf 66' lang='grc' dir='ltr'><strong>Ο</strong></span> <span class='ocrx_word' id='word_1_591' title='bbox 2196 3043 2387 3112; x_wconf 88' lang='lat' dir='ltr'><strong>plenas</strong></span> <span class='ocrx_word' id='word_1_592' title='bbox 2431 3041 2512 3112; x_wconf 88' lang='lat' dir='ltr'><strong>(ut</strong></span> <span class='ocrx_word' id='word_1_593' title='bbox 2535 3049 2787 3111; x_wconf 89' lang='lat' dir='ltr'><strong>potarent</strong></span> <span class='ocrx_word' id='word_1_594' title='bbox 2810 3042 3129 3112; x_wconf 67' lang='lat' dir='ltr'><strong>aestuantes)</strong></span> <span class='ocrx_word' id='word_1_595' title='bbox 3159 3040 3484 3107; x_wconf 82' lang='lat' dir='ltr'><strong>deferentes,</strong></span> <span class='ocrx_word' id='word_1_596' title='bbox 3508 3050 3566 3095; x_wconf 89' lang='lat' dir='ltr'><strong>et</strong></span> <span class='ocrx_word' id='word_1_597' title='bbox 3598 3056 3780 3125; x_wconf 84' lang='lat' dir='ltr'><strong>unus-</strong></span> 
     </span>
    </p>
   </div>
   <div class='ocr_carea' id='block_1_83' title="bbox 2197 3122 3782 3204">
    <p class='ocr_par' dir='ltr' id='par_1_83' title="bbox 2197 3122 3782 3204">
     <span class='ocr_line' id='line_1_83' title="bbox 2197 3122 3782 3204; baseline -0.002 -17"><span class='ocrx_word' id='word_1_598' title='bbox 2197 3134 2453 3204; x_wconf 89' lang='lat' dir='ltr'><strong>quisque,</strong></span> <span class='ocrx_word' id='word_1_599' title='bbox 2474 3140 2637 3202; x_wconf 88' lang='lat' dir='ltr'><strong>prout</strong></span> <span class='ocrx_word' id='word_1_600' title='bbox 2656 3133 2886 3199; x_wconf 88' lang='lat' dir='ltr'><strong>valebat,</strong></span> <span class='ocrx_word' id='word_1_601' title='bbox 2911 3146 3043 3188; x_wconf 88' lang='lat' dir='ltr'><strong>voce</strong></span> <span class='ocrx_word' id='word_1_602' title='bbox 3062 3128 3277 3187; x_wconf 82' lang='lat' dir='ltr'><strong>excelsa</strong></span> <span class='ocrx_word' id='word_1_603' title='bbox 3315 3133 3621 3187; x_wconf 85' lang='lat' dir='ltr'><strong>immensas</strong></span> <span class='ocrx_word' id='word_1_604' title='bbox 3664 3122 3782 3184; x_wconf 77' lang='lat' dir='ltr'><strong>Deo</strong></span> 
     </span>
    </p>
   </div>
   <div class='ocr_carea' id='block_1_84' title="bbox 2197 3223 3786 3297">
    <p class='ocr_par' dir='ltr' id='par_1_84' title="bbox 2197 3223 3786 3297">
     <span class='ocr_line' id='line_1_84' title="bbox 2197 3223 3786 3297; baseline -0.001 -19"><span class='ocrx_word' id='word_1_605' title='bbox 2197 3225 2399 3297; x_wconf 86' lang='lat' dir='ltr'><strong>gratias</strong></span> <span class='ocrx_word' id='word_1_606' title='bbox 2420 3224 2697 3279; x_wconf 84' lang='lat' dir='ltr'><strong>reddebat.</strong></span> <span class='ocrx_word' id='word_1_607' title='bbox 2725 3223 3111 3278; x_wconf 81' lang='lat' dir='ltr'><strong>Tintinnabula</strong></span> <span class='ocrx_word' id='word_1_608' title='bbox 3162 3223 3359 3294; x_wconf 87' lang='lat' dir='ltr'><strong>quippe</strong></span> <span class='ocrx_word' id='word_1_609' title='bbox 3409 3223 3786 3293; x_wconf 80' lang='lat' dir='ltr'><strong>personabant</strong></span> 
     </span>
    </p>
   </div>
   <div class='ocr_carea' id='block_1_85' title="bbox 2198 3314 3783 3387">
    <p class='ocr_par' dir='ltr' id='par_1_85' title="bbox 2198 3314 3783 3387">
     <span class='ocr_line' id='line_1_85' title="bbox 2198 3314 3783 3387; baseline -0.003 -16"><span class='ocrx_word' id='word_1_610' title='bbox 2198 3316 2457 3386; x_wconf 87' lang='lat' dir='ltr'><strong>undique,</strong></span> <span class='ocrx_word' id='word_1_611' title='bbox 2496 3317 2718 3372; x_wconf 89' lang='lat' dir='ltr'><strong>arbores</strong></span> <span class='ocrx_word' id='word_1_612' title='bbox 2742 3314 2962 3387; x_wconf 85' lang='lat' dir='ltr'><strong>quoque</strong></span> <span class='ocrx_word' id='word_1_613' title='bbox 2985 3315 3379 3386; x_wconf 85' lang='lat' dir='ltr'><strong>quamplurimi</strong></span> <span class='ocrx_word' id='word_1_614' title='bbox 3413 3315 3783 3379; x_wconf 85' lang='lat' dir='ltr'><strong>scandebant,</strong></span> 
     </span>
    </p>
   </div>
   <div class='ocr_carea' id='block_1_86' title="bbox 2198 3408 3191 3478">
    <p class='ocr_par' dir='ltr' id='par_1_86' title="bbox 2198 3408 3191 3478">
     <span class='ocr_line' id='line_1_86' title="bbox 2198 3408 3191 3478; baseline -0.002 -15"><span class='ocrx_word' id='word_1_615' title='bbox 2198 3415 2261 3463; x_wconf 88' lang='lat' dir='ltr'><strong>ut</strong></span> <span class='ocrx_word' id='word_1_616' title='bbox 2293 3409 2471 3478; x_wconf 87' lang='lat' dir='ltr'><strong>ipsum</strong></span> <span class='ocrx_word' id='word_1_617' title='bbox 2506 3408 2698 3463; x_wconf 88' lang='lat' dir='ltr'><strong>saltem</strong></span> <span class='ocrx_word' id='word_1_618' title='bbox 2730 3408 3191 3478; x_wconf 70' lang='lat' dir='ltr'><strong>videre&#39;possent.</strong></span> 
     </span>
    </p>
   </div>
   <div class='ocr_carea' id='block_1_87' title="bbox 2268 3508 3785 3593">
    <p class='ocr_par' dir='ltr' id='par_1_87' title="bbox 2268 3508 3785 3593">
     <span class='ocr_line' id='line_1_87' title="bbox 2268 3508 3785 3593; baseline 0.002 -22"><span class='ocrx_word' id='word_1_619' title='bbox 2268 3518 2353 3572; x_wconf 86' lang='lat'><strong>77.</strong></span> <span class='ocrx_word' id='word_1_620' title='bbox 2391 3519 2459 3573; x_wconf 74' lang='lat' dir='ltr'><strong>At</strong></span> <span class='ocrx_word' id='word_1_621' title='bbox 2486 3520 2577 3573; x_wconf 91' lang='lat' dir='ltr'><strong>ubi</strong></span> <span class='ocrx_word' id='word_1_622' title='bbox 2602 3519 2906 3575; x_wconf 69' lang='lat' dir='ltr'><strong>Mediolano</strong></span> <span class='ocrx_word' id='word_1_623' title='bbox 2928 3508 3785 3593; x_wconf 84' lang='lat' dir='ltr'><strong>propinquavimus,totam_pene</strong></span> 
     </span>
    </p>
   </div>
   <div class='ocr_carea' id='block_1_88' title="bbox 2201 3611 3785 3679">
    <p class='ocr_par' dir='ltr' id='par_1_88' title="bbox 2201 3611 3785 3679">
     <span class='ocr_line' id='line_1_88' title="bbox 2201 3611 3785 3679; baseline 0.001 -15"><span class='ocrx_word' id='word_1_624' title='bbox 2201 3611 2393 3665; x_wconf 80' lang='lat' dir='ltr'><strong>urbem</strong></span> <span class='ocrx_word' id='word_1_625' title='bbox 2451 3611 2668 3665; x_wconf 91' lang='lat' dir='ltr'><strong>obviam</strong></span> <span class='ocrx_word' id='word_1_626' title='bbox 2717 3613 3043 3675; x_wconf 86' lang='lat' dir='ltr'><strong>habuimus;</strong></span> <span class='ocrx_word' id='word_1_627' title='bbox 3114 3620 3417 3679; x_wconf 84' lang='lat' dir='ltr'><strong>matronas,</strong></span> <span class='ocrx_word' id='word_1_628' title='bbox 3466 3612 3685 3667; x_wconf 85' lang='lat' dir='ltr'><strong>nobiles</strong></span> <span class='ocrx_word' id='word_1_629' title='bbox 3732 3621 3785 3667; x_wconf 85' lang='lat' dir='ltr'><strong>et</strong></span> 
     </span>
    </p>
   </div>
   <div class='ocr_carea' id='block_1_89' title="bbox 2203 3700 3811 3777">
    <p class='ocr_par' dir='ltr' id='par_1_89' title="bbox 2203 3700 3811 3777">
     <span class='ocr_line' id='line_1_89' title="bbox 2203 3700 3811 3777; baseline 0 -18"><span class='ocrx_word' id='word_1_630' title='bbox 2203 3702 2489 3775; x_wconf 76' lang='lat' dir='ltr'><strong>ignobiles,</strong></span> <span class='ocrx_word' id='word_1_631' title='bbox 2518 3719 2705 3759; x_wconf 87' lang='lat' dir='ltr'><strong>cereos</strong></span> <span class='ocrx_word' id='word_1_632' title='bbox 2735 3704 3155 3759; x_wconf 86' lang='lat' dir='ltr'><strong>innumerabiles</strong></span> <span class='ocrx_word' id='word_1_633' title='bbox 3177 3703 3518 3771; x_wconf 84' lang='lat' dir='ltr'><strong>deferentes;</strong></span> <span class='ocrx_word' id='word_1_634' title='bbox 3550 3700 3811 3777; x_wconf 26' lang='lat' dir='ltr'><strong>infantes,</strong></span> 
     </span>
    </p>
   </div>
   <div class='ocr_carea' id='block_1_90' title="bbox 2204 3794 3783 3867">
    <p class='ocr_par' dir='ltr' id='par_1_90' title="bbox 2204 3794 3783 3867">
     <span class='ocr_line' id='line_1_90' title="bbox 2204 3794 3783 3867; baseline -0.001 -15"><span class='ocrx_word' id='word_1_635' title='bbox 2204 3806 2256 3852; x_wconf 87' lang='lat' dir='ltr'><strong>et</strong></span> <span class='ocrx_word' id='word_1_636' title='bbox 2291 3812 2778 3867; x_wconf 84' lang='lat' dir='ltr'><strong>senes,omnesque</strong></span> <span class='ocrx_word' id='word_1_637' title='bbox 2801 3796 2911 3851; x_wconf 92' lang='lat' dir='ltr'><strong>Deo</strong></span> <span class='ocrx_word' id='word_1_638' title='bbox 2935 3797 3150 3851; x_wconf 89' lang='lat' dir='ltr'><strong>laudem</strong></span> <span class='ocrx_word' id='word_1_639' title='bbox 3174 3798 3394 3863; x_wconf 79' lang='lat' dir='ltr'><strong>dantes;</strong></span> <span class='ocrx_word' id='word_1_640' title='bbox 3414 3794 3590 3851; x_wconf 81' lang='lat' dir='ltr'><strong>etiam</strong></span> <span class='ocrx_word' id='word_1_641' title='bbox 3614 3797 3783 3866; x_wconf 83' lang='lat' dir='ltr'><strong>ipsos,</strong></span> 
     </span>
    </p>
   </div>
   <div class='ocr_carea' id='block_1_91' title="bbox 2207 3872 3809 3958">
    <p class='ocr_par' dir='ltr' id='par_1_91' title="bbox 2207 3872 3809 3958">
     <span class='ocr_line' id='line_1_91' title="bbox 2207 3872 3809 3958; baseline -0.001 -19"><span class='ocrx_word' id='word_1_642' title='bbox 2207 3903 2345 3958; x_wconf 88' lang='lat' dir='ltr'><strong>quos</strong></span> <span class='ocrx_word' id='word_1_643' title='bbox 2375 3885 2429 3940; x_wconf 88' lang='lat' dir='ltr'><strong>in</strong></span> <span class='ocrx_word' id='word_1_644' title='bbox 2461 3886 2571 3940; x_wconf 88' lang='lat' dir='ltr'><strong>vita</strong></span> <span class='ocrx_word' id='word_1_645' title='bbox 2599 3902 2702 3940; x_wconf 91' lang='lat' dir='ltr'><strong>sua</strong></span> <span class='ocrx_word' id='word_1_646' title='bbox 2746 3885 2937 3940; x_wconf 86' lang='lat' dir='ltr'><strong>habuit</strong></span> <span class='ocrx_word' id='word_1_647' title='bbox 2977 3886 3224 3951; x_wconf 77' lang='lat' dir='ltr'><strong>aemulos,</strong></span> <span class='ocrx_word' id='word_1_648' title='bbox 3274 3885 3483 3940; x_wconf 88' lang='lat' dir='ltr'><strong>scilicet</strong></span> <span class='ocrx_word' id='word_1_649' title='bbox 3524 3872 3809 3950; x_wconf 49' lang='lat' dir='ltr'><strong>clericos,&#39;</strong></span> 
     </span>
    </p>
   </div>
   <div class='ocr_carea' id='block_1_92' title="bbox 2208 3976 3784 4044">
    <p class='ocr_par' dir='ltr' id='par_1_92' title="bbox 2208 3976 3784 4044">
     <span class='ocr_line' id='line_1_92' title="bbox 2208 3976 3784 4044; baseline 0 -14"><span class='ocrx_word' id='word_1_650' title='bbox 2208 3977 2516 4031; x_wconf 87' lang='lat' dir='ltr'><strong>invenimus</strong></span> <span class='ocrx_word' id='word_1_651' title='bbox 2541 3984 2763 4044; x_wconf 88' lang='lat' dir='ltr'><strong>paratos</strong></span> <span class='ocrx_word' id='word_1_652' title='bbox 2794 3992 2904 4031; x_wconf 89' lang='lat' dir='ltr'><strong>non</strong></span> <span class='ocrx_word' id='word_1_653' title='bbox 2942 3976 3177 4031; x_wconf 75' lang='lat' dir='ltr'><strong>oliicium</strong></span> <span class='ocrx_word' id='word_1_654' title='bbox 3204 3984 3489 4033; x_wconf 86' lang='lat' dir='ltr'><strong>cantantes</strong></span> <span class='ocrx_word' id='word_1_655' title='bbox 3532 3988 3784 4031; x_wconf 87' lang='lat' dir='ltr'><strong>mortuo-</strong></span> 
     </span>
    </p>
   </div>
   <div class='ocr_carea' id='block_1_93' title="bbox 2208 4064 3786 4139">
    <p class='ocr_par' dir='ltr' id='par_1_93' title="bbox 2208 4064 3786 4139">
     <span class='ocr_line' id='line_1_93' title="bbox 2208 4064 3786 4139; baseline 0.001 -19"><span class='ocrx_word' id='word_1_656' title='bbox 2208 4080 2352 4132; x_wconf 86' lang='lat' dir='ltr'><strong>rum,</strong></span> <span class='ocrx_word' id='word_1_657' title='bbox 2384 4067 2477 4121; x_wconf 89' lang='lat' dir='ltr'><strong>sed</strong></span> <span class='ocrx_word' id='word_1_658' title='bbox 2506 4066 2587 4137; x_wconf 92' lang='lat' dir='ltr'><strong>(ut</strong></span> <span class='ocrx_word' id='word_1_659' title='bbox 2605 4067 2848 4136; x_wconf 88' lang='lat' dir='ltr'><strong>decebat)</strong></span> <span class='ocrx_word' id='word_1_660' title='bbox 2881 4066 3196 4139; x_wconf 82' lang='lat' dir='ltr'><strong>Martyrum.</strong></span> <span class='ocrx_word' id='word_1_661' title='bbox 3234 4066 3301 4121; x_wconf 88' lang='lat' dir='ltr'><strong>Et</strong></span> <span class='ocrx_word' id='word_1_662' title='bbox 3349 4067 3429 4123; x_wconf 91' lang='lat' dir='ltr'><strong>sic</strong></span> <span class='ocrx_word' id='word_1_663' title='bbox 3476 4068 3534 4122; x_wconf 91' lang='lat' dir='ltr'><strong>in</strong></span> <span class='ocrx_word' id='word_1_664' title='bbox 3595 4064 3786 4124; x_wconf 80' lang='lat' dir='ltr'><strong>sancto</strong></span> 
     </span>
    </p>
   </div>
   <div class='ocr_carea' id='block_1_94' title="bbox 2208 4154 3788 4227">
    <p class='ocr_par' dir='ltr' id='par_1_94' title="bbox 2208 4154 3788 4227">
     <span class='ocr_line' id='line_1_94' title="bbox 2208 4154 3788 4227; baseline 0.003 -17"><span class='ocrx_word' id='word_1_665' title='bbox 2208 4155 2296 4210; x_wconf 90' lang='lat' dir='ltr'><strong>die</strong></span> <span class='ocrx_word' id='word_1_666' title='bbox 2328 4154 2678 4211; x_wconf 82' lang='lat' dir='ltr'><strong>Ascensionis</strong></span> <span class='ocrx_word' id='word_1_667' title='bbox 2701 4155 2814 4227; x_wconf 71' lang='grc'>(54)</span> <span class='ocrx_word' id='word_1_668' title='bbox 2844 4156 3056 4211; x_wconf 90' lang='lat' dir='ltr'><strong>Domini</strong></span> <span class='ocrx_word' id='word_1_669' title='bbox 3082 4158 3366 4227; x_wconf 88' lang='lat' dir='ltr'><strong>posuimus</strong></span> <span class='ocrx_word' id='word_1_670' title='bbox 3397 4157 3554 4211; x_wconf 90' lang='lat' dir='ltr'><strong>illum</strong></span> <span class='ocrx_word' id='word_1_671' title='bbox 3579 4158 3636 4212; x_wconf 89' lang='lat' dir='ltr'><strong>in</strong></span> <span class='ocrx_word' id='word_1_672' title='bbox 3675 4175 3788 4214; x_wconf 84' lang='lat' dir='ltr'><strong>me-</strong></span> 
     </span>
    </p>
   </div>
   <div class='ocr_carea' id='block_1_95' title="bbox 2210 4243 3787 4303">
    <p class='ocr_par' dir='ltr' id='par_1_95' title="bbox 2210 4243 3787 4303">
     <span class='ocr_line' id='line_1_95' title="bbox 2210 4243 3787 4303; baseline 0.001 -4"><span class='ocrx_word' id='word_1_673' title='bbox 2210 4245 2302 4299; x_wconf 90' lang='lat' dir='ltr'><strong>dio</strong></span> <span class='ocrx_word' id='word_1_674' title='bbox 2328 4244 2570 4300; x_wconf 67' lang='lat' dir='ltr'><strong>ecclesia:</strong></span> <span class='ocrx_word' id='word_1_675' title='bbox 2596 4243 2653 4300; x_wconf 93' lang='lat' dir='ltr'><strong>S.</strong></span> <span class='ocrx_word' id='word_1_676' title='bbox 2685 4244 2980 4302; x_wconf 79' lang='lat' dir='ltr'><strong>Ambrosii.</strong></span> <span class='ocrx_word' id='word_1_677' title='bbox 3034 4245 3189 4302; x_wconf 91' lang='lat' dir='ltr'><strong>Tunc</strong></span> <span class='ocrx_word' id='word_1_678' title='bbox 3223 4246 3420 4301; x_wconf 86' lang='lat' dir='ltr'><strong>nobilis</strong></span> <span class='ocrx_word' id='word_1_679' title='bbox 3449 4245 3787 4303; x_wconf 78' lang='lat' dir='ltr'><strong>Herlembal—</strong></span> 
     </span>
    </p>
   </div>
   <div class='ocr_carea' id='block_1_96' title="bbox 1056 4310 3788 4409">
    <p class='ocr_par' dir='ltr' id='par_1_96' title="bbox 1056 4310 3788 4409">
     <span class='ocr_line' id='line_1_96' title="bbox 1056 4310 3788 4409; baseline 0.001 -19"><span class='ocrx_word' id='word_1_680' title='bbox 1056 4310 1154 4409; x_wconf 48' lang='grc' dir='ltr'><strong>Ῐξθί</strong></span> <span class='ocrx_word' id='word_1_681' title='bbox 1179 4320 1235 4365; x_wconf 67' lang='grc' dir='ltr'><strong>ει</strong></span> <span class='ocrx_word' id='word_1_682' title='bbox 1262 4313 1435 4409; x_wconf 34' lang='lat' dir='ltr'><strong>“Osiri</strong></span> <span class='ocrx_word' id='word_1_683' title='bbox 1459 4317 1631 4409; x_wconf 64' lang='lat'>8”“5</span> <span class='ocrx_word' id='word_1_684' title='bbox 1645 4326 1895 4372; x_wconf 53' lang='lat' dir='ltr'><strong>sanetum</strong></span> <span class='ocrx_word' id='word_1_685' title='bbox 1920 4320 2112 4375; x_wconf 73' lang='grc' dir='ltr'><strong>ηοιυυῑ</strong></span> <span class='ocrx_word' id='word_1_686' title='bbox 2213 4330 2317 4391; x_wconf 73' lang='lat' dir='ltr'><strong>dus</strong></span> <span class='ocrx_word' id='word_1_687' title='bbox 2339 4337 2394 4390; x_wconf 91' lang='lat' dir='ltr'><strong>in</strong></span> <span class='ocrx_word' id='word_1_688' title='bbox 2418 4337 2539 4392; x_wconf 90' lang='lat' dir='ltr'><strong>loco</strong></span> <span class='ocrx_word' id='word_1_689' title='bbox 2563 4337 2824 4392; x_wconf 90' lang='lat' dir='ltr'><strong>eminenti</strong></span> <span class='ocrx_word' id='word_1_690' title='bbox 2859 4353 3201 4409; x_wconf 81' lang='lat' dir='ltr'><strong>progressus,</strong></span> <span class='ocrx_word' id='word_1_691' title='bbox 3236 4324 3351 4394; x_wconf 60' lang='lat' dir='ltr'><strong>haec</strong></span> <span class='ocrx_word' id='word_1_692' title='bbox 3391 4340 3653 4395; x_wconf 81' lang='lat' dir='ltr'><strong>omnibus</strong></span> <span class='ocrx_word' id='word_1_693' title='bbox 3700 4356 3788 4393; x_wconf 82' lang='lat' dir='ltr'><strong>au-</strong></span> 
     </span>
    </p>
   </div>
   <div class='ocr_carea' id='block_1_97' title="bbox 1848 4409 3783 4500">
    <p class='ocr_par' dir='ltr' id='par_1_97' title="bbox 1848 4409 3783 4500">
     <span class='ocr_line' id='line_1_97' title="bbox 1848 4409 3783 4500; baseline 0.004 -23"><span class='ocrx_word' id='word_1_694' title='bbox 1848 4409 2114 4465; x_wconf 67' lang='grc' dir='ltr'><strong>νῖοιεηιθτ</strong></span> <span class='ocrx_word' id='word_1_695' title='bbox 2144 4410 2188 4463; x_wconf 80' lang='lat' dir='ltr'><strong>D</strong></span> <span class='ocrx_word' id='word_1_696' title='bbox 2213 4428 2485 4483; x_wconf 88' lang='lat' dir='ltr'><strong>dientibus</strong></span> <span class='ocrx_word' id='word_1_697' title='bbox 2507 4438 2591 4483; x_wconf 87' lang='lat' dir='ltr'><strong>est</strong></span> <span class='ocrx_word' id='word_1_698' title='bbox 2618 4430 2835 4485; x_wconf 88' lang='lat' dir='ltr'><strong>locutus</strong></span> <span class='ocrx_word' id='word_1_699' title='bbox 2854 4442 2881 4484; x_wconf 73' lang='grc' dir='ltr'><strong>ἐ</strong></span> <span class='ocrx_word' id='word_1_700' title='bbox 2920 4428 3146 4497; x_wconf 77' lang='lat' dir='ltr'><strong>Videtis,</strong></span> <span class='ocrx_word' id='word_1_701' title='bbox 3179 4431 3377 4500; x_wconf 87' lang='lat' dir='ltr'><strong>inquit,</strong></span> <span class='ocrx_word' id='word_1_702' title='bbox 3422 4431 3783 4498; x_wconf 81' lang='lat' dir='ltr'><strong>dilectissimi,</strong></span> 
     </span>
    </p>
   </div>
   <div class='ocr_carea' id='block_1_98' title="bbox 2211 4520 3788 4592">
    <p class='ocr_par' dir='ltr' id='par_1_98' title="bbox 2211 4520 3788 4592">
     <span class='ocr_line' id='line_1_98' title="bbox 2211 4520 3788 4592; baseline 0.002 -18"><span class='ocrx_word' id='word_1_703' title='bbox 2211 4528 2478 4590; x_wconf 87' lang='lat' dir='ltr'><strong>quantum</strong></span> <span class='ocrx_word' id='word_1_704' title='bbox 2510 4521 2652 4575; x_wconf 87' lang='lat' dir='ltr'><strong>valet</strong></span> <span class='ocrx_word' id='word_1_705' title='bbox 2675 4520 2827 4587; x_wconf 83' lang='lat' dir='ltr'><strong>ﬁdes,</strong></span> <span class='ocrx_word' id='word_1_706' title='bbox 2859 4538 3024 4592; x_wconf 86' lang='lat' dir='ltr'><strong>quam</strong></span> <span class='ocrx_word' id='word_1_707' title='bbox 3047 4522 3188 4577; x_wconf 89' lang='lat' dir='ltr'><strong>inter</strong></span> <span class='ocrx_word' id='word_1_708' title='bbox 3222 4538 3323 4577; x_wconf 92' lang='lat' dir='ltr'><strong>nos</strong></span> <span class='ocrx_word' id='word_1_709' title='bbox 3354 4538 3451 4592; x_wconf 91' lang='lat' dir='ltr'><strong>per</strong></span> <span class='ocrx_word' id='word_1_710' title='bbox 3476 4523 3667 4577; x_wconf 82' lang='lat' dir='ltr'><strong>decem</strong></span> <span class='ocrx_word' id='word_1_711' title='bbox 3693 4539 3788 4577; x_wconf 89' lang='lat' dir='ltr'><strong>an-</strong></span> 
     </span>
    </p>
   </div>
   <div class='ocr_carea' id='block_1_99' title="bbox 2214 4611 3787 4684">
    <p class='ocr_par' dir='ltr' id='par_1_99' title="bbox 2214 4611 3787 4684">
     <span class='ocr_line' id='line_1_99' title="bbox 2214 4611 3787 4684; baseline 0.003 -19"><span class='ocrx_word' id='word_1_712' title='bbox 2214 4626 2317 4665; x_wconf 91' lang='lat' dir='ltr'><strong>nos</strong></span> <span class='ocrx_word' id='word_1_713' title='bbox 2348 4611 2534 4666; x_wconf 89' lang='lat' dir='ltr'><strong>docuit</strong></span> <span class='ocrx_word' id='word_1_714' title='bbox 2568 4611 2629 4666; x_wconf 86' lang='lat' dir='ltr'><strong>B.</strong></span> <span class='ocrx_word' id='word_1_715' title='bbox 2657 4612 2933 4669; x_wconf 81' lang='lat' dir='ltr'><strong>Arialdus.</strong></span> <span class='ocrx_word' id='word_1_716' title='bbox 2969 4611 3148 4680; x_wconf 83' lang='lat' dir='ltr'><strong>Certe,</strong></span> <span class='ocrx_word' id='word_1_717' title='bbox 3177 4614 3476 4681; x_wconf 66' lang='lat' dir='ltr'><strong>ut‘videtis,</strong></span> <span class='ocrx_word' id='word_1_718' title='bbox 3500 4615 3622 4684; x_wconf 80' lang='lat' dir='ltr'><strong>ipsa</strong></span> <span class='ocrx_word' id='word_1_719' title='bbox 3665 4630 3787 4670; x_wconf 87' lang='lat' dir='ltr'><strong>eum</strong></span> 
     </span>
    </p>
   </div>
   <div class='ocr_carea' id='block_1_100' title="bbox 2215 4700 3786 4774">
    <p class='ocr_par' dir='ltr' id='par_1_100' title="bbox 2215 4700 3786 4774">
     <span class='ocr_line' id='line_1_100' title="bbox 2215 4700 3786 4774; baseline 0.001 -18"><span class='ocrx_word' id='word_1_720' title='bbox 2215 4700 2451 4756; x_wconf 86' lang='lat' dir='ltr'><strong>servavit</strong></span> <span class='ocrx_word' id='word_1_721' title='bbox 2478 4700 2799 4756; x_wconf 79' lang='lat' dir='ltr'><strong>defunctum</strong></span> <span class='ocrx_word' id='word_1_722' title='bbox 2827 4703 3155 4758; x_wconf 88' lang='lat' dir='ltr'><strong>incolumem</strong></span> <span class='ocrx_word' id='word_1_723' title='bbox 3206 4703 3262 4756; x_wconf 88' lang='lat' dir='ltr'><strong>in</strong></span> <span class='ocrx_word' id='word_1_724' title='bbox 3314 4702 3594 4774; x_wconf 81' lang='lat' dir='ltr'><strong>profundo</strong></span> <span class='ocrx_word' id='word_1_725' title='bbox 3639 4702 3786 4770; x_wconf 87' lang='lat' dir='ltr'><strong>Laei,</strong></span> 
     </span>
    </p>
   </div>
   <div class='ocr_carea' id='block_1_101' title="bbox 2213 4792 3789 4864">
    <p class='ocr_par' dir='ltr' id='par_1_101' title="bbox 2213 4792 3789 4864">
     <span class='ocr_line' id='line_1_101' title="bbox 2213 4792 3789 4864; baseline 0.003 -19"><span class='ocrx_word' id='word_1_726' title='bbox 2213 4792 2357 4846; x_wconf 92' lang='lat' dir='ltr'><strong>inter</strong></span> <span class='ocrx_word' id='word_1_727' title='bbox 2379 4792 2801 4848; x_wconf 87' lang='lat' dir='ltr'><strong>innumerabiles</strong></span> <span class='ocrx_word' id='word_1_728' title='bbox 2840 4793 3213 4864; x_wconf 89' lang='lat' dir='ltr'><strong>immanesque</strong></span> <span class='ocrx_word' id='word_1_729' title='bbox 3237 4794 3435 4864; x_wconf 88' lang='lat' dir='ltr'><strong>pisces,</strong></span> <span class='ocrx_word' id='word_1_730' title='bbox 3473 4811 3576 4864; x_wconf 86' lang='lat' dir='ltr'><strong>per</strong></span> <span class='ocrx_word' id='word_1_731' title='bbox 3602 4796 3789 4851; x_wconf 84' lang='lat' dir='ltr'><strong>decem</strong></span> 
     </span>
    </p>
   </div>
   <div class='ocr_carea' id='block_1_102' title="bbox 2213 4876 3789 4957">
    <p class='ocr_par' dir='ltr' id='par_1_102' title="bbox 2213 4876 3789 4957">
     <span class='ocr_line' id='line_1_102' title="bbox 2213 4876 3789 4957; baseline 0.002 -20"><span class='ocrx_word' id='word_1_732' title='bbox 2213 4898 2451 4957; x_wconf 87' lang='lat' dir='ltr'><strong>menses.</strong></span> <span class='ocrx_word' id='word_1_733' title='bbox 2484 4882 2609 4939; x_wconf 58' lang='lat' dir='ltr'><strong>Haec</strong></span> <span class='ocrx_word' id='word_1_734' title='bbox 2636 4892 2820 4938; x_wconf 88' lang='lat' dir='ltr'><strong>autem</strong></span> <span class='ocrx_word' id='word_1_735' title='bbox 2843 4899 3028 4940; x_wconf 87' lang='lat' dir='ltr'><strong>coram</strong></span> <span class='ocrx_word' id='word_1_736' title='bbox 3056 4886 3209 4941; x_wconf 84' lang='lat' dir='ltr'><strong>vobis</strong></span> <span class='ocrx_word' id='word_1_737' title='bbox 3250 4886 3441 4955; x_wconf 17' lang='lat' dir='ltr'><strong>ipsum,</strong></span> <span class='ocrx_word' id='word_1_738' title='bbox 3459 4876 3560 4956; x_wconf 84' lang='lat' dir='ltr'><strong>per</strong></span> <span class='ocrx_word' id='word_1_739' title='bbox 3602 4887 3789 4942; x_wconf 82' lang='lat' dir='ltr'><strong>decem</strong></span> 
     </span>
    </p>
   </div>
   <div class='ocr_carea' id='block_1_103' title="bbox 2214 4976 3787 5049">
    <p class='ocr_par' dir='ltr' id='par_1_103' title="bbox 2214 4976 3787 5049">
     <span class='ocr_line' id='line_1_103' title="bbox 2214 4976 3787 5049; baseline 0.002 -19"><span class='ocrx_word' id='word_1_740' title='bbox 2214 4976 2315 5031; x_wconf 91' lang='lat' dir='ltr'><strong>hos</strong></span> <span class='ocrx_word' id='word_1_741' title='bbox 2347 4977 2463 5031; x_wconf 91' lang='lat' dir='ltr'><strong>dies</strong></span> <span class='ocrx_word' id='word_1_742' title='bbox 2491 4976 2710 5032; x_wconf 75' lang='lat' dir='ltr'><strong>zestivos</strong></span> <span class='ocrx_word' id='word_1_743' title='bbox 2729 4986 3038 5044; x_wconf 87' lang='lat' dir='ltr'><strong>conservet,</strong></span> <span class='ocrx_word' id='word_1_744' title='bbox 3061 4977 3309 5032; x_wconf 85' lang='lat' dir='ltr'><strong>videlicet</strong></span> <span class='ocrx_word' id='word_1_745' title='bbox 3352 4993 3532 5049; x_wconf 87' lang='lat' dir='ltr'><strong>usque</strong></span> <span class='ocrx_word' id='word_1_746' title='bbox 3556 4979 3625 5033; x_wconf 92' lang='lat' dir='ltr'><strong>ad</strong></span> <span class='ocrx_word' id='word_1_747' title='bbox 3660 4994 3787 5033; x_wconf 77' lang='lat' dir='ltr'><strong>san~</strong></span> 
     </span>
    </p>
   </div>
   <div class='ocr_carea' id='block_1_104' title="bbox 2215 5062 3788 5141">
    <p class='ocr_par' dir='ltr' id='par_1_104' title="bbox 2215 5062 3788 5141">
     <span class='ocr_line' id='line_1_104' title="bbox 2215 5062 3788 5141; baseline 0.002 -20"><span class='ocrx_word' id='word_1_748' title='bbox 2215 5077 2361 5121; x_wconf 87' lang='lat' dir='ltr'><strong>ctum</strong></span> <span class='ocrx_word' id='word_1_749' title='bbox 2428 5068 2571 5122; x_wconf 91' lang='lat' dir='ltr'><strong>diem</strong></span> <span class='ocrx_word' id='word_1_750' title='bbox 2621 5067 3014 5136; x_wconf 89' lang='lat' dir='ltr'><strong>Pentecosten,</strong></span> <span class='ocrx_word' id='word_1_751' title='bbox 3065 5078 3332 5140; x_wconf 84' lang='lat' dir='ltr'><strong>quatenus</strong></span> <span class='ocrx_word' id='word_1_752' title='bbox 3377 5062 3446 5124; x_wconf 87' lang='lat' dir='ltr'><strong>de</strong></span> <span class='ocrx_word' id='word_1_753' title='bbox 3470 5064 3788 5141; x_wconf 50' lang='lat' dir='ltr'><strong>&#39;longinquo</strong></span> 
     </span>
    </p>
   </div>
   <div class='ocr_carea' id='block_1_105' title="bbox 2217 5222 3787 5292">
    <p class='ocr_par' dir='ltr' id='par_1_105' title="bbox 2217 5222 3787 5292">
     <span class='ocr_line' id='line_1_105' title="bbox 2217 5222 3787 5292; baseline 0.003 -18"><span class='ocrx_word' id='word_1_754' title='bbox 2217 5229 2337 5274; x_wconf 84' lang='lat' dir='ltr'><strong>est:</strong></span> <span class='ocrx_word' id='word_1_755' title='bbox 2371 5238 2389 5271; x_wconf 70' lang='grc' dir='ltr'><strong>ι</strong></span> <span class='ocrx_word' id='word_1_756' title='bbox 2432 5229 2573 5292; x_wconf 84' lang='lat' dir='ltr'><strong>tacet</strong></span> <span class='ocrx_word' id='word_1_757' title='bbox 2610 5231 2791 5292; x_wconf 81' lang='lat' dir='ltr'><strong>autem</strong></span> <span class='ocrx_word' id='word_1_758' title='bbox 2837 5222 2904 5272; x_wconf 89' lang='lat' dir='ltr'><strong>de</strong></span> <span class='ocrx_word' id='word_1_759' title='bbox 2949 5224 3114 5278; x_wconf 86' lang='lat' dir='ltr'><strong>navi:</strong></span> <span class='ocrx_word' id='word_1_760' title='bbox 3140 5224 3232 5277; x_wconf 84' lang='lat' dir='ltr'><strong>sed</strong></span> <span class='ocrx_word' id='word_1_761' title='bbox 3271 5224 3387 5275; x_wconf 82' lang='lat' dir='ltr'><strong>lien</strong></span> <span class='ocrx_word' id='word_1_762' title='bbox 3422 5233 3605 5292; x_wconf 87' lang='lat' dir='ltr'><strong>potest</strong></span> <span class='ocrx_word' id='word_1_763' title='bbox 3637 5233 3698 5277; x_wconf 87' lang='lat' dir='ltr'><strong>ut</strong></span> <span class='ocrx_word' id='word_1_764' title='bbox 3727 5225 3787 5277; x_wconf 83' lang='lat' dir='ltr'><strong>ad</strong></span> 
     </span>
    </p>
   </div>
   <div class='ocr_carea' id='block_1_106' title="bbox 2217 5291 3785 5326">
    <p class='ocr_par' dir='ltr' id='par_1_106' title="bbox 2217 5291 3785 5326">
     <span class='ocr_line' id='line_1_106' title="bbox 2217 5291 3785 5326; baseline 0 0"><span class='ocrx_word' id='word_1_765' title='bbox 2217 5303 2392 5326; x_wconf 69' lang='lat' dir='ltr'><strong>“cana</strong></span> <span class='ocrx_word' id='word_1_766' title='bbox 2435 5291 2583 5326; x_wconf 67' lang='lat' dir='ltr'><strong>lanna</strong></span> <span class='ocrx_word' id='word_1_767' title='bbox 2629 5291 2811 5326; x_wconf 71' lang='lat' dir='ltr'><strong>fon-nne</strong></span> <span class='ocrx_word' id='word_1_768' title='bbox 2854 5293 3070 5326; x_wconf 68' lang='lat' dir='ltr'><strong>navinin</strong></span> <span class='ocrx_word' id='word_1_769' title='bbox 3109 5292 3385 5326; x_wconf 51' lang='lat' dir='ltr'><strong>r‘nvnnl‘um</strong></span> <span class='ocrx_word' id='word_1_770' title='bbox 3425 5291 3624 5326; x_wconf 47' lang='lat' dir='ltr'><strong>itu-nne</strong></span> <span class='ocrx_word' id='word_1_771' title='bbox 3682 5293 3785 5326; x_wconf 68' lang='lat' dir='ltr'><strong>oin-</strong></span> 
     </span>
    </p>
   </div>
  </div>
