  <div class='ocr_page' id='page_1' title='image "/cluster/home/n/w/nwhite01/storage/ocr_20150623/143/hvd.32044015471816/742.png"; bbox 0 0 4028 5360; ppageno 0'>
   <div class='ocr_carea' id='block_1_1' title="bbox 182 330 318 401">
    <p class='ocr_par' dir='ltr' id='par_1_1' title="bbox 182 330 318 401">
     <span class='ocr_line' id='line_1_1' title="bbox 182 330 318 401; baseline -0.007 -6"><span class='ocrx_word' id='word_1_1' title='bbox 182 337 213 401; x_wconf 71' lang='grc' dir='ltr'>ι</span> <span class='ocrx_word' id='word_1_2' title='bbox 226 330 318 396; x_wconf 79' lang='lat' dir='ltr'><strong>l8l</strong></span> 
     </span>
    </p>
   </div>
   <div class='ocr_carea' id='block_1_2' title="bbox 1721 317 1922 382">
    <p class='ocr_par' dir='ltr' id='par_1_2' title="bbox 1721 317 1922 382">
     <span class='ocr_line' id='line_1_2' title="bbox 1721 317 1922 382; baseline -0.015 0"><span class='ocrx_word' id='word_1_3' title='bbox 1721 317 1922 382; x_wconf 71' lang='lat' dir='ltr'><strong>ACTA.</strong></span> 
     </span>
    </p>
   </div>
   <div class='ocr_carea' id='block_1_3' title="bbox 3322 313 3465 373">
    <p class='ocr_par' dir='ltr' id='par_1_3' title="bbox 3322 313 3465 373">
     <span class='ocr_line' id='line_1_3' title="bbox 3322 313 3465 373; baseline -0.007 0"><span class='ocrx_word' id='word_1_4' title='bbox 3322 313 3465 373; x_wconf 64' lang='grc' dir='ltr'><strong>ηδε».</strong></span> 
     </span>
    </p>
   </div>
   <div class='ocr_carea' id='block_1_4' title="bbox 177 428 3469 522">
    <p class='ocr_par' dir='ltr' id='par_1_4' title="bbox 177 428 3469 522">
     <span class='ocr_line' id='line_1_4' title="bbox 177 428 3469 522; baseline -0.008 -14"><span class='ocrx_word' id='word_1_5' title='bbox 177 460 235 508; x_wconf 86' lang='lat' dir='ltr'><strong>et</strong></span> <span class='ocrx_word' id='word_1_6' title='bbox 254 448 508 522; x_wconf 83' lang='lat' dir='ltr'><strong>proximo</strong></span> <span class='ocrx_word' id='word_1_7' title='bbox 536 461 700 504; x_wconf 74' lang='lat' dir='ltr'><strong>sexus</strong></span> <span class='ocrx_word' id='word_1_8' title='bbox 722 443 951 500; x_wconf 69' lang='lat' dir='ltr'><strong>diversre</strong></span> <span class='ocrx_word' id='word_1_9' title='bbox 978 442 1154 500; x_wconf 56' lang='lat' dir='ltr'><strong>aetatis</strong></span> <span class='ocrx_word' id='word_1_10' title='bbox 1175 452 1405 513; x_wconf 81' lang='lat' dir='ltr'><strong>uterque</strong></span> <span class='ocrx_word' id='word_1_11' title='bbox 1423 441 1530 497; x_wconf 88' lang='lat' dir='ltr'><strong>huc</strong></span> <span class='ocrx_word' id='word_1_12' title='bbox 1553 439 1761 506; x_wconf 83' lang='lat' dir='ltr'><strong>venire,</strong></span> <span class='ocrx_word' id='word_1_13' title='bbox 1793 445 1840 502; x_wconf 77' lang='grc' dir='ltr'><strong>Α</strong></span> <span class='ocrx_word' id='word_1_14' title='bbox 1866 434 2206 506; x_wconf 80' lang='lat' dir='ltr'><strong>iniquorum,</strong></span> <span class='ocrx_word' id='word_1_15' title='bbox 2230 442 2515 500; x_wconf 87' lang='lat' dir='ltr'><strong>octo,cum</strong></span> <span class='ocrx_word' id='word_1_16' title='bbox 2537 428 2913 497; x_wconf 71' lang='lat' dir='ltr'><strong>occideretur;</strong></span> <span class='ocrx_word' id='word_1_17' title='bbox 2944 429 3134 522; x_wconf 88' lang='lat' dir='ltr'><strong>decem</strong></span> <span class='ocrx_word' id='word_1_18' title='bbox 3155 440 3287 484; x_wconf 90' lang='lat' dir='ltr'><strong>vero</strong></span> <span class='ocrx_word' id='word_1_19' title='bbox 3309 443 3469 483; x_wconf 63' lang='lat' dir='ltr'><strong>men-</strong></span> 
     </span>
    </p>
   </div>
   <div class='ocr_carea' id='block_1_5' title="bbox 178 535 1768 607">
    <p class='ocr_par' dir='ltr' id='par_1_5' title="bbox 178 535 1768 607">
     <span class='ocr_line' id='line_1_5' title="bbox 178 535 1768 607; baseline -0.006 -11"><span class='ocrx_word' id='word_1_20' title='bbox 178 550 235 597; x_wconf 88' lang='lat' dir='ltr'><strong>et</strong></span> <span class='ocrx_word' id='word_1_21' title='bbox 266 548 517 596; x_wconf 89' lang='lat' dir='ltr'><strong>nostram</strong></span> <span class='ocrx_word' id='word_1_22' title='bbox 567 537 749 605; x_wconf 85' lang='lat' dir='ltr'><strong>fidem,</strong></span> <span class='ocrx_word' id='word_1_23' title='bbox 783 545 1208 607; x_wconf 83' lang='lat' dir='ltr'><strong>nostrorumque</strong></span> <span class='ocrx_word' id='word_1_24' title='bbox 1236 535 1567 606; x_wconf 68' lang='lat' dir='ltr'><strong>impietatem</strong></span> <span class='ocrx_word' id='word_1_25' title='bbox 1593 548 1768 588; x_wconf 68' lang='lat' dir='ltr'><strong>temu-</strong></span> 
     </span>
    </p>
   </div>
   <div class='ocr_carea' id='block_1_6' title="bbox 177 622 1773 698">
    <p class='ocr_par' dir='ltr' id='par_1_6' title="bbox 177 622 1773 698">
     <span class='ocr_line' id='line_1_6' title="bbox 177 622 1773 698; baseline -0.006 -11"><span class='ocrx_word' id='word_1_26' title='bbox 177 629 368 688; x_wconf 73' lang='lat' dir='ltr'><strong>lorum</strong></span> <span class='ocrx_word' id='word_1_27' title='bbox 435 629 716 685; x_wconf 88' lang='lat' dir='ltr'><strong>evidenter</strong></span> <span class='ocrx_word' id='word_1_28' title='bbox 780 627 955 698; x_wconf 91' lang='lat' dir='ltr'><strong>possit</strong></span> <span class='ocrx_word' id='word_1_29' title='bbox 1010 625 1389 696; x_wconf 89' lang='lat' dir='ltr'><strong>contemplari.</strong></span> <span class='ocrx_word' id='word_1_30' title='bbox 1449 622 1773 679; x_wconf 88' lang='lat' dir='ltr'><strong>Clamabant</strong></span> 
     </span>
    </p>
   </div>
   <div class='ocr_carea' id='block_1_7' title="bbox 180 716 1774 790">
    <p class='ocr_par' dir='ltr' id='par_1_7' title="bbox 180 716 1774 790">
     <span class='ocr_line' id='line_1_7' title="bbox 180 716 1774 790; baseline -0.007 -10"><span class='ocrx_word' id='word_1_31' title='bbox 180 735 336 790; x_wconf 89' lang='lat' dir='ltr'><strong>tunc,</strong></span> <span class='ocrx_word' id='word_1_32' title='bbox 367 722 530 778; x_wconf 89' lang='lat' dir='ltr'><strong>nobis</strong></span> <span class='ocrx_word' id='word_1_33' title='bbox 558 720 927 786; x_wconf 84' lang='lat' dir='ltr'><strong>audientibus,</strong></span> <span class='ocrx_word' id='word_1_34' title='bbox 964 720 1034 775; x_wconf 90' lang='lat' dir='ltr'><strong>ad</strong></span> <span class='ocrx_word' id='word_1_35' title='bbox 1073 719 1225 773; x_wconf 90' lang='lat' dir='ltr'><strong>illum</strong></span> <span class='ocrx_word' id='word_1_36' title='bbox 1261 717 1552 782; x_wconf 68' lang='lat' dir='ltr'><strong>daemonia,</strong></span> <span class='ocrx_word' id='word_1_37' title='bbox 1587 716 1774 771; x_wconf 81' lang='lat' dir='ltr'><strong>dicen-</strong></span> 
     </span>
    </p>
   </div>
   <div class='ocr_carea' id='block_1_8' title="bbox 180 808 1777 883">
    <p class='ocr_par' dir='ltr' id='par_1_8' title="bbox 180 808 1777 883">
     <span class='ocr_line' id='line_1_8' title="bbox 180 808 1777 883; baseline -0.005 -12"><span class='ocrx_word' id='word_1_38' title='bbox 180 817 256 871; x_wconf 92' lang='lat' dir='ltr'><strong>tia</strong></span> <span class='ocrx_word' id='word_1_39' title='bbox 285 834 300 870; x_wconf 91' lang='lat'><strong>:</strong></span> <span class='ocrx_word' id='word_1_40' title='bbox 326 814 470 883; x_wconf 85' lang='lat' dir='ltr'><strong>Quid</strong></span> <span class='ocrx_word' id='word_1_41' title='bbox 493 821 686 871; x_wconf 81' lang='lat' dir='ltr'><strong>contra</strong></span> <span class='ocrx_word' id='word_1_42' title='bbox 704 828 805 867; x_wconf 87' lang='lat' dir='ltr'><strong>nos</strong></span> <span class='ocrx_word' id='word_1_43' title='bbox 817 812 1016 867; x_wconf 77' lang='lat' dir='ltr'><strong>latras?</strong></span> <span class='ocrx_word' id='word_1_44' title='bbox 1030 808 1148 866; x_wconf 80' lang='lat' dir='ltr'><strong>Non</strong></span> <span class='ocrx_word' id='word_1_45' title='bbox 1168 818 1322 881; x_wconf 89' lang='lat' dir='ltr'><strong>potes</strong></span> <span class='ocrx_word' id='word_1_46' title='bbox 1346 819 1554 865; x_wconf 86' lang='lat' dir='ltr'><strong>tantum</strong></span> <span class='ocrx_word' id='word_1_47' title='bbox 1579 809 1777 863; x_wconf 86' lang='lat' dir='ltr'><strong>latrare</strong></span> 
     </span>
    </p>
   </div>
   <div class='ocr_carea' id='block_1_9' title="bbox 184 899 1775 967">
    <p class='ocr_par' dir='ltr' id='par_1_9' title="bbox 184 899 1775 967">
     <span class='ocr_line' id='line_1_9' title="bbox 184 899 1775 967; baseline -0.004 -5"><span class='ocrx_word' id='word_1_48' title='bbox 184 917 245 964; x_wconf 91' lang='lat' dir='ltr'><strong>ut</strong></span> <span class='ocrx_word' id='word_1_49' title='bbox 282 916 336 962; x_wconf 91' lang='lat' dir='ltr'><strong>te</strong></span> <span class='ocrx_word' id='word_1_50' title='bbox 367 922 476 962; x_wconf 93' lang='lat' dir='ltr'><strong>non</strong></span> <span class='ocrx_word' id='word_1_51' title='bbox 507 904 777 961; x_wconf 79' lang='lat' dir='ltr'><strong>faciamus</strong></span> <span class='ocrx_word' id='word_1_52' title='bbox 800 904 1136 967; x_wconf 88' lang='lat' dir='ltr'><strong>interimere,</strong></span> <span class='ocrx_word' id='word_1_53' title='bbox 1170 903 1315 957; x_wconf 85' lang='lat' dir='ltr'><strong>sicut</strong></span> <span class='ocrx_word' id='word_1_54' title='bbox 1344 910 1497 957; x_wconf 91' lang='lat' dir='ltr'><strong>tuum</strong></span> <span class='ocrx_word' id='word_1_55' title='bbox 1545 899 1775 956; x_wconf 83' lang='lat' dir='ltr'><strong>fecimus</strong></span> 
     </span>
    </p>
   </div>
   <div class='ocr_carea' id='block_1_10' title="bbox 182 994 1779 1070">
    <p class='ocr_par' dir='ltr' id='par_1_10' title="bbox 182 994 1779 1070">
     <span class='ocr_line' id='line_1_10' title="bbox 182 994 1779 1070; baseline -0.005 -15"><span class='ocrx_word' id='word_1_56' title='bbox 182 1000 423 1062; x_wconf 85' lang='lat' dir='ltr'><strong>socium,</strong></span> <span class='ocrx_word' id='word_1_57' title='bbox 453 1006 507 1054; x_wconf 91' lang='lat' dir='ltr'><strong>et</strong></span> <span class='ocrx_word' id='word_1_58' title='bbox 542 1007 602 1053; x_wconf 93' lang='lat' dir='ltr'><strong>ut</strong></span> <span class='ocrx_word' id='word_1_59' title='bbox 643 997 875 1070; x_wconf 80' lang='lat' dir='ltr'><strong>pingues</strong></span> <span class='ocrx_word' id='word_1_60' title='bbox 892 1004 950 1052; x_wconf 93' lang='lat' dir='ltr'><strong>et</strong></span> <span class='ocrx_word' id='word_1_61' title='bbox 978 996 1151 1067; x_wconf 86' lang='lat' dir='ltr'><strong>iniqui</strong></span> <span class='ocrx_word' id='word_1_62' title='bbox 1178 994 1689 1065; x_wconf 72' lang='lat' dir='ltr'><strong>episwpi,ahbates</strong></span> <span class='ocrx_word' id='word_1_63' title='bbox 1723 1001 1779 1048; x_wconf 91' lang='lat' dir='ltr'><strong>et</strong></span> 
     </span>
    </p>
   </div>
   <div class='ocr_carea' id='block_1_11' title="bbox 181 1087 992 1163">
    <p class='ocr_par' dir='ltr' id='par_1_11' title="bbox 181 1087 992 1163">
     <span class='ocr_line' id='line_1_11' title="bbox 181 1087 992 1163; baseline -0.006 -17"><span class='ocrx_word' id='word_1_64' title='bbox 181 1089 493 1163; x_wconf 78' lang='lat' dir='ltr'><strong>presbyteri</strong></span> <span class='ocrx_word' id='word_1_65' title='bbox 523 1102 632 1145; x_wconf 87' lang='lat' dir='ltr'><strong>non</strong></span> <span class='ocrx_word' id='word_1_66' title='bbox 657 1088 767 1144; x_wconf 88' lang='lat' dir='ltr'><strong>sint</strong></span> <span class='ocrx_word' id='word_1_67' title='bbox 795 1087 992 1143; x_wconf 80' lang='lat' dir='ltr'><strong>nostri.</strong></span> 
     </span>
    </p>
   </div>
   <div class='ocr_carea' id='block_1_12' title="bbox 255 1176 1781 1253">
    <p class='ocr_par' dir='ltr' id='par_1_12' title="bbox 255 1176 1781 1253">
     <span class='ocr_line' id='line_1_12' title="bbox 255 1176 1781 1253; baseline -0.003 -19"><span class='ocrx_word' id='word_1_68' title='bbox 255 1181 343 1236; x_wconf 87' lang='lat'><strong>78.</strong></span> <span class='ocrx_word' id='word_1_69' title='bbox 386 1180 446 1235; x_wconf 83' lang='lat' dir='ltr'><strong>in</strong></span> <span class='ocrx_word' id='word_1_70' title='bbox 482 1180 567 1235; x_wconf 90' lang='lat' dir='ltr'><strong>his</strong></span> <span class='ocrx_word' id='word_1_71' title='bbox 595 1180 816 1250; x_wconf 83' lang='lat' dir='ltr'><strong>quidem</strong></span> <span class='ocrx_word' id='word_1_72' title='bbox 845 1179 1039 1234; x_wconf 85' lang='lat' dir='ltr'><strong>diebus</strong></span> <span class='ocrx_word' id='word_1_73' title='bbox 1074 1177 1273 1233; x_wconf 87' lang='lat' dir='ltr'><strong>ibidem</strong></span> <span class='ocrx_word' id='word_1_74' title='bbox 1302 1176 1546 1253; x_wconf 87' lang='lat' dir='ltr'><strong>undique</strong></span> <span class='ocrx_word' id='word_1_75' title='bbox 1593 1176 1781 1230; x_wconf 84' lang='lat' dir='ltr'><strong>venie-</strong></span> 
     </span>
    </p>
   </div>
   <div class='ocr_carea' id='block_1_13' title="bbox 185 1270 1781 1342">
    <p class='ocr_par' dir='ltr' id='par_1_13' title="bbox 185 1270 1781 1342">
     <span class='ocr_line' id='line_1_13' title="bbox 185 1270 1781 1342; baseline -0.004 -12"><span class='ocrx_word' id='word_1_76' title='bbox 185 1273 277 1330; x_wconf 90' lang='lat' dir='ltr'><strong>bat</strong></span> <span class='ocrx_word' id='word_1_77' title='bbox 328 1273 572 1331; x_wconf 80' lang='lat' dir='ltr'><strong>maxima</strong></span> <span class='ocrx_word' id='word_1_78' title='bbox 622 1273 946 1339; x_wconf 78' lang='lat' dir='ltr'><strong>multitudo,</strong></span> <span class='ocrx_word' id='word_1_79' title='bbox 995 1271 1231 1342; x_wconf 84' lang='lat' dir='ltr'><strong>plurima</strong></span> <span class='ocrx_word' id='word_1_80' title='bbox 1269 1286 1497 1326; x_wconf 87' lang='lat' dir='ltr'><strong>munera</strong></span> <span class='ocrx_word' id='word_1_81' title='bbox 1547 1270 1781 1325; x_wconf 77' lang='lat' dir='ltr'><strong>oﬂ‘erens</strong></span> 
     </span>
    </p>
   </div>
   <div class='ocr_carea' id='block_1_14' title="bbox 174 1360 1783 1443">
    <p class='ocr_par' dir='ltr' id='par_1_14' title="bbox 174 1360 1783 1443">
     <span class='ocr_line' id='line_1_14' title="bbox 174 1360 1783 1443; baseline -0.004 -22"><span class='ocrx_word' id='word_1_82' title='bbox 174 1364 402 1437; x_wconf 79' lang='lat' dir='ltr'><strong>‘corpori</strong></span> <span class='ocrx_word' id='word_1_83' title='bbox 432 1372 643 1429; x_wconf 89' lang='lat' dir='ltr'><strong>sancto,</strong></span> <span class='ocrx_word' id='word_1_84' title='bbox 682 1363 882 1434; x_wconf 86' lang='lat' dir='ltr'><strong>quibus</strong></span> <span class='ocrx_word' id='word_1_85' title='bbox 924 1363 994 1418; x_wconf 88' lang='lat' dir='ltr'><strong>ad</strong></span> <span class='ocrx_word' id='word_1_86' title='bbox 1029 1378 1154 1418; x_wconf 92' lang='lat' dir='ltr'><strong>eum</strong></span> <span class='ocrx_word' id='word_1_87' title='bbox 1187 1362 1523 1443; x_wconf 78' lang='lat' dir='ltr'><strong>intuendum</strong></span> <span class='ocrx_word' id='word_1_88' title='bbox 1554 1360 1638 1416; x_wconf 88' lang='lat' dir='ltr'><strong>fas</strong></span> <span class='ocrx_word' id='word_1_89' title='bbox 1665 1370 1783 1416; x_wconf 85' lang='lat' dir='ltr'><strong>erat</strong></span> 
     </span>
    </p>
   </div>
   <div class='ocr_carea' id='block_1_15' title="bbox 184 1454 1780 1526">
    <p class='ocr_par' dir='ltr' id='par_1_15' title="bbox 184 1454 1780 1526">
     <span class='ocr_line' id='line_1_15' title="bbox 184 1454 1780 1526; baseline -0.002 -16"><span class='ocrx_word' id='word_1_90' title='bbox 184 1471 278 1526; x_wconf 90' lang='lat' dir='ltr'><strong>per</strong></span> <span class='ocrx_word' id='word_1_91' title='bbox 297 1454 447 1520; x_wconf 90' lang='lat' dir='ltr'><strong>dies;</strong></span> <span class='ocrx_word' id='word_1_92' title='bbox 478 1471 576 1525; x_wconf 78' lang='lat' dir='ltr'><strong>per</strong></span> <span class='ocrx_word' id='word_1_93' title='bbox 598 1464 788 1508; x_wconf 89' lang='lat' dir='ltr'><strong>noctes</strong></span> <span class='ocrx_word' id='word_1_94' title='bbox 813 1470 943 1510; x_wconf 82' lang='lat' dir='ltr'><strong>vero</strong></span> <span class='ocrx_word' id='word_1_95' title='bbox 969 1454 1318 1520; x_wconf 78' lang='lat' dir='ltr'><strong>clericorum,</strong></span> <span class='ocrx_word' id='word_1_96' title='bbox 1350 1454 1780 1509; x_wconf 86' lang='lat' dir='ltr'><strong>monachorum-</strong></span> 
     </span>
    </p>
   </div>
   <div class='ocr_carea' id='block_1_16' title="bbox 173 1530 1783 1617">
    <p class='ocr_par' dir='ltr' id='par_1_16' title="bbox 173 1530 1783 1617">
     <span class='ocr_line' id='line_1_16' title="bbox 173 1530 1783 1617; baseline -0.001 -16"><span class='ocrx_word' id='word_1_97' title='bbox 173 1530 289 1616; x_wconf 49' lang='lat' dir='ltr'><strong>huc</strong></span> <span class='ocrx_word' id='word_1_98' title='bbox 317 1546 573 1601; x_wconf 87' lang='lat' dir='ltr'><strong>veniebat</strong></span> <span class='ocrx_word' id='word_1_99' title='bbox 611 1546 850 1601; x_wconf 83' lang='lat' dir='ltr'><strong>maxima</strong></span> <span class='ocrx_word' id='word_1_100' title='bbox 895 1546 1208 1612; x_wconf 83' lang='lat' dir='ltr'><strong>multitudo,</strong></span> <span class='ocrx_word' id='word_1_101' title='bbox 1252 1562 1456 1617; x_wconf 89' lang='lat' dir='ltr'><strong>easque</strong></span> <span class='ocrx_word' id='word_1_102' title='bbox 1496 1545 1783 1617; x_wconf 79' lang='lat' dir='ltr'><strong>pervigiles</strong></span> 
     </span>
    </p>
   </div>
   <div class='ocr_carea' id='block_1_17' title="bbox 178 1638 1781 1712">
    <p class='ocr_par' dir='ltr' id='par_1_17' title="bbox 178 1638 1781 1712">
     <span class='ocr_line' id='line_1_17' title="bbox 178 1638 1781 1712; baseline -0.004 -14"><span class='ocrx_word' id='word_1_103' title='bbox 178 1643 415 1698; x_wconf 82' lang='lat' dir='ltr'><strong>ducebat</strong></span> <span class='ocrx_word' id='word_1_104' title='bbox 462 1639 763 1712; x_wconf 90' lang='lat' dir='ltr'><strong>psallendo.</strong></span> <span class='ocrx_word' id='word_1_105' title='bbox 812 1638 872 1694; x_wconf 87' lang='lat' dir='ltr'><strong>In</strong></span> <span class='ocrx_word' id='word_1_106' title='bbox 919 1655 1028 1694; x_wconf 89' lang='lat' dir='ltr'><strong>una</strong></span> <span class='ocrx_word' id='word_1_107' title='bbox 1068 1646 1249 1694; x_wconf 89' lang='lat' dir='ltr'><strong>autem</strong></span> <span class='ocrx_word' id='word_1_108' title='bbox 1285 1639 1481 1692; x_wconf 90' lang='lat' dir='ltr'><strong>harum</strong></span> <span class='ocrx_word' id='word_1_109' title='bbox 1512 1638 1781 1705; x_wconf 82' lang='lat' dir='ltr'><strong>noctium,</strong></span> 
     </span>
    </p>
   </div>
   <div class='ocr_carea' id='block_1_18' title="bbox 186 1731 1782 1802">
    <p class='ocr_par' dir='ltr' id='par_1_18' title="bbox 186 1731 1782 1802">
     <span class='ocr_line' id='line_1_18' title="bbox 186 1731 1782 1802; baseline -0.003 -13"><span class='ocrx_word' id='word_1_110' title='bbox 186 1735 381 1790; x_wconf 90' lang='lat' dir='ltr'><strong>timens</strong></span> <span class='ocrx_word' id='word_1_111' title='bbox 416 1733 576 1789; x_wconf 90' lang='lat' dir='ltr'><strong>valde</strong></span> <span class='ocrx_word' id='word_1_112' title='bbox 618 1748 689 1787; x_wconf 92' lang='lat' dir='ltr'><strong>ne</strong></span> <span class='ocrx_word' id='word_1_113' title='bbox 738 1731 880 1787; x_wconf 88' lang='lat' dir='ltr'><strong>forte</strong></span> <span class='ocrx_word' id='word_1_114' title='bbox 934 1731 1002 1787; x_wconf 91' lang='lat' dir='ltr'><strong>ad</strong></span> <span class='ocrx_word' id='word_1_115' title='bbox 1033 1732 1389 1802; x_wconf 83' lang='lat' dir='ltr'><strong>opprobrium</strong></span> <span class='ocrx_word' id='word_1_116' title='bbox 1436 1731 1640 1787; x_wconf 87' lang='lat' dir='ltr'><strong>Christi</strong></span> <span class='ocrx_word' id='word_1_117' title='bbox 1668 1746 1782 1788; x_wconf 79' lang='lat' dir='ltr'><strong>ser-</strong></span> 
     </span>
    </p>
   </div>
   <div class='ocr_carea' id='block_1_19' title="bbox 186 1824 1782 1897">
    <p class='ocr_par' dir='ltr' id='par_1_19' title="bbox 186 1824 1782 1897">
     <span class='ocr_line' id='line_1_19' title="bbox 186 1824 1782 1897; baseline -0.001 -16"><span class='ocrx_word' id='word_1_118' title='bbox 186 1840 489 1897; x_wconf 80' lang='lat' dir='ltr'><strong>verumque</strong></span> <span class='ocrx_word' id='word_1_119' title='bbox 522 1824 695 1896; x_wconf 87' lang='lat' dir='ltr'><strong>ipsius</strong></span> <span class='ocrx_word' id='word_1_120' title='bbox 726 1824 799 1879; x_wconf 85' lang='lat' dir='ltr'><strong>ibi</strong></span> <span class='ocrx_word' id='word_1_121' title='bbox 851 1839 948 1895; x_wconf 90' lang='lat' dir='ltr'><strong>per</strong></span> <span class='ocrx_word' id='word_1_122' title='bbox 974 1824 1224 1879; x_wconf 68' lang='lat' dir='ltr'><strong>aestivum</strong></span> <span class='ocrx_word' id='word_1_123' title='bbox 1269 1832 1483 1895; x_wconf 87' lang='lat' dir='ltr'><strong>tempus</strong></span> <span class='ocrx_word' id='word_1_124' title='bbox 1521 1824 1617 1879; x_wconf 90' lang='lat' dir='ltr'><strong>diu</strong></span> <span class='ocrx_word' id='word_1_125' title='bbox 1654 1839 1782 1895; x_wconf 87' lang='lat' dir='ltr'><strong>per-</strong></span> 
     </span>
    </p>
   </div>
   <div class='ocr_carea' id='block_1_20' title="bbox 188 1908 1782 1987">
    <p class='ocr_par' dir='ltr' id='par_1_20' title="bbox 188 1908 1782 1987">
     <span class='ocr_line' id='line_1_20' title="bbox 188 1908 1782 1987; baseline -0.001 -13"><span class='ocrx_word' id='word_1_126' title='bbox 188 1933 415 1974; x_wconf 87' lang='lat' dir='ltr'><strong>manens</strong></span> <span class='ocrx_word' id='word_1_127' title='bbox 454 1916 667 1983; x_wconf 87' lang='lat' dir='ltr'><strong>feteret,</strong></span> <span class='ocrx_word' id='word_1_128' title='bbox 697 1925 986 1987; x_wconf 85' lang='lat' dir='ltr'><strong>assumpto</strong></span> <span class='ocrx_word' id='word_1_129' title='bbox 1012 1908 1242 1983; x_wconf 77' lang='lat' dir='ltr'><strong>lumine,</strong></span> <span class='ocrx_word' id='word_1_130' title='bbox 1269 1916 1460 1987; x_wconf 84' lang='lat' dir='ltr'><strong>paucis</strong></span> <span class='ocrx_word' id='word_1_131' title='bbox 1485 1917 1782 1972; x_wconf 78' lang='lat' dir='ltr'><strong>admodum</strong></span> 
     </span>
    </p>
   </div>
   <div class='ocr_carea' id='block_1_21' title="bbox 189 2008 1780 2082">
    <p class='ocr_par' dir='ltr' id='par_1_21' title="bbox 189 2008 1780 2082">
     <span class='ocr_line' id='line_1_21' title="bbox 189 2008 1780 2082; baseline -0.001 -17"><span class='ocrx_word' id='word_1_132' title='bbox 189 2011 563 2082; x_wconf 75' lang='lat' dir='ltr'><strong>vigilantibus,</strong></span> <span class='ocrx_word' id='word_1_133' title='bbox 593 2010 661 2065; x_wconf 90' lang='lat' dir='ltr'><strong>ad</strong></span> <span class='ocrx_word' id='word_1_134' title='bbox 689 2010 869 2080; x_wconf 89' lang='lat' dir='ltr'><strong>ipsum</strong></span> <span class='ocrx_word' id='word_1_135' title='bbox 897 2010 1129 2076; x_wconf 84' lang='lat' dir='ltr'><strong>accessi,</strong></span> <span class='ocrx_word' id='word_1_136' title='bbox 1160 2017 1216 2065; x_wconf 86' lang='lat' dir='ltr'><strong>et</strong></span> <span class='ocrx_word' id='word_1_137' title='bbox 1241 2018 1456 2081; x_wconf 89' lang='lat' dir='ltr'><strong>reperto</strong></span> <span class='ocrx_word' id='word_1_138' title='bbox 1487 2008 1780 2076; x_wconf 83' lang='lat' dir='ltr'><strong>foramine,</strong></span> 
     </span>
    </p>
   </div>
   <div class='ocr_carea' id='block_1_22' title="bbox 187 2102 1786 2176">
    <p class='ocr_par' dir='ltr' id='par_1_22' title="bbox 187 2102 1786 2176">
     <span class='ocr_line' id='line_1_22' title="bbox 187 2102 1786 2176; baseline 0 -18"><span class='ocrx_word' id='word_1_139' title='bbox 187 2104 332 2174; x_wconf 89' lang='lat' dir='ltr'><strong>quod</strong></span> <span class='ocrx_word' id='word_1_140' title='bbox 380 2104 505 2174; x_wconf 86' lang='lat' dir='ltr'><strong>ejus</strong></span> <span class='ocrx_word' id='word_1_141' title='bbox 555 2119 850 2176; x_wconf 83' lang='lat' dir='ltr'><strong>germanus</strong></span> <span class='ocrx_word' id='word_1_142' title='bbox 900 2104 1005 2173; x_wconf 91' lang='lat' dir='ltr'><strong>ipsi</strong></span> <span class='ocrx_word' id='word_1_143' title='bbox 1057 2104 1161 2158; x_wconf 89' lang='lat' dir='ltr'><strong>sub</strong></span> <span class='ocrx_word' id='word_1_144' title='bbox 1214 2103 1414 2159; x_wconf 87' lang='lat' dir='ltr'><strong>ascella</strong></span> <span class='ocrx_word' id='word_1_145' title='bbox 1462 2102 1685 2171; x_wconf 80' lang='lat' dir='ltr'><strong>fecerat,</strong></span> <span class='ocrx_word' id='word_1_146' title='bbox 1722 2110 1786 2158; x_wconf 90' lang='lat' dir='ltr'><strong>ut</strong></span> 
     </span>
    </p>
   </div>
   <div class='ocr_carea' id='block_1_23' title="bbox 189 2194 1785 2266">
    <p class='ocr_par' dir='ltr' id='par_1_23' title="bbox 189 2194 1785 2266">
     <span class='ocr_line' id='line_1_23' title="bbox 189 2194 1785 2266; baseline 0 -14"><span class='ocrx_word' id='word_1_147' title='bbox 189 2196 351 2252; x_wconf 77' lang='lat' dir='ltr'><strong>sciret</strong></span> <span class='ocrx_word' id='word_1_148' title='bbox 393 2196 632 2266; x_wconf 87' lang='lat' dir='ltr'><strong>qualiter</strong></span> <span class='ocrx_word' id='word_1_149' title='bbox 671 2195 819 2251; x_wconf 90' lang='lat' dir='ltr'><strong>illius</strong></span> <span class='ocrx_word' id='word_1_150' title='bbox 853 2196 1185 2250; x_wconf 88' lang='lat' dir='ltr'><strong>haberentur</strong></span> <span class='ocrx_word' id='word_1_151' title='bbox 1226 2194 1512 2260; x_wconf 89' lang='lat' dir='ltr'><strong>interiora,</strong></span> <span class='ocrx_word' id='word_1_152' title='bbox 1551 2194 1785 2252; x_wconf 88' lang='lat' dir='ltr'><strong>interius</strong></span> 
     </span>
    </p>
   </div>
   <div class='ocr_carea' id='block_1_24' title="bbox 193 2286 1782 2358">
    <p class='ocr_par' dir='ltr' id='par_1_24' title="bbox 193 2286 1782 2358">
     <span class='ocr_line' id='line_1_24' title="bbox 193 2286 1782 2358; baseline 0 -17"><span class='ocrx_word' id='word_1_153' title='bbox 193 2287 483 2358; x_wconf 78' lang='lat' dir='ltr'><strong>prospexi;</strong></span> <span class='ocrx_word' id='word_1_154' title='bbox 530 2294 587 2342; x_wconf 91' lang='lat' dir='ltr'><strong>et</strong></span> <span class='ocrx_word' id='word_1_155' title='bbox 628 2289 757 2343; x_wconf 78' lang='lat' dir='ltr'><strong>ecce</strong></span> <span class='ocrx_word' id='word_1_156' title='bbox 799 2286 921 2357; x_wconf 90' lang='lat' dir='ltr'><strong>ejus</strong></span> <span class='ocrx_word' id='word_1_157' title='bbox 948 2294 1075 2343; x_wconf 79' lang='lat' dir='ltr'><strong>exta</strong></span> <span class='ocrx_word' id='word_1_158' title='bbox 1104 2294 1166 2341; x_wconf 87' lang='lat' dir='ltr'><strong>ut</strong></span> <span class='ocrx_word' id='word_1_159' title='bbox 1198 2287 1291 2341; x_wconf 83' lang='lat' dir='ltr'><strong>nix</strong></span> <span class='ocrx_word' id='word_1_160' title='bbox 1325 2294 1484 2341; x_wconf 82' lang='lat' dir='ltr'><strong>erant</strong></span> <span class='ocrx_word' id='word_1_161' title='bbox 1519 2286 1782 2353; x_wconf 84' lang='lat' dir='ltr'><strong>candida;</strong></span> 
     </span>
    </p>
   </div>
   <div class='ocr_carea' id='block_1_25' title="bbox 192 2378 1784 2450">
    <p class='ocr_par' dir='ltr' id='par_1_25' title="bbox 192 2378 1784 2450">
     <span class='ocr_line' id='line_1_25' title="bbox 192 2378 1784 2450; baseline 0 -16"><span class='ocrx_word' id='word_1_162' title='bbox 192 2378 340 2450; x_wconf 73' lang='lat' dir='ltr'><strong>jecur</strong></span> <span class='ocrx_word' id='word_1_163' title='bbox 364 2394 500 2434; x_wconf 85' lang='lat' dir='ltr'><strong>vero</strong></span> <span class='ocrx_word' id='word_1_164' title='bbox 521 2395 721 2435; x_wconf 67' lang='lat' dir='ltr'><strong>aereum</strong></span> <span class='ocrx_word' id='word_1_165' title='bbox 747 2379 982 2435; x_wconf 82' lang='lat' dir='ltr'><strong>habebat</strong></span> <span class='ocrx_word' id='word_1_166' title='bbox 1006 2380 1265 2435; x_wconf 87' lang='lat' dir='ltr'><strong>colorem.</strong></span> <span class='ocrx_word' id='word_1_167' title='bbox 1303 2378 1435 2447; x_wconf 67' lang='lat' dir='ltr'><strong>Qum</strong></span> <span class='ocrx_word' id='word_1_168' title='bbox 1459 2395 1586 2436; x_wconf 91' lang='lat' dir='ltr'><strong>cum</strong></span> <span class='ocrx_word' id='word_1_169' title='bbox 1610 2379 1784 2434; x_wconf 83' lang='lat' dir='ltr'><strong>intro-</strong></span> 
     </span>
    </p>
   </div>
   <div class='ocr_carea' id='block_1_26' title="bbox 193 2470 1783 2544">
    <p class='ocr_par' dir='ltr' id='par_1_26' title="bbox 193 2470 1783 2544">
     <span class='ocr_line' id='line_1_26' title="bbox 193 2470 1783 2544; baseline 0.002 -18"><span class='ocrx_word' id='word_1_170' title='bbox 193 2471 373 2527; x_wconf 90' lang='lat' dir='ltr'><strong>missis</strong></span> <span class='ocrx_word' id='word_1_171' title='bbox 418 2471 636 2527; x_wconf 86' lang='lat' dir='ltr'><strong>duobus</strong></span> <span class='ocrx_word' id='word_1_172' title='bbox 684 2471 869 2544; x_wconf 82' lang='lat' dir='ltr'><strong>digitis</strong></span> <span class='ocrx_word' id='word_1_173' title='bbox 921 2473 1220 2544; x_wconf 89' lang='lat' dir='ltr'><strong>tetigissem</strong></span> <span class='ocrx_word' id='word_1_174' title='bbox 1268 2481 1324 2528; x_wconf 91' lang='lat' dir='ltr'><strong>et</strong></span> <span class='ocrx_word' id='word_1_175' title='bbox 1352 2470 1740 2529; x_wconf 84' lang='lat' dir='ltr'><strong>confricassem</strong></span> <span class='ocrx_word' id='word_1_176' title='bbox 1765 2513 1783 2541; x_wconf 84' lang='lat'><strong>,</strong></span> 
     </span>
    </p>
   </div>
   <div class='ocr_carea' id='block_1_27' title="bbox 191 2564 1787 2635">
    <p class='ocr_par' dir='ltr' id='par_1_27' title="bbox 191 2564 1787 2635">
     <span class='ocr_line' id='line_1_27' title="bbox 191 2564 1787 2635; baseline 0.001 -18"><span class='ocrx_word' id='word_1_177' title='bbox 191 2577 392 2634; x_wconf 88' lang='lat' dir='ltr'><strong>eosque</strong></span> <span class='ocrx_word' id='word_1_178' title='bbox 420 2573 691 2619; x_wconf 89' lang='lat' dir='ltr'><strong>retractos</strong></span> <span class='ocrx_word' id='word_1_179' title='bbox 736 2564 961 2619; x_wconf 86' lang='lat' dir='ltr'><strong>naribus</strong></span> <span class='ocrx_word' id='word_1_180' title='bbox 997 2565 1398 2635; x_wconf 87' lang='lat' dir='ltr'><strong>apposuissem,</strong></span> <span class='ocrx_word' id='word_1_181' title='bbox 1436 2573 1606 2620; x_wconf 87' lang='lat' dir='ltr'><strong>testor</strong></span> <span class='ocrx_word' id='word_1_182' title='bbox 1640 2565 1787 2619; x_wconf 90' lang='lat' dir='ltr'><strong>veri-</strong></span> 
     </span>
    </p>
   </div>
   <div class='ocr_carea' id='block_1_28' title="bbox 194 2655 1789 2728">
    <p class='ocr_par' dir='ltr' id='par_1_28' title="bbox 194 2655 1789 2728">
     <span class='ocr_line' id='line_1_28' title="bbox 194 2655 1789 2728; baseline 0.001 -18"><span class='ocrx_word' id='word_1_183' title='bbox 194 2662 375 2722; x_wconf 86' lang='lat' dir='ltr'><strong>tatem,</strong></span> <span class='ocrx_word' id='word_1_184' title='bbox 407 2671 535 2728; x_wconf 74' lang='lat' dir='ltr'><strong>quae</strong></span> <span class='ocrx_word' id='word_1_185' title='bbox 565 2655 708 2711; x_wconf 91' lang='lat' dir='ltr'><strong>Deus</strong></span> <span class='ocrx_word' id='word_1_186' title='bbox 753 2666 859 2723; x_wconf 90' lang='lat' dir='ltr'><strong>est,</strong></span> <span class='ocrx_word' id='word_1_187' title='bbox 904 2664 1114 2712; x_wconf 86' lang='lat' dir='ltr'><strong>tantam</strong></span> <span class='ocrx_word' id='word_1_188' title='bbox 1150 2657 1424 2728; x_wconf 87' lang='lat' dir='ltr'><strong>talemque</strong></span> <span class='ocrx_word' id='word_1_189' title='bbox 1457 2657 1641 2713; x_wconf 89' lang='lat' dir='ltr'><strong>odoris</strong></span> <span class='ocrx_word' id='word_1_190' title='bbox 1677 2656 1789 2712; x_wconf 85' lang='lat' dir='ltr'><strong>fra-</strong></span> 
     </span>
    </p>
   </div>
   <div class='ocr_carea' id='block_1_29' title="bbox 192 2746 1788 2820">
    <p class='ocr_par' dir='ltr' id='par_1_29' title="bbox 192 2746 1788 2820">
     <span class='ocr_line' id='line_1_29' title="bbox 192 2746 1788 2820; baseline 0.003 -20"><span class='ocrx_word' id='word_1_191' title='bbox 192 2746 458 2816; x_wconf 86' lang='lat' dir='ltr'><strong>grantiam</strong></span> <span class='ocrx_word' id='word_1_192' title='bbox 514 2764 582 2802; x_wconf 76' lang='lat' dir='ltr'><strong>ex</strong></span> <span class='ocrx_word' id='word_1_193' title='bbox 629 2748 765 2818; x_wconf 86' lang='lat' dir='ltr'><strong>ipsis</strong></span> <span class='ocrx_word' id='word_1_194' title='bbox 802 2747 986 2820; x_wconf 85' lang='lat' dir='ltr'><strong>digitis</strong></span> <span class='ocrx_word' id='word_1_195' title='bbox 1032 2763 1291 2805; x_wconf 86' lang='lat' dir='ltr'><strong>emanare</strong></span> <span class='ocrx_word' id='word_1_196' title='bbox 1343 2748 1522 2815; x_wconf 87' lang='lat' dir='ltr'><strong>sensi,</strong></span> <span class='ocrx_word' id='word_1_197' title='bbox 1569 2750 1788 2819; x_wconf 91' lang='lat' dir='ltr'><strong>qualem</strong></span> 
     </span>
    </p>
   </div>
   <div class='ocr_carea' id='block_1_30' title="bbox 192 2839 1785 2909">
    <p class='ocr_par' dir='ltr' id='par_1_30' title="bbox 192 2839 1785 2909">
     <span class='ocr_line' id='line_1_30' title="bbox 192 2839 1785 2909; baseline 0.003 -19"><span class='ocrx_word' id='word_1_198' title='bbox 192 2845 548 2906; x_wconf 89' lang='lat' dir='ltr'><strong>quamtumve</strong></span> <span class='ocrx_word' id='word_1_199' title='bbox 574 2854 854 2909; x_wconf 85' lang='lat' dir='ltr'><strong>nunquam</strong></span> <span class='ocrx_word' id='word_1_200' title='bbox 887 2854 975 2894; x_wconf 89' lang='lat' dir='ltr'><strong>me</strong></span> <span class='ocrx_word' id='word_1_201' title='bbox 1004 2839 1134 2894; x_wconf 90' lang='lat' dir='ltr'><strong>alibi</strong></span> <span class='ocrx_word' id='word_1_202' title='bbox 1163 2839 1406 2895; x_wconf 86' lang='lat' dir='ltr'><strong>sensisse</strong></span> <span class='ocrx_word' id='word_1_203' title='bbox 1443 2840 1785 2896; x_wconf 88' lang='lat' dir='ltr'><strong>reminiscor.</strong></span> 
     </span>
    </p>
   </div>
   <div class='ocr_carea' id='block_1_31' title="bbox 194 2925 1791 2999">
    <p class='ocr_par' dir='ltr' id='par_1_31' title="bbox 194 2925 1791 2999">
     <span class='ocr_line' id='line_1_31' title="bbox 194 2925 1791 2999; baseline 0.004 -18"><span class='ocrx_word' id='word_1_204' title='bbox 194 2925 258 2981; x_wconf 82' lang='lat' dir='ltr'><strong>Et</strong></span> <span class='ocrx_word' id='word_1_205' title='bbox 286 2928 426 2984; x_wconf 89' lang='lat' dir='ltr'><strong>sicut</strong></span> <span class='ocrx_word' id='word_1_206' title='bbox 457 2944 583 2985; x_wconf 87' lang='lat' dir='ltr'><strong>mea</strong></span> <span class='ocrx_word' id='word_1_207' title='bbox 624 2930 961 2985; x_wconf 85' lang='lat' dir='ltr'><strong>conscientia</strong></span> <span class='ocrx_word' id='word_1_208' title='bbox 1001 2939 1133 2985; x_wconf 92' lang='lat' dir='ltr'><strong>tunc</strong></span> <span class='ocrx_word' id='word_1_209' title='bbox 1178 2931 1501 2999; x_wconf 87' lang='lat' dir='ltr'><strong>testabatur,</strong></span> <span class='ocrx_word' id='word_1_210' title='bbox 1549 2941 1605 2988; x_wconf 89' lang='lat' dir='ltr'><strong>et</strong></span> <span class='ocrx_word' id='word_1_211' title='bbox 1642 2947 1791 2988; x_wconf 90' lang='lat' dir='ltr'><strong>nunc</strong></span> 
     </span>
    </p>
   </div>
   <div class='ocr_carea' id='block_1_32' title="bbox 195 3020 1789 3094">
    <p class='ocr_par' dir='ltr' id='par_1_32' title="bbox 195 3020 1789 3094">
     <span class='ocr_line' id='line_1_32' title="bbox 195 3020 1789 3094; baseline 0.003 -21"><span class='ocrx_word' id='word_1_212' title='bbox 195 3026 443 3087; x_wconf 84' lang='lat' dir='ltr'><strong>testatur,</strong></span> <span class='ocrx_word' id='word_1_213' title='bbox 481 3020 527 3075; x_wconf 89' lang='lat' dir='ltr'><strong>si</strong></span> <span class='ocrx_word' id='word_1_214' title='bbox 557 3021 658 3092; x_wconf 89' lang='lat' dir='ltr'><strong>ipsi</strong></span> <span class='ocrx_word' id='word_1_215' title='bbox 689 3021 841 3093; x_wconf 82' lang='lat' dir='ltr'><strong>digiti</strong></span> <span class='ocrx_word' id='word_1_216' title='bbox 883 3022 1047 3094; x_wconf 82' lang='lat' dir='ltr'><strong>gladii</strong></span> <span class='ocrx_word' id='word_1_217' title='bbox 1092 3022 1178 3077; x_wconf 88' lang='lat' dir='ltr'><strong>bis</strong></span> <span class='ocrx_word' id='word_1_218' title='bbox 1223 3024 1367 3078; x_wconf 91' lang='lat' dir='ltr'><strong>acuti</strong></span> <span class='ocrx_word' id='word_1_219' title='bbox 1412 3038 1645 3078; x_wconf 86' lang='lat' dir='ltr'><strong>acumen</strong></span> <span class='ocrx_word' id='word_1_220' title='bbox 1687 3023 1789 3078; x_wconf 87' lang='lat' dir='ltr'><strong>ha-</strong></span> 
     </span>
    </p>
   </div>
   <div class='ocr_carea' id='block_1_33' title="bbox 196 3108 1791 3183">
    <p class='ocr_par' dir='ltr' id='par_1_33' title="bbox 196 3108 1791 3183">
     <span class='ocr_line' id='line_1_33' title="bbox 196 3108 1791 3183; baseline 0.004 -19"><span class='ocrx_word' id='word_1_221' title='bbox 196 3108 464 3179; x_wconf 88' lang='lat' dir='ltr'><strong>buissent,</strong></span> <span class='ocrx_word' id='word_1_222' title='bbox 501 3129 662 3168; x_wconf 89' lang='lat' dir='ltr'><strong>nares</strong></span> <span class='ocrx_word' id='word_1_223' title='bbox 693 3113 899 3183; x_wconf 84' lang='lat' dir='ltr'><strong>absque</strong></span> <span class='ocrx_word' id='word_1_224' title='bbox 928 3113 1151 3169; x_wconf 88' lang='lat' dir='ltr'><strong>vulnere</strong></span> <span class='ocrx_word' id='word_1_225' title='bbox 1195 3115 1343 3170; x_wconf 90' lang='lat' dir='ltr'><strong>nullo</strong></span> <span class='ocrx_word' id='word_1_226' title='bbox 1392 3116 1552 3171; x_wconf 90' lang='lat' dir='ltr'><strong>modo</strong></span> <span class='ocrx_word' id='word_1_227' title='bbox 1593 3116 1791 3170; x_wconf 79' lang='lat' dir='ltr'><strong>evade-</strong></span> 
     </span>
    </p>
   </div>
   <div class='ocr_carea' id='block_1_34' title="bbox 196 3204 1791 3274">
    <p class='ocr_par' dir='ltr' id='par_1_34' title="bbox 196 3204 1791 3274">
     <span class='ocr_line' id='line_1_34' title="bbox 196 3204 1791 3274; baseline 0.006 -20"><span class='ocrx_word' id='word_1_228' title='bbox 196 3211 331 3268; x_wconf 89' lang='lat' dir='ltr'><strong>rent,</strong></span> <span class='ocrx_word' id='word_1_229' title='bbox 360 3205 493 3274; x_wconf 86' lang='lat' dir='ltr'><strong>quia</strong></span> <span class='ocrx_word' id='word_1_230' title='bbox 528 3204 714 3259; x_wconf 85' lang='lat' dir='ltr'><strong>odoris</strong></span> <span class='ocrx_word' id='word_1_231' title='bbox 762 3205 1007 3262; x_wconf 85' lang='lat' dir='ltr'><strong>suavitas</strong></span> <span class='ocrx_word' id='word_1_232' title='bbox 1051 3213 1161 3261; x_wconf 90' lang='lat' dir='ltr'><strong>tam</strong></span> <span class='ocrx_word' id='word_1_233' title='bbox 1202 3215 1320 3261; x_wconf 88' lang='lat' dir='ltr'><strong>erat</strong></span> <span class='ocrx_word' id='word_1_234' title='bbox 1365 3207 1701 3263; x_wconf 81' lang='lat' dir='ltr'><strong>delectabilis</strong></span> <span class='ocrx_word' id='word_1_235' title='bbox 1732 3217 1791 3263; x_wconf 92' lang='lat' dir='ltr'><strong>ut</strong></span> 
     </span>
    </p>
   </div>
   <div class='ocr_carea' id='block_1_35' title="bbox 196 3296 1793 3370">
    <p class='ocr_par' dir='ltr' id='par_1_35' title="bbox 196 3296 1793 3370">
     <span class='ocr_line' id='line_1_35' title="bbox 196 3296 1793 3370; baseline 0.005 -23"><span class='ocrx_word' id='word_1_236' title='bbox 196 3308 353 3351; x_wconf 81' lang='lat' dir='ltr'><strong>nares</strong></span> <span class='ocrx_word' id='word_1_237' title='bbox 391 3296 725 3353; x_wconf 83' lang='lat' dir='ltr'><strong>valentiores</strong></span> <span class='ocrx_word' id='word_1_238' title='bbox 749 3306 935 3353; x_wconf 89' lang='lat' dir='ltr'><strong>essent</strong></span> <span class='ocrx_word' id='word_1_239' title='bbox 961 3297 1031 3352; x_wconf 81' lang='lat' dir='ltr'><strong>ad</strong></span> <span class='ocrx_word' id='word_1_240' title='bbox 1062 3296 1369 3354; x_wconf 83' lang='lat' dir='ltr'><strong>odoriferos</strong></span> <span class='ocrx_word' id='word_1_241' title='bbox 1410 3299 1609 3370; x_wconf 86' lang='lat' dir='ltr'><strong>digitos</strong></span> <span class='ocrx_word' id='word_1_242' title='bbox 1649 3300 1793 3355; x_wconf 88' lang='lat' dir='ltr'><strong>intra</strong></span> 
     </span>
    </p>
   </div>
   <div class='ocr_carea' id='block_1_36' title="bbox 196 3388 1790 3459">
    <p class='ocr_par' dir='ltr' id='par_1_36' title="bbox 196 3388 1790 3459">
     <span class='ocr_line' id='line_1_36' title="bbox 196 3388 1790 3459; baseline 0.001 -17"><span class='ocrx_word' id='word_1_243' title='bbox 196 3400 257 3442; x_wconf 74' lang='lat' dir='ltr'><strong>se</strong></span> <span class='ocrx_word' id='word_1_244' title='bbox 284 3389 668 3444; x_wconf 83' lang='lat' dir='ltr'><strong>attrahendum</strong></span> <span class='ocrx_word' id='word_1_245' title='bbox 708 3404 874 3459; x_wconf 89' lang='lat' dir='ltr'><strong>quam</strong></span> <span class='ocrx_word' id='word_1_246' title='bbox 910 3388 1119 3444; x_wconf 87' lang='lat' dir='ltr'><strong>brachii</strong></span> <span class='ocrx_word' id='word_1_247' title='bbox 1161 3390 1338 3446; x_wconf 90' lang='lat' dir='ltr'><strong>virtus</strong></span> <span class='ocrx_word' id='word_1_248' title='bbox 1386 3391 1452 3445; x_wconf 87' lang='lat' dir='ltr'><strong>ad</strong></span> <span class='ocrx_word' id='word_1_249' title='bbox 1502 3392 1790 3446; x_wconf 87' lang='lat' dir='ltr'><strong>retrahen-</strong></span> 
     </span>
    </p>
   </div>
   <div class='ocr_carea' id='block_1_37' title="bbox 198 3475 1791 3551">
    <p class='ocr_par' dir='ltr' id='par_1_37' title="bbox 198 3475 1791 3551">
     <span class='ocr_line' id='line_1_37' title="bbox 198 3475 1791 3551; baseline 0.004 -20"><span class='ocrx_word' id='word_1_250' title='bbox 198 3475 358 3543; x_wconf 87' lang='lat' dir='ltr'><strong>dum;</strong></span> <span class='ocrx_word' id='word_1_251' title='bbox 399 3495 531 3534; x_wconf 86' lang='lat' dir='ltr'><strong>nam</strong></span> <span class='ocrx_word' id='word_1_252' title='bbox 560 3480 914 3551; x_wconf 89' lang='lat' dir='ltr'><strong>quamplures</strong></span> <span class='ocrx_word' id='word_1_253' title='bbox 934 3481 1071 3547; x_wconf 91' lang='lat' dir='ltr'><strong>dies,</strong></span> <span class='ocrx_word' id='word_1_254' title='bbox 1099 3490 1158 3535; x_wconf 93' lang='lat' dir='ltr'><strong>ut</strong></span> <span class='ocrx_word' id='word_1_255' title='bbox 1185 3482 1280 3536; x_wconf 91' lang='lat' dir='ltr'><strong>diu</strong></span> <span class='ocrx_word' id='word_1_256' title='bbox 1310 3482 1610 3538; x_wconf 89' lang='lat' dir='ltr'><strong>delectarer</strong></span> <span class='ocrx_word' id='word_1_257' title='bbox 1638 3492 1791 3538; x_wconf 87' lang='lat' dir='ltr'><strong>tanto</strong></span> 
     </span>
    </p>
   </div>
   <div class='ocr_carea' id='block_1_38' title="bbox 196 3569 1322 3645">
    <p class='ocr_par' dir='ltr' id='par_1_38' title="bbox 196 3569 1322 3645">
     <span class='ocr_line' id='line_1_38' title="bbox 196 3569 1322 3645; baseline 0.005 -21"><span class='ocrx_word' id='word_1_258' title='bbox 196 3569 383 3637; x_wconf 88' lang='lat' dir='ltr'><strong>odore,</strong></span> <span class='ocrx_word' id='word_1_259' title='bbox 413 3587 480 3627; x_wconf 90' lang='lat' dir='ltr'><strong>eo</strong></span> <span class='ocrx_word' id='word_1_260' title='bbox 510 3571 581 3627; x_wconf 88' lang='lat' dir='ltr'><strong>ab</strong></span> <span class='ocrx_word' id='word_1_261' title='bbox 608 3572 760 3627; x_wconf 82' lang='lat' dir='ltr'><strong>omni</strong></span> <span class='ocrx_word' id='word_1_262' title='bbox 791 3573 1060 3629; x_wconf 87' lang='lat' dir='ltr'><strong>custodivi</strong></span> <span class='ocrx_word' id='word_1_263' title='bbox 1091 3573 1322 3645; x_wconf 90' lang='lat' dir='ltr'><strong>liquore.</strong></span> 
     </span>
    </p>
   </div>
   <div class='ocr_carea' id='block_1_39' title="bbox 267 3661 1792 3737">
    <p class='ocr_par' dir='ltr' id='par_1_39' title="bbox 267 3661 1792 3737">
     <span class='ocr_line' id='line_1_39' title="bbox 267 3661 1792 3737; baseline 0.004 -22"><span class='ocrx_word' id='word_1_264' title='bbox 267 3661 354 3718; x_wconf 87' lang='lat'><strong>79.</strong></span> <span class='ocrx_word' id='word_1_265' title='bbox 395 3662 737 3737; x_wconf 87' lang='lat' dir='ltr'><strong>Congregata</strong></span> <span class='ocrx_word' id='word_1_266' title='bbox 781 3664 948 3736; x_wconf 80' lang='lat' dir='ltr'><strong>igitur</strong></span> <span class='ocrx_word' id='word_1_267' title='bbox 990 3674 1075 3729; x_wconf 82' lang='lat' dir='ltr'><strong>est</strong></span> <span class='ocrx_word' id='word_1_268' title='bbox 1122 3666 1341 3734; x_wconf 88' lang='lat' dir='ltr'><strong>iterum,</strong></span> <span class='ocrx_word' id='word_1_269' title='bbox 1390 3666 1447 3722; x_wconf 91' lang='lat' dir='ltr'><strong>in</strong></span> <span class='ocrx_word' id='word_1_270' title='bbox 1480 3666 1571 3723; x_wconf 88' lang='lat' dir='ltr'><strong>die</strong></span> <span class='ocrx_word' id='word_1_271' title='bbox 1601 3675 1792 3723; x_wconf 88' lang='lat' dir='ltr'><strong>sancto</strong></span> 
     </span>
    </p>
   </div>
   <div class='ocr_carea' id='block_1_40' title="bbox 198 3751 1794 3825">
    <p class='ocr_par' dir='ltr' id='par_1_40' title="bbox 198 3751 1794 3825">
     <span class='ocr_line' id='line_1_40' title="bbox 198 3751 1794 3825; baseline 0.003 -15"><span class='ocrx_word' id='word_1_272' title='bbox 198 3751 569 3825; x_wconf 79' lang='lat' dir='ltr'><strong>Pentecostes,</strong></span> <span class='ocrx_word' id='word_1_273' title='bbox 608 3765 757 3814; x_wconf 84' lang='lat' dir='ltr'><strong>tanta</strong></span> <span class='ocrx_word' id='word_1_274' title='bbox 812 3760 1057 3815; x_wconf 89' lang='lat' dir='ltr'><strong>virorum</strong></span> <span class='ocrx_word' id='word_1_275' title='bbox 1110 3774 1176 3815; x_wconf 89' lang='lat' dir='ltr'><strong>ac</strong></span> <span class='ocrx_word' id='word_1_276' title='bbox 1224 3759 1517 3815; x_wconf 83' lang='lat' dir='ltr'><strong>mulierum</strong></span> <span class='ocrx_word' id='word_1_277' title='bbox 1565 3760 1794 3815; x_wconf 69' lang='lat' dir='ltr'><strong>diversa:</strong></span> 
     </span>
    </p>
   </div>
   <div class='ocr_carea' id='block_1_41' title="bbox 197 3849 1791 3923">
    <p class='ocr_par' dir='ltr' id='par_1_41' title="bbox 197 3849 1791 3923">
     <span class='ocr_line' id='line_1_41' title="bbox 197 3849 1791 3923; baseline 0.004 -22"><span class='ocrx_word' id='word_1_278' title='bbox 197 3849 376 3903; x_wconf 63' lang='lat' dir='ltr'><strong>artatis</strong></span> <span class='ocrx_word' id='word_1_279' title='bbox 405 3850 700 3906; x_wconf 87' lang='lat' dir='ltr'><strong>multitudo</strong></span> <span class='ocrx_word' id='word_1_280' title='bbox 744 3852 812 3906; x_wconf 91' lang='lat' dir='ltr'><strong>de</strong></span> <span class='ocrx_word' id='word_1_281' title='bbox 850 3852 1100 3922; x_wconf 73' lang='lat' dir='ltr'><strong>proximo</strong></span> <span class='ocrx_word' id='word_1_282' title='bbox 1128 3860 1182 3906; x_wconf 90' lang='lat' dir='ltr'><strong>et</strong></span> <span class='ocrx_word' id='word_1_283' title='bbox 1209 3852 1506 3923; x_wconf 89' lang='lat' dir='ltr'><strong>longinquo</strong></span> <span class='ocrx_word' id='word_1_284' title='bbox 1542 3860 1603 3906; x_wconf 92' lang='lat' dir='ltr'><strong>ut</strong></span> <span class='ocrx_word' id='word_1_285' title='bbox 1646 3869 1791 3907; x_wconf 89' lang='lat' dir='ltr'><strong>nun-</strong></span> 
     </span>
    </p>
   </div>
   <div class='ocr_carea' id='block_1_42' title="bbox 198 3944 1795 4010">
    <p class='ocr_par' dir='ltr' id='par_1_42' title="bbox 198 3944 1795 4010">
     <span class='ocr_line' id='line_1_42' title="bbox 198 3944 1795 4010; baseline 0.004 -19"><span class='ocrx_word' id='word_1_286' title='bbox 198 3951 361 4008; x_wconf 88' lang='lat' dir='ltr'><strong>quam</strong></span> <span class='ocrx_word' id='word_1_287' title='bbox 409 3956 470 3997; x_wconf 91' lang='lat' dir='ltr'><strong>se</strong></span> <span class='ocrx_word' id='word_1_288' title='bbox 510 3950 718 3997; x_wconf 88' lang='lat' dir='ltr'><strong>tantam</strong></span> <span class='ocrx_word' id='word_1_289' title='bbox 761 3944 965 3998; x_wconf 86' lang='lat' dir='ltr'><strong>vidisse</strong></span> <span class='ocrx_word' id='word_1_290' title='bbox 1005 3944 1171 3999; x_wconf 86' lang='lat' dir='ltr'><strong>etiam</strong></span> <span class='ocrx_word' id='word_1_291' title='bbox 1211 3958 1371 4000; x_wconf 89' lang='lat' dir='ltr'><strong>senes</strong></span> <span class='ocrx_word' id='word_1_292' title='bbox 1417 3944 1691 4010; x_wconf 85' lang='lat' dir='ltr'><strong>dicerent;</strong></span> <span class='ocrx_word' id='word_1_293' title='bbox 1740 3953 1795 3998; x_wconf 88' lang='lat' dir='ltr'><strong>et</strong></span> 
     </span>
    </p>
   </div>
   <div class='ocr_carea' id='block_1_43' title="bbox 200 4031 1795 4107">
    <p class='ocr_par' dir='ltr' id='par_1_43' title="bbox 200 4031 1795 4107">
     <span class='ocr_line' id='line_1_43' title="bbox 200 4031 1795 4107; baseline 0.004 -22"><span class='ocrx_word' id='word_1_294' title='bbox 200 4031 277 4089; x_wconf 88' lang='lat' dir='ltr'><strong>sic</strong></span> <span class='ocrx_word' id='word_1_295' title='bbox 303 4049 434 4089; x_wconf 89' lang='lat' dir='ltr'><strong>cum</strong></span> <span class='ocrx_word' id='word_1_296' title='bbox 462 4051 661 4107; x_wconf 87' lang='lat' dir='ltr'><strong>magna</strong></span> <span class='ocrx_word' id='word_1_297' title='bbox 686 4036 857 4107; x_wconf 87' lang='lat' dir='ltr'><strong>gloria</strong></span> <span class='ocrx_word' id='word_1_298' title='bbox 882 4036 1150 4106; x_wconf 73' lang='lat' dir='ltr'><strong>lanaeque</strong></span> <span class='ocrx_word' id='word_1_299' title='bbox 1177 4035 1459 4103; x_wconf 72' lang='lat' dir='ltr'><strong>ineffabili,</strong></span> <span class='ocrx_word' id='word_1_300' title='bbox 1503 4036 1573 4092; x_wconf 91' lang='lat' dir='ltr'><strong>ad</strong></span> <span class='ocrx_word' id='word_1_301' title='bbox 1602 4052 1795 4091; x_wconf 80' lang='lat' dir='ltr'><strong>mona-</strong></span> 
     </span>
    </p>
   </div>
   <div class='ocr_carea' id='block_1_44' title="bbox 200 4122 1795 4185">
    <p class='ocr_par' dir='ltr' id='par_1_44' title="bbox 200 4122 1795 4185">
     <span class='ocr_line' id='line_1_44' title="bbox 200 4122 1795 4185; baseline 0.005 -11"><span class='ocrx_word' id='word_1_302' title='bbox 200 4122 429 4179; x_wconf 88' lang='lat' dir='ltr'><strong>sterium</strong></span> <span class='ocrx_word' id='word_1_303' title='bbox 454 4125 669 4181; x_wconf 89' lang='lat' dir='ltr'><strong>delatus</strong></span> <span class='ocrx_word' id='word_1_304' title='bbox 698 4134 782 4181; x_wconf 90' lang='lat' dir='ltr'><strong>est</strong></span> <span class='ocrx_word' id='word_1_305' title='bbox 824 4124 881 4180; x_wconf 90' lang='lat' dir='ltr'><strong>S.</strong></span> <span class='ocrx_word' id='word_1_306' title='bbox 926 4125 1090 4185; x_wconf 88' lang='lat' dir='ltr'><strong>Celsi.</strong></span> <span class='ocrx_word' id='word_1_307' title='bbox 1138 4125 1213 4180; x_wconf 91' lang='lat' dir='ltr'><strong>lbi</strong></span> <span class='ocrx_word' id='word_1_308' title='bbox 1246 4127 1299 4180; x_wconf 92' lang='lat' dir='ltr'><strong>in</strong></span> <span class='ocrx_word' id='word_1_309' title='bbox 1337 4127 1521 4183; x_wconf 90' lang='lat' dir='ltr'><strong>locum</strong></span> <span class='ocrx_word' id='word_1_310' title='bbox 1568 4127 1795 4184; x_wconf 88' lang='lat' dir='ltr'><strong>mirabi-</strong></span> 
     </span>
    </p>
   </div>
   <div class='ocr_carea' id='block_1_45' title="bbox 201 4208 1795 4289">
    <p class='ocr_par' dir='ltr' id='par_1_45' title="bbox 201 4208 1795 4289">
     <span class='ocr_line' id='line_1_45' title="bbox 201 4208 1795 4289; baseline 0.006 -27"><span class='ocrx_word' id='word_1_311' title='bbox 201 4208 322 4266; x_wconf 88' lang='lat' dir='ltr'><strong>liter</strong></span> <span class='ocrx_word' id='word_1_312' title='bbox 370 4222 564 4285; x_wconf 88' lang='lat' dir='ltr'><strong>aptum</strong></span> <span class='ocrx_word' id='word_1_313' title='bbox 622 4215 855 4270; x_wconf 88' lang='lat' dir='ltr'><strong>traditus</strong></span> <span class='ocrx_word' id='word_1_314' title='bbox 902 4224 987 4271; x_wconf 91' lang='lat' dir='ltr'><strong>est</strong></span> <span class='ocrx_word' id='word_1_315' title='bbox 1036 4216 1361 4286; x_wconf 66' lang='lat' dir='ltr'><strong>sepulturae,</strong></span> <span class='ocrx_word' id='word_1_316' title='bbox 1403 4216 1672 4289; x_wconf 85' lang='lat' dir='ltr'><strong>siquidem</strong></span> <span class='ocrx_word' id='word_1_317' title='bbox 1726 4232 1795 4273; x_wconf 78' lang='lat' dir='ltr'><strong>ex</strong></span> 
     </span>
    </p>
   </div>
   <div class='ocr_carea' id='block_1_46' title="bbox 201 4306 1794 4383">
    <p class='ocr_par' dir='ltr' id='par_1_46' title="bbox 201 4306 1794 4383">
     <span class='ocr_line' id='line_1_46' title="bbox 201 4306 1794 4383; baseline 0.006 -28"><span class='ocrx_word' id='word_1_318' title='bbox 201 4317 311 4359; x_wconf 89' lang='lat' dir='ltr'><strong>una</strong></span> <span class='ocrx_word' id='word_1_319' title='bbox 342 4314 503 4375; x_wconf 89' lang='lat' dir='ltr'><strong>parte</strong></span> <span class='ocrx_word' id='word_1_320' title='bbox 528 4307 691 4362; x_wconf 89' lang='lat' dir='ltr'><strong>habet</strong></span> <span class='ocrx_word' id='word_1_321' title='bbox 715 4308 1022 4373; x_wconf 87' lang='lat' dir='ltr'><strong>ecclesiam,</strong></span> <span class='ocrx_word' id='word_1_322' title='bbox 1056 4307 1111 4362; x_wconf 93' lang='lat' dir='ltr'><strong>in</strong></span> <span class='ocrx_word' id='word_1_323' title='bbox 1140 4324 1248 4380; x_wconf 89' lang='lat' dir='ltr'><strong>qua</strong></span> <span class='ocrx_word' id='word_1_324' title='bbox 1279 4306 1338 4363; x_wconf 91' lang='lat' dir='ltr'><strong>S.</strong></span> <span class='ocrx_word' id='word_1_325' title='bbox 1375 4307 1521 4383; x_wconf 84' lang='lat' dir='ltr'><strong>Celsi</strong></span> <span class='ocrx_word' id='word_1_326' title='bbox 1563 4324 1794 4364; x_wconf 88' lang='lat' dir='ltr'><strong>venera-</strong></span> 
     </span>
    </p>
   </div>
   <div class='ocr_carea' id='block_1_47' title="bbox 201 4390 1794 4470">
    <p class='ocr_par' dir='ltr' id='par_1_47' title="bbox 201 4390 1794 4470">
     <span class='ocr_line' id='line_1_47' title="bbox 201 4390 1794 4470; baseline 0.006 -24"><span class='ocrx_word' id='word_1_327' title='bbox 201 4390 308 4449; x_wconf 90' lang='lat' dir='ltr'><strong>bile</strong></span> <span class='ocrx_word' id='word_1_328' title='bbox 346 4413 499 4454; x_wconf 89' lang='lat' dir='ltr'><strong>nunc</strong></span> <span class='ocrx_word' id='word_1_329' title='bbox 526 4398 788 4454; x_wconf 88' lang='lat' dir='ltr'><strong>adoratur</strong></span> <span class='ocrx_word' id='word_1_330' title='bbox 833 4415 1062 4470; x_wconf 87' lang='lat' dir='ltr'><strong>corpus;</strong></span> <span class='ocrx_word' id='word_1_331' title='bbox 1111 4416 1180 4456; x_wconf 78' lang='lat' dir='ltr'><strong>ex</strong></span> <span class='ocrx_word' id='word_1_332' title='bbox 1225 4401 1394 4456; x_wconf 88' lang='lat' dir='ltr'><strong>altera</strong></span> <span class='ocrx_word' id='word_1_333' title='bbox 1440 4415 1572 4456; x_wconf 90' lang='lat' dir='ltr'><strong>vero</strong></span> <span class='ocrx_word' id='word_1_334' title='bbox 1620 4401 1794 4457; x_wconf 89' lang='lat' dir='ltr'><strong>eccle-</strong></span> 
     </span>
    </p>
   </div>
   <div class='ocr_carea' id='block_1_48' title="bbox 1875 520 3467 596">
    <p class='ocr_par' dir='ltr' id='par_1_48' title="bbox 1875 520 3467 596">
     <span class='ocr_line' id='line_1_48' title="bbox 1875 520 3467 596; baseline -0.006 -14"><span class='ocrx_word' id='word_1_335' title='bbox 1875 541 1965 582; x_wconf 88' lang='lat' dir='ltr'><strong>ses</strong></span> <span class='ocrx_word' id='word_1_336' title='bbox 1997 526 2052 580; x_wconf 92' lang='lat' dir='ltr'><strong>in</strong></span> <span class='ocrx_word' id='word_1_337' title='bbox 2096 524 2369 596; x_wconf 88' lang='lat' dir='ltr'><strong>profundo</strong></span> <span class='ocrx_word' id='word_1_338' title='bbox 2390 525 2495 580; x_wconf 91' lang='lat' dir='ltr'><strong>laci</strong></span> <span class='ocrx_word' id='word_1_339' title='bbox 2518 524 2808 580; x_wconf 89' lang='lat' dir='ltr'><strong>incolumis</strong></span> <span class='ocrx_word' id='word_1_340' title='bbox 2826 522 2999 593; x_wconf 88' lang='lat' dir='ltr'><strong>jacuit</strong></span> <span class='ocrx_word' id='word_1_341' title='bbox 3029 539 3042 575; x_wconf 92' lang='lat'>:</span> <span class='ocrx_word' id='word_1_342' title='bbox 3073 520 3260 577; x_wconf 87' lang='lat' dir='ltr'><strong>decem</strong></span> <span class='ocrx_word' id='word_1_343' title='bbox 3282 529 3467 574; x_wconf 86' lang='lat' dir='ltr'><strong>autem</strong></span> 
     </span>
    </p>
   </div>
   <div class='ocr_carea' id='block_1_49' title="bbox 1876 611 3466 687">
    <p class='ocr_par' dir='ltr' id='par_1_49' title="bbox 1876 611 3466 687">
     <span class='ocr_line' id='line_1_49' title="bbox 1876 611 3466 687; baseline -0.005 -14"><span class='ocrx_word' id='word_1_344' title='bbox 1876 617 2133 673; x_wconf 86' lang='lat' dir='ltr'><strong>milliaria</strong></span> <span class='ocrx_word' id='word_1_345' title='bbox 2166 617 2320 673; x_wconf 90' lang='lat' dir='ltr'><strong>illum</strong></span> <span class='ocrx_word' id='word_1_346' title='bbox 2362 618 2522 673; x_wconf 83' lang='lat' dir='ltr'><strong>nobis</strong></span> <span class='ocrx_word' id='word_1_347' title='bbox 2570 616 2963 687; x_wconf 82' lang='lat' dir='ltr'><strong>proximiorem</strong></span> <span class='ocrx_word' id='word_1_348' title='bbox 3011 615 3164 670; x_wconf 87' lang='lat' dir='ltr'><strong>lacus</strong></span> <span class='ocrx_word' id='word_1_349' title='bbox 3216 611 3466 683; x_wconf 89' lang='lat' dir='ltr'><strong>projecit,</strong></span> 
     </span>
    </p>
   </div>
   <div class='ocr_carea' id='block_1_50' title="bbox 1876 701 3466 777">
    <p class='ocr_par' dir='ltr' id='par_1_50' title="bbox 1876 701 3466 777">
     <span class='ocr_line' id='line_1_50' title="bbox 1876 701 3466 777; baseline -0.004 -16"><span class='ocrx_word' id='word_1_350' title='bbox 1876 721 2042 777; x_wconf 88' lang='lat' dir='ltr'><strong>quam</strong></span> <span class='ocrx_word' id='word_1_351' title='bbox 2069 705 2357 777; x_wconf 83' lang='lat' dir='ltr'><strong>acceperit.</strong></span> <span class='ocrx_word' id='word_1_352' title='bbox 2372 704 2477 759; x_wconf 89' lang='lat' dir='ltr'><strong>Per</strong></span> <span class='ocrx_word' id='word_1_353' title='bbox 2502 705 2621 760; x_wconf 89' lang='lat' dir='ltr'><strong>dies</strong></span> <span class='ocrx_word' id='word_1_354' title='bbox 2642 706 2806 760; x_wconf 88' lang='lat' dir='ltr'><strong>etiam</strong></span> <span class='ocrx_word' id='word_1_355' title='bbox 2829 705 3017 759; x_wconf 88' lang='lat' dir='ltr'><strong>decem</strong></span> <span class='ocrx_word' id='word_1_356' title='bbox 3040 702 3265 759; x_wconf 66' lang='lat' dir='ltr'><strong>aestivos</strong></span> <span class='ocrx_word' id='word_1_357' title='bbox 3286 701 3466 771; x_wconf 88' lang='lat' dir='ltr'><strong>ipsum</strong></span> 
     </span>
    </p>
   </div>
   <div class='ocr_carea' id='block_1_51' title="bbox 1879 791 3471 862">
    <p class='ocr_par' dir='ltr' id='par_1_51' title="bbox 1879 791 3471 862">
     <span class='ocr_line' id='line_1_51' title="bbox 1879 791 3471 862; baseline -0.004 -11"><span class='ocrx_word' id='word_1_358' title='bbox 1879 798 1934 851; x_wconf 93' lang='lat' dir='ltr'><strong>in</strong></span> <span class='ocrx_word' id='word_1_359' title='bbox 1962 796 2249 852; x_wconf 87' lang='lat' dir='ltr'><strong>ecclesiam</strong></span> <span class='ocrx_word' id='word_1_360' title='bbox 2290 795 2349 850; x_wconf 85' lang='lat' dir='ltr'><strong>S.</strong></span> <span class='ocrx_word' id='word_1_361' title='bbox 2374 795 2672 862; x_wconf 80' lang='lat' dir='ltr'><strong>Ambrosii,</strong></span> <span class='ocrx_word' id='word_1_362' title='bbox 2706 796 3013 851; x_wconf 82' lang='lat' dir='ltr'><strong>videntibus</strong></span> <span class='ocrx_word' id='word_1_363' title='bbox 3042 793 3278 860; x_wconf 87' lang='lat' dir='ltr'><strong>cunctis,</strong></span> <span class='ocrx_word' id='word_1_364' title='bbox 3304 791 3435 847; x_wconf 84' lang='lat' dir='ltr'><strong>Chri</strong></span> <span class='ocrx_word' id='word_1_365' title='bbox 3454 819 3471 833; x_wconf 78' lang='grc' dir='ltr'><strong><em>ο</em></strong></span> 
     </span>
    </p>
   </div>
   <div class='ocr_carea' id='block_1_52' title="bbox 1880 888 3469 964">
    <p class='ocr_par' dir='ltr' id='par_1_52' title="bbox 1880 888 3469 964">
     <span class='ocr_line' id='line_1_52' title="bbox 1880 888 3469 964; baseline -0.005 -13"><span class='ocrx_word' id='word_1_366' title='bbox 1880 905 1999 963; x_wconf 83' lang='lat' dir='ltr'><strong>stus</strong></span> <span class='ocrx_word' id='word_1_367' title='bbox 2037 893 2403 961; x_wconf 81' lang='lat' dir='ltr'><strong>conservavit,</strong></span> <span class='ocrx_word' id='word_1_368' title='bbox 2425 892 2585 964; x_wconf 89' lang='lat' dir='ltr'><strong>eique</strong></span> <span class='ocrx_word' id='word_1_369' title='bbox 2606 901 2732 962; x_wconf 87' lang='lat' dir='ltr'><strong>post</strong></span> <span class='ocrx_word' id='word_1_370' title='bbox 2760 894 2880 948; x_wconf 77' lang='lat' dir='ltr'><strong>haec</strong></span> <span class='ocrx_word' id='word_1_371' title='bbox 2903 893 3120 947; x_wconf 90' lang='lat' dir='ltr'><strong>decimo</strong></span> <span class='ocrx_word' id='word_1_372' title='bbox 3164 905 3311 946; x_wconf 89' lang='lat' dir='ltr'><strong>anno</strong></span> <span class='ocrx_word' id='word_1_373' title='bbox 3352 888 3469 961; x_wconf 78' lang='lat'><strong>(56)</strong></span> 
     </span>
    </p>
   </div>
   <div class='ocr_carea' id='block_1_53' title="bbox 1878 985 3474 1057">
    <p class='ocr_par' dir='ltr' id='par_1_53' title="bbox 1878 985 3474 1057">
     <span class='ocr_line' id='line_1_53' title="bbox 1878 985 3474 1057; baseline -0.006 -12"><span class='ocrx_word' id='word_1_374' title='bbox 1878 989 2321 1047; x_wconf 78' lang='lat' dir='ltr'><strong>Herlembaldum</strong></span> <span class='ocrx_word' id='word_1_375' title='bbox 2357 987 2572 1043; x_wconf 82' lang='lat' dir='ltr'><strong>fidelem</strong></span> <span class='ocrx_word' id='word_1_376' title='bbox 2604 985 2816 1041; x_wconf 91' lang='lat' dir='ltr'><strong>socium</strong></span> <span class='ocrx_word' id='word_1_377' title='bbox 2841 985 3156 1057; x_wconf 84' lang='lat' dir='ltr'><strong>associavit)</strong></span> <span class='ocrx_word' id='word_1_378' title='bbox 3199 992 3263 1040; x_wconf 92' lang='lat' dir='ltr'><strong>ut</strong></span> <span class='ocrx_word' id='word_1_379' title='bbox 3312 998 3474 1038; x_wconf 83' lang='lat' dir='ltr'><strong>vera-</strong></span> 
     </span>
    </p>
   </div>
   <div class='ocr_carea' id='block_1_54' title="bbox 1876 1075 3475 1152">
    <p class='ocr_par' dir='ltr' id='par_1_54' title="bbox 1876 1075 3475 1152">
     <span class='ocr_line' id='line_1_54' title="bbox 1876 1075 3475 1152; baseline -0.006 -14"><span class='ocrx_word' id='word_1_380' title='bbox 1876 1083 2018 1139; x_wconf 86' lang='lat' dir='ltr'><strong>citer</strong></span> <span class='ocrx_word' id='word_1_381' title='bbox 2046 1081 2232 1152; x_wconf 89' lang='lat' dir='ltr'><strong>credo)</strong></span> <span class='ocrx_word' id='word_1_382' title='bbox 2269 1081 2324 1136; x_wconf 87' lang='lat' dir='ltr'><strong>iu</strong></span> <span class='ocrx_word' id='word_1_383' title='bbox 2355 1095 2526 1152; x_wconf 83' lang='lat' dir='ltr'><strong>regno</strong></span> <span class='ocrx_word' id='word_1_384' title='bbox 2550 1079 2838 1143; x_wconf 67' lang='lat' dir='ltr'><strong>caelorum,</strong></span> <span class='ocrx_word' id='word_1_385' title='bbox 2870 1086 3212 1149; x_wconf 85' lang='lat' dir='ltr'><strong>peremptum</strong></span> <span class='ocrx_word' id='word_1_386' title='bbox 3261 1075 3475 1133; x_wconf 88' lang='lat' dir='ltr'><strong>scilicet</strong></span> 
     </span>
    </p>
   </div>
   <div class='ocr_carea' id='block_1_55' title="bbox 1881 1161 3497 1245">
    <p class='ocr_par' dir='ltr' id='par_1_55' title="bbox 1881 1161 3497 1245">
     <span class='ocr_line' id='line_1_55' title="bbox 1881 1161 3497 1245; baseline -0.003 -15"><span class='ocrx_word' id='word_1_387' title='bbox 1881 1190 1977 1245; x_wconf 85' lang='lat' dir='ltr'><strong>per</strong></span> <span class='ocrx_word' id='word_1_388' title='bbox 2001 1173 2321 1230; x_wconf 80' lang='lat' dir='ltr'><strong>earumdem</strong></span> <span class='ocrx_word' id='word_1_389' title='bbox 2352 1187 2552 1227; x_wconf 89' lang='lat' dir='ltr'><strong>manus</strong></span> <span class='ocrx_word' id='word_1_390' title='bbox 2596 1171 2936 1245; x_wconf 81' lang='lat' dir='ltr'><strong>iniquorum.</strong></span> <span class='ocrx_word' id='word_1_391' title='bbox 2990 1161 3053 1224; x_wconf 79' lang='lat' dir='ltr'><strong>In</strong></span> <span class='ocrx_word' id='word_1_392' title='bbox 3098 1184 3208 1240; x_wconf 89' lang='lat' dir='ltr'><strong>quo</strong></span> <span class='ocrx_word' id='word_1_393' title='bbox 3254 1167 3497 1225; x_wconf 78' lang='lat' dir='ltr'><strong>decimo.</strong></span> 
     </span>
    </p>
   </div>
   <div class='ocr_carea' id='block_1_56' title="bbox 1882 1259 3495 1337">
    <p class='ocr_par' dir='ltr' id='par_1_56' title="bbox 1882 1259 3495 1337">
     <span class='ocr_line' id='line_1_56' title="bbox 1882 1259 3495 1337; baseline -0.005 -16"><span class='ocrx_word' id='word_1_394' title='bbox 1882 1282 2028 1322; x_wconf 89' lang='lat' dir='ltr'><strong>anno</strong></span> <span class='ocrx_word' id='word_1_395' title='bbox 2056 1266 2171 1321; x_wconf 66' lang='lat' dir='ltr'><strong>hate</strong></span> <span class='ocrx_word' id='word_1_396' title='bbox 2199 1265 2403 1337; x_wconf 87' lang='lat' dir='ltr'><strong>scripta</strong></span> <span class='ocrx_word' id='word_1_397' title='bbox 2430 1273 2582 1330; x_wconf 89' lang='lat' dir='ltr'><strong>sunt,</strong></span> <span class='ocrx_word' id='word_1_398' title='bbox 2603 1264 2672 1319; x_wconf 89' lang='lat' dir='ltr'><strong>ad</strong></span> <span class='ocrx_word' id='word_1_399' title='bbox 2721 1263 2938 1318; x_wconf 88' lang='lat' dir='ltr'><strong>laudem</strong></span> <span class='ocrx_word' id='word_1_400' title='bbox 2983 1261 3190 1317; x_wconf 86' lang='lat' dir='ltr'><strong>Christi</strong></span> <span class='ocrx_word' id='word_1_401' title='bbox 3241 1259 3495 1330; x_wconf 15' lang='lat' dir='ltr'><strong>ejusque;</strong></span> 
     </span>
    </p>
   </div>
   <div class='ocr_carea' id='block_1_57' title="bbox 1882 1349 3479 1429">
    <p class='ocr_par' dir='ltr' id='par_1_57' title="bbox 1882 1349 3479 1429">
     <span class='ocr_line' id='line_1_57' title="bbox 1882 1349 3479 1429; baseline -0.005 -16"><span class='ocrx_word' id='word_1_402' title='bbox 1882 1355 2074 1413; x_wconf 85' lang='lat' dir='ltr'><strong>famuli</strong></span> <span class='ocrx_word' id='word_1_403' title='bbox 2117 1357 2345 1413; x_wconf 78' lang='lat' dir='ltr'><strong>Arialdi.</strong></span> <span class='ocrx_word' id='word_1_404' title='bbox 2390 1354 2595 1412; x_wconf 87' lang='lat' dir='ltr'><strong>Passus</strong></span> <span class='ocrx_word' id='word_1_405' title='bbox 2642 1369 2775 1429; x_wconf 86' lang='lat' dir='ltr'><strong>ergo</strong></span> <span class='ocrx_word' id='word_1_406' title='bbox 2818 1362 2902 1410; x_wconf 90' lang='lat' dir='ltr'><strong>est</strong></span> <span class='ocrx_word' id='word_1_407' title='bbox 2952 1354 3146 1409; x_wconf 88' lang='lat' dir='ltr'><strong>beatus</strong></span> <span class='ocrx_word' id='word_1_408' title='bbox 3185 1349 3373 1406; x_wconf 81' lang='lat' dir='ltr'><strong>Levita</strong></span> <span class='ocrx_word' id='word_1_409' title='bbox 3418 1359 3479 1405; x_wconf 87' lang='lat' dir='ltr'><strong>et</strong></span> 
     </span>
    </p>
   </div>
   <div class='ocr_carea' id='block_1_58' title="bbox 1882 1442 3474 1523">
    <p class='ocr_par' dir='ltr' id='par_1_58' title="bbox 1882 1442 3474 1523">
     <span class='ocr_line' id='line_1_58' title="bbox 1882 1442 3474 1523; baseline -0.006 -16"><span class='ocrx_word' id='word_1_410' title='bbox 1882 1458 2093 1523; x_wconf 83' lang='lat' dir='ltr'><strong>martyr</strong></span> <span class='ocrx_word' id='word_1_411' title='bbox 2118 1449 2325 1505; x_wconf 89' lang='lat' dir='ltr'><strong>Christi</strong></span> <span class='ocrx_word' id='word_1_412' title='bbox 2354 1448 2612 1505; x_wconf 84' lang='lat' dir='ltr'><strong>Arialdus</strong></span> <span class='ocrx_word' id='word_1_413' title='bbox 2652 1447 2849 1518; x_wconf 91' lang='lat' dir='ltr'><strong>quinto</strong></span> <span class='ocrx_word' id='word_1_414' title='bbox 2875 1445 2988 1517; x_wconf 78' lang='lat'><strong>(57)</strong></span> <span class='ocrx_word' id='word_1_415' title='bbox 3010 1444 3281 1501; x_wconf 75' lang='lat' dir='ltr'><strong>Kalendas</strong></span> <span class='ocrx_word' id='word_1_416' title='bbox 3297 1442 3474 1510; x_wconf 81' lang='lat' dir='ltr'><strong>Junii,</strong></span> 
     </span>
    </p>
   </div>
   <div class='ocr_carea' id='block_1_59' title="bbox 1882 1534 3474 1606">
    <p class='ocr_par' dir='ltr' id='par_1_59' title="bbox 1882 1534 3474 1606">
     <span class='ocr_line' id='line_1_59' title="bbox 1882 1534 3474 1606; baseline -0.006 -8"><span class='ocrx_word' id='word_1_417' title='bbox 1882 1558 2031 1598; x_wconf 89' lang='lat' dir='ltr'><strong>anno</strong></span> <span class='ocrx_word' id='word_1_418' title='bbox 2058 1543 2127 1597; x_wconf 90' lang='lat' dir='ltr'><strong>ab</strong></span> <span class='ocrx_word' id='word_1_419' title='bbox 2148 1540 2533 1597; x_wconf 86' lang='lat' dir='ltr'><strong>lucarnatione</strong></span> <span class='ocrx_word' id='word_1_420' title='bbox 2564 1539 2780 1595; x_wconf 89' lang='lat' dir='ltr'><strong>Domini</strong></span> <span class='ocrx_word' id='word_1_421' title='bbox 2815 1538 3107 1593; x_wconf 89' lang='lat' dir='ltr'><strong>millesimo</strong></span> <span class='ocrx_word' id='word_1_422' title='bbox 3133 1534 3474 1606; x_wconf 77' lang='lat' dir='ltr'><strong>sexagesimo</strong></span> 
     </span>
    </p>
   </div>
   <div class='ocr_carea' id='block_1_60' title="bbox 1885 1628 3476 1704">
    <p class='ocr_par' dir='ltr' id='par_1_60' title="bbox 1885 1628 3476 1704">
     <span class='ocr_line' id='line_1_60' title="bbox 1885 1628 3476 1704; baseline -0.005 -14"><span class='ocrx_word' id='word_1_423' title='bbox 1885 1643 2060 1701; x_wconf 79' lang='lat' dir='ltr'><strong>sexto,</strong></span> <span class='ocrx_word' id='word_1_424' title='bbox 2113 1633 2443 1704; x_wconf 71' lang='lat' dir='ltr'><strong>pmsideute</strong></span> <span class='ocrx_word' id='word_1_425' title='bbox 2504 1632 2621 1688; x_wconf 89' lang='lat' dir='ltr'><strong>sedi</strong></span> <span class='ocrx_word' id='word_1_426' title='bbox 2669 1631 2981 1702; x_wconf 73' lang='lat' dir='ltr'><strong>apostolica:</strong></span> <span class='ocrx_word' id='word_1_427' title='bbox 3038 1628 3279 1684; x_wconf 90' lang='lat' dir='ltr'><strong>secundo</strong></span> <span class='ocrx_word' id='word_1_428' title='bbox 3333 1641 3476 1698; x_wconf 85' lang='lat' dir='ltr'><strong>papa</strong></span> 
     </span>
    </p>
   </div>
   <div class='ocr_carea' id='block_1_61' title="bbox 1886 1718 3477 1797">
    <p class='ocr_par' dir='ltr' id='par_1_61' title="bbox 1886 1718 3477 1797">
     <span class='ocr_line' id='line_1_61' title="bbox 1886 1718 3477 1797; baseline -0.004 -16"><span class='ocrx_word' id='word_1_429' title='bbox 1886 1724 2223 1791; x_wconf 78' lang='lat' dir='ltr'><strong>Alexandro,</strong></span> <span class='ocrx_word' id='word_1_430' title='bbox 2251 1733 2514 1797; x_wconf 88' lang='lat' dir='ltr'><strong>regnante</strong></span> <span class='ocrx_word' id='word_1_431' title='bbox 2560 1722 2795 1779; x_wconf 88' lang='lat' dir='ltr'><strong>Domino</strong></span> <span class='ocrx_word' id='word_1_432' title='bbox 2824 1730 3015 1778; x_wconf 90' lang='lat' dir='ltr'><strong>nostro</strong></span> <span class='ocrx_word' id='word_1_433' title='bbox 3070 1720 3201 1778; x_wconf 85' lang='lat' dir='ltr'><strong>Jesu</strong></span> <span class='ocrx_word' id='word_1_434' title='bbox 3251 1718 3477 1776; x_wconf 86' lang='lat' dir='ltr'><strong>Christo</strong></span> 
     </span>
    </p>
   </div>
   <div class='ocr_carea' id='block_1_62' title="bbox 1818 1789 3479 1888">
    <p class='ocr_par' dir='ltr' id='par_1_62' title="bbox 1818 1789 3479 1888">
     <span class='ocr_line' id='line_1_62' title="bbox 1818 1789 3479 1888; baseline -0.002 -16"><span class='ocrx_word' id='word_1_435' title='bbox 1818 1789 1858 1844; x_wconf 73' lang='grc' dir='ltr'><strong><em>Β</em></strong></span> <span class='ocrx_word' id='word_1_436' title='bbox 1883 1832 2011 1873; x_wconf 90' lang='lat' dir='ltr'><strong>cum</strong></span> <span class='ocrx_word' id='word_1_437' title='bbox 2037 1815 2200 1871; x_wconf 89' lang='lat' dir='ltr'><strong>Patre</strong></span> <span class='ocrx_word' id='word_1_438' title='bbox 2211 1789 2274 1872; x_wconf 85' lang='lat' dir='ltr'><strong>et</strong></span> <span class='ocrx_word' id='word_1_439' title='bbox 2301 1789 2506 1888; x_wconf 55' lang='lat' dir='ltr'><strong>gpiritu</strong></span> <span class='ocrx_word' id='word_1_440' title='bbox 2531 1823 2744 1883; x_wconf 83' lang='lat' dir='ltr'><strong>sancto,</strong></span> <span class='ocrx_word' id='word_1_441' title='bbox 2767 1829 2865 1886; x_wconf 89' lang='lat' dir='ltr'><strong>per</strong></span> <span class='ocrx_word' id='word_1_442' title='bbox 2886 1813 3073 1871; x_wconf 78' lang='lat' dir='ltr'><strong>omnia</strong></span> <span class='ocrx_word' id='word_1_443' title='bbox 3128 1811 3331 1870; x_wconf 64' lang='lat' dir='ltr'><strong>saecula</strong></span> <span class='ocrx_word' id='word_1_444' title='bbox 3372 1826 3479 1869; x_wconf 66' lang='lat' dir='ltr'><strong>sm-</strong></span> 
     </span>
    </p>
   </div>
   <div class='ocr_carea' id='block_1_63' title="bbox 1883 1909 2388 1965">
    <p class='ocr_par' dir='ltr' id='par_1_63' title="bbox 1883 1909 2388 1965">
     <span class='ocr_line' id='line_1_63' title="bbox 1883 1909 2388 1965; baseline -0.004 0"><span class='ocrx_word' id='word_1_445' title='bbox 1883 1910 2156 1965; x_wconf 86' lang='lat' dir='ltr'><strong>culorum.</strong></span> <span class='ocrx_word' id='word_1_446' title='bbox 2192 1909 2388 1964; x_wconf 79' lang='lat' dir='ltr'><strong>Amen.</strong></span> 
     </span>
    </p>
   </div>
   <div class='ocr_carea' id='block_1_64' title="bbox 2490 2034 2851 2094">
    <p class='ocr_par' dir='ltr' id='par_1_64' title="bbox 2490 2034 2851 2094">
     <span class='ocr_line' id='line_1_64' title="bbox 2490 2034 2851 2094; baseline -0.008 0"><span class='ocrx_word' id='word_1_447' title='bbox 2490 2034 2722 2094; x_wconf 86' lang='lat' dir='ltr'><strong>CAPUT</strong></span> <span class='ocrx_word' id='word_1_448' title='bbox 2759 2036 2851 2092; x_wconf 78' lang='lat' dir='ltr'><strong>IX.</strong></span> 
     </span>
    </p>
   </div>
   <div class='ocr_carea' id='block_1_65' title="bbox 1881 2127 3493 2204">
    <p class='ocr_par' dir='ltr' id='par_1_65' title="bbox 1881 2127 3493 2204">
     <span class='ocr_line' id='line_1_65' title="bbox 1881 2127 3493 2204; baseline -0.003 -17"><span class='ocrx_word' id='word_1_449' title='bbox 1881 2132 2160 2204; x_wconf 65' lang='lat' dir='ltr'><strong>Appendix</strong></span> <span class='ocrx_word' id='word_1_450' title='bbox 2202 2130 2503 2204; x_wconf 77' lang='lat' dir='ltr'><strong>litterarum</strong></span> <span class='ocrx_word' id='word_1_451' title='bbox 2528 2203 2534 2204; x_wconf 14' lang='grc' dir='ltr'><em>γ</em></span> <span class='ocrx_word' id='word_1_452' title='bbox 2559 2131 2912 2204; x_wconf 35' lang='grc' dir='ltr'><strong>αποιοτὶεηαά</strong></span> <span class='ocrx_word' id='word_1_453' title='bbox 2960 2127 3155 2201; x_wconf 71' lang='lat' dir='ltr'><strong>Syrum</strong></span> <span class='ocrx_word' id='word_1_454' title='bbox 3180 2169 3195 2195; x_wconf 89' lang='lat'><strong>,</strong></span> <span class='ocrx_word' id='word_1_455' title='bbox 3239 2128 3493 2204; x_wconf 63' lang='lat' dir='ltr'><strong>priorem-</strong></span> 
     </span>
    </p>
   </div>
   <div class='ocr_carea' id='block_1_66' title="bbox 1954 2199 3483 2273">
    <p class='ocr_par' dir='ltr' id='par_1_66' title="bbox 1954 2199 3483 2273">
     <span class='ocr_line' id='line_1_66' title="bbox 1954 2199 3483 2273; baseline -0.004 -15"><span class='ocrx_word' id='word_1_456' title='bbox 1954 2199 2299 2273; x_wconf 73' lang='lat' dir='ltr'><strong>scriptorem;</strong></span> <span class='ocrx_word' id='word_1_457' title='bbox 2347 2212 2399 2258; x_wconf 84' lang='lat' dir='ltr'><strong>et</strong></span> <span class='ocrx_word' id='word_1_458' title='bbox 2442 2203 2599 2273; x_wconf 66' lang='lat' dir='ltr'><strong>hujus</strong></span> <span class='ocrx_word' id='word_1_459' title='bbox 2645 2203 2716 2257; x_wconf 80' lang='lat' dir='ltr'><strong>ad</strong></span> <span class='ocrx_word' id='word_1_460' title='bbox 2766 2200 2946 2269; x_wconf 72' lang='grc' dir='ltr'><strong>ειιωη,</strong></span> <span class='ocrx_word' id='word_1_461' title='bbox 2997 2199 3118 2255; x_wconf 78' lang='lat' dir='ltr'><strong>cum</strong></span> <span class='ocrx_word' id='word_1_462' title='bbox 3160 2199 3483 2272; x_wconf 70' lang='lat' dir='ltr'><strong>quibusdam</strong></span> 
     </span>
    </p>
   </div>
   <div class='ocr_carea' id='block_1_67' title="bbox 1956 2273 2257 2328">
    <p class='ocr_par' dir='ltr' id='par_1_67' title="bbox 1956 2273 2257 2328">
     <span class='ocr_line' id='line_1_67' title="bbox 1956 2273 2257 2328; baseline 0.007 -2"><span class='ocrx_word' id='word_1_463' title='bbox 1956 2273 2257 2328; x_wconf 77' lang='lat' dir='ltr'><strong>miraculis.</strong></span> 
     </span>
    </p>
   </div>
   <div class='ocr_carea' id='block_1_68' title="bbox 1956 2382 3480 2454">
    <p class='ocr_par' dir='ltr' id='par_1_68' title="bbox 1956 2382 3480 2454">
     <span class='ocr_line' id='line_1_68' title="bbox 1956 2382 3480 2454; baseline -0.003 -11"><span class='ocrx_word' id='word_1_464' title='bbox 1956 2387 2045 2443; x_wconf 81' lang='lat'><strong>8|.</strong></span> <span class='ocrx_word' id='word_1_465' title='bbox 2086 2382 2251 2454; x_wconf 66' lang='grc' dir='ltr'><strong>εγω,</strong></span> <span class='ocrx_word' id='word_1_466' title='bbox 2275 2387 2590 2443; x_wconf 87' lang='lat' dir='ltr'><strong>venerando</strong></span> <span class='ocrx_word' id='word_1_467' title='bbox 2619 2395 2674 2443; x_wconf 91' lang='lat' dir='ltr'><strong>et</strong></span> <span class='ocrx_word' id='word_1_468' title='bbox 2701 2386 2845 2442; x_wconf 86' lang='lat' dir='ltr'><strong>ﬁdeli</strong></span> <span class='ocrx_word' id='word_1_469' title='bbox 2876 2383 3166 2453; x_wconf 88' lang='lat' dir='ltr'><strong>sacerdoti,</strong></span> <span class='ocrx_word' id='word_1_470' title='bbox 3206 2385 3480 2439; x_wconf 59' lang='lat' dir='ltr'><strong>Asnaus.</strong></span> 
     </span>
    </p>
   </div>
   <div class='ocr_carea' id='block_1_69' title="bbox 1958 2475 3484 2551">
    <p class='ocr_par' dir='ltr' id='par_1_69' title="bbox 1958 2475 3484 2551">
     <span class='ocr_line' id='line_1_69' title="bbox 1958 2475 3484 2551; baseline -0.003 -15"><span class='ocrx_word' id='word_1_471' title='bbox 1958 2478 2194 2551; x_wconf 86' lang='lat' dir='ltr'><strong>Legente</strong></span> <span class='ocrx_word' id='word_1_472' title='bbox 2237 2496 2327 2535; x_wconf 90' lang='lat' dir='ltr'><strong>me</strong></span> <span class='ocrx_word' id='word_1_473' title='bbox 2360 2481 2491 2535; x_wconf 91' lang='lat' dir='ltr'><strong>olim</strong></span> <span class='ocrx_word' id='word_1_474' title='bbox 2524 2495 2612 2545; x_wconf 89' lang='lat' dir='ltr'><strong>ea,</strong></span> <span class='ocrx_word' id='word_1_475' title='bbox 2668 2494 2791 2549; x_wconf 65' lang='lat' dir='ltr'><strong>qua:</strong></span> <span class='ocrx_word' id='word_1_476' title='bbox 2830 2494 2955 2534; x_wconf 91' lang='lat' dir='ltr'><strong>cum</strong></span> <span class='ocrx_word' id='word_1_477' title='bbox 2987 2477 3141 2533; x_wconf 90' lang='lat' dir='ltr'><strong>socio</strong></span> <span class='ocrx_word' id='word_1_478' title='bbox 3167 2475 3484 2531; x_wconf 77' lang='lat' dir='ltr'><strong>llerimbar-</strong></span> 
     </span>
    </p>
   </div>
   <div class='ocr_carea' id='block_1_70' title="bbox 1889 2568 3484 2642">
    <p class='ocr_par' dir='ltr' id='par_1_70' title="bbox 1889 2568 3484 2642">
     <span class='ocr_line' id='line_1_70' title="bbox 1889 2568 3484 2642; baseline -0.004 -15"><span class='ocrx_word' id='word_1_479' title='bbox 1889 2581 1945 2627; x_wconf 80' lang='lat' dir='ltr'><strong>to</strong></span> <span class='ocrx_word' id='word_1_480' title='bbox 1978 2573 2091 2642; x_wconf 73' lang='lat'><strong>(58)</strong></span> <span class='ocrx_word' id='word_1_481' title='bbox 2136 2572 2204 2628; x_wconf 87' lang='lat' dir='ltr'><strong>de</strong></span> <span class='ocrx_word' id='word_1_482' title='bbox 2232 2571 2531 2627; x_wconf 86' lang='lat' dir='ltr'><strong>venerabili</strong></span> <span class='ocrx_word' id='word_1_483' title='bbox 2578 2571 2801 2625; x_wconf 86' lang='lat' dir='ltr'><strong>Arialdo</strong></span> <span class='ocrx_word' id='word_1_484' title='bbox 2832 2568 3118 2640; x_wconf 90' lang='lat' dir='ltr'><strong>scripsisti,</strong></span> <span class='ocrx_word' id='word_1_485' title='bbox 3167 2569 3345 2637; x_wconf 87' lang='lat' dir='ltr'><strong>reperi</strong></span> <span class='ocrx_word' id='word_1_486' title='bbox 3381 2582 3484 2623; x_wconf 81' lang='lat' dir='ltr'><strong>vos</strong></span> 
     </span>
    </p>
   </div>
   <div class='ocr_carea' id='block_1_71' title="bbox 1890 2658 3485 2732">
    <p class='ocr_par' dir='ltr' id='par_1_71' title="bbox 1890 2658 3485 2732">
     <span class='ocr_line' id='line_1_71' title="bbox 1890 2658 3485 2732; baseline -0.002 -16"><span class='ocrx_word' id='word_1_487' title='bbox 1890 2662 2058 2717; x_wconf 87' lang='lat' dir='ltr'><strong>multa</strong></span> <span class='ocrx_word' id='word_1_488' title='bbox 2089 2662 2397 2732; x_wconf 67' lang='lat' dir='ltr'><strong>praeterisse</strong></span> <span class='ocrx_word' id='word_1_489' title='bbox 2425 2678 2550 2732; x_wconf 75' lang='lat' dir='ltr'><strong>qua:</strong></span> <span class='ocrx_word' id='word_1_490' title='bbox 2583 2660 2691 2716; x_wconf 89' lang='lat' dir='ltr'><strong>dici</strong></span> <span class='ocrx_word' id='word_1_491' title='bbox 2718 2669 2947 2730; x_wconf 85' lang='lat' dir='ltr'><strong>oportet.</strong></span> <span class='ocrx_word' id='word_1_492' title='bbox 2980 2658 3133 2714; x_wconf 89' lang='lat' dir='ltr'><strong>Unde</strong></span> <span class='ocrx_word' id='word_1_493' title='bbox 3168 2658 3372 2714; x_wconf 88' lang='lat' dir='ltr'><strong>factum</strong></span> <span class='ocrx_word' id='word_1_494' title='bbox 3396 2666 3485 2714; x_wconf 90' lang='lat' dir='ltr'><strong>est</strong></span> 
     </span>
    </p>
   </div>
   <div class='ocr_carea' id='block_1_72' title="bbox 1890 2745 3480 2824">
    <p class='ocr_par' dir='ltr' id='par_1_72' title="bbox 1890 2745 3480 2824">
     <span class='ocr_line' id='line_1_72' title="bbox 1890 2745 3480 2824; baseline -0.001 -16"><span class='ocrx_word' id='word_1_495' title='bbox 1890 2760 1969 2818; x_wconf 89' lang='lat' dir='ltr'><strong>ut,</strong></span> <span class='ocrx_word' id='word_1_496' title='bbox 2013 2752 2238 2823; x_wconf 85' lang='lat' dir='ltr'><strong>jubente</strong></span> <span class='ocrx_word' id='word_1_497' title='bbox 2279 2753 2450 2808; x_wconf 69' lang='lat' dir='ltr'><strong>beata:</strong></span> <span class='ocrx_word' id='word_1_498' title='bbox 2496 2748 2775 2807; x_wconf 79' lang='lat' dir='ltr'><strong>memoriae</strong></span> <span class='ocrx_word' id='word_1_499' title='bbox 2816 2745 3103 2820; x_wconf 80' lang='lat' dir='ltr'><strong>Rodulpho</strong></span> <span class='ocrx_word' id='word_1_500' title='bbox 3146 2749 3304 2806; x_wconf 85' lang='lat' dir='ltr'><strong>Patre</strong></span> <span class='ocrx_word' id='word_1_501' title='bbox 3343 2749 3480 2824; x_wconf 80' lang='lat'><strong>(59),</strong></span> 
     </span>
    </p>
   </div>
   <div class='ocr_carea' id='block_1_73' title="bbox 1889 2832 3505 2916">
    <p class='ocr_par' dir='ltr' id='par_1_73' title="bbox 1889 2832 3505 2916">
     <span class='ocr_line' id='line_1_73' title="bbox 1889 2832 3505 2916; baseline -0.001 -16"><span class='ocrx_word' id='word_1_502' title='bbox 1889 2844 2049 2916; x_wconf 86' lang='lat' dir='ltr'><strong>cujus</strong></span> <span class='ocrx_word' id='word_1_503' title='bbox 2072 2844 2258 2900; x_wconf 85' lang='lat' dir='ltr'><strong>anima</strong></span> <span class='ocrx_word' id='word_1_504' title='bbox 2278 2845 2393 2915; x_wconf 89' lang='lat' dir='ltr'><strong>jam</strong></span> <span class='ocrx_word' id='word_1_505' title='bbox 2420 2860 2547 2900; x_wconf 90' lang='lat' dir='ltr'><strong>cum</strong></span> <span class='ocrx_word' id='word_1_506' title='bbox 2571 2843 2794 2899; x_wconf 89' lang='lat' dir='ltr'><strong>Christo</strong></span> <span class='ocrx_word' id='word_1_507' title='bbox 2821 2843 3040 2915; x_wconf 82' lang='lat' dir='ltr'><strong>gaudet,</strong></span> <span class='ocrx_word' id='word_1_508' title='bbox 3072 2832 3240 2913; x_wconf 72' lang='lat' dir='ltr'><strong>multa</strong></span> <span class='ocrx_word' id='word_1_509' title='bbox 3272 2851 3385 2897; x_wconf 89' lang='lat' dir='ltr'><strong>tam</strong></span> <span class='ocrx_word' id='word_1_510' title='bbox 3413 2832 3505 2899; x_wconf 32' lang='lat' dir='ltr'><strong>de-</strong></span> 
     </span>
    </p>
   </div>
   <div class='ocr_carea' id='block_1_74' title="bbox 1890 2933 3487 3008">
    <p class='ocr_par' dir='ltr' id='par_1_74' title="bbox 1890 2933 3487 3008">
     <span class='ocr_line' id='line_1_74' title="bbox 1890 2933 3487 3008; baseline -0.001 -16"><span class='ocrx_word' id='word_1_511' title='bbox 1890 2937 1979 2992; x_wconf 88' lang='lat' dir='ltr'><strong>his</strong></span> <span class='ocrx_word' id='word_1_512' title='bbox 2029 2953 2152 3008; x_wconf 74' lang='lat' dir='ltr'><strong>qua:</strong></span> <span class='ocrx_word' id='word_1_513' title='bbox 2201 2936 2468 2992; x_wconf 89' lang='lat' dir='ltr'><strong>omisistis</strong></span> <span class='ocrx_word' id='word_1_514' title='bbox 2516 2951 2685 3007; x_wconf 91' lang='lat' dir='ltr'><strong>quam</strong></span> <span class='ocrx_word' id='word_1_515' title='bbox 2728 2950 2853 3005; x_wconf 53' lang='lat' dir='ltr'><strong>quae</strong></span> <span class='ocrx_word' id='word_1_516' title='bbox 2893 2933 3133 3002; x_wconf 80' lang='lat' dir='ltr'><strong>dixistis,</strong></span> <span class='ocrx_word' id='word_1_517' title='bbox 3180 2935 3487 3005; x_wconf 82' lang='lat' dir='ltr'><strong>exprimere</strong></span> 
     </span>
    </p>
   </div>
   <div class='ocr_carea' id='block_1_75' title="bbox 1892 3027 3567 3100">
    <p class='ocr_par' dir='ltr' id='par_1_75' title="bbox 1892 3027 3567 3100">
     <span class='ocr_line' id='line_1_75' title="bbox 1892 3027 3567 3100; baseline -0.004 -16"><span class='ocrx_word' id='word_1_518' title='bbox 1892 3038 2124 3085; x_wconf 87' lang='lat' dir='ltr'><strong>conatus</strong></span> <span class='ocrx_word' id='word_1_519' title='bbox 2153 3029 2290 3097; x_wconf 90' lang='lat' dir='ltr'><strong>sim;</strong></span> <span class='ocrx_word' id='word_1_520' title='bbox 2323 3044 2447 3100; x_wconf 66' lang='lat' dir='ltr'><strong>quae</strong></span> <span class='ocrx_word' id='word_1_521' title='bbox 2475 3028 2543 3083; x_wconf 78' lang='lat' dir='ltr'><strong>ad</strong></span> <span class='ocrx_word' id='word_1_522' title='bbox 2572 3036 2624 3083; x_wconf 88' lang='lat' dir='ltr'><strong>te</strong></span> <span class='ocrx_word' id='word_1_523' title='bbox 2650 3027 2890 3093; x_wconf 89' lang='lat' dir='ltr'><strong>mittens,</strong></span> <span class='ocrx_word' id='word_1_524' title='bbox 2922 3027 3152 3083; x_wconf 83' lang='lat' dir='ltr'><strong>obsecro</strong></span> <span class='ocrx_word' id='word_1_525' title='bbox 3178 3041 3276 3096; x_wconf 91' lang='lat' dir='ltr'><strong>per</strong></span> <span class='ocrx_word' id='word_1_526' title='bbox 3301 3027 3486 3082; x_wconf 83' lang='lat' dir='ltr'><strong>chari-</strong></span> <span class='ocrx_word' id='word_1_527' title='bbox 3564 3074 3567 3077; x_wconf 89' lang='lat'><strong>.</strong></span> 
     </span>
    </p>
   </div>
   <div class='ocr_carea' id='block_1_76' title="bbox 1820 3119 3500 3193">
    <p class='ocr_par' dir='ltr' id='par_1_76' title="bbox 1820 3119 3500 3193">
     <span class='ocr_line' id='line_1_76' title="bbox 1820 3119 3500 3193; baseline 0.001 -17"><span class='ocrx_word' id='word_1_528' title='bbox 1820 3136 1860 3191; x_wconf 71' lang='grc' dir='ltr'>α</span> <span class='ocrx_word' id='word_1_529' title='bbox 1893 3128 2081 3187; x_wconf 88' lang='lat' dir='ltr'><strong>tatem,</strong></span> <span class='ocrx_word' id='word_1_530' title='bbox 2107 3129 2169 3176; x_wconf 89' lang='lat' dir='ltr'><strong>ut</strong></span> <span class='ocrx_word' id='word_1_531' title='bbox 2195 3120 2480 3193; x_wconf 90' lang='lat' dir='ltr'><strong>diligenter</strong></span> <span class='ocrx_word' id='word_1_532' title='bbox 2509 3119 2794 3190; x_wconf 89' lang='lat' dir='ltr'><strong>inspicias,</strong></span> <span class='ocrx_word' id='word_1_533' title='bbox 2811 3130 2885 3186; x_wconf 81' lang='lat' dir='ltr'><strong>et,</strong></span> <span class='ocrx_word' id='word_1_534' title='bbox 2922 3119 2969 3175; x_wconf 90' lang='lat' dir='ltr'><strong>si</strong></span> <span class='ocrx_word' id='word_1_535' title='bbox 3000 3134 3129 3175; x_wconf 90' lang='lat' dir='ltr'><strong>vera</strong></span> <span class='ocrx_word' id='word_1_536' title='bbox 3157 3127 3308 3189; x_wconf 87' lang='lat' dir='ltr'><strong>sunt,</strong></span> <span class='ocrx_word' id='word_1_537' title='bbox 3329 3119 3500 3177; x_wconf 87' lang='lat' dir='ltr'><strong>tcsti-.</strong></span> 
     </span>
    </p>
   </div>
   <div class='ocr_carea' id='block_1_77' title="bbox 1896 3208 3490 3280">
    <p class='ocr_par' dir='ltr' id='par_1_77' title="bbox 1896 3208 3490 3280">
     <span class='ocr_line' id='line_1_77' title="bbox 1896 3208 3490 3280; baseline 0 -16"><span class='ocrx_word' id='word_1_538' title='bbox 1896 3210 2136 3264; x_wconf 86' lang='lat' dir='ltr'><strong>manium</strong></span> <span class='ocrx_word' id='word_1_539' title='bbox 2171 3209 2336 3265; x_wconf 89' lang='lat' dir='ltr'><strong>feras.</strong></span> <span class='ocrx_word' id='word_1_540' title='bbox 2371 3208 2507 3264; x_wconf 80' lang='lat' dir='ltr'><strong>Nam</strong></span> <span class='ocrx_word' id='word_1_541' title='bbox 2551 3210 2694 3265; x_wconf 90' lang='lat' dir='ltr'><strong>sicut</strong></span> <span class='ocrx_word' id='word_1_542' title='bbox 2725 3209 2905 3280; x_wconf 91' lang='lat' dir='ltr'><strong>ipsum</strong></span> <span class='ocrx_word' id='word_1_543' title='bbox 2940 3208 3131 3276; x_wconf 89' lang='lat' dir='ltr'><strong>habui,</strong></span> <span class='ocrx_word' id='word_1_544' title='bbox 3166 3217 3233 3279; x_wconf 84' lang='lat' dir='ltr'><strong>ut</strong></span> <span class='ocrx_word' id='word_1_545' title='bbox 3255 3209 3373 3265; x_wconf 64' lang='lat' dir='ltr'><strong>hate</strong></span> <span class='ocrx_word' id='word_1_546' title='bbox 3403 3208 3490 3264; x_wconf 86' lang='lat' dir='ltr'><strong>fa-</strong></span> 
     </span>
    </p>
   </div>
   <div class='ocr_carea' id='block_1_78' title="bbox 1892 3298 3491 3370">
    <p class='ocr_par' dir='ltr' id='par_1_78' title="bbox 1892 3298 3491 3370">
     <span class='ocr_line' id='line_1_78' title="bbox 1892 3298 3491 3370; baseline 0.001 -15"><span class='ocrx_word' id='word_1_547' title='bbox 1892 3315 2095 3367; x_wconf 85' lang='lat' dir='ltr'><strong>cerem,</strong></span> <span class='ocrx_word' id='word_1_548' title='bbox 2153 3307 2564 3370; x_wconf 63' lang='lat' dir='ltr'><strong>praeceptorem,</strong></span> <span class='ocrx_word' id='word_1_549' title='bbox 2603 3299 2683 3355; x_wconf 81' lang='lat' dir='ltr'><strong>sic</strong></span> <span class='ocrx_word' id='word_1_550' title='bbox 2726 3309 2777 3355; x_wconf 92' lang='lat' dir='ltr'><strong>te</strong></span> <span class='ocrx_word' id='word_1_551' title='bbox 2820 3299 3021 3354; x_wconf 85' lang='lat' dir='ltr'><strong>habere</strong></span> <span class='ocrx_word' id='word_1_552' title='bbox 3044 3298 3205 3366; x_wconf 81' lang='lat' dir='ltr'><strong>volo,</strong></span> <span class='ocrx_word' id='word_1_553' title='bbox 3251 3306 3314 3354; x_wconf 90' lang='lat' dir='ltr'><strong>ut</strong></span> <span class='ocrx_word' id='word_1_554' title='bbox 3354 3314 3491 3356; x_wconf 83' lang='lat' dir='ltr'><strong>vera</strong></span> 
     </span>
    </p>
   </div>
   <div class='ocr_carea' id='block_1_79' title="bbox 1893 3388 3490 3467">
    <p class='ocr_par' dir='ltr' id='par_1_79' title="bbox 1893 3388 3490 3467">
     <span class='ocr_line' id='line_1_79' title="bbox 1893 3388 3490 3467; baseline -0.001 -23"><span class='ocrx_word' id='word_1_555' title='bbox 1893 3388 2033 3467; x_wconf 84' lang='lat' dir='ltr'><strong>sint,</strong></span> <span class='ocrx_word' id='word_1_556' title='bbox 2065 3398 2425 3455; x_wconf 89' lang='lat' dir='ltr'><strong>assertorem,</strong></span> <span class='ocrx_word' id='word_1_557' title='bbox 2458 3397 2731 3459; x_wconf 89' lang='lat' dir='ltr'><strong>quatenus</strong></span> <span class='ocrx_word' id='word_1_558' title='bbox 2762 3388 2810 3444; x_wconf 88' lang='lat' dir='ltr'><strong>si</strong></span> <span class='ocrx_word' id='word_1_559' title='bbox 2843 3388 2968 3460; x_wconf 86' lang='lat' dir='ltr'><strong>jure</strong></span> <span class='ocrx_word' id='word_1_560' title='bbox 3000 3403 3101 3459; x_wconf 88' lang='lat' dir='ltr'><strong>pro</strong></span> <span class='ocrx_word' id='word_1_561' title='bbox 3137 3388 3343 3444; x_wconf 90' lang='lat' dir='ltr'><strong>inculto</strong></span> <span class='ocrx_word' id='word_1_562' title='bbox 3371 3404 3490 3443; x_wconf 89' lang='lat' dir='ltr'><strong>ser-</strong></span> 
     </span>
    </p>
   </div>
   <div class='ocr_carea' id='block_1_80' title="bbox 1892 3480 3488 3551">
    <p class='ocr_par' dir='ltr' id='par_1_80' title="bbox 1892 3480 3488 3551">
     <span class='ocr_line' id='line_1_80' title="bbox 1892 3480 3488 3551; baseline 0.001 -16"><span class='ocrx_word' id='word_1_563' title='bbox 1892 3496 2055 3536; x_wconf 89' lang='lat' dir='ltr'><strong>mone</strong></span> <span class='ocrx_word' id='word_1_564' title='bbox 2080 3481 2200 3550; x_wconf 88' lang='lat' dir='ltr'><strong>ejus</strong></span> <span class='ocrx_word' id='word_1_565' title='bbox 2225 3481 2530 3551; x_wconf 88' lang='lat' dir='ltr'><strong>putredinis</strong></span> <span class='ocrx_word' id='word_1_566' title='bbox 2559 3489 2612 3536; x_wconf 92' lang='lat' dir='ltr'><strong>et</strong></span> <span class='ocrx_word' id='word_1_567' title='bbox 2637 3480 2843 3536; x_wconf 82' lang='lat' dir='ltr'><strong>vermis</strong></span> <span class='ocrx_word' id='word_1_568' title='bbox 2870 3480 2965 3551; x_wconf 85' lang='lat' dir='ltr'><strong>qui</strong></span> <span class='ocrx_word' id='word_1_569' title='bbox 2987 3481 3301 3551; x_wconf 89' lang='lat' dir='ltr'><strong>composuit</strong></span> <span class='ocrx_word' id='word_1_570' title='bbox 3348 3496 3488 3537; x_wconf 80' lang='lat' dir='ltr'><strong>con-</strong></span> 
     </span>
    </p>
   </div>
   <div class='ocr_carea' id='block_1_81' title="bbox 1892 3573 3485 3644">
    <p class='ocr_par' dir='ltr' id='par_1_81' title="bbox 1892 3573 3485 3644">
     <span class='ocr_line' id='line_1_81' title="bbox 1892 3573 3485 3644; baseline -0.001 -15"><span class='ocrx_word' id='word_1_571' title='bbox 1892 3573 2175 3642; x_wconf 91' lang='lat' dir='ltr'><strong>temnitur,</strong></span> <span class='ocrx_word' id='word_1_572' title='bbox 2207 3589 2309 3644; x_wconf 90' lang='lat' dir='ltr'><strong>pro</strong></span> <span class='ocrx_word' id='word_1_573' title='bbox 2342 3574 2648 3630; x_wconf 87' lang='lat' dir='ltr'><strong>reverentia</strong></span> <span class='ocrx_word' id='word_1_574' title='bbox 2678 3574 2916 3631; x_wconf 87' lang='lat' dir='ltr'><strong>duorum</strong></span> <span class='ocrx_word' id='word_1_575' title='bbox 2949 3584 3270 3631; x_wconf 90' lang='lat' dir='ltr'><strong>sanctorum</strong></span> <span class='ocrx_word' id='word_1_576' title='bbox 3298 3591 3485 3631; x_wconf 75' lang='lat' dir='ltr'><strong>sacer-</strong></span> 
     </span>
    </p>
   </div>
   <div class='ocr_carea' id='block_1_82' title="bbox 1893 3666 3493 3737">
    <p class='ocr_par' dir='ltr' id='par_1_82' title="bbox 1893 3666 3493 3737">
     <span class='ocr_line' id='line_1_82' title="bbox 1893 3666 3493 3737; baseline -0.001 -16"><span class='ocrx_word' id='word_1_577' title='bbox 1893 3666 2283 3734; x_wconf 85' lang='lat' dir='ltr'><strong>dotum,unius</strong></span> <span class='ocrx_word' id='word_1_578' title='bbox 2304 3666 2691 3737; x_wconf 66' lang='lat' dir='ltr'><strong>praecipientis,</strong></span> <span class='ocrx_word' id='word_1_579' title='bbox 2714 3667 2939 3722; x_wconf 82' lang='lat' dir='ltr'><strong>alterius</strong></span> <span class='ocrx_word' id='word_1_580' title='bbox 2965 3666 3285 3735; x_wconf 87' lang='lat' dir='ltr'><strong>asserentis,</strong></span> <span class='ocrx_word' id='word_1_581' title='bbox 3311 3666 3493 3722; x_wconf 70' lang='lat' dir='ltr'><strong>susci-</strong></span> 
     </span>
    </p>
   </div>
   <div class='ocr_carea' id='block_1_83' title="bbox 1894 3754 3489 3829">
    <p class='ocr_par' dir='ltr' id='par_1_83' title="bbox 1894 3754 3489 3829">
     <span class='ocr_line' id='line_1_83' title="bbox 1894 3754 3489 3829; baseline 0.001 -16"><span class='ocrx_word' id='word_1_582' title='bbox 1894 3758 2091 3829; x_wconf 86' lang='lat' dir='ltr'><strong>piatur.</strong></span> <span class='ocrx_word' id='word_1_583' title='bbox 2145 3757 2241 3819; x_wconf 76' lang='lat' dir='ltr'><strong>Tu,</strong></span> <span class='ocrx_word' id='word_1_584' title='bbox 2275 3760 2423 3815; x_wconf 89' lang='lat' dir='ltr'><strong>enim</strong></span> <span class='ocrx_word' id='word_1_585' title='bbox 2476 3767 2631 3813; x_wconf 88' lang='lat' dir='ltr'><strong>tanto</strong></span> <span class='ocrx_word' id='word_1_586' title='bbox 2678 3766 2922 3828; x_wconf 87' lang='lat' dir='ltr'><strong>tempore</strong></span> <span class='ocrx_word' id='word_1_587' title='bbox 2969 3754 3090 3829; x_wconf 88' lang='lat' dir='ltr'><strong>ejus</strong></span> <span class='ocrx_word' id='word_1_588' title='bbox 3140 3774 3265 3814; x_wconf 91' lang='lat' dir='ltr'><strong>esse</strong></span> <span class='ocrx_word' id='word_1_589' title='bbox 3319 3757 3489 3815; x_wconf 87' lang='lat' dir='ltr'><strong>frater</strong></span> 
     </span>
    </p>
   </div>
   <div class='ocr_carea' id='block_1_84' title="bbox 1895 3850 3489 3920">
    <p class='ocr_par' dir='ltr' id='par_1_84' title="bbox 1895 3850 3489 3920">
     <span class='ocr_line' id='line_1_84' title="bbox 1895 3850 3489 3920; baseline 0.003 -16"><span class='ocrx_word' id='word_1_590' title='bbox 1895 3851 2180 3906; x_wconf 81' lang='lat' dir='ltr'><strong>familiaris</strong></span> <span class='ocrx_word' id='word_1_591' title='bbox 2232 3851 2515 3918; x_wconf 91' lang='lat' dir='ltr'><strong>meruisti,</strong></span> <span class='ocrx_word' id='word_1_592' title='bbox 2562 3859 2624 3904; x_wconf 92' lang='lat' dir='ltr'><strong>ut</strong></span> <span class='ocrx_word' id='word_1_593' title='bbox 2667 3866 2806 3920; x_wconf 91' lang='lat' dir='ltr'><strong>pene</strong></span> <span class='ocrx_word' id='word_1_594' title='bbox 2852 3850 2984 3920; x_wconf 90' lang='lat' dir='ltr'><strong>quid</strong></span> <span class='ocrx_word' id='word_1_595' title='bbox 3026 3851 3093 3906; x_wconf 94' lang='lat' dir='ltr'><strong>de</strong></span> <span class='ocrx_word' id='word_1_596' title='bbox 3140 3866 3208 3906; x_wconf 90' lang='lat' dir='ltr'><strong>eo</strong></span> <span class='ocrx_word' id='word_1_597' title='bbox 3253 3852 3489 3908; x_wconf 82' lang='lat' dir='ltr'><strong>dixerim</strong></span> 
     </span>
    </p>
   </div>
   <div class='ocr_carea' id='block_1_85' title="bbox 1893 3942 3485 4013">
    <p class='ocr_par' dir='ltr' id='par_1_85' title="bbox 1893 3942 3485 4013">
     <span class='ocr_line' id='line_1_85' title="bbox 1893 3942 3485 4013; baseline 0.003 -17"><span class='ocrx_word' id='word_1_598' title='bbox 1893 3943 2121 4013; x_wconf 85' lang='lat' dir='ltr'><strong>proprio</strong></span> <span class='ocrx_word' id='word_1_599' title='bbox 2154 3943 2356 3997; x_wconf 91' lang='lat' dir='ltr'><strong>intuitu</strong></span> <span class='ocrx_word' id='word_1_600' title='bbox 2389 3942 2716 4013; x_wconf 89' lang='lat' dir='ltr'><strong>inspiceres;</strong></span> <span class='ocrx_word' id='word_1_601' title='bbox 2762 3943 2895 4008; x_wconf 91' lang='lat' dir='ltr'><strong>imo,</strong></span> <span class='ocrx_word' id='word_1_602' title='bbox 2938 3942 3068 4013; x_wconf 89' lang='lat' dir='ltr'><strong>quia</strong></span> <span class='ocrx_word' id='word_1_603' title='bbox 3114 3945 3371 4001; x_wconf 88' lang='lat' dir='ltr'><strong>sacerdos</strong></span> <span class='ocrx_word' id='word_1_604' title='bbox 3400 3959 3485 4013; x_wconf 85' lang='lat' dir='ltr'><strong>es,</strong></span> 
     </span>
    </p>
   </div>
   <div class='ocr_carea' id='block_1_86' title="bbox 1895 4026 3489 4109">
    <p class='ocr_par' dir='ltr' id='par_1_86' title="bbox 1895 4026 3489 4109">
     <span class='ocr_line' id='line_1_86' title="bbox 1895 4026 3489 4109; baseline 0.003 -19"><span class='ocrx_word' id='word_1_605' title='bbox 1895 4035 2115 4090; x_wconf 90' lang='lat' dir='ltr'><strong>mentiri</strong></span> <span class='ocrx_word' id='word_1_606' title='bbox 2160 4050 2271 4091; x_wconf 90' lang='lat' dir='ltr'><strong>non</strong></span> <span class='ocrx_word' id='word_1_607' title='bbox 2312 4035 2484 4102; x_wconf 88' lang='lat' dir='ltr'><strong>vales,</strong></span> <span class='ocrx_word' id='word_1_608' title='bbox 2530 4035 2762 4105; x_wconf 83' lang='lat' dir='ltr'><strong>ideoque</strong></span> <span class='ocrx_word' id='word_1_609' title='bbox 2788 4035 2950 4107; x_wconf 86' lang='lat' dir='ltr'><strong>digne</strong></span> <span class='ocrx_word' id='word_1_610' title='bbox 2970 4036 3228 4107; x_wconf 85' lang='lat' dir='ltr'><strong>justeque</strong></span> <span class='ocrx_word' id='word_1_611' title='bbox 3261 4046 3315 4094; x_wconf 90' lang='lat' dir='ltr'><strong>te</strong></span> <span class='ocrx_word' id='word_1_612' title='bbox 3346 4026 3489 4109; x_wconf 75' lang='lat' dir='ltr'><strong>elegi</strong></span> 
     </span>
    </p>
   </div>
   <div class='ocr_carea' id='block_1_87' title="bbox 1896 4127 2562 4198">
    <p class='ocr_par' dir='ltr' id='par_1_87' title="bbox 1896 4127 2562 4198">
     <span class='ocr_line' id='line_1_87' title="bbox 1896 4127 2562 4198; baseline -0.002 -16"><span class='ocrx_word' id='word_1_613' title='bbox 1896 4127 2012 4182; x_wconf 86' lang='lat' dir='ltr'><strong>fore</strong></span> <span class='ocrx_word' id='word_1_614' title='bbox 2044 4135 2237 4183; x_wconf 86' lang='lat' dir='ltr'><strong>testem</strong></span> <span class='ocrx_word' id='word_1_615' title='bbox 2268 4127 2434 4198; x_wconf 89' lang='lat' dir='ltr'><strong>hujus</strong></span> <span class='ocrx_word' id='word_1_616' title='bbox 2462 4127 2562 4182; x_wconf 91' lang='lat' dir='ltr'><strong>rei.</strong></span> 
     </span>
    </p>
   </div>
   <div class='ocr_carea' id='block_1_88' title="bbox 1966 4215 3486 4290">
    <p class='ocr_par' dir='ltr' id='par_1_88' title="bbox 1966 4215 3486 4290">
     <span class='ocr_line' id='line_1_88' title="bbox 1966 4215 3486 4290; baseline 0.004 -18"><span class='ocrx_word' id='word_1_617' title='bbox 1966 4216 2057 4272; x_wconf 73' lang='lat'><strong>82.</strong></span> <span class='ocrx_word' id='word_1_618' title='bbox 2119 4215 2435 4273; x_wconf 72' lang='lat' dir='ltr'><strong>Pnssnr&#39;rsn</strong></span> <span class='ocrx_word' id='word_1_619' title='bbox 2493 4215 2686 4290; x_wconf 83' lang='lat' dir='ltr'><strong>Syrus,</strong></span> <span class='ocrx_word' id='word_1_620' title='bbox 2714 4217 2950 4275; x_wconf 63' lang='lat' dir='ltr'><strong>Axonam</strong></span> <span class='ocrx_word' id='word_1_621' title='bbox 2995 4219 3202 4277; x_wconf 88' lang='lat' dir='ltr'><strong>Christi</strong></span> <span class='ocrx_word' id='word_1_622' title='bbox 3256 4220 3486 4280; x_wconf 90' lang='lat' dir='ltr'><strong>famulo.</strong></span> 
     </span>
    </p>
   </div>
   <div class='ocr_carea' id='block_1_89' title="bbox 1967 4307 3491 4385">
    <p class='ocr_par' dir='ltr' id='par_1_89' title="bbox 1967 4307 3491 4385">
     <span class='ocr_line' id='line_1_89' title="bbox 1967 4307 3491 4385; baseline 0.005 -21"><span class='ocrx_word' id='word_1_623' title='bbox 1967 4307 2156 4377; x_wconf 84' lang='lat' dir='ltr'><strong>Miror,</strong></span> <span class='ocrx_word' id='word_1_624' title='bbox 2181 4312 2528 4378; x_wconf 86' lang='lat' dir='ltr'><strong>charissime,</strong></span> <span class='ocrx_word' id='word_1_625' title='bbox 2549 4312 2699 4383; x_wconf 91' lang='lat' dir='ltr'><strong>quod</strong></span> <span class='ocrx_word' id='word_1_626' title='bbox 2746 4312 2813 4368; x_wconf 93' lang='lat' dir='ltr'><strong>de</strong></span> <span class='ocrx_word' id='word_1_627' title='bbox 2868 4312 2976 4369; x_wconf 92' lang='lat' dir='ltr'><strong>illis</strong></span> <span class='ocrx_word' id='word_1_628' title='bbox 3018 4313 3270 4385; x_wconf 73' lang='lat' dir='ltr'><strong>requiras</strong></span> <span class='ocrx_word' id='word_1_629' title='bbox 3321 4314 3491 4373; x_wconf 82' lang='lat' dir='ltr'><strong>rebus</strong></span> 
     </span>
    </p>
   </div>
   <div class='ocr_carea' id='block_1_90' title="bbox 1897 4403 3491 4475">
    <p class='ocr_par' dir='ltr' id='par_1_90' title="bbox 1897 4403 3491 4475">
     <span class='ocr_line' id='line_1_90' title="bbox 1897 4403 3491 4475; baseline 0.003 -18"><span class='ocrx_word' id='word_1_630' title='bbox 1897 4418 2070 4457; x_wconf 92' lang='lat' dir='ltr'><strong>unum</strong></span> <span class='ocrx_word' id='word_1_631' title='bbox 2096 4411 2288 4458; x_wconf 91' lang='lat' dir='ltr'><strong>testem</strong></span> <span class='ocrx_word' id='word_1_632' title='bbox 2318 4403 2454 4475; x_wconf 87' lang='lat'><strong>(60),</strong></span> <span class='ocrx_word' id='word_1_633' title='bbox 2485 4419 2652 4475; x_wconf 87' lang='lat' dir='ltr'><strong>quam</strong></span> <span class='ocrx_word' id='word_1_634' title='bbox 2692 4404 2881 4461; x_wconf 87' lang='lat' dir='ltr'><strong>testari</strong></span> <span class='ocrx_word' id='word_1_635' title='bbox 2909 4414 3143 4475; x_wconf 89' lang='lat' dir='ltr'><strong>possunt</strong></span> <span class='ocrx_word' id='word_1_636' title='bbox 3170 4421 3281 4461; x_wconf 91' lang='lat' dir='ltr'><strong>non</strong></span> <span class='ocrx_word' id='word_1_637' title='bbox 3307 4405 3491 4462; x_wconf 88' lang='lat' dir='ltr'><strong>solum</strong></span> 
     </span>
    </p>
   </div>
   <div class='ocr_carea' id='block_1_91' title="bbox 123 4478 3490 4587">
    <p class='ocr_par' dir='ltr' id='par_1_91' title="bbox 123 4478 3490 4587">
     <span class='ocr_line' id='line_1_91' title="bbox 123 4478 3490 4587; baseline 0.005 -49"><span class='ocrx_word' id='word_1_638' title='bbox 123 4571 141 4587; x_wconf 37' lang='grc' dir='ltr'>Ο</span> <span class='ocrx_word' id='word_1_639' title='bbox 204 4485 339 4543; x_wconf 89' lang='lat' dir='ltr'><strong>siam</strong></span> <span class='ocrx_word' id='word_1_640' title='bbox 387 4489 529 4571; x_wconf 70' lang='lat'><strong>(55),</strong></span> <span class='ocrx_word' id='word_1_641' title='bbox 573 4491 668 4547; x_wconf 88' lang='lat' dir='ltr'><strong>ubi</strong></span> <span class='ocrx_word' id='word_1_642' title='bbox 708 4493 986 4564; x_wconf 90' lang='lat' dir='ltr'><strong>quondam</strong></span> <span class='ocrx_word' id='word_1_643' title='bbox 1033 4492 1137 4567; x_wconf 92' lang='lat' dir='ltr'><strong>(ut</strong></span> <span class='ocrx_word' id='word_1_644' title='bbox 1179 4491 1392 4584; x_wconf 85' lang='lat' dir='ltr'><strong>fertur)</strong></span> <span class='ocrx_word' id='word_1_645' title='bbox 1433 4493 1528 4549; x_wconf 91' lang='lat' dir='ltr'><strong>diu</strong></span> <span class='ocrx_word' id='word_1_646' title='bbox 1572 4503 1797 4550; x_wconf 89' lang='lat' dir='ltr'><strong>sanctus</strong></span> <span class='ocrx_word' id='word_1_647' title='bbox 1829 4478 2071 4552; x_wconf 79' lang='lat' dir='ltr'><strong>Dmulta</strong></span> <span class='ocrx_word' id='word_1_648' title='bbox 2101 4495 2270 4552; x_wconf 90' lang='lat' dir='ltr'><strong>millia</strong></span> <span class='ocrx_word' id='word_1_649' title='bbox 2311 4496 2581 4573; x_wconf 81' lang='lat' dir='ltr'><strong>fidelium,</strong></span> <span class='ocrx_word' id='word_1_650' title='bbox 2603 4497 2699 4553; x_wconf 92' lang='lat' dir='ltr'><strong>sed</strong></span> <span class='ocrx_word' id='word_1_651' title='bbox 2724 4497 2887 4553; x_wconf 88' lang='lat' dir='ltr'><strong>etiam</strong></span> <span class='ocrx_word' id='word_1_652' title='bbox 2931 4498 3252 4553; x_wconf 78' lang='lat' dir='ltr'><strong>inﬁdelium.</strong></span> <span class='ocrx_word' id='word_1_653' title='bbox 3310 4497 3379 4552; x_wconf 88' lang='lat' dir='ltr'><strong>Et</strong></span> <span class='ocrx_word' id='word_1_654' title='bbox 3440 4499 3490 4554; x_wconf 89' lang='lat' dir='ltr'><strong>si</strong></span> 
     </span>
    </p>
   </div>
   <div class='ocr_carea' id='block_1_92' title="bbox 205 4580 1797 4662">
    <p class='ocr_par' dir='ltr' id='par_1_92' title="bbox 205 4580 1797 4662">
     <span class='ocr_line' id='line_1_92' title="bbox 205 4580 1797 4662; baseline 0.007 -23"><span class='ocrx_word' id='word_1_655' title='bbox 205 4585 460 4649; x_wconf 86' lang='lat' dir='ltr'><strong>perlatuit</strong></span> <span class='ocrx_word' id='word_1_656' title='bbox 492 4588 779 4647; x_wconf 86' lang='lat' dir='ltr'><strong>Nazarius.</strong></span> <span class='ocrx_word' id='word_1_657' title='bbox 807 4590 1017 4648; x_wconf 80' lang='lat' dir='ltr'><strong>Exhinc</strong></span> <span class='ocrx_word' id='word_1_658' title='bbox 1046 4592 1246 4662; x_wconf 81' lang='lat' dir='ltr'><strong>quippe</strong></span> <span class='ocrx_word' id='word_1_659' title='bbox 1279 4580 1355 4647; x_wconf 89' lang='lat' dir='ltr'><strong>ibi</strong></span> <span class='ocrx_word' id='word_1_660' title='bbox 1383 4609 1414 4647; x_wconf 93' lang='lat' dir='ltr'><strong>a</strong></span> <span class='ocrx_word' id='word_1_661' title='bbox 1440 4593 1629 4650; x_wconf 91' lang='lat' dir='ltr'><strong>multis</strong></span> <span class='ocrx_word' id='word_1_662' title='bbox 1662 4592 1797 4650; x_wconf 70' lang='lat' dir='ltr'><strong>lide-</strong></span> 
     </span>
    </p>
   </div>
   <div class='ocr_carea' id='block_1_93' title="bbox 205 4671 1800 4751">
    <p class='ocr_par' dir='ltr' id='par_1_93' title="bbox 205 4671 1800 4751">
     <span class='ocr_line' id='line_1_93' title="bbox 205 4671 1800 4751; baseline 0.01 -27"><span class='ocrx_word' id='word_1_663' title='bbox 205 4671 346 4731; x_wconf 89' lang='lat' dir='ltr'><strong>libus</strong></span> <span class='ocrx_word' id='word_1_664' title='bbox 375 4679 640 4736; x_wconf 87' lang='lat' dir='ltr'><strong>adoratur</strong></span> <span class='ocrx_word' id='word_1_665' title='bbox 666 4691 720 4737; x_wconf 90' lang='lat' dir='ltr'><strong>et</strong></span> <span class='ocrx_word' id='word_1_666' title='bbox 749 4683 1066 4749; x_wconf 79' lang='lat' dir='ltr'><strong>colitur,ab</strong></span> <span class='ocrx_word' id='word_1_667' title='bbox 1098 4682 1409 4740; x_wconf 81' lang='lat' dir='ltr'><strong>inﬁdelibus</strong></span> <span class='ocrx_word' id='word_1_668' title='bbox 1444 4694 1648 4751; x_wconf 90' lang='lat' dir='ltr'><strong>autem,</strong></span> <span class='ocrx_word' id='word_1_669' title='bbox 1696 4700 1800 4740; x_wconf 91' lang='lat' dir='ltr'><strong>nec</strong></span> 
     </span>
    </p>
   </div>
   <div class='ocr_carea' id='block_1_94' title="bbox 205 4760 1800 4846">
    <p class='ocr_par' dir='ltr' id='par_1_94' title="bbox 205 4760 1800 4846">
     <span class='ocr_line' id='line_1_94' title="bbox 205 4760 1800 4846; baseline 0.008 -29"><span class='ocrx_word' id='word_1_670' title='bbox 205 4760 458 4826; x_wconf 87' lang='lat' dir='ltr'><strong>Christus</strong></span> <span class='ocrx_word' id='word_1_671' title='bbox 483 4774 871 4833; x_wconf 86' lang='lat' dir='ltr'><strong>universorum</strong></span> <span class='ocrx_word' id='word_1_672' title='bbox 902 4773 1188 4841; x_wconf 82' lang='lat' dir='ltr'><strong>Dominus,</strong></span> <span class='ocrx_word' id='word_1_673' title='bbox 1218 4790 1321 4830; x_wconf 90' lang='lat' dir='ltr'><strong>nec</strong></span> <span class='ocrx_word' id='word_1_674' title='bbox 1346 4774 1601 4831; x_wconf 84' lang='lat' dir='ltr'><strong>Arialdus</strong></span> <span class='ocrx_word' id='word_1_675' title='bbox 1625 4775 1800 4846; x_wconf 88' lang='lat' dir='ltr'><strong>ipsius</strong></span> 
     </span>
    </p>
   </div>
   <div class='ocr_carea' id='block_1_95' title="bbox 211 4851 466 4918">
    <p class='ocr_par' dir='ltr' id='par_1_95' title="bbox 211 4851 466 4918">
     <span class='ocr_line' id='line_1_95' title="bbox 211 4851 466 4918; baseline 0.043 -11"><span class='ocrx_word' id='word_1_676' title='bbox 211 4851 466 4918; x_wconf 84' lang='lat' dir='ltr'><strong>famulus.</strong></span> 
     </span>
    </p>
   </div>
   <div class='ocr_carea' id='block_1_96' title="bbox 283 4950 1793 5032">
    <p class='ocr_par' dir='ltr' id='par_1_96' title="bbox 283 4950 1793 5032">
     <span class='ocr_line' id='line_1_96' title="bbox 283 4950 1793 5032; baseline 0.006 -27"><span class='ocrx_word' id='word_1_677' title='bbox 283 4950 369 5006; x_wconf 87' lang='lat'><strong>80.</strong></span> <span class='ocrx_word' id='word_1_678' title='bbox 404 4954 599 5011; x_wconf 89' lang='lat' dir='ltr'><strong>Decem</strong></span> <span class='ocrx_word' id='word_1_679' title='bbox 621 4957 789 5028; x_wconf 90' lang='lat' dir='ltr'><strong>igitur</strong></span> <span class='ocrx_word' id='word_1_680' title='bbox 810 4973 985 5014; x_wconf 90' lang='lat' dir='ltr'><strong>annos</strong></span> <span class='ocrx_word' id='word_1_681' title='bbox 1011 4958 1201 5016; x_wconf 90' lang='lat' dir='ltr'><strong>beatus</strong></span> <span class='ocrx_word' id='word_1_682' title='bbox 1246 4958 1433 5017; x_wconf 85' lang='lat' dir='ltr'><strong>Levita</strong></span> <span class='ocrx_word' id='word_1_683' title='bbox 1475 4969 1530 5017; x_wconf 92' lang='lat' dir='ltr'><strong>et</strong></span> <span class='ocrx_word' id='word_1_684' title='bbox 1585 4968 1793 5032; x_wconf 87' lang='lat' dir='ltr'><strong>martyr</strong></span> 
     </span>
    </p>
   </div>
   <div class='ocr_carea' id='block_1_97' title="bbox 219 5040 1791 5125">
    <p class='ocr_par' dir='ltr' id='par_1_97' title="bbox 219 5040 1791 5125">
     <span class='ocr_line' id='line_1_97' title="bbox 219 5040 1791 5125; baseline 0.008 -29"><span class='ocrx_word' id='word_1_685' title='bbox 219 5040 467 5103; x_wconf 68' lang='lat' dir='ltr'><strong>Arialdus</strong></span> <span class='ocrx_word' id='word_1_686' title='bbox 499 5048 673 5113; x_wconf 82' lang='lat' dir='ltr'><strong>duxit,</strong></span> <span class='ocrx_word' id='word_1_687' title='bbox 697 5067 797 5121; x_wconf 91' lang='lat' dir='ltr'><strong>pro</strong></span> <span class='ocrx_word' id='word_1_688' title='bbox 821 5050 1023 5119; x_wconf 85' lang='lat' dir='ltr'><strong>Christi</strong></span> <span class='ocrx_word' id='word_1_689' title='bbox 1066 5053 1183 5125; x_wconf 85' lang='lat' dir='ltr'><strong>lege</strong></span> <span class='ocrx_word' id='word_1_690' title='bbox 1230 5052 1459 5109; x_wconf 86' lang='lat' dir='ltr'><strong>viriliter</strong></span> <span class='ocrx_word' id='word_1_691' title='bbox 1488 5054 1750 5110; x_wconf 82' lang='lat' dir='ltr'><strong>certando</strong></span> <span class='ocrx_word' id='word_1_692' title='bbox 1775 5071 1791 5119; x_wconf 86' lang='lat'><strong>;</strong></span> 
     </span>
    </p>
   </div>
   <div class='ocr_carea' id='block_1_98' title="bbox 217 5130 1798 5212">
    <p class='ocr_par' dir='ltr' id='par_1_98' title="bbox 217 5130 1798 5212">
     <span class='ocr_line' id='line_1_98' title="bbox 217 5130 1798 5212; baseline 0.008 -27"><span class='ocrx_word' id='word_1_693' title='bbox 217 5130 399 5190; x_wconf 89' lang='lat' dir='ltr'><strong>decem</strong></span> <span class='ocrx_word' id='word_1_694' title='bbox 426 5138 667 5194; x_wconf 90' lang='lat' dir='ltr'><strong>membra</strong></span> <span class='ocrx_word' id='word_1_695' title='bbox 691 5141 867 5198; x_wconf 90' lang='lat' dir='ltr'><strong>eidem</strong></span> <span class='ocrx_word' id='word_1_696' title='bbox 897 5149 1019 5211; x_wconf 85' lang='lat' dir='ltr'><strong>post</strong></span> <span class='ocrx_word' id='word_1_697' title='bbox 1055 5145 1174 5199; x_wconf 68' lang='lat' dir='ltr'><strong>haec</strong></span> <span class='ocrx_word' id='word_1_698' title='bbox 1201 5155 1298 5212; x_wconf 89' lang='lat' dir='ltr'><strong>per</strong></span> <span class='ocrx_word' id='word_1_699' title='bbox 1350 5159 1547 5201; x_wconf 89' lang='lat' dir='ltr'><strong>manus</strong></span> <span class='ocrx_word' id='word_1_700' title='bbox 1599 5143 1798 5202; x_wconf 88' lang='lat' dir='ltr'><strong>obtulit</strong></span> 
     </span>
    </p>
   </div>
   <div class='ocr_carea' id='block_1_99' title="bbox 285 5258 1791 5332">
    <p class='ocr_par' dir='ltr' id='par_1_99' title="bbox 285 5258 1791 5332">
     <span class='ocr_line' id='line_1_99' title="bbox 285 5258 1791 5332; baseline 0.008 -18"><span class='ocrx_word' id='word_1_701' title='bbox 285 5258 394 5331; x_wconf 79' lang='lat'><strong>(55)</strong></span> <span class='ocrx_word' id='word_1_702' title='bbox 436 5264 705 5323; x_wconf 73' lang='lat' dir='ltr'><strong>«Parvam</strong></span> <span class='ocrx_word' id='word_1_703' title='bbox 730 5289 748 5321; x_wconf 74' lang='grc' dir='ltr'>ι</span> <span class='ocrx_word' id='word_1_704' title='bbox 796 5270 934 5323; x_wconf 89' lang='lat' dir='ltr'><strong>hanc</strong></span> <span class='ocrx_word' id='word_1_705' title='bbox 974 5281 1135 5328; x_wconf 82' lang='lat' dir='ltr'><strong>vocat</strong></span> <span class='ocrx_word' id='word_1_706' title='bbox 1181 5268 1514 5332; x_wconf 87' lang='lat' dir='ltr'><strong>Landulfus.</strong></span> <span class='ocrx_word' id='word_1_707' title='bbox 1558 5274 1791 5329; x_wconf 83' lang='lat' dir='ltr'><strong>dictam-</strong></span> 
     </span>
    </p>
   </div>
   <div class='ocr_carea' id='block_1_100' title="bbox 1901 4586 3490 4659">
    <p class='ocr_par' dir='ltr' id='par_1_100' title="bbox 1901 4586 3490 4659">
     <span class='ocr_line' id='line_1_100' title="bbox 1901 4586 3490 4659; baseline -0.003 -13"><span class='ocrx_word' id='word_1_708' title='bbox 1901 4589 2106 4646; x_wconf 90' lang='lat' dir='ltr'><strong>nullius</strong></span> <span class='ocrx_word' id='word_1_709' title='bbox 2145 4596 2459 4659; x_wconf 89' lang='lat' dir='ltr'><strong>superesset</strong></span> <span class='ocrx_word' id='word_1_710' title='bbox 2482 4589 2624 4644; x_wconf 90' lang='lat' dir='ltr'><strong>alius</strong></span> <span class='ocrx_word' id='word_1_711' title='bbox 2650 4589 2745 4658; x_wconf 91' lang='lat' dir='ltr'><strong>qui</strong></span> <span class='ocrx_word' id='word_1_712' title='bbox 2788 4588 2985 4642; x_wconf 89' lang='lat' dir='ltr'><strong>harum</strong></span> <span class='ocrx_word' id='word_1_713' title='bbox 3021 4603 3204 4642; x_wconf 84' lang='lat' dir='ltr'><strong>rerum</strong></span> <span class='ocrx_word' id='word_1_714' title='bbox 3252 4586 3490 4642; x_wconf 80' lang='lat' dir='ltr'><strong>existere</strong></span> 
     </span>
    </p>
   </div>
   <div class='ocr_carea' id='block_1_101' title="bbox 1900 4665 3489 4752">
    <p class='ocr_par' dir='ltr' id='par_1_101' title="bbox 1900 4665 3489 4752">
     <span class='ocr_line' id='line_1_101' title="bbox 1900 4665 3489 4752; baseline -0.001 -16"><span class='ocrx_word' id='word_1_715' title='bbox 1900 4689 2086 4752; x_wconf 88' lang='lat' dir='ltr'><strong>posset</strong></span> <span class='ocrx_word' id='word_1_716' title='bbox 2112 4682 2268 4736; x_wconf 89' lang='lat' dir='ltr'><strong>testis</strong></span> <span class='ocrx_word' id='word_1_717' title='bbox 2297 4680 2547 4747; x_wconf 88' lang='lat' dir='ltr'><strong>idoneus,</strong></span> <span class='ocrx_word' id='word_1_718' title='bbox 2570 4681 2695 4748; x_wconf 89' lang='lat' dir='ltr'><strong>quis</strong></span> <span class='ocrx_word' id='word_1_719' title='bbox 2724 4688 2835 4735; x_wconf 88' lang='lat' dir='ltr'><strong>tam</strong></span> <span class='ocrx_word' id='word_1_720' title='bbox 2883 4695 3076 4735; x_wconf 84' lang='lat' dir='ltr'><strong>vecors</strong></span> <span class='ocrx_word' id='word_1_721' title='bbox 3129 4665 3489 4748; x_wconf 82' lang='lat' dir='ltr'><strong>inveniretur,</strong></span> 
     </span>
    </p>
   </div>
   <div class='ocr_carea' id='block_1_102' title="bbox 1902 4768 3492 4844">
    <p class='ocr_par' dir='ltr' id='par_1_102' title="bbox 1902 4768 3492 4844">
     <span class='ocr_line' id='line_1_102' title="bbox 1902 4768 3492 4844; baseline 0.001 -16"><span class='ocrx_word' id='word_1_722' title='bbox 1902 4776 1999 4844; x_wconf 82' lang='lat' dir='ltr'><strong>qui</strong></span> <span class='ocrx_word' id='word_1_723' title='bbox 2036 4775 2241 4829; x_wconf 87' lang='lat' dir='ltr'><strong>diceret</strong></span> <span class='ocrx_word' id='word_1_724' title='bbox 2287 4781 2339 4828; x_wconf 92' lang='lat' dir='ltr'><strong>te</strong></span> <span class='ocrx_word' id='word_1_725' title='bbox 2376 4772 2667 4843; x_wconf 90' lang='lat' dir='ltr'><strong>scripsisse</strong></span> <span class='ocrx_word' id='word_1_726' title='bbox 2724 4772 2894 4828; x_wconf 84' lang='lat' dir='ltr'><strong>falsa?</strong></span> <span class='ocrx_word' id='word_1_727' title='bbox 2947 4772 3004 4828; x_wconf 89' lang='lat' dir='ltr'><strong>Si</strong></span> <span class='ocrx_word' id='word_1_728' title='bbox 3043 4768 3211 4829; x_wconf 88' lang='lat' dir='ltr'><strong>sciret</strong></span> <span class='ocrx_word' id='word_1_729' title='bbox 3263 4781 3316 4827; x_wconf 92' lang='lat' dir='ltr'><strong>te</strong></span> <span class='ocrx_word' id='word_1_730' title='bbox 3367 4772 3492 4830; x_wconf 88' lang='lat' dir='ltr'><strong>ideo</strong></span> 
     </span>
    </p>
   </div>
   <div class='ocr_carea' id='block_1_103' title="bbox 1905 4850 3494 4935">
    <p class='ocr_par' dir='ltr' id='par_1_103' title="bbox 1905 4850 3494 4935">
     <span class='ocr_line' id='line_1_103' title="bbox 1905 4850 3494 4935; baseline 0.001 -16"><span class='ocrx_word' id='word_1_731' title='bbox 1905 4864 2197 4935; x_wconf 86' lang='lat' dir='ltr'><strong>reliquisse</strong></span> <span class='ocrx_word' id='word_1_732' title='bbox 2226 4850 2512 4929; x_wconf 65' lang='lat' dir='ltr'><strong>saeculum,</strong></span> <span class='ocrx_word' id='word_1_733' title='bbox 2542 4870 2605 4918; x_wconf 89' lang='lat' dir='ltr'><strong>ut</strong></span> <span class='ocrx_word' id='word_1_734' title='bbox 2636 4877 2748 4918; x_wconf 91' lang='lat' dir='ltr'><strong>non</strong></span> <span class='ocrx_word' id='word_1_735' title='bbox 2776 4862 2952 4918; x_wconf 91' lang='lat' dir='ltr'><strong>solum</strong></span> <span class='ocrx_word' id='word_1_736' title='bbox 2979 4879 3014 4919; x_wconf 91' lang='lat' dir='ltr'><strong>a</strong></span> <span class='ocrx_word' id='word_1_737' title='bbox 3038 4861 3220 4918; x_wconf 88' lang='lat' dir='ltr'><strong>verbis</strong></span> <span class='ocrx_word' id='word_1_738' title='bbox 3263 4878 3494 4920; x_wconf 87' lang='lat' dir='ltr'><strong>vacares</strong></span> 
     </span>
    </p>
   </div>
   <div class='ocr_carea' id='block_1_104' title="bbox 1901 4953 3497 5026">
    <p class='ocr_par' dir='ltr' id='par_1_104' title="bbox 1901 4953 3497 5026">
     <span class='ocr_line' id='line_1_104' title="bbox 1901 4953 3497 5026; baseline 0.001 -14"><span class='ocrx_word' id='word_1_739' title='bbox 1901 4954 2278 5019; x_wconf 86' lang='lat' dir='ltr'><strong>mendacibus,</strong></span> <span class='ocrx_word' id='word_1_740' title='bbox 2304 4953 2400 5009; x_wconf 89' lang='lat' dir='ltr'><strong>sed</strong></span> <span class='ocrx_word' id='word_1_741' title='bbox 2428 4955 2596 5009; x_wconf 90' lang='lat' dir='ltr'><strong>etiam</strong></span> <span class='ocrx_word' id='word_1_742' title='bbox 2644 4955 2714 5010; x_wconf 91' lang='lat' dir='ltr'><strong>ab</strong></span> <span class='ocrx_word' id='word_1_743' title='bbox 2758 4953 2977 5020; x_wconf 86' lang='lat' dir='ltr'><strong>otiosis,</strong></span> <span class='ocrx_word' id='word_1_744' title='bbox 3016 4954 3321 5026; x_wconf 65' lang='lat' dir='ltr'><strong>praesertim</strong></span> <span class='ocrx_word' id='word_1_745' title='bbox 3366 4972 3497 5014; x_wconf 89' lang='lat' dir='ltr'><strong>cum</strong></span> 
     </span>
    </p>
   </div>
   <div class='ocr_carea' id='block_1_105' title="bbox 1905 5045 3499 5119">
    <p class='ocr_par' dir='ltr' id='par_1_105' title="bbox 1905 5045 3499 5119">
     <span class='ocr_line' id='line_1_105' title="bbox 1905 5045 3499 5119; baseline -0.001 -11"><span class='ocrx_word' id='word_1_746' title='bbox 1905 5067 2010 5119; x_wconf 87' lang='lat' dir='ltr'><strong>non</strong></span> <span class='ocrx_word' id='word_1_747' title='bbox 2042 5047 2227 5106; x_wconf 86' lang='lat' dir='ltr'><strong>civilia</strong></span> <span class='ocrx_word' id='word_1_748' title='bbox 2255 5047 2590 5103; x_wconf 88' lang='lat' dir='ltr'><strong>monasteria</strong></span> <span class='ocrx_word' id='word_1_749' title='bbox 2613 5056 2667 5103; x_wconf 89' lang='lat' dir='ltr'><strong>et</strong></span> <span class='ocrx_word' id='word_1_750' title='bbox 2685 5046 2958 5106; x_wconf 88' lang='lat' dir='ltr'><strong>dissoluta</strong></span> <span class='ocrx_word' id='word_1_751' title='bbox 2980 5045 3188 5119; x_wconf 89' lang='lat' dir='ltr'><strong>petisti,</strong></span> <span class='ocrx_word' id='word_1_752' title='bbox 3206 5047 3299 5102; x_wconf 91' lang='lat' dir='ltr'><strong>sed</strong></span> <span class='ocrx_word' id='word_1_753' title='bbox 3316 5045 3499 5107; x_wconf 81' lang='lat' dir='ltr'><strong>famo-</strong></span> 
     </span>
    </p>
   </div>
   <div class='ocr_carea' id='block_1_106' title="bbox 1909 5136 3507 5205">
    <p class='ocr_par' dir='ltr' id='par_1_106' title="bbox 1909 5136 3507 5205">
     <span class='ocr_line' id='line_1_106' title="bbox 1909 5136 3507 5205; baseline -0.008 0"><span class='ocrx_word' id='word_1_754' title='bbox 1909 5160 2030 5205; x_wconf 88' lang='lat' dir='ltr'><strong>sum</strong></span> <span class='ocrx_word' id='word_1_755' title='bbox 2076 5150 2133 5198; x_wconf 91' lang='lat' dir='ltr'><strong>et</strong></span> <span class='ocrx_word' id='word_1_756' title='bbox 2171 5138 2384 5195; x_wconf 85' lang='lat' dir='ltr'><strong>celebre</strong></span> <span class='ocrx_word' id='word_1_757' title='bbox 2433 5138 2881 5195; x_wconf 69' lang='lat' dir='ltr'><strong>Vallisumbrosa:</strong></span> <span class='ocrx_word' id='word_1_758' title='bbox 2933 5136 3274 5205; x_wconf 76' lang='lat' dir='ltr'><strong>ccenobium,</strong></span> <span class='ocrx_word' id='word_1_759' title='bbox 3306 5139 3507 5200; x_wconf 74' lang='lat' dir='ltr'><strong>itinere</strong></span> 
     </span>
    </p>
   </div>
   <div class='ocr_carea' id='block_1_107' title="bbox 1918 5271 3217 5332">
    <p class='ocr_par' dir='ltr' id='par_1_107' title="bbox 1918 5271 3217 5332">
     <span class='ocr_line' id='line_1_107' title="bbox 1918 5271 3217 5332; baseline -0.005 0"><span class='ocrx_word' id='word_1_760' title='bbox 1918 5283 2106 5332; x_wconf 64' lang='lat' dir='ltr'><strong>merito</strong></span> <span class='ocrx_word' id='word_1_761' title='bbox 2129 5274 2379 5332; x_wconf 60' lang='lat' dir='ltr'><strong>praevalet</strong></span> <span class='ocrx_word' id='word_1_762' title='bbox 2408 5275 2706 5332; x_wconf 84' lang='lat' dir='ltr'><strong>auctoritas</strong></span> <span class='ocrx_word' id='word_1_763' title='bbox 2735 5273 3030 5332; x_wconf 76' lang='lat' dir='ltr'><strong>utriusque</strong></span> <span class='ocrx_word' id='word_1_764' title='bbox 3060 5271 3217 5328; x_wconf 72' lang='lat' dir='ltr'><strong>Viue.</strong></span> 
     </span>
    </p>
   </div>
  </div>
