4028 5360
529 334 668 418 uss

1627 357 1726 414 ss.
1769 357 2049 414 ABlALDl
2093 334 2179 413 ET
2232 322 2681 415 EltLEMBALDl

3662 346 3831 416 “Si

527 477 741 533 dierum
783 473 1027 546 quinque
1073 488 1100 528 θ
1145 472 1379 528 naturali
1425 471 1543 528 solo
1593 481 1862 527 semotum
1887 473 1910 526 ?
1938 472 2109 527 Porro
2138 474 2184 531 Α
2208 472 2373 528 etiam
2391 483 2451 527 ut
2468 473 2637 528 semel
2659 470 2917 528 transiret
2932 487 3029 543 per
3047 472 3281 543 plateam
3308 472 3631 543 quamdam,
3658 473 3815 544 juxta

522 568 592 623 de
622 566 772 620 obitu
795 565 915 635 ejus
939 565 1076 620 clam
1108 573 1326 634 peracto
1375 562 1501 633 quis
1552 570 1606 617 te
1656 562 1854 617 certior
1899 561 2105 627 existit,

523 658 619 730 qui
640 671 740 728 pro
770 657 875 712 hoc
900 656 1092 711 mortis
1122 654 1364 726 periculo
1402 664 1485 710 ter
1522 662 1575 709 te
1611 654 1847 709 dedisti?
1893 652 2105 708 Etenim

524 750 692 807 semel
716 761 991 819 utcunque
1018 747 1268 818 iucaptus
1292 747 1656 815 evasisti,alia
1682 761 1812 801 vero
1838 745 1955 800 vice
1976 744 2108 815 quia

523 842 809 898 dicebatur
832 841 981 911 quod
1007 840 1062 895 in
1090 839 1362 894 Travallia
1409 854 1536 894 arce
1565 837 1677 909 (6|)
1702 835 2109 907 inexpugnabili

522 932 734 989 occulte
755 932 1122 998 detineretur,
1149 931 1269 1001 ejus
1296 930 1568 985 desiderio
1611 943 1898 994 accensus,
1947 927 2109 998 longo

524 1025 719 1080 itinere
750 1025 1020 1091 conlecto,
1044 1024 1234 1079 multis
1260 1023 1540 1078 montibus
1570 1020 1885 1086 transactis,
1909 1029 1962 1075 te
1986 1027 2111 1073 ante

523 1112 769 1183 ejusdem
800 1123 987 1184 potas
1018 1113 1285 1169 obtulisti.
1333 1112 1390 1166 in
1426 1128 1613 1183 quam,
1662 1111 1791 1183 quia
1838 1110 2112 1181 inspicere

522 1221 583 1262 es
606 1221 794 1271 ausus,
826 1205 952 1277 quis
978 1220 1128 1261 esses
1147 1206 1418 1277 cognitus,
1443 1204 1676 1274 ideoque
1704 1211 1898 1273 captus
1951 1210 2112 1272 atque

526 1297 583 1352 in
616 1298 937 1353 altissimam
969 1297 1214 1367 ejusdem
1245 1306 1453 1352 turrem
1499 1296 1788 1362 deductus,
1820 1311 1918 1365 per
1961 1292 2112 1349 fora-'-

527 1404 654 1445 men
675 1404 803 1444 cum
829 1387 1055 1444 funibus
1084 1389 1140 1442 in
1162 1388 1337 1460 ipsius
1357 1404 1416 1443 es
1441 1388 1724 1459 depositus
1751 1385 2109 1457 profundum,

527 1481 676 1552 quod
706 1480 881 1552 magis
907 1480 1195 1535 videbatur
1215 1496 1337 1535 esse
1362 1480 1674 1550 sepulcrum
1706 1493 1870 1551 quam
1893 1477 2110 1532 habita-

528 1572 735 1627 culum.
763 1569 900 1626 Nam
928 1572 1113 1626 lectuli
1137 1570 1372 1628 fulcrum
1420 1582 1539 1626 erat
1593 1586 1834 1638 caenum,
1883 1568 2113 1638 capitale

528 1680 745 1719 saxum.
779 1662 890 1720 Nec
918 1665 1063 1720 enim
1093 1665 1167 1719 ibi
1194 1673 1334 1731 erat,
1363 1664 1507 1719 unde
1534 1663 1768 1734 digestio
1802 1663 2109 1717 occultare-

529 1766 639 1823 tur,
665 1772 767 1812 nec
784 1757 1021 1827 desuper
1047 1765 1250 1811 tectum
1274 1772 1305 1812 a
1334 1770 1446 1827 quo
1474 1756 1658 1827 pluvia
1679 1756 1988 1827 pelleretur.
2030 1753 2109 1809 ibi

2211 560 2434 617 domum
2462 561 2822 631 pontificalem
2856 560 3046 628 sitam;
3082 560 3392 633 aliquantos
3418 571 3604 617 autem
3640 563 3815 626 vires,

2211 667 2351 724 quos
2381 652 2456 707 ibi
2484 653 2702 723 reperit,
2731 653 3023 708 admonere
3052 652 3234 722 cmpit.
3274 651 3445 708 Erant
3481 653 3632 708 enim
3684 662 3818 709 tunc

2212 742 2390 800 Guido
2419 753 2474 799 et
2502 744 2787 811 ordinarii,
2820 745 3086 815 multique
3120 744 3211 798 alii
3256 744 3465 811 clerici,
3514 746 3573 800 in
3618 746 3815 801 eadem

2210 835 2375 891 domo
2401 836 2606 906 pariter
2630 836 2964 908 congregati.
2996 834 3152 902 Quod
3180 851 3306 891 cum
3337 837 3664 903 audissent,
3722 854 3817 893 sa-

2212 928 2535 1000 pientiorem
2567 928 2826 983 omnibus
2855 929 3086 998 elegere,
3118 942 3355 998 eumque
3398 929 3469 985 ad
3516 930 3705 1000 ipsum
3728 930 3817 985 di-

2213 1035 2441 1087 rexere,
2478 1030 2751 1092 quatenus
2777 1020 2824 1075 ei
2871 1020 3168 1085 resisteret,
3195 1028 3249 1074 et
3292 1035 3415 1089 qua:
3455 1020 3680 1075 dicebat
3702 1019 3821 1075 fore

2213 1128 2354 1167 vana
2388 1113 2610 1169 diceret.
2636 1111 2773 1167 Nam
2806 1112 2861 1166 in
2882 1112 3073 1182 paucis
3101 1112 3182 1167 sic
3206 1114 3457 1181 protinus
3475 1114 3665 1168 verbis
3688 1129 3819 1168 con-

2214 1205 2401 1262 clusus
2427 1213 2511 1261 est
2555 1214 2616 1261 ut
2648 1212 2795 1260 retro
2821 1205 3049 1274 turpiter
3083 1205 3284 1260 rediret
3313 1205 3593 1261 velociter.
3640 1204 3818 1273 Quem

2214 1313 2339 1354 cum
2386 1297 2473 1353 sui
2524 1297 2956 1368 interrogassent
3001 1296 3134 1367 quid
3180 1297 3401 1369 egisset,
3433 1297 3551 1352 ait:
3585 1296 3816 1360 Scitote,

2215 1398 2309 1446 aut
2337 1391 2514 1461 ipsum
2543 1404 2653 1444 non
2682 1404 2803 1444 esse
2831 1387 3133 1454 hominem,
3160 1397 3255 1444 aut
3289 1390 3525 1444 alterum
3568 1387 3689 1444 fore
3721 1389 3815 1459 qui

2214 1483 2282 1538 ab
2307 1483 2427 1553 ejus
2452 1482 2693 1553 loquitur
2721 1496 2837 1537 ore.
2870 1480 2995 1536 Haec
3039 1481 3244 1549 omnia,
3288 1482 3546 1552 quamvis
3576 1496 3689 1536 non
3724 1482 3813 1535 in-

2217 1573 2450 1630 terfuisti
2476 1618 2490 1641 ,
2544 1572 2878 1629 Bonovicino
2923 1571 3036 1643 (62)
3082 1580 3361 1639 narrante,
3389 1572 3626 1643 pleniter
3676 1570 3817 1624 didi.

2215 1666 2361 1724 cisti.
3163 1683 3167 1686 '

2286 1761 2375 1816 85.
2415 1758 2571 1815 Illum
2594 1770 2852 1830 praeterea
2879 1757 3311 1814 famosissimum
3341 1758 3539 1822 zelum,
3570 1772 3688 1827 quo
3708 1756 3821 1812 bc-

529 1848 731 1919 quippe
753 1863 866 1918 prae
904 1825 1074 1902 nimio
1101 1848 1331 1902 horrore
1350 1825 1536 1901 vultus
1556 1825 1696 1903 tuus
1716 1855 1770 1902 et
1799 1846 2117 1903 stomachus
2148 1825 2192 1879 Β
2219 1852 2453 1909 reticum
2481 1825 2772 1923 quemdam
2802 1851 2871 1906 ab
2896 1851 3055 1906 altari
3080 1850 3299 1921 repulit,
3329 1866 3430 1905 cur
3454 1864 3569 1904 non
3589 1825 3821 1904 dixisti?

528 1941 609 1995 sic
650 1941 893 2011 elanguit
912 1950 965 1996 et
985 1941 1254 1996 emarcuit
1280 1948 1339 1995 ut
1361 1941 1543 1996 cibum
1574 1956 1671 2011 per
1715 1939 1873 1995 funes
1907 1939 2002 1994 tibi
2031 1939 2117 1994 di-

528 2034 762 2089 missum
788 2042 1009 2104 gustare
1038 2033 1264 2088 minime
1284 2048 1473 2103 posses
1508 2051 1520 2087 :
1555 2033 1784 2103 ideoque
1818 2039 1977 2087 nocte
2001 2047 2120 2086 me-

534 2127 629 2181 dia
686 2136 739 2181 te
792 2126 1135 2191 subtraxerc,
1196 2134 1252 2180 et
1325 2129 1407 2182 sic
1474 2125 2119 2181 semivivum‘dimisere.

533 2219 720 2272 Altera
746 2226 926 2273 autem
949 2218 1067 2272 vice
1086 2218 1267 2272 lacum
1294 2217 1683 2284 transfretasti,
1716 2218 1911 2272 iterum
1935 2217 2121 2287 cogni-

532 2318 622 2363 tus
652 2316 708 2363 et
730 2317 945 2378 captus,
969 2308 1145 2363 donec
1185 2317 1236 2362 te
1267 2308 1445 2378 pretio
1496 2324 1607 2363 non
1661 2309 1862 2375 emisti,
1892 2308 2122 2364 evadere

533 2399 682 2452 nullo
704 2398 869 2453 modo
895 2398 1141 2468 potuisti.
1167 2397 1302 2463 Qum
1324 2415 1449 2453 cum
1473 2399 1547 2453 ita
1574 2398 1703 2463 sint,
1716 2401 1841 2469 quis
1864 2408 1973 2454 tam
1995 2416 2123 2456 cru-

532 2487 670 2541 delis
700 2487 803 2542 erit
831 2496 887 2542 et
910 2487 1083 2542 durus
1104 2496 1164 2542 ut
1186 2487 1292 2543 tuis
1322 2488 1668 2545 sermonibus
1694 2489 1895 2543 existat
1941 2489 2122 2545 inere-

536 2577 743 2633 dulus?
1626 2586 1629 2589 ·

604 2693 694 2748 83.
732 2691 1147 2760 Verumtamen,
1190 2692 1321 2749 licet
1360 2694 1594 2749 multum
1624 2694 1773 2751 lreter
1799 2710 1962 2766 super
1987 2711 2124 2751 cun-

530 2794 616 2840 eta
647 2800 770 2855 quae
795 2785 1003 2851 dixisti,
1027 2785 1155 2856 quia
1183 2794 1314 2841 sunt
1337 2801 1465 2842 vera
1491 2795 1545 2842 et
1568 2786 1917 2842 aadilicationi
1944 2789 2119 2853 utilia,

531 2885 714 2930 tamen
741 2875 898 2931 valde
926 2876 1103 2943 doleo,
1146 2877 1275 2947 quia
1318 2877 1550 2933 omisisti
1589 2878 1882 2948 praecipua,
1916 2878 2124 2948 tibique

533 2965 840 3033 notissima,
871 2974 926 3020 et
951 2982 1052 3021 cur
1098 2967 1202 3021 hoc
1247 2964 1441 3021 feceris
1479 2966 1559 3021 sic
1588 2967 1849 3033 admiror,
1873 2975 1933 3021 ut
1961 2968 2122 3022 velim

531 3072 599 3113 ex
628 3057 714 3113 bis
745 3058 1082 3128 aliquantula
1117 3072 1305 3112 coram
1347 3064 1401 3112 te
1434 3057 1683 3128 prodere,
1729 3068 1784 3113 et
1823 3074 1993 3129 quare
2034 3058 2122 3114 di-

2221 1942 2475 1998 Timuisti
2502 1942 2734 1998 forsitan
2766 1958 2836 1998 ne
2865 1941 2921 1996 in
2971 1956 3038 1996 eo
3068 1940 3236 2011 aliqui
3281 1939 3814 1997 scandalizarentur.

2223 2035 2390 2097 Scito.
2420 2033 2763 2101 charissime,
2809 2032 2938 2104 quia
2964 2033 3108 2088 dicta
3138 2031 3390 2103 factaque
3428 2032 3662 2097 Arialdi,
3701 2032 3813 2086 imo

2220 2136 2273 2183 et
2316 2127 2541 2195 Christi,
2588 2126 2885 2183 incredulis
2913 2134 2968 2181 et
2998 2125 3268 2197 perversis
3308 2126 3469 2197 plena
3512 2126 3814 2191 scandalis,

2222 2222 2329 2292 piis
2353 2238 2482 2276 vero
2508 2221 2750 2277 fomenta
2796 2228 2925 2276 sunt
2971 2220 3182 2276 ardoris
3226 2228 3279 2274 et
3319 2219 3477 2274 lucis.
3526 2218 3606 2273 Ea
3651 2219 3817 2290 igitur

2224 2314 2344 2370 istis
2368 2314 2695 2384 pandamus,
2746 2314 2813 2369 de
2838 2314 2944 2369 illis
2974 2328 3104 2369 vero
3133 2311 3469 2368 Salvator-em
3498 2313 3687 2367 dicere
3721 2329 3820 2365 au-

2222 2407 2437 2462 diamus
2465 2426 2477 2460 :
2509 2425 2527 2458 ι
2559 2404 2751 2473 Sinite,
2802 2405 2996 2476 inquit,
3047 2419 3178 2470 eos;
3232 2403 3360 2474 quia
3397 2402 3526 2458 caeci
3574 2412 3728 2469 sunt,
3765 2412 3819 2456 et

2223 2503 2391 2557 duces
2419 2516 2687 2557 cazcorum
2719 2498 2949 2571 (Matth.
2981 2514 3068 2563 xv,
3102 2498 3227 2568 14).
3258 2516 3277 2548 ι
3315 2496 3666 2551 Transeuntc
3687 2481 3821 2567 ergo

2222 2610 2318 2665 per
2348 2594 2609 2664 majorem
2638 2593 2926 2649 ecclesiam
2954 2606 3079 2646 cum
3106 2589 3366 2644 fratribus
3396 2589 3620 2643 Arialdo
3652 2586 3818 2643 Chri-

2223 2688 2294 2742 sti
2341 2686 2580 2754 famulo,
2627 2685 2837 2742 audivit
2881 2684 3028 2755 quod
3073 2683 3129 2737 in
3175 2681 3363 2737 eadem
3410 2680 3543 2735 hora
3592 2679 3822 2750 quidam

2224 2782 2437 2837 adulter
2466 2790 2521 2836 et
2556 2779 2903 2835 Simoniacus
2933 2776 2999 2832 ad
3049 2773 3539 2847 quoddam.ipsius
3578 2773 3823 2827 basilica:

2224 2868 2395 2924 altare
2419 2875 2748 2935 accesserat,
2788 2872 2850 2920 ut
2894 2880 2952 2920 se
2997 2863 3282 2921 simularet
3322 2862 3400 2916 ibi
3441 2875 3646 2917 cauere
3689 2862 3823 2915 mis-

2225 2958 2636 3024 saszamus,
2685 2957 2882 3028 inquit,
2932 2955 3079 3011 illuc.
3130 2953 3213 3009 Ad
3261 2968 3422 3023 quem
3453 2966 3585 3007 cum
3626 2965 3819 3021 pervc-

2225 3053 2420 3118 nisset,
2468 3050 2745 3106 ait:Cum
2796 3049 2942 3103 enim
2991 3055 3050 3101 tu
3100 3045 3178 3101 sis
3218 3044 3342 3101 talis
3381 3043 3531 3114 quali
3572 3042 3821 3098 ecclesia:

532 3148 751 3205 miseris
778 3149 1076 3204 addiscere.
1108 3148 1250 3202 Ante
1275 3148 1476 3218 quippe
1504 3164 1668 3218 quam
1704 3148 1984 3204 introisset
2013 3147 2124 3204 Me-
2149 3169 2191 3226 ο
2224 3146 2394 3199 valvae
2428 3155 2611 3213 patere
2652 3140 2876 3197 minime
2912 3140 3193 3205 deberent,
3224 3153 3323 3192 cur
3363 3145 3618 3192 sanetum
3649 3136 3823 3189 altare

533 3242 814 3297 diolanum
850 3242 917 3297 ad
944 3242 1373 3312 praedicandum,
1400 3242 1710 3312 publice-ad
1751 3240 2121 3297 Varisiensem

534 3326 746 3402 plebe'm
769 3333 1092 3387 clericorum
1121 3333 1527 3387 multitudinem
1550 3333 1890 3400 convocavit,
1910 3334 2119 3404 eisque,

537 3424 645 3478 sub
682 3424 881 3494 quibus
913 3432 1098 3479 essent
1125 3424 1403 3479 erroribus
1434 3424 1712 3491 indicavit,
1743 3435 1816 3491 et,
1843 3435 1902 3479 ut
1925 3426 1994 3480 ab
2040 3426 2123 3482 eis

539 3515 876 3579 recederent,
900 3514 1132 3585 benigne
1161 3517 1466 3571 admonuit.
1490 3515 1597 3582 Qui
1621 3517 1741 3587 ejus
1773 3518 1935 3573 verba
1969 3534 2124 3588 spre-

536 3621 687 3672 vere,
712 3605 994 3661 dicentes:
1035 3603 1202 3661 Nobis
1231 3607 1350 3661 ideo
1399 3608 1515 3663 haec
1565 3609 1825 3677 loqueris,
1871 3610 1997 3679 quia
2040 3609 2125 3664 iu-

537 3698 785 3753 eruditos
813 3697 1101 3768 cognoscis
1127 3715 1142 3765 ;
1174 3706 1428 3753 caeterum
1449 3741 1463 3766 ,
1496 3699 1543 3754 si
1575 3700 1765 3755 doctor
1807 3700 1995 3755 haberi
2040 3702 2124 3757 vis

537 3789 836 3856 credibilis,
861 3789 1018 3856 vade,
1054 3798 1110 3843 et
1143 3789 1197 3843 in
1227 3790 1361 3845 urbe
1390 3790 1504 3845 haec
1554 3789 1705 3863 loqui
1753 3793 1864 3846 noli
1910 3793 2121 3847 timere.

432 3948 445 3953 θ
535 3880 693 3948 Quod
714 3880 760 3935 si
786 3895 945 3950 agere
966 3895 1136 3935 ausus
1165 3877 1357 3947 fueris,
1371 3895 1494 3951 qua:
1511 3880 1668 3946 dicis,
1685 3880 1954 3936 credenda
1974 3897 2127 3937 com-

536 3972 815 4045 probabis.
858 3970 927 4025 Et
954 3981 1087 4026 tunc
1140 3972 1333 4027 urbem
1388 3971 1691 4043 ingressus.
1745 3981 1800 4027 et
1840 3975 2122 4044 populum,

537 4065 681 4121 sicut
713 4072 770 4118 tu
797 4064 1005 4130 dixisti,
1034 4071 1119 4118 est
1147 4063 1438 4119 allocutus.
1470 4063 1526 4117 In
1558 4066 1676 4134 ipso
1709 4065 1874 4120 etiam
1898 4065 2125 4120 exordio

540 4174 658 4217 suae
686 4156 1109 4229 praedicationis,
1143 4157 1354 4224 tandiu,
1385 4172 1508 4211 cum
1533 4158 1829 4227 aliqtiautis
1852 4157 2123 4225 ﬁdelibus,

537 4264 635 4321 per
655 4248 985 4303 venerabilia
1013 4249 1154 4316 loca,
1182 4256 1497 4304 sanctorum
1542 4248 1795 4319 ﬂagitans
1843 4249 2122 4320 suﬂ‘ragia,

538 4347 706 4420 nudis
727 4348 951 4404 incessit
974 4349 1227 4420 pedibus,
1253 4349 1428 4404 donec
1476 4350 1557 4405 sic
1598 4350 2020 4406 intumescerent
2066 4358 2128 4405 ut

538 4455 702 4511 super
728 4456 826 4496 eos
856 4440 1005 4496 nullo
1039 4440 1204 4496 modo
1232 4443 1537 4497 consistere
1564 4450 1768 4512 posset.

2224 3236 2510 3308 praesumis
2540 3235 2779 3305 pollutus
2800 3232 3133 3303 contingere,
3164 3238 3218 3284 et
3244 3230 3337 3284 illa
3362 3228 3623 3299 mysteria
3653 3243 3821 3299 agere

2224 3345 2346 3400 quze
2375 3326 2720 3385 solummodo
2745 3324 2999 3381 innocuis
3027 3332 3082 3378 et
3114 3322 3280 3377 castis
3319 3328 3451 3376 sunt
3490 3319 3818 3385 commissa,

2226 3430 2277 3476 te
2312 3418 2547 3491 lingere?
2576 3417 2745 3474 Aufer
2781 3425 2833 3472 te
2876 3416 3006 3470 hinc
3043 3413 3388 3485 quantocius,
3436 3420 3555 3483 putt
3570 3412 3678 3466 ide.
3713 3409 3820 3477 Qui

2225 3526 2348 3565 cum
2398 3509 2522 3565 inde
2550 3524 2610 3565 se
2639 3523 2747 3563 non
2774 3514 3071 3572 amoveret,
3099 3505 3183 3559 vir
3210 3503 3304 3559 Dei
3336 3520 3561 3558 manum
3599 3503 3667 3557 ad
3694 3504 3817 3572 pla-

2224 3611 2406 3658 nctam
2458 3600 2627 3667 misit,
2675 3614 2906 3669 eamque
2962 3602 3032 3653 ab
3077 3597 3196 3667 ejus
3249 3605 3400 3667 tergo
3448 3596 3707 3657 extraxit,
3765 3602 3819 3648 et

2225 3695 2404 3765 ipsum
2431 3694 2500 3749 ab
2525 3692 2682 3748 altari
2707 3691 2944 3761 expulit;
2974 3699 3132 3744 erant
3156 3688 3302 3743 enim
3331 3699 3464 3742 tunc
3492 3687 3549 3741 in
3576 3686 3811 3742 circuitu

2225 3787 2469 3857 ejusdem
2517 3784 2803 3849 ecclesias,
2857 3798 3024 3837 causa
3067 3779 3408 3852 negotiandi,
3460 3788 3574 3834 tam
3630 3778 3817 3833 civiles

2225 3878 2328 3934 viri
2375 3891 2543 3947 quam
2587 3874 2889 3932 suburbani
2934 3873 3138 3944 pariter
3167 3871 3498 3943 congregati.
3532 3868 3640 3936 Qui
3669 3869 3799 3924 exiit

2225 3979 2279 4026 et
2304 3986 2401 4041 per
2426 3967 2605 4025 forum
2648 3965 3049 4037 querimoniam
3099 3963 3245 4019 fecit.
3293 3962 3587 4017 Commoto
3631 3962 3817 4030 itaque

2226 4061 2445 4132 populo,
2486 4059 2836 4130 dimissisque
2877 4057 3143 4129 negotiis,
3180 4070 3246 4111 ac
3288 4054 3526 4110 fustibus
3566 4053 3812 4117 elevatis,

2226 4168 2322 4223 per
2349 4150 2489 4207 ostia
2521 4150 2757 4215 irruunt,
2805 4158 2866 4204 ut
2909 4149 3089 4220 ipsum
3136 4155 3385 4218 quaerant
3417 4155 3472 4202 et
3521 4146 3811 4217 perimant.

2226 4244 2347 4315 Ipse
2385 4259 2518 4299 vero
2560 4243 2740 4300 sciens
2771 4256 2893 4312 qua:
2929 4249 3157 4295 ventura
3191 4246 3368 4305 erant,
3418 4252 3532 4293 non
3579 4236 3813 4308 fugerat.

2228 4337 2323 4392 sed
2366 4335 2592 4407 gradum
2631 4333 2968 4400 ascenderat,
3014 4331 3198 4403 ibique
3227 4332 3488 4402 populum
3526 4336 3814 4399 exspecta-

2227 4427 2339 4483 bat.
2369 4425 2628 4484 Videntes
2652 4441 2782 4498 ergo
2808 4441 2933 4480 eum
2965 4425 3021 4479 in
3048 4425 3217 4496 gradu
3249 4431 3508 4488 stantem,
3549 4435 3815 4491 samque

608 4509 697 4588 ἐι.
726 4522 858 4587 Duo
881 4531 1114 4602 denique
1136 4532 1529 4602 sapientissimi
1556 4509 1762 4600 clerici,
1790 4533 1974 4589 audita
2003 4533 2119 4605 ejus

2226 4537 2390 4576 manu
2431 4519 2769 4586 innuentem,
2814 4533 3006 4573 omnes
3045 4516 3389 4587 deponebant
3428 4513 3630 4582 fustes,
3670 4524 3726 4570 et
3757 4527 3815 4568 se

538 4623 705 4691 fama,
739 4624 806 4679 de
841 4623 1153 4694 longinquis
1183 4625 1500 4695 regionibus
1535 4625 1603 4679 ad
1637 4640 1762 4679 eum
1797 4640 2014 4691 venere,
2066 4633 2127 4679 ut

536 4725 931 4788 cognoscerent
959 4717 1235 4787 quomodo
1265 4717 1381 4787 ipse
1422 4717 1648 4773 scientia
1682 4719 1923 4788 polleret.
1972 4716 2123 4784 Quo-

537 4815 659 4866 rum
698 4823 843 4863 unus
885 4808 933 4862 ei
973 4824 1032 4863 se
1074 4809 1130 4863 iu
1173 4809 1527 4865 altercatione
1561 4810 1777 4876 obtulit,
1813 4820 1866 4866 ct
1900 4826 1931 4865 a
1966 4826 2128 4867 mane

539 4911 711 4973 usque
738 4900 807 4955 ad
838 4900 1029 4955 horam
1062 4899 1175 4955 fere
1201 4915 1424 4967 nonam,
1455 4902 1629 4955 altero
1660 4902 1878 4972 penitus
1912 4902 2123 4970 silente,

538 5003 817 5064 utcunque
857 4992 1075 5059 restitit,
1120 5000 1175 5047 et
1216 5000 1349 5047 tunc
1387 4992 1468 5049 sic
1514 5000 1600 5047 est
1634 4984 1880 5049 devictus
1922 5004 1981 5048 ut
2025 5010 2127 5050 nec

538 5082 669 5151 quid
700 5081 990 5137 insolubile
1030 5081 1289 5152 objicerc,
1336 5096 1437 5137 nec
1476 5090 1663 5151 posset
1693 5083 1906 5152 objecta
1946 5085 2129 5139 exsol-

541 5183 686 5225 vere.
723 5170 904 5224 Alium
938 5186 1089 5237 vero,
1128 5171 1256 5241 quia
1300 5171 1464 5226 nimis
1488 5172 1761 5227 eruditum
1792 5174 2008 5244 reperit,
2039 5175 2147 5230 die'

539 5258 731 5298 undam
762 5257 1045 5298 Αρινῖηρριιρ
1080 5275 1187 5298 nnn
1218 5261 1391 5298 nam}!
1456 5260 1549 5298 earl
1589 5262 1642 5298 in
1678 5262 1849 5298 olla-un
1880 5273 2122 5298 amni-un-

2225 4614 2294 4670 ad
2321 4613 2651 4668 audiendum
2680 4612 2968 4683 parabant,
2998 4625 3162 4680 super
3194 4609 3341 4679 ipsos
3370 4607 3699 4663 innitentes;
3730 4603 3813 4659 fa-

2226 4714 2314 4762 cto
2341 4704 2576 4774 denique
2606 4702 2824 4758 silentio
2852 4715 3070 4772 magno,
3098 4698 3540 4771 przedieationem
3570 4699 3655 4753 sic
3684 4696 3814 4751 mel-

2222 4784 2431 4853 lilluam
2461 4794 2769 4866 composuit
2796 4802 2858 4849 ut
2892 4795 3079 4860 corda,
3114 4808 3237 4863 qua
3279 4790 3498 4846 fuerant
3543 4796 3816 4846 commota

2225 4897 2282 4944 et
2307 4888 2634 4945 conturbata
2673 4904 2769 4958 per
2813 4885 2935 4942 falsi
2980 4886 3145 4940 verba
3184 4883 3508 4949 sacerdotis,
3558 4889 3818 4952 operante

2222 4987 2278 5034 et
2298 4978 2590 5050 instigante
2615 4977 2948 5043 adversario,
2975 4976 3296 5031 sedarentur
3316 4982 3369 5029 et
3397 4973 3817 5028 dulcorarentur

2225 5087 2322 5143 per
2367 5072 2533 5127 verba
2580 5070 2694 5125 veri
2737 5068 2941 5125 Christi
2990 5067 3207 5133 famuli,
3253 5074 3515 5136 operante
3555 5073 3613 5119 et
3655 5063 3815 5118 ﬂante

2229 5165 2436 5236 Spiritu
2468 5174 2693 5232 sancto;
2737 5172 2793 5219 et
2824 5179 2944 5231 ora,
2989 5177 3113 5233 qua:
3156 5160 3412 5215 intrando
3446 5174 3648 5215 vesane
3691 5173 3814 5227 pro-

2226 5260 2588 5298 nlnmcnmren!
2611 5278 2623 5288 -
2659 5258 2921 5298 Enr-intul-
2968 5261 3261 5298 Inminlur-
3292 5254 3545 5298 annumin
3565 5251 3812 5298 dicebant
