4028 5360
234 224 265 285 Ι
278 233 406 289 385

1811 238 2005 303 ACTA.

3398 264 3535 323 MSS

314 348 423 405 86.
470 348 607 419 Quis
639 352 802 408 etiam
845 354 1129 425 laicorum,
1167 374 1321 415 suam
1359 376 1415 415 ιη
1447 361 1702 433 coningio
1749 362 1846 417 ha-
1873 369 1922 425 Λ
1951 365 2102 420 nium
2137 368 2397 425 memoria
2420 413 2433 437 ,
2477 380 2538 427 ut
2563 373 2780 444 penitus
2809 374 3039 432 inveniri
3075 378 3400 448 nequiverit.
3436 381 3535 437 Sa-

228 434 389 495 imns
419 444 909 514 consanguineam,
940 448 1171 504 audebat
1213 452 1498 506 ecclesiam
1531 453 1760 524 ingredi,
1792 453 1850 508 in
1952 456 2092 511 lubri
2139 458 2303 529 igitur
2342 464 2572 519 consilio
2606 476 2842 537 reperto,
2888 468 3104 540 signum
3148 470 3386 527 salutare
3430 475 3538 528 sibi

224 545 353 598 qua
382 532 713 589 morabatur
734 535 1010 604 Arialdus,
1037 538 1275 596 famulus
1301 540 1539 597 Christi?
1565 559 1691 598 nam
1714 546 1850 600 tales
1951 548 2004 602 in
2036 548 2213 605 fronte
2243 551 2540 623 impressit,
2568 532 2723 628 juxta
2750 562 2919 616 altare
2949 577 3007 618 se
3047 566 3372 635 prostravit,
3419 582 3538 620 rem

222 635 301 673 ex
342 637 419 676 ea
464 638 725 692 personas
760 642 860 695 pro
908 629 1011 684 hoc
1052 633 1255 702 pepulit
1290 642 1350 688 ut
1391 650 1500 689 non
1542 636 1716 690 solum
1765 636 1847 691 fe-

221 711 415 777 cisse,
452 715 549 769 sed
576 716 740 771 etiam
763 720 1082 787 aestimasse,
1111 723 1511 795 obstupendum
1540 728 1629 782 sit.
1660 728 1848 783 Mona-

221 802 382 857 chos
438 813 660 870 autem,
712 813 1047 867 consortium
1101 813 1536 873 Simoniacorum
1585 820 1845 876 abbatum

220 890 633 967 falsorumque
658 899 887 957 fratrum
918 902 1207 975 fugientes,
1231 908 1463 980 benigne
1489 912 1840 982 suscipiebat;

220 985 332 1039 sed
372 990 636 1058 nunquid
668 1006 859 1048 eorum
905 996 1106 1067 aliquis
1145 999 1199 1053 in
1241 1001 1361 1070 ejus
1403 1005 1691 1072 praesentia
1726 1015 1844 1060 erat

216 1092 417 1133 ausus
453 1084 683 1137 vacare?
728 1095 998 1155 quatenus
1038 1098 1133 1146 aut
1179 1106 1289 1147 non
1334 1094 1552 1165 legeret,
1598 1098 1682 1150 vel
1733 1113 1840 1152 non

216 1181 451 1238 oraret,
499 1183 594 1230 aut
628 1177 833 1247 aliquid
863 1196 974 1236 non
1000 1192 1219 1253 ageret:
1245 1201 1371 1240 nam
1401 1187 1448 1241 si
1480 1187 1751 1244 interdum
1783 1191 1838 1245 in

214 1262 351 1331 ejus
385 1279 655 1324 vacarent
685 1271 965 1340 absentia,
1003 1274 1084 1331 Sic
1114 1277 1326 1346 pavide,
1362 1279 1513 1334 illum
1544 1283 1835 1341 sentientes

217 1355 451 1423 venire,
511 1360 581 1414 ad
631 1362 885 1430 przedieta
934 1368 1288 1424 recurrebant
1329 1385 1525 1440 opera;
1575 1375 1837 1444 quemad-

214 1447 470 1502 modum
522 1452 700 1508 solent
744 1455 799 1509 in
839 1457 1042 1514 scholis
1080 1461 1234 1529 pueri
1262 1473 1520 1520 vacantes
1548 1466 1616 1520 ad
1646 1467 1834 1523 lectio-

215 1553 353 1593 nem
395 1556 714 1610 recurrere,
763 1548 1082 1617 magistrum
1119 1553 1413 1609 sentientes
1450 1558 1652 1613 venire.
1697 1559 1833 1626 Quis

214 1628 422 1697 etiam,
454 1632 586 1688 dum
622 1638 971 1707 prmdicaret,
1014 1641 1068 1695 in
1106 1644 1296 1699 eodem
1338 1645 1458 1702 loco
1501 1650 1698 1705 mutirc
1731 1668 1832 1706 au-

1948 640 2212 707 perditam
2257 658 2287 697 a
2328 643 2561 717 Domino
2596 650 2778 718 petiit;
2824 668 2990 722 quam
3031 655 3110 709 sic
3149 656 3401 725 protinus
3450 658 3538 710 in-

1948 730 2094 783 venit
2127 746 2192 786 ac
2235 732 2283 786 si
2309 732 2362 787 in
2398 734 2538 801 loco,
2564 752 2674 806 quo
2721 742 2902 809 posuit
2948 744 3244 810 occultum,
3289 744 3340 799 id
3388 747 3535 816 quod

1944 821 2247 891 petebatur,
2272 823 2566 882 haberetur
2596 828 2950 900 descriptum.

2014 956 2102 1011 88.
2141 957 2301 1014 Aliud
2327 975 2458 1015 vero
2487 963 2703 1033 signum
2735 963 2938 1022 factum
2963 977 3068 1036 est,
3093 971 3223 1026 dum
3258 973 3433 1040 illum,
3468 992 3536 1030 ex

1942 1063 2082 1118 aqua
2129 1049 2233 1105 laci
2276 1052 2598 1123 projectum,
2648 1057 2715 1111 ad
2767 1059 2957 1114 urbem
3003 1061 3347 1119 duceremus.
3403 1065 3539 1121 Erat

1939 1140 2086 1194 enim
2126 1141 2181 1196 in
2218 1144 2454 1214 quodam
2496 1146 2616 1203 vico
2650 1150 2875 1219 quidam
2920 1154 3180 1221 rusticus,
3229 1171 3324 1226 per
3356 1159 3536 1213 multa

1941 1239 2184 1302 tempora
2227 1236 2420 1291 morbo
2457 1240 2695 1311 paralysi
2737 1241 3062 1311 dissolutus,
3110 1246 3205 1316 qui
3253 1262 3381 1302 cum
3434 1263 3537 1303 au-

1937 1321 2109 1378 disset
2138 1324 2282 1394 quod
2332 1324 2538 1383 Christi
2585 1338 2791 1401 martyr
2817 1348 2914 1402 per
2941 1335 3086 1389 viam
3113 1336 3437 1405 duceretur,
3468 1340 3537 1392 ti-

1935 1412 2060 1469 dem
2088 1416 2292 1471 habens
2317 1418 2553 1487 ﬁrmam,
2586 1422 2641 1476 in
2672 1424 2918 1479 eamdem
2951 1425 3079 1482 fecit
3107 1443 3166 1482 se
3193 1429 3337 1483 viam
3371 1429 3526 1498 ferri,

211 1720 437 1778 debat?
468 1741 597 1781 nam
623 1729 1018 1802 qualiscunque
1051 1749 1284 1803 persona
1312 1748 1490 1805 esset,
1542 1741 1685 1797 illico
1725 1761 1828 1798 au-
1860 1725 1905 1785 Β
2029 1707 2783 1805 ,οῗἮΑΨΓῨῗηδδδθηί
2977 1717 3154 1805 mmini
3198 1707 3521 1775 Wrubant'

213 1815 450 1883 diebat;
486 1818 613 1875 Sive
639 1830 695 1876 tu
726 1825 950 1891 tacebis,
980 1827 1094 1882 sive
1113 1844 1233 1899 ego,
1259 1832 1387 1901 quia
1411 1834 1672 1905 scriptum
1702 1847 1786 1892 est
1809 1859 1823 1894 :

217 1926 239 1956 ι
277 1905 471 1964 Nolite
533 1912 746 1968 mittere
797 1919 1121 1988 margaritas
1166 1932 1380 1980 vestras
1443 1935 1570 1982 ante
1629 1944 1824 1999 porcos

215 1996 467 2067 (Matth.
498 2017 595 2068 vn,
628 2003 712 2071 6).
746 2025 763 2056 ν
801 2005 906 2063 Sed
929 2009 1056 2065 licet
1080 2021 1191 2067 tam
1219 2030 1443 2073 severus
1463 2030 1608 2075 esset
1630 1996 1821 2077 contra

210 2090 643 2162 delinquentes,
676 2098 802 2167 quis
834 2101 1020 2157 mitior
1043 2113 1160 2159 erat
1188 2106 1243 2161 in
1275 2109 1621 2180 suscipiendo
1646 2115 1822 2182 ι)ωηί-

212 2184 440 2238 tentes?
480 2184 618 2241 Cum
661 2190 807 2245 enim
843 2192 967 2258 viri,
1013 2195 1107 2265 qui
1138 2196 1461 2255 dicebantur
1496 2204 1816 2275 presbyteri,

212 2272 271 2326 in
315 2274 600 2332 adulterio
640 2280 1209 2356 deprehenderentur,
1267 2299 1323 2346 et
1366 2309 1398 2347 a
1442 2292 1581 2350 facie
1632 2272 1819 2367 populi

211 2369 609 2447 persequentis
657 2372 810 2429 locus
856 2376 1121 2446 cistutus
1166 2382 1391 2438 minime
1420 2393 1628 2454 pateret
1665 2388 1813 2455 alibi,

209 2454 283 2507 ad
314 2456 506 2525 ipsum
541 2461 940 2533 confugiebant.
973 2467 1123 2535 Quos
1148 2473 1194 2526 si
1221 2488 1355 2542 pure
1380 2475 1664 2533 confessos
1692 2494 1812 2534 cer-

210 2559 393 2617 neret,
429 2554 686 2622 protinus
725 2574 822 2615 eos
865 2561 920 2614 in
965 2564 1220 2620 omnibus
1260 2568 1485 2623 omnino
1516 2569 1669 2638 locis,
1714 2589 1813 2628 ex-

210 2649 374 2710 cepto
416 2644 615 2701 altaris
656 2648 853 2717 ofﬁcio,
898 2667 1031 2709 suos
1077 2653 1311 2712 faciebat
1346 2661 1678 2732 participes,
1714 2680 1816 2721 nec

206 2731 480 2806 deinceps
512 2742 807 2809 apparebat
832 2745 1145 2815 quisquam,
1176 2749 1269 2818 qui
1299 2750 1479 2807 dicere
1503 2731 1693 2812 contra
1717 2772 1833 2814 eos

208 2839 577 2894 praesumeret
606 2834 921 2904 quidquam.
957 2835 1053 2893 Dei
1091 2855 1222 2895 vero
1261 2839 1581 2913 Parasceve,
1620 2847 1675 2902 in
1715 2864 1812 2905 cu-

206 2916 395 2975 biculo
449 2923 675 2990 clauso,
728 2928 908 2983 nudus
959 2931 1319 2989 conﬁtebatur
1365 2952 1551 2993 coram
1600 2944 1809 2999 creteris

207 3007 513 3081 fratribus,
552 3019 822 3091 quidquid
863 3040 893 3079 a
934 3028 1224 3085 cunabulis
1265 3030 1597 3104 deliquerat,
1628 3047 1682 3092 et
1708 3055 1809 3109 pro

206 3103 370 3175 culpa
422 3124 756 3183 unaquaque
806 3132 866 3171 se
912 3117 1150 3175 faciebat
1203 3125 1477 3181 verberari
1525 3131 1807 3188 acerrime.

205 3192 381 3253 Nemo
412 3201 567 3255 enim
606 3204 660 3258 id
706 3205 883 3267 facere
928 3214 1223 3283 cogebatur
1269 3218 1506 3293 invitus;
1559 3224 1651 3277 sed
1689 3241 1812 3293 per—

206 3287 553 3382 mittebatur,
578 3295 623 3349 si
654 3300 945 3371 quisquam
968 3305 1071 3360 hoc
1095 3323 1253 3377 agere
1274 3290 1430 3366 vellet
1449 3287 1805 3382 spontancus.

206 3374 333 3435 Haec
364 3384 500 3452 quia
526 3386 625 3441 tibi
654 3400 783 3445 sunt
822 3402 969 3459 nota,
1008 3406 1061 3451 et
1099 3374 1446 3457 reiiiﬁcationi
1478 3374 1643 3461 .utilia
1665 3450 1679 3473 ,
1709 3425 1808 3464 cur

205 3470 484 3543 omisisti?
530 3478 779 3547 obsecro,
827 3501 894 3539 ne
937 3487 1129 3553 sileas,
1177 3491 1271 3546 sed
1316 3494 1450 3549 mihi
1497 3513 1661 3569 super
1702 3501 1806 3558 hoc

204 3559 373 3619 nimis
401 3566 696 3627 admiranti
727 3576 941 3644 prodas.

275 3652 365 3709 87.
408 3657 666 3718 Annuus
698 3663 859 3721 Svno.

277 3743 571 3817 Estimas,
622 3758 929 3814 venerande
981 3760 1149 3834 Syre,
1192 3767 1433 3825 restituas
1473 3787 1556 3826 me
1598 3773 1801 3833 dixisse

202 3834 475 3907 quidquid
506 3857 592 3897 me
627 3848 915 3919 contigerit
954 3852 1022 3906 de
1059 3853 1115 3907 Β.
1155 3856 1376 3913 Arialdo
1414 3862 1620 3919 scisse?
1656 3867 1797 3923 Audi

204 3928 405 3998 adhuc,
444 3937 626 4005 qualia
664 3940 765 3995 tria
802 3947 1155 4013 praetermisi,
1198 3958 1257 4004 ut
1290 3968 1357 4007 ex
1402 3955 1489 4010 his
1527 3957 1796 4031 intelligas

203 4034 290 4075 me
317 4025 494 4080 multa
516 4028 620 4083 alia
646 4031 922 4090 evidenter
941 4037 1007 4091 de
1028 4054 1094 4093 eo
1116 4045 1460 4112 cognovisse,
1485 4055 1539 4102 et
1559 4050 1796 4108 scienter

202 4113 478 4171 omisisse.
532 4118 851 4179 Perrexerat
894 4128 1038 4184 enim
1083 4132 1377 4204 aliquando
1417 4138 1677 4198 invitatus
1721 4147 1791 4202 ad

200 4204 489 4263 ecclesiam
521 4209 781 4270 Cumanae
802 4218 1058 4287 civitatis,

202 4302 280 4348 tes
317 4302 551 4361 clericos
586 4307 760 4378 ipsius
801 4314 980 4381 urbis;
1013 4334 1074 4372 er

201 4389 666 4461 quadragesimale
718 4401 964 4474 Cumque
992 4408 1057 4462 ad

1931 1784 2001 1838 ab
2028 1784 2244 1840 inﬁrmo
2271 1788 2462 1842 eodem
2495 1788 2697 1845 obnixe
2723 1793 2899 1863 rogati
2946 1796 3319 1865 perstiterunt,
3365 1814 3523 1854 eum-

1929 1888 2035 1946 que
2075 1888 2260 1933 eorum
2308 1879 2430 1950 ipso
2470 1881 2790 1959 deposuere.
2843 1883 2912 1939 Et
2955 1888 3170 1957 (nescio
3216 1898 3399 1945 utrum
3449 1906 3520 1947 ex

1928 1967 2046 2021 solo
2072 1968 2191 2023 visu
2222 1984 2292 2023 an
2321 1971 2493 2041 tactu)
2526 1974 2747 2029 sanitati
2778 1975 2859 2030 sic
2884 1986 2969 2032 est
2992 1980 3241 2047 protinus
3272 1980 3519 2037 redditus

1925 2066 2004 2122 ut,
2035 2059 2129 2130 qui
2160 2062 2511 2119 vix.aliorum
2549 2065 2805 2121 manibus
2831 2067 3030 2124 deferri
3058 2072 3291 2139 valebat,
3329 2075 3517 2130 statim

1924 2152 2040 2207 suis
2066 2153 2295 2213 ﬁrmiter
2324 2156 2600 2213 incederet
2629 2160 2850 2229 plantis.
2899 2159 3034 2216 Nam
3075 2178 3178 2234 ego
3244 2174 3379 2221 tunc
3415 2169 3514 2223 ad-

1921 2262 2071 2301 eram
2102 2247 2242 2303 inter
2260 2250 2681 2321 subsequentem
2703 2254 2950 2321 turbam;
2976 2256 3070 2310 sed
3086 2272 3210 2312 eum
3233 2259 3511 2317 audissem

1920 2339 2045 2404 hoc,
2074 2339 2288 2397 fortiter
2316 2342 2526 2397 lirmavi
2557 2359 2829 2413 gressum,
2871 2355 2933 2401 ut
2964 2348 3186 2403 veniens
3215 2360 3342 2405 ante
3369 2350 3513 2406 fere-

1918 2440 2065 2487 trum
2095 2435 2274 2488 virum
2304 2434 2628 2506 inspicerem
2658 2436 2887 2493 firmiter
2923 2440 3280 2509 incedentem,
3308 2440 3513 2498 Deum‘

1917 2537 2024 2591 quc
2056 2522 2386 2579 laudantem.

1988 2678 2073 2745 89.
2104 2679 2348 2737 Tertium
2375 2685 2682 2755 vero,un
2705 2700 2870 2743 narro
2896 2687 3360 2757 miraculum,non
3383 2696 3507 2764 qui-

1914 2772 2036 2827 dem
2065 2783 2278 2844 egomet
2302 2775 2433 2842 vidi,
2459 2777 2575 2844 sed,
2607 2779 2842 2849 quadam
2878 2796 3111 2851 persona
3158 2784 3316 2839 valde
3358 2785 3504 2842 ﬁdeli

1896 2874 2193 2932 .narrantc,
2234 2866 2420 2922 didici.
2449 2866 2618 2924 Erant
2646 2871 2913 2941 aliquanti
2949 2873 3053 2928 viri
3083 2874 3151 2930 ad
3177 2884 3389 2946 portam
3415 2877 3522 2931 Ti-~

1911 2957 2209 3014 ciniensem
2234 2960 2397 3017 simul
2426 2967 2736 3037 congregati
2757 2976 3066 3037 :cteperunt
3097 2969 3281 3041 itaque
3311 2973 3503 3028 confa—

1840 3074 1880 3129 ο
1912 3049 2247 3106 hulationem
2270 3053 2474 3109 habere
2521 3064 2633 3110 tam
2667 3057 2736 3112 de
2774 3056 2996 3115 Arialdo
3030 3061 3233 3118 Christi
3287 3062 3497 3119 famulo

1913 3158 2078 3211 quam
2109 3144 2176 3199 de
2207 3144 2294 3201 his
2322 3146 2957 3218 qui'ejus'venerandum
2977 3153 3278 3211 adorabant
3311 3158 3497 3228 sepul-

1912 3250 2088 3288 crum.
2114 3234 2253 3290 Tum
2284 3253 2448 3305 unus,
2487 3242 2721 3311 superbo
2742 3244 3086 3317 maligneque
3114 3248 3308 3319 spiritu
3346 3249 3499 3304 ama-

1912 3335 2018 3393 tus,
2046 3329 2154 3384 tale
2181 3334 2577 3388 exsecrandum
2608 3337 2836 3405 protulit
2863 3340 3089 3394 verbum
3119 3358 3131 3395 :
3170 3341 3367 3413 Majus,
3411 3344 3497 3398 iu-

1907 3420 2047 3489 quit,
2099 3422 2432 3480 desiderium
2484 3436 2569 3483 est
2626 3430 2761 3484 mihi
2798 3447 2983 3503 super
3022 3434 3202 3505 ipsum
3250 3437 3495 3509 mingcru

1905 3528 2070 3581 quam
2090 3513 2250 3571 illum
2279 3519 2528 3574 adorare.
2559 3520 2732 3588 Quem
2770 3531 2881 3579 tam
2921 3542 3100 3583 saevus
3146 3527 3491 3585 internarum

1903 3603 2172 3662 viscerum
2201 3608 2346 3666 illico
2374 3612 2530 3667 dolor
2550 3616 2906 3684 apprehendit
2926 3626 2986 3672 ut
3006 3634 3182 3689 neque
3205 3621 3514 3690 quiescere,

1904 3713 2080 3767 neque
2103 3690 2346 3771 mingere
2374 3704 2425 3757 ei
2451 3704 2685 3772 licuerit,
2714 3707 2909 3774 donec,
2937 3710 3110 3765 nimio
3156 3713 3345 3780 dolore
3392 3730 3488 3769 co-

1900 3798 2081 3859 gente,
2111 3792 2422 3864 pariterque
2442 3797 2819 3853 cohortatione
2846 3800 3091 3856 virorum
3134 3806 3445 3861 consiliantr
3464 3847 3482 3869 .

1899 3898 2101 3939 munus
2147 3883 2217 3939 ad
2266 3883 2326 3940 Β.
2381 3886 2587 3943 Arialdi
2637 3891 2945 3960 sepulcrum
2996 3894 3270 3963 obtulerit,
3299 3898 3487 3971 ibique

1897 3975 2228 4043 adoraverit;
2256 3986 2310 4032 et
2340 3978 2421 4034 sic
2440 3980 2728 4049 pristinam
2765 3986 3085 4055 sospitatem
3124 3991 3354 4061 adeptus
3396 4004 3485 4051 est

1895 4066 2216 4123 humiliatus
2245 4066 2410 4140 quam
2430 4071 2579 4140 iuste
2600 4073 2863 4131 amiserat
2889 4081 3179 4149 superbus.
3216 4082 3271 4137 Si
3294 4080 3479 4144 autem

1892 4156 2035 4212 bona
2069 4158 2275 4225 omnia,
2319 4176 2444 4231 ane
2469 4162 2538 4217 de
2566 4178 2633 4226 eo
2674 4166 2951 4236 noverim,
3000 4172 3241 4230 scribere
3263 4178 3477 4246 vellem,

1091 4234 1149 4279 ut
1175 4227 1488 4296 paeiﬁcaret
1513 4234 1787 4293 dissiden-
1888 4249 2044 4320 prius
2062 4251 2179 4306 dies
2201 4261 2256 4308 et
2281 4227 2471 4310 charta
2507 4255 2762 4314 deﬁceret
2807 4227 2973 4332 quam
3017 4281 3219 4323 sermo.
3269 4227 3476 4327 Verum

1077 4327 1131 4373 at
1168 4322 1369 4433 quippe
1408 4333 1538 4382 tunc
1570 4336 1786 4402 tempus
1820 4416 1862 4433 η
1888 4343 2018 4412 quia
2044 4351 2192 4400 tanta
2215 4345 2283 4401 de
2306 4360 2372 4400 eo
2402 4348 2604 4419 scripta
2627 4361 2775 4419 sunt,
2799 4322 2854 4409 in
2887 4355 3087 4426 quibus
3114 4362 3249 4422 satis
3295 4373 3478 4433 potest

1090 4425 1257 4467 unum
1300 4415 1472 4472 altare
1499 4424 1787 4479 convenis—
1819 4416 1864 4474 ί)
1887 4434 2133 4505 dignosci
2161 4436 2286 4507 quis
2333 4439 2415 4493 vel
2441 4440 2586 4495 unde
2616 4439 2800 4510 fuerit,
2847 4447 3045 4516 quidve
3089 4452 3354 4521 docuerit,
3386 4461 3473 4513 vri

1946 4488 1976 4505 υ
2170 4488 2281 4507 am
2448 4488 2585 4495 »ηπ
2617 4488 2800 4510 ναι-η,
2848 4488 3045 4516 Tum»
3089 4488 3354 4521 υυνυειιι,
3394 4488 3472 4513 ,ιι

201 4488 401 4613 δίἰπῖὶυεθ
426 4488 1588 4578 utoﬁiciumvespertinalepersolveremus,
1612 4530 1782 4571 unum
1886 4524 2015 4592 quid
2043 4538 2143 4593 pro
2189 4523 2411 4582 Christo
2448 4544 2742 4599 perpessus
2789 4535 2878 4601 sit,
2929 4548 3132 4595 metam
3178 4557 3472 4613 ponamm,

201 4568 289 4613 aui
369 4575 511 4613 Innn
548 4588 805 4613 mum-.1-..
848 4594 1001 4613 _.-,x_
1316 4599 1339 4613 ιι
1377 4602 1388 4613 .
1496 4611 1502 4613 .
1564 4605 1577 4613 .
1741 4608 1751 4613 -
1885 4610 1908 4613 _

201 4568 326 4662 quid
369 4575 512 4641 (non
548 4588 805 4642 recordor
846 4594 1028 4658 modo,
1078 4568 1263 4652 utrum
1313 4599 1508 4661 fuisset
1546 4568 1613 4660 de
1641 4608 1783 4662 anti-

200 4660 394 4725 Phonis
438 4675 526 4730 vel
565 4685 959 4757 responsoriis)
1010 4687 1089 4742 sic
1129 4689 1375 4761 elapsum
1415 4704 1499 4751 est
1540 4698 1611 4753 ab
1655 4713 1778 4755 om-

1884 4610 2165 4683 Deumque
2195 4616 2400 4671 trinum
2445 4628 2501 4673 ct
2551 4637 2721 4677 unum
2767 4624 3191 4697 benedicamus;
3253 4637 3344 4691 cui
3400 4642 3480 4696 sit

1883 4704 2058 4759 honor
2094 4715 2148 4762 et
2176 4708 2346 4777 gloria
2374 4709 2430 4762 in
2471 4714 2669 4768 saecula
2704 4718 3065 4782 secutorum.
3103 4723 3295 4778 Amen.

200 4792 3470 4886 Μ

204 4971 287 5051 κτη
326 4952 563 5111 ω
649 4923 1193 5045 ANALEC
1215 4936 1397 5051 TA
1455 4941 1638 5055 DE
1676 4908 1824 5058 s.

1894 4951 2968 5084 HERLEMBALDO

984 5166 993 5171 ,
1049 5114 1139 5175 Ex
1170 5113 1463 5196 antiquis
1493 5122 1907 5209 chronologis
1943 5134 2113 5212 apud
2143 5135 2558 5206 Puricellum.

1675 5255 1992 5276 Μ

701 5308 927 5360 CAPUT
955 5311 1229 5360 PRIMUM.
