4028 5360
564 300 586 355 l
600 300 703 355 187

1688 303 1786 358 SS.
1831 303 2107 357 ARIAIJM
2147 302 2235 357 ΕΤ
2275 303 2711 359 ΕΙΠᾸΞΜΒᾹΙᾸΠ

3690 301 3817 356 MSS

560 408 747 485 populi
787 421 841 467 et
887 413 1056 482 cleri.,
1101 414 1431 483 beatumque
1483 412 1763 468 Arialdum
1819 424 2134 469 sanctorum
2169 416 2212 471 A
2241 412 2534 468 Mantuano
2574 415 2856 468 interesset
2877 411 3188 477 conventui,
3212 420 3265 465 et
3285 426 3448 465 suum
3485 408 3563 463 ibi
3591 408 3814 479 gradum

560 514 859 579 martyrum
900 508 1145 579 catalogo
1171 507 1466 562 adnotavit.
1502 527 1520 558 ι
1580 506 1713 574 Quae
1760 506 1923 562 etiam
1976 507 2137 561 verba

558 612 622 651 ex
654 596 994 668 autographo
1039 596 1364 667 transcripta
1414 594 1651 651 Joannes
1696 594 1914 650 Mabilio
1973 595 2135 667 digna

559 689 772 744 censuit
802 687 1003 743 tomol
1050 689 1440 744 Analectorum
1497 704 1743 744 suorum.
1796 688 1872 741 De
1928 687 2137 759 synodo

556 780 677 852 ejus
701 782 830 837 anni
867 781 1023 837 testis
1063 781 1292 836 habetur
1342 780 1655 852 Sigebertus
1706 780 2133 846 Gemblaccnsis,

558 888 666 927 non
696 874 824 929 totis
853 872 1245 944 quinquaginta
1278 873 1440 927 annis
1457 881 1598 942 post,
1622 887 1746 927 cum
1774 873 1870 937 ait,
1898 891 1915 923 ‹
1948 870 2135 927 Romae

558 960 774 1018 duobus
808 962 875 1018 de
902 970 1103 1032 papatu
1137 960 1590 1025 contendentibus
1622 981 1639 1011 ι
1698 962 1846 1031 (nam
1894 961 2132 1016 Cadolns

558 1050 873 1109 Parmensis
900 1053 1211 1122 episcopus,
1240 1052 1309 1107 ab
1343 1050 1576 1107 Henrico
1636 1066 1762 1122 rege
1821 1052 2125 1122 petentibus

556 1142 820 1199 Romanis
840 1144 1150 1198 submissus
1177 1153 1367 1198 contra
1390 1142 1783 1208 Alexandrum,
1815 1158 1961 1197 anno
1994 1142 2123 1196 1061

555 1235 981 1290 iathronizatum
1009 1234 1078 1288 50
1107 1233 1464 1305 Septembris,
1495 1250 1603 1288 non
1634 1234 1820 1288 multis
1848 1234 2129 1289 mensibus

555 1342 677 1396 post
699 1328 905 1384 scilicet
933 1328 999 1383 Μ
1023 1326 1247 1398 Aprilis,
1270 1337 1500 1384 conatus
1521 1327 1722 1383 frustra
1749 1326 1924 1382 fuerat
1945 1328 2127 1399 sedem

553 1433 856 1487 occupare;
886 1434 1073 1489 seque,
1102 1420 1228 1475 licet
1254 1420 1421 1475 variis
1448 1419 1674 1491 synodis
1713 1419 2125 1479 condemnatus.

553 1510 803 1580 pergebat
828 1527 1013 1583 gerere
1036 1528 1135 1582 pro
1164 1512 1459 1582 pontifice);
1483 1531 1503 1561 c
1523 1510 1972 1565 contendentibus
1999 1526 2129 1579 ergo

549 1600 786 1668 duobus,
813 1602 1046 1658 Mantua:
1101 1604 1341 1675 synodus
1397 1604 1698 1675 colligitur;
1754 1610 1829 1669 et,
1859 1602 2128 1658 mediante

552 1695 782 1755 Almone
836 1696 1247 1766 archiepiscopo
1302 1695 1614 1751 Coloniensi
1638 1738 1653 1761 ,
1709 1694 2017 1751 Alexander
2070 1710 2127 1750 se

545 1787 902 1858 jurejurando
922 1786 989 1842 de
1004 1765 1248 1843 Simonia
1264 1802 1593 1858 expurgans,
1608 1786 1660 1841 in
1680 1788 1805 1842 sede
1826 1786 2126 1857 apostolica
2160 1765 2200 1824 Β

552 1882 899 1953 subrogatur,
928 1902 948 1935 ι
978 1884 1031 1939 id
1053 1894 1137 1940 est
1160 1886 1539 1953 continuatur,
1558 1901 1656 1943 seu
1681 1887 1991 1945 declaratur
2008 1889 2135 1961 jure

550 1973 896 2044 subrogatus.
935 1994 955 2028 ι
995 1974 1231 2033 Cadolus
1266 1992 1429 2046 vero,
1463 1988 1523 2035 ut
1571 1978 1919 2038 Simoniacus
1970 1997 2131 2052 repu-

548 2063 747 2119 diatur.
789 2084 806 2115 ι
834 2064 1098 2121 Eumdem
1148 2068 1341 2138 synodi
1387 2069 1546 2125 istius
1592 2085 1798 2125 annum
1842 2071 2132 2128 confirmat

551 2151 856 2210 franciscus
893 2154 1059 2212 Maria
1096 2157 1491 2227 Florentinius,
1523 2160 1665 2215 inter
1702 2160 1991 2219 Memorias
2031 2180 2132 2220 co-

549 2244 777 2301 mitissze
799 2245 1073 2302 Mathildis
1095 2264 1215 2319 pag.
1249 2249 1363 2315 88.,
1387 2266 1453 2305 ex
1484 2251 1657 2321 ipsius
1682 2252 1977 2308 Alexandri
2006 2255 2114 2324 epi~

548 2334 688 2390 stola
716 2335 785 2391 ad
831 2334 1150 2392 Gervasium
1203 2335 1553 2407 Remensem,
1599 2340 1923 2409 allirmante,
1979 2344 2124 2414 quod

544 2425 780 2483 Cadolus
807 2447 830 2479 ο
858 2428 1160 2484 Romanam
1188 2430 1488 2487 Ecclesiam
1518 2448 1615 2503 per
1661 2435 2122 2506 quinquennium,

548 2533 691 2574 uuitc
714 2520 913 2576 callida
940 2524 1404 2594 tergiversatione,
1434 2541 1579 2580 nunc
1607 2527 1793 2594 hostili
1819 2527 2125 2595 invasione,

544 2611 816 2679 oppressit
848 2631 861 2667 :
903 2634 920 2664 ι
958 2623 1015 2669 ut
1050 2614 1406 2686 corrigendus
1429 2618 1654 2672 omnino
1699 2617 1770 2673 sit
1810 2617 2121 2674 Ptolomeus

544 2701 824 2768 lmecnsis,
879 2706 1128 2761 ducentis
1173 2709 1333 2762 annis
1389 2708 1669 2778 Sigeberto
1722 2716 2012 2779 posterior,
2068 2722 2122 2767 et

545 2794 766 2849 biennio
803 2784 1120 2852 serias‘rem
1145 2808 1321 2854 actam
1348 2797 1625 2863 referens;
1669 2813 1771 2852 nec
1808 2797 2126 2868 probandus

545 2882 833 2954 Baronius,
865 2903 989 2943 cum
1019 2888 1260 2943 triennio
1284 2888 1449 2945 citius
1479 2887 1683 2945 factum
1723 2888 1935 2943 statuit.
1979 2887 2124 2944 Inte-

545 2975 646 3030 rim
679 2985 858 3032 tamen
892 2992 959 3032 ex
1006 2976 1303 3034 Ptolomazo
1350 2979 1637 3046 discimus,
1680 2978 1828 3050 quod
1883 2998 1903 3032 σ
1937 2980 2124 3035 conci-

541 3067 679 3123 .5um
713 3088 734 3121 ι
769 3068 1087 3139 praedictum
1124 3090 1142 3122 ι
1174 3070 1481 3126 Alexander
1520 3071 1814 3127 celebravit
1859 3080 2127 3142 praesente

544 3157 873 3228 imperatore
905 3179 926 3212 ι
954 3160 1145 3231 utique
1181 3159 1239 3215 S.
1272 3159 1523 3217 Annonis
1550 3175 1719 3232 opera
1739 3162 1854 3233 jam
1878 3161 2125 3217 reconci-

543 3249 694 3318 liato,
726 3270 744 3303 ‹
780 3266 1081 3323 omnesque
1109 3252 1395 3324 episcopos
1428 3254 1814 3311 schismaticos
1850 3270 1977 3310 eum
2018 3253 2125 3309 Ca—

542 3340 670 3396 dolo
715 3343 784 3397 ad
830 3344 1100 3413 gremium
1154 3343 1410 3401 Ecclesia:
1460 3347 1667 3413 retulit,
1712 3347 1972 3418 ipsosque
2019 3347 2123 3402 sibi

542 3434 933 3503 reconciliavit,
957 3445 1242 3507 totumque
1266 3440 1527 3509 populum
1554 3437 1658 3495 sibi
1684 3439 1975 3505 faventem,
1992 3454 2096 3494 con
2118 3467 2127 3481 -

540 3528 819 3600 traxitqne
840 3545 1051 3585 moram
1084 3531 1138 3585 in
1172 3539 1286 3587 toto
1309 3531 1488 3600 spatio
1511 3531 1663 3587 illius
1698 3531 1853 3598 anni,
1870 3546 1970 3600 pro
2001 3546 2123 3585 ma-

538 3618 644 3688 jori
680 3618 937 3675 firmitate
959 3620 1108 3689 pacis
1130 3629 1187 3676 et
1221 3620 1455 3675 unitate.
1500 3641 1523 3672 ι

608 3711 663 3766 2.
703 3707 801 3768 llis
832 3713 906 3767 ita
955 3728 1014 3768 se
1051 3713 1405 3780 habentibus,
1428 3713 1565 3768 nihil
1614 3712 1814 3767 mirum
1865 3711 2048 3779 fuerit,
2077 3713 2124 3768 si

540 3802 760 3861 Mantua
819 3806 1039 3862 rediens
1089 3805 1416 3872 Alexander,
1480 3804 1769 3861 Mediolani
1821 3806 2126 3861 substiterit

539 3895 731 3953 diebus
756 3897 1028 3968 pauculis,
1058 3906 1112 3952 et
1147 3896 1356 3967 absque
1382 3897 1706 3953 casremonia
1735 3897 1866 3963 ulla,
1897 3914 1963 3954 ac
2005 3898 2124 3953 solo

541 3987 773 4047 forsitan
814 3989 951 4043 viva:
986 3990 1137 4044 vocis
1168 3989 1422 4055 oraculo,
1451 3989 1774 4059 approbavit
1820 3991 2127 4046 veneratio-

541 4100 665 4138 nem
698 4101 822 4154 qua:
876 4083 937 4138 Β.
971 4084 1193 4139 Arialdo
1226 4101 1256 4138 a
1292 4083 1543 4141 fidelibus
1586 4084 1951 4151 deferebatur,
2000 4093 2129 4140 tan-

540 4191 706 4247 quam
757 4177 1011 4248 martyri;
1051 4178 1213 4247 idque
1253 4176 1323 4231 ad
1381 4177 1700 4233 instantiam
1756 4177 2124 4234 llerlembaldi

541 4269 884 4339 aberamque
933 4268 1157 4323 Arialdo
1209 4269 1529 4323 devotorum
1581 4287 1596 4323 :
1654 4269 1906 4338 quamvis
1958 4269 2123 4324 etiam

542 4372 667 4418 mite
687 4364 1011 4429 concilium,
1038 4362 1126 4416 vel
1161 4361 1236 4416 ibi
1258 4362 1343 4416 vel
1368 4361 1518 4427 alibi,
1551 4361 1606 4414 in
1635 4362 1867 4431 gratiam
1888 4361 2131 4430 recepis-

2244 515 2467 562 teneret.
2493 508 2646 574 Quod
2676 517 2856 561 autem
2884 507 2950 561 ad
2976 514 3176 561 statuta
3202 507 3415 569 attinet,
3446 519 3575 575 quae
3618 501 3808 558 Medio

2229 600 2349 671 _iani
2382 598 2578 655 fecisse
2612 599 2980 655 Alexandrum
3017 598 3151 653 dicit
3195 595 3528 661 Landulfus,
3584 610 3654 650 ea
3713 609 3816 648 non

2228 679 2345 746 'alia
2366 706 2489 747 esse
2503 691 2759 745 existimo
2778 705 2941 761 quam
2955 705 3077 760 qua:
3090 690 3250 759 legati
3271 689 3382 755 sui,
3398 697 3529 758 post
3548 686 3814 759 synodum

2237 784 2306 838 ad
2342 798 2431 838 res
2483 784 2817 838 ordinandas
2866 782 3021 837 missi
3067 788 3534 851 composuerunt,
3585 794 3818 849 queque

2236 875 2626 944 superveniens
2674 881 2859 944 postea
2908 871 3150 943 pontifex
3207 871 3382 942 potuit
3441 869 3816 935 confirmasse,

2236 964 2385 1018 nullo
2413 964 2480 1018 de
2500 963 2703 1018 Arialdi
2750 978 2939 1029 causa,
2960 961 3136 1032 deque
3168 962 3332 1016 caedis
3373 960 3701 1016 auctoribus
3741 959 3818 1012 in-

2234 1056 2422 1110 stituto
2450 1055 2676 1125 judicio,
2695 1070 2764 1109 ne
2788 1069 2914 1125 pax,
2932 1054 3151 1108 naviter
3171 1052 3815 1119 coalita,dissolveretur.

2303 1146 2356 1202 5.
2414 1145 2493 1201 Ea
2532 1145 2806 1217 quomodo
2843 1144 3142 1215 composita
3194 1154 3326 1199 tunc
3367 1143 3611 1213 quadam
3661 1152 3816 1196 tenus

2233 1236 2415 1303 fuerit,
2444 1237 2676 1292 breviter
2700 1235 2841 1307 apud
2871 1234 3197 1291 Purieellum
3223 1250 3346 1306 pag.
3384 1233 3495 1288 248
3537 1233 3711 1288 tradit
3740 1234 3821 1287 hic

2230 1328 2643 1400 storiographus
2670 1325 2956 1394 Arnulfus,
2984 1327 3072 1383 his
3098 1326 3313 1382 verbis:
3346 1345 3365 1376 ι
3392 1323 3557 1379 Nulla
3596 1324 3816 1379 interim

2229 1428 2348 1476 erat
2391 1420 2609 1491 requies
2655 1419 2973 1489 praedonum
3022 1418 3079 1473 in
3126 1417 3446 1487 diripiendis
3493 1416 3817 1473 substantiis

2230 1515 2575 1570 clericorum.
2601 1533 2621 1565 υ
2661 1512 2738 1569 ita
2770 1513 3071 1568 malevolus
3099 1513 3187 1569 ille
3215 1512 3609 1582 interpretatur
3643 1512 3817 1566 telum

2229 1605 2592 1661 llerlembaldi
2622 1606 2677 1660 in
2708 1605 3098 1675 persequendis
3129 1603 3294 1660 caedis
3316 1603 3426 1659 reis
3455 1618 3559 1673 pro
3590 1618 3700 1657 suo
3730 1602 3821 1657 dc-

2230 1696 2463 1753 fensoris
2491 1711 2735 1763 munere,
2771 1704 2824 1751 et
2864 1696 2919 1750 in
2945 1694 3209 1766 exigenda
3237 1710 3267 1750 a
3296 1694 3531 1761 clericis,
3558 1709 3731 1763 quam
3764 1706 3820 1748 se

2230 1790 2614 1845 observaturos
2646 1789 2970 1859 juravernnt
2997 1787 3055 1843 S.
3082 1786 3242 1843 Petro
3268 1785 3542 1852 Damiani,
3575 1786 3666 1841 vel
3692 1800 3827 1840 conv

2232 1880 2477 1945 tinentia,
2513 1880 2598 1934 vel
2625 1878 2932 1935 cessatione
2963 1895 2996 1934 a
3035 1878 3373 1944 ministeriis,
3398 1893 3527 1948 quae
3566 1892 3683 1932 non
3715 1876 3817 1931 nisi

2228 1988 2325 2042 per
2354 1973 2668 2044 impollutos
2693 1973 2978 2029 tractanda
3002 1981 3153 2028 sunt.
3186 1991 3209 2023 ο
3228 1972 3309 2027 Ad
3336 1971 3482 2042 quod
3512 1970 3816 2026 sedandum

2227 2062 2462 2135 litigium
2494 2072 2625 2119 tunc
2651 2064 2910 2134 temporis
2939 2082 2960 2118 ι
2991 2063 3319 2136 (Alexandro
3346 2063 3528 2118 adhuc
3559 2062 3618 2116 in
3650 2061 3817 2117 Lom-

2228 2155 2417 2211 bardia
2439 2164 2705 2226 praesente
2730 2165 2785 2211 et
2812 2156 3131 2212 ordinante)
3159 2154 3290 2210 dicit
3314 2153 3584 2210 Amulius
3615 2172 3635 2204 ι
3679 2151 3825 2223 ﬂay-

2229 2248 2461 2302 nardum
2513 2248 2829 2318 episcopum
2881 2246 3057 2320 Sylva:
3113 2245 3368 2303 Candida:
3414 2256 3471 2302 et
3519 2243 3817 2300 linutium

2228 2339 2556 2395 cardinalem
2579 2338 2896 2409 episcopum
2929 2357 2950 2389 ι
2979 2338 3124 2409 (ipse
3147 2357 3165 2390 ι
3190 2336 3454 2393 Joannem
3478 2335 3815 2392 cardinatem

2228 2433 2604 2504 presbyterum
2625 2450 2642 2479 ι
2681 2429 3074 2486 subscribendo
3097 2445 3155 2494 se
3183 2429 3457 2499 nominat)
3493 2447 3514 2480 ι
3538 2426 3822 2483 Romanos

2229 2524 2437 2595 legatos
2484 2524 2699 2579 venisse
2752 2522 3137 2578 Mediolanum.
3197 2522 3301 2590 Qui
3360 2525 3495 2578 dum
3545 2533 3817 2593 praeepto

2228 2615 2529 2685 apostolico
2589 2614 2883 2670 Alexandri
2943 2628 3133 2683 pacem
3193 2614 3634 2686 evangelizarent
3675 2628 3815 2667 om-

2228 2709 2417 2774 nibus,
2478 2709 2728 2765 consulte
2780 2707 2913 2763 satis
2965 2707 3253 2777 provident
3307 2707 3375 2762 de
3427 2721 3565 2763 nece
3608 2705 3819 2760 Arialei

2228 2800 2409 2859 foedus
2440 2817 2796 2873 componere;
2842 2800 3037 2857 deinde
3084 2801 3223 2857 inter
3263 2800 3472 2856 clemm
3502 2800 3815 2872 judicantcs

2227 2914 2281 2957 et
2316 2895 2597 2974 peruium,
2629 2895 2861 2965 eleganti
2885 2894 3090 2964 scripto
3122 2892 3465 2949 constituunt
3512 2894 3647 2964 quid
3697 2893 3815 2947 ﬁeri

2229 2995 2421 3049 debeat
2448 2994 2500 3049 in
2538 2995 2835 3064 positerum.
2874 3004 2889 3037 ι
2923 2984 2982 3039 In
3009 2984 3115 3039 hoc
3137 2984 3211 3039 illi
3244 3004 3256 3039 :
3294 3004 3314 3037 ι
3348 2982 3489 3051 Quia
3536 3000 3637 3055 per
3683 2999 3819 3039 wn.

2231 3086 2452 3143 fratrem
2481 3096 2750 3150 nostrum,
2784 3077 3061 3155 inquiunl,
3112 3075 3179 3136 D.
3220 3076 3443 3137 Petrum
3502 3075 3815 3136 Ostiensem

2227 3180 2566 3250 episcopum,
2604 3177 2917 3234 reverenda:
2960 3173 3263 3231 sanctitatis
3314 3173 3517 3239 virum,
3562 3172 3816 3243 quasdam

2228 3278 2360 3325 sunt
2378 3270 2505 3326 olim
2540 3270 2594 3324 in
2628 3271 2730 3324 hac
2760 3268 2893 3324 urbe
2924 3275 3191 3333 correcta,
3219 3279 3330 3320 non
3350 3279 3494 3334 opus
3520 3272 3609 3319 est
3626 3262 3816 3327 ea,vel

2226 3363 2527 3432 praeteritas
2552 3362 2697 3427 lites,
2738 3359 2995 3415 omnibus
3023 3366 3210 3423 notas,
3233 3355 3517 3426 replicare,
3560 3354 3658 3409 sed
3691 3369 3815 3423 qua:

2229 3468 2374 3507 nunc
2413 3461 2543 3507 sunt
2577 3450 2843 3506 canonica
2880 3449 3169 3518 disciplina
3210 3463 3240 3501 a
3279 3446 3443 3502 nobis
3478 3452 3708 3509 statuta,
3743 3444 3812 3498 ad

2229 3544 2535 3599 futurorum
2568 3542 2885 3597 memoriam
2917 3540 3112 3594 litteris
3138 3552 3382 3593 exarare.
3403 3557 3424 3589 ι
3464 3535 3541 3591 De
3565 3534 3813 3591 Guidoue

2226 3640 2413 3702 etiam,
2448 3644 2506 3689 ut
2541 3650 2666 3689 vere
2707 3632 3145 3701 archiepiscopo,
3178 3629 3424 3698 adeoque
3461 3634 3523 3683 ut
3566 3626 3813 3680 reconci—

2227 3729 2378 3794 liato,
2428 3727 2725 3797 loquuntur
2770 3722 3103 3787 honorifice,
3146 3721 3275 3775 dum
3326 3728 3433 3773 art.
3484 3718 3554 3773 15
3591 3717 3811 3787 jubetur

2235 3839 2255 3869 ι
2283 3817 2482 3873 Laicus
2510 3816 2854 3887 quiscunque
2884 3812 3114 3869 clericos
3142 3831 3160 3863 ι
3195 3810 3478 3882 potestatis
3509 3822 3646 3874 suae,
3673 3822 3812 3878 quos

2234 3931 2251 3961 ι
2282 3908 2501 3965 sciverit
2529 3907 2784 3961 feminam
2816 3904 3049 3959 retinere
3086 3902 3168 3957 vel
3208 3902 3262 3956 in
3294 3900 3674 3955 fornicationis
3705 3898 3818 3952 cri-

2227 4016 2350 4054 men
2381 4016 2509 4055 easu
2547 3998 2826 4059 incidisse,
2879 3995 3121 4050 indicare
3165 3992 3578 4062 archiepiscopo
3594 3996 3679 4045 fet
3722 4004 3815 4045 ec.

2227 4092 2405 4147 desim
2429 4086 2959 4159 ordinariis,quibus
2982 4102 3115 4142 cura
3146 4086 3253 4140 ista
3283 4083 3583 4139 commissa
3616 4082 3817 4146 fuerit;

2227 4183 2271 4239 si
2301 4200 2428 4237 vero
2459 4181 2902 4250 archiepiscopus
2938 4178 3025 4232 vel
3068 4178 3152 4232 sui
3191 4174 3473 4240 ordinarii,
3521 4183 3809 4245 postquam

2226 4276 2518 4340 audierint,
2553 4275 2655 4329 hoc
2679 4271 3046 4343 neglexerint,
3082 4270 3198 4340 ipse
3219 4269 3413 4333 laicus,
3442 4282 3545 4323 nec
3577 4265 3812 4321 officium

2228 4364 2424 4431 facere,
2470 4380 2570 4419 nec
2615 4361 2939 4418 beneﬁcium
2980 4360 3146 4415 alicui
3180 4373 3243 4413 ex
3292 4357 3399 4413 illis
3427 4355 3709 4427 permittat
3733 4361 3815 4407 te-

538 4465 622 4512 set
648 4455 1118 4526 archiepiscopum
1144 4453 1469 4509 Guidonem.
1515 4450 1615 4508 Hic
1653 4452 1832 4517 enim,
1854 4452 2119 4520 quemad-
2149 4461 2199 4521 ι)
2228 4476 2375 4525 [ιρι-θ,
2405 4458 2580 4524 donec
2621 4456 2836 4524 culpam
2879 4454 3116 4518 deserat,
3159 4460 3215 4506 et
3256 4450 3418 4522 digne
3448 4447 3687 4502 Domino
3720 4459 3817 4515 per

539 4550 764 4607 modum
791 4549 846 4603 in
869 4549 1036 4619 priori
1059 4548 1268 4619 judicio
1301 4562 1486 4602 coram
1509 4544 1672 4601 Petro
1716 4543 1989 4611 Damiani,
2012 4564 2031 4597 ‹
2062 4554 2122 4599 ut

538 4648 626 4699 est
662 4640 1040 4712 professionis,
1076 4660 1092 4691 ι
1120 4640 1314 4711 legatis
1341 4639 1664 4706 deferendae,
1694 4659 1712 4691 ι
1740 4640 2074 4706 admonitus,
2096 4658 2114 4690 ι

539 4743 651 4785 non
689 4730 867 4785 solum
894 4730 1167 4799 acquievit
1205 4728 1374 4785 Petro
1413 4729 1678 4784 cardinali
1728 4731 1950 4787 sinister
1983 4733 2125 4788 assi-

542 4822 688 4890 dere,
719 4820 1046 4888 Alexandro,
1078 4830 1209 4879 tunc
1236 4822 1491 4879 Anselmo
1538 4821 1792 4890 Lucensi,
1840 4826 2119 4880 dexteram

544 4914 854 4980 obtinente;
916 4914 1011 4969 sed
1046 4931 1071 4965 «ο
1107 4914 1335 4991 impiger
1377 4914 1574 4993 obtulit
1617 4914 1761 4970 ultro
1804 4918 1999 4983 etiam,
2029 4926 2122 4985 ut,

544 5005 591 5059 si
638 5024 655 5054 ι
685 5003 881 5060 Petrus
916 5024 935 5056 ο
959 5006 1295 5076 praeciperet,
1322 5005 1376 5065 in
1401 5005 1662 5072 scabello,
1688 5008 1835 5076 quod
1861 5008 1981 5077 ejus
2002 5009 2127 5063 sub—

544 5102 663 5147 erat
692 5094 939 5163 pedibus,
959 5096 1077 5150 sinc
1108 5097 1481 5151 controversia
1499 5098 1783 5161 resideret,
1808 5118 1824 5150 i
1854 5099 2125 5169 similique

523 5187 971 5256 'promptitudine
999 5190 1237 5255 admisit,
1261 5189 1497 5261 signavit
1541 5191 1856 5260 juravitque
1903 5192 2125 5262 implere

547 5276 813 5348 quidquid
869 5277 1007 5331 idem
1056 5280 1263 5349 legatus
1313 5290 1448 5334 tunc
1497 5280 1791 5343 ordinavit,
1821 5281 1963 5334 sicut
2012 5281 2127 5350 ipsc

2228 4552 2601 4624 prenitentiam
2630 4546 2949 4605 satisfaciat.
2976 4564 2995 4597 ι
3042 4535 3110 4599 Et
3151 4558 3367 4599 rursum
3403 4556 3560 4596 num.
3594 4538 3684 4603 18,
3726 4536 3817 4606 ju-

2228 4646 2383 4700 bctur
2428 4665 2446 4696 ι
2468 4644 2718 4707 antistes,
2750 4638 2845 4709 qui
2876 4652 3022 4693 nunc
3059 4644 3163 4702 est,
3201 4634 3284 4689 vel
3317 4632 3637 4702 quicunque
3663 4627 3816 4683 dein-

2228 4754 2355 4808 ceps
2384 4736 2563 4801 fuerit,
2599 4734 2765 4790 semel
2792 4740 2886 4786 aut
2912 4731 2997 4785 bis
3026 4744 3125 4800 per
3152 4740 3343 4781 omnes
3368 4723 3554 4793 plebes
3579 4720 3817 4775 circum-

2228 4831 2324 4885 ire.
2353 4849 2373 4881 i
2413 4827 2612 4883 Totum
2654 4832 2917 4881 statutum
2954 4820 3061 4891 legi
3098 4819 3239 4889 apud
3278 4813 3576 4870 Baronium
3616 4818 3819 4881 potest,

2229 4928 2324 4973 aut
2360 4935 2427 4973 ex
2469 4933 2534 4971 eo
2570 4917 2623 4969 in
2671 4913 2823 4969 libris
2852 4910 3245 4973 Conciliorum,
3276 4905 3370 4960 ubi
3400 4903 3533 4958 illud
3578 4899 3816 4956 invenie-

2206 5022 2357 5083 ,tur,
2394 5009 2607 5085 factum
2666 5027 2687 5058 c
2721 5021 2865 5060 anno
2912 5004 2983 5058 ab
3032 4999 3409 5057 lncaruatione
3457 4994 3524 5049 D.
3572 4992 3640 5048 Ν.

2228 5080 2432 5157 Christi
2470 5098 2626 5163 l067,
2661 5095 3008 5167 pontiﬁcatus
3035 5108 3166 5147 vero
3193 5088 3400 5144 domini
3446 5081 3741 5141 Alexandri
3773 5078 3815 5133 ιι

2229 5209 2379 5264 βίη)πὲ
2406 5209 2481 5257 γι,
2510 5189 2695 5243 indict.
2725 5204 2776 5251 v,
2808 5185 2893 5239 die
2920 5186 2945 5237 1
2980 5183 3187 5238 mensis
3213 5177 3501 5249 Augustin

2301 5284 2357 5337 ι.
2400 5304 2417 5332 ι
2443 5280 2549 5334 Nec
2581 5289 2760 5333 tamen
2794 5276 2878 5330 his
2907 5283 3195 5330 contentus
3223 5266 3639 5360 llerlembmdus
3657 5262 3817 5360 [ς
