4028 5360
204 298 372 361 μεθ

1795 303 1999 359 ACTA.

3391 298 3516 352 ΗΜ

204 419 306 473 nis
341 418 668 474 consilium.
704 418 868 473 Vetus
897 419 1095 490 quippe
1136 418 1238 474 fuit
1275 416 1447 475 Italici
1490 419 1641 491 regni
1687 434 1821 474 con-
1852 421 1898 478 Α
1923 419 2098 490 surgit
2138 436 2246 475 non
2287 422 2464 476 solum
2504 421 2558 475 in
2588 421 2738 476 illum
2784 421 2802 489 (
2824 416 3215 474 Gotliofrcdum
3238 416 3277 489 ),
3330 435 3514 475 verum

202 508 396 576 ditio,
455 526 810 581 perseverans
856 526 1030 581 usque
1071 512 1126 566 iu
1169 512 1517 579 hodiernum,
1551 532 1570 562 ι
1622 511 1717 583 (id
1744 519 1831 567 est

204 617 448 658 annum
473 604 662 674 1077,)
684 624 703 655 ι
724 613 800 669 ιιι,
818 602 1091 660 defunctis
1103 603 1458 659 ecclesiarum
1483 604 1826 673 praesidibus,

205 694 540 765 imperator
564 698 649 751 vel
678 714 774 752 rex
798 698 1078 767 provideat
1121 714 1471 755 successores
1513 698 1749 764 Italicos,
1796 715 1829 754 a

204 785 377 839 clero
423 794 482 841 et
528 788 728 857 populo
772 786 1076 844 dccibiliter
1120 788 1400 845 invitatus.
1447 787 1561 844 lioe
1599 788 1828 844 Romani

203 876 567 932 canonicum
617 892 738 933 esse
783 887 1013 949 negant;
1062 879 1155 934 sed
1212 879 1509 935 instantius
1558 880 1827 936 archidia-

204 982 411 1023 conus
443 966 862 1039 llildeprandus,
899 971 995 1041 qui
1029 986 1156 1026 cum
1187 972 1391 1028 abolito
1419 972 1586 1026 veteri
1626 987 1828 1027 novum

205 1068 476 1115 tentaret
525 1061 782 1117 inducere
829 1063 1213 1130 constitutum,
1249 1083 1267 1113 ι
1305 1063 1534 1135 (verius
1578 1064 1826 1132 dixisset,

201 1149 444 1205 abolito
465 1150 970 1221 subreptitio,vetus
989 1153 1297 1223 reducere,)
1325 1153 1532 1224 «palam
1559 1154 1833 1211 fatebatur

209 1241 374 1297 haud
428 1258 591 1300 secus
631 1245 812 1301 sedari
860 1261 1024 1316 posse
1070 1245 1474 1304 Mediolanense
1516 1248 1827 1315 dissidium,

206 1350 398 1403 quam
432 1337 764 1392 canonicum
807 1338 1058 1394 habendo
1096 1348 1391 1409 pastorem,
1433 1340 1501 1396 ad
1542 1356 1705 1410 quem
1732 1341 1832 1395 eli-

204 1427 476 1497 gendum
512 1430 884 1485 necessarium
923 1430 1041 1487 fore
1074 1430 1292 1488 dicebat
1339 1432 1645 1487 Romanum
1694 1449 1829 1488 cun-

208 1535 485 1599 sensum.
516 1519 613 1578 His
642 1521 942 1580 instructus
969 1526 1367 1581 assertionibus
1394 1524 1827 1591 llerlemhaldus,

208 1611 604 1669 Mediolanum
646 1616 893 1683 veniens,
943 1633 1067 1688 qua:
1105 1618 1351 1674 audierat
1381 1617 1708 1675 festinanter
1734 1634 1830 1675 ex-

206 1704 509 1775 sequitur.
558 1705 719 1763 Prius
770 1723 903 1780 ergo
953 1719 1166 1766 secreto
1206 1725 1413 1781 paucos
1457 1712 1715 1767 convenit
1763 1727 1830 1767 ex

210 1794 462 1862 amicis;
496 1810 529 1850 a
555 1795 760 1866 quibus
787 1812 916 1852 cum
943 1796 1186 1870 exigeret
1214 1798 1571 1869 sponsionem
1616 1799 1829 1856 celandi

211 1887 464 1954 credita,
509 1897 670 1944 caute
711 1889 1001 1946 subintulit
1040 1891 1353 1961 juramento
1390 1908 1612 1949 causam
1660 1892 1833 1950 futuri

210 1976 471 2048 eligendi
504 1980 762 2048 pastoris,
808 1989 937 2051 post
970 1981 1258 2039 decessum
1284 1985 1574 2054 praesentis
1599 2003 1613 2039 :
1637 1985 1833 2042 deinde

209 2067 316 2125 diu
366 2079 654 2141 noctuque
698 2072 991 2140 laborans,
1040 2074 1213 2130 laicos
1240 2091 1493 2146 quosque
1523 2089 1579 2132 et
1602 2077 1831 2135 clericos

204 2158 408 2215 eidem
435 2161 761 2231 iuramento
797 2164 1035 2221 reddidit
1062 2167 1353 2224 obnoxios.
1388 2168 1610 2225 Interim
1648 2180 1831 2228 tamen

210 2268 250 2307 a
300 2257 700 2326 persequendo
745 2259 1035 2327 pratenlem
1080 2259 1386 2317 Guidonem
1429 2277 1541 2318 non
1588 2264 1829 2332 destitit,

215 2361 541 2417 omnesque
570 2364 684 2405 sua:
715 2351 1212 2423 consanguinitatis
1239 2352 1446 2411 amnes.
1473 2373 1493 2406 ι
1536 2354 1614 2411 ita
1642 2357 1733 2412 ille
1774 2356 1829 2412 in

215 2437 679 2496 Herlembaldum
729 2442 997 2500 invidiose
1041 2453 1207 2516 atque
1247 2447 1617 2516 calumniose,
1665 2465 1825 2521 porru

216 2538 414 2585 tamen
449 2530 877 2602 describendas,
920 2545 982 2590 ut
1019 2538 1326 2593 substantia
1361 2538 1602 2597 historia:
1632 2542 1832 2598 habea-

219 2633 315 2678 tur
339 2666 356 2690 ,
420 2623 650 2681 discreti
698 2627 922 2683 lectoris
966 2628 1177 2698 judicio
1223 2628 1385 2686 facile
1436 2633 1739 2702 separanda
1798 2652 1830 2689 a

220 2715 411 2769 seoria
446 2717 724 2787 sequioris
747 2733 875 2790 erga
903 2719 1167 2793 Romana
1207 2720 1466 2779 Ecclesiae
1488 2724 1831 2794 iurisdictio-

221 2822 356 2863 nem
383 2807 644 2865 aﬂ'ectus.
678 2810 770 2866 Sic
789 2826 920 2884 ergo
947 2814 1332 2885 progreditur:

296 2943 353 2998 5.
402 2965 420 2995 ι
446 2943 912 3018 Archiepiscopus
942 2957 1146 3016 autem,
1182 2966 1307 3005 cum
1340 2960 1417 3006 tot
1445 2953 1695 3022 nequiret
1724 2954 1831 3008 im-

222 3034 513 3091 minentes
560 3039 789 3093 tolerare
831 3056 1140 3110 pressurus,
1189 3051 1448 3097 aeternam
1492 3053 1739 3101 maturus
1779 3055 1834 3101 et

225 3124 506 3183 diuturno
534 3128 793 3202 languore
818 3132 1081 3188 membris
1102 3134 1359 3190 clunibus
1387 3135 1709 3201 dissolutus,
1743 3153 1832 3191 ar-
1859 3153 1902 3211 (ς

227 3217 474 3276 bitratus
503 3228 587 3275 est
617 3221 755 3278 forte
782 3225 1115 3281 conveniens
1146 3234 1224 3294 ut,
1257 3226 1404 3298 quod
1435 3227 1522 3283 ille
1552 3227 1829 3301 (Heriem-

228 3310 456 3383 baldus)
471 3311 778 3370 faciendum
802 3316 1144 3387 praeviderat,
1166 3319 1280 3389 ipse
1291 3336 1506 3391 quoque
1526 3320 1831 3377 faciendum

228 3406 585 3474 praeveniret,
609 3407 816 3465 scilicet
838 3419 896 3464 ut
917 3410 1233 3483 dignitatem
1264 3412 1540 3484 prepriam
1570 3413 1726 3470 alteri
1773 3430 1833 3469 se

228 3494 452 3552 vivente
480 3499 820 3555 concederet.
859 3499 961 3556 Per
999 3502 1139 3557 idem
1162 3511 1375 3574 tempus
1408 3502 1583 3559 fuerat
1607 3505 1831 3575 quidam

224 3589 552 3646 ordinarius
575 3589 829 3647 Ecclesiae
864 3592 1229 3652 subdiaconus
1247 3639 1261 3662 ,
1291 3596 1511 3652 nomine
1539 3595 1830 3652 Gothofre—

221 3676 356 3746 dus,
378 3679 528 3737 illius
546 3696 577 3736 a
595 3681 821 3737 secretis
833 3699 943 3752 prae
964 3684 1221 3741 omnibus
1245 3686 1466 3754 unicus;
1491 3670 1605 3757 qui,
1630 3703 1697 3742 ex
1719 3702 1829 3758 quo

225 3771 442 3826 domini
475 3774 559 3829 sui
591 3785 969 3851 penetraverat
1006 3787 1263 3845 mentem,
1305 3779 1358 3834 in
1408 3796 1465 3836 se
1503 3779 1831 3836 transferen-

226 3863 363 3919 dum
390 3866 727 3924 omnimodis
759 3870 1039 3942 satagebat
1069 3871 1356 3928 honorem.
1392 3872 1613 3929 Secreta
1661 3874 1827 3946 igitur

226 3953 377 4013 facta
407 3959 773 4017 conventione
800 3976 924 4016 eum
955 3977 1042 4029 eo,
1084 3965 1303 4034 prresul,
1349 3965 1491 4021 datis
1519 3965 1826 4022 communis

226 4047 379 4114 pacti
421 4063 489 4103 ex
523 4049 786 4105 alterutro
832 4054 1210 4122 sacramentis,
1257 4055 1575 4127 dignitatem
1606 4057 1827 4128 deponit

227 4141 458 4208 absens,
490 4143 642 4214 virga
672 4158 796 4198 cum
827 4144 1030 4199 annulo
1071 4146 1274 4201 Caesari
1321 4164 1415 4219 per
1448 4148 1655 4218 legatos
1682 4149 1825 4204 dire-

227 4242 338 4287 cta.
391 4231 761 4291 Gothofredus
809 4244 1011 4303 autem,
1060 4253 1185 4292 cum
1228 4238 1342 4308 jam
1389 4239 1597 4309 pridem
1640 4240 1825 4297 labore

208 4324 407 4395 ‘multo
457 4327 601 4399 regis
648 4327 993 4384 conciliasset
1039 4330 1290 4385 allectum
1319 4374 1333 4400 ,
1386 4333 1589 4388 recenti
1642 4342 1820 4389 tamen

229 4424 391 4484 picto
426 4418 496 4473 ab
525 4419 717 4474 eodem
747 4419 994 4491 Augusto
1024 4422 1265 4493 gaudens
1297 4423 1525 4495 adeptus
1560 4435 1642 4481 est
1682 4442 1821 4496 prze-

226 4507 497 4564 sulatum.
542 4508 930 4567 Verumtamen
964 4513 1120 4583 juxta
1170 4514 1464 4585 Scriptura:
1509 4517 1817 4586 veritatem,
1851 4526 1899 4588 ι)

229 4597 432 4656 mistus
459 4610 543 4657 est
569 4602 743 4659 dolori
774 4605 940 4674 risus,
973 4614 1027 4661 ct
1053 4616 1294 4662 extrema
1325 4609 1506 4679 gaudii
1533 4612 1820 4681 occupavit

230 4687 416 4749 luctus
468 4692 617 4763 (Jac.
668 4712 742 4765 IV,
776 4696 848 4769 9)
883 4717 896 4752 :
940 4698 1263 4769 reprobatus
1309 4700 1457 4755 enim
1501 4716 1531 4755 a
1584 4702 1815 4767 civibus,

231 4783 402 4840 nullis
438 4785 493 4841 in
527 4788 662 4843 locis
690 4790 1037 4860 episcopatus
1067 4792 1150 4844 vel
1176 4792 1243 4846 ad
1270 4791 1656 4863 hospitandum
1697 4813 1820 4852 sus-

231 4873 455 4945 cipitur,
504 4878 637 4949 ipsis
677 4882 842 4937 etiam
885 4882 1060 4938 factus
1104 4883 1312 4940 invisus
1333 4885 1628 4957 _agrieolis.
1662 4885 1818 4943 Hunc

237 4961 469 5022 Romani
516 4970 723 5026 domini
775 4990 903 5029 cum
953 4975 1253 5044 apostolico
1289 4975 1414 5046 jure
1463 4979 1646 5034 statim
1683 4997 1817 5036 con-

1930 512 2094 568 etiam
2124 512 2180 566 in
2207 511 2449 570 fautores
2476 529 2701 580 omnes,
2731 513 2987 568 universa
3030 511 3175 567 ferro
3202 520 3256 566 et
3283 511 3519 575 ﬂairimis

1929 602 2260 671 demoliens;
2311 612 2502 659 contra
2528 620 2689 675 quem
2719 604 2883 660 ctiam
2913 618 3008 673 per
3036 602 3185 657 vicos
3213 610 3268 659 et
3295 602 3518 659 castella

1931 695 2229 750 multorum
2290 704 2545 765 exegerat
2598 687 2959 750 sacramenta.
2992 691 3144 748 Unde
3197 695 3258 767 lit
3307 701 3369 748 ut
3392 735 3407 760 ,
3469 693 3517 750 si

1931 784 2152 855 quando
2184 783 2251 839 de
2275 782 2629 840 facultatibus
2655 785 2901 840 ecclesia:
2938 783 3158 855 aliquod
3188 798 3520 854 praesumere

1931 876 2144 943 nititur,
2180 875 2251 931 ab
2284 876 2541 932 omnibus
2578 876 2795 946 penitus
2836 876 3216 943 interdicatur,
3253 874 3519 946 quemad—

1931 969 2153 1027 modum
2186 966 2388 1023 factum
2412 966 2571 1021 estin
2601 965 2897 1036 aliquibus,
2933 967 2999 1023 de
3025 966 3228 1038 quibus
3260 981 3520 1022 enarrare

1929 1076 2029 1130 per
2063 1060 2278 1130 singula
2312 1060 2536 1130 longum
2573 1066 2686 1123 est,
2734 1058 2844 1113 imo
2884 1058 3221 1127 superfluum
3257 1067 3343 1114 est
3379 1056 3517 1129 indi-

1930 1167 2076 1207 care.
2108 1150 2318 1208 Interea
2344 1150 2521 1207 Guido
2548 1149 2820 1205 fatebatur
2840 1164 2899 1204 se
2922 1147 3243 1205 Gothofredi
3267 1150 3519 1207 delusqu

1931 1243 2170 1311 insidiis,
2201 1244 2512 1299 communis
2552 1243 2694 1314 pacti
2726 1251 3192 1312 transgressorem
3233 1242 3385 1296 illum
3420 1257 3518 1312 ap-

1931 1338 2159 1406 pcllans.
2191 1336 2295 1403 Qui
2321 1352 2446 1391 cum
2471 1335 2738 1391 amissum
2769 1335 2928 1390 vellet
2953 1348 3205 1403 reparare
3230 1333 3518 1397 honorem,

1932 1444 2057 1484 cum
2106 1427 2484 1484 Herlcmbaldo
2531 1427 2683 1498 pacis
2726 1426 2932 1482 fmdera
2982 1426 3229 1482 sociavit.
3281 1424 3326 1481 Ο
3368 1440 3524 1482 incus

1930 1538 2071 1577 caeca
2100 1521 2444 1577 mortalium!
2497 1519 2734 1576 Veniens
2769 1519 2916 1573 enim
2959 1519 3053 1573 illo
3096 1519 3238 1574 duce
3262 1516 3526 1573 Mediola-

1932 1630 2084 1679 num,
2116 1630 2225 1669 non
2253 1613 2320 1668 ad
2354 1613 2540 1668 urbem
2573 1622 2633 1667 ut
2666 1612 2855 1675 voluit,
2892 1611 2987 1666 scd
3031 1611 3098 1666 ad
3139 1608 3197 1666 S.
3231 1608 3377 1666 Celsi
3405 1626 3525 1666 mo-

1932 1707 2231 1762 nasterium
2259 1705 2497 1771 ducitur,
2525 1706 2593 1760 de
2621 1704 2836 1775 privato
2876 1702 3055 1759 factus
3100 1702 3388 1773 privatior;
3420 1703 3523 1758 ibi-

1933 1814 2040 1868 que
2091 1797 2507 1853 commendatus
2565 1796 2887 1852 custodibus
2945 1795 3133 1851 multis
3196 1795 3393 1851 diebus
3447 1795 3523 1851 ibi

1933 1894 2085 1958 vixit,
2109 1893 2405 1964 gloriosius
2436 1893 2541 1948 hac
2564 1893 2684 1950 vice
2708 1892 2987 1958 delusus,»
3022 1891 3116 1963 qui
3144 1892 3347 1947 multos
3370 1891 3522 1947 delu-

1931 1993 2096 2041 scrat.
2133 2005 2151 2036 ς
2181 1983 2549 2040 Gothofredus
2573 1992 2754 2039 autem
2785 1983 3034 2054 pluribus
3059 1983 3179 2054 jam
3215 1992 3525 2039 coarctatus

1930 2076 2248 2142 obstaculis,
2281 2091 2407 2132 cum
2437 2084 2589 2146 parte
2619 2091 2846 2131 suorum
2875 2075 3061 2146 aliquo
3112 2090 3215 2131 suo
3259 2090 3319 2130 se
3361 2076 3527 2131 colle-

1930 2170 2006 2242 git
2036 2169 2089 2224 in
2115 2167 2338 2240 oppido,
2365 2168 2514 2238 quod
2551 2168 2713 2239 vulgo
2743 2166 3003 2224 Castellio
3031 2167 3333 2233 dicebatur,
3368 2167 3523 2222 inex-

1930 2261 2220 2332 pugnabile
2249 2277 2435 2317 revera
2464 2260 2804 2331 praesidium,
2849 2260 3127 2319 moenibus
3175 2276 3239 2316 ac.
3287 2260 3392 2315 loci
3429 2276 3527 2317 na-

1931 2362 2053 2408 tura
2086 2354 2381 2409 munitum.

2004 2445 2054 2499 7.
2103 2443 2215 2499 «Ex
2264 2460 2330 2500 eo
2375 2445 2574 2514 sapius
2612 2459 2905 2515 erumpens
2940 2441 3352 2521 (Gothofredus)
3398 2459 3523 2499 cum

1930 2554 2096 2608 supra
2127 2538 2352 2594 modum
2377 2537 2576 2607 praedis
2596 2537 2833 2592 initiaret
2860 2552 2925 2593 ac
2949 2536 3220 2602 caedibus,
3260 2537 3526 2608 indignati

1931 2629 2363 2685 Mediolanenses
2454 2636 2768 2698 proponunt
2826 2643 3010 2683 arcem
3071 2628 3219 2683 illam
3267 2628 3518 2697 protinus

1930 2737 2263 2792 expugnare.
2294 2718 2405 2775 Nec
2431 2735 2607 2787 mora,
2639 2719 2911 2776 instructo
2933 2719 3197 2785 exercitu,
3227 2728 3283 2773 et
3309 2719 3377 2774 iis
3402 2735 3526 2789 qua:

1931 2811 1997 2864 ad
2025 2825 2187 2865 usum
2218 2796 2426 2864 militia:
2459 2807 2678 2863 fuerant
2708 2808 3021 2864 necessaria
3068 2808 3294 2878 paratis,
3327 2824 3522 2879 proce-

1929 2903 2068 2957 dunt
2097 2916 2317 2967 omnes;
2349 2909 2530 2957 castra
2564 2900 2753 2955 metati
2793 2899 2862 2956 ad
2890 2899 3128 2956 radicem
3160 2900 3367 2957 montis
3388 2902 3403 2966 (
3426 2901 3523 2956 ab-

1932 3000 2051 3046 erat
2078 2992 2223 3047 enim
2268 2992 2340 3047 ab
2374 2992 2508 3046 urbe
2553 2990 2822 3063 vigesimo
2864 2991 3028 3062 paulo
3063 2992 3187 3062 plus
3234 2992 3523 3050 milliaria)

1936 3099 2059 3138 mox
2106 3083 2346 3154 undique
2393 3083 2743 3151 circulantes,
2796 3083 3136 3140 incessanter
3176 3093 3521 3155 oppugnant;

1933 3175 2002 3229 ad
2040 3175 2145 3230 hoc
2190 3183 2419 3246 cunctos
2464 3174 2703 3245 regionis
2748 3174 2896 3230 illius
2940 3174 3149 3229 instant
3194 3190 3525 3249 congregare

1931 3267 2220 3336 agricolas,
2250 3267 2565 3323 diuturnam
2607 3265 2859 3336 jurantes
2905 3267 3268 3322 obsidionem.
3298 3266 3521 3325 Consti-

1933 3366 2093 3413 tuunt
2115 3374 2247 3430 ergo
2272 3359 2561 3428 petrarias,
2610 3366 2666 3413 et
2705 3358 2890 3415 omnis
2937 3358 3154 3430 generis
3195 3357 3375 3429 bellici
3404 3375 3522 3427 tua-

1930 3450 2152 3518 chinas;
2183 3450 2415 3507 sciridas
2443 3467 2684 3522 quoque,
2714 3450 2984 3517 ballistas,
3028 3449 3284 3522 milleque
3326 3451 3520 3506 mortis

1929 3551 2125 3613 parant
2171 3543 2388 3600 insidia.
2438 3541 2693 3599 Obsessis
2730 3558 2861 3598 vero
2893 3542 2963 3598 ad
3006 3558 3171 3613 posse
3213 3559 3520 3615 repugnan-

1929 3635 2096 3701 tibus,
2125 3636 2293 3691 multa
2321 3635 2568 3705 quotidie
2592 3634 2804 3691 cruoris
2831 3634 2995 3690 fiebat
3035 3633 3252 3707 effusio,
3283 3635 3420 3690 adeo
3454 3643 3521 3693 .ut

1929 3725 1986 3780 in
2010 3726 2130 3796 ipsa
2156 3727 2592 3799 quadragesimae
2611 3725 2943 3782 venerabilis
2969 3726 3336 3795 observantia,
3370 3727 3519 3782 nulla

1926 3816 2092 3872 fuerit
2134 3817 2299 3874 caadis
2329 3818 2583 3873 humana:
2611 3817 2961 3874 abstinentia.
3004 3814 3117 3874 Hac
3165 3816 3352 3888 itaque
3378 3824 3518 3873 tem-

1927 3914 2156 3977 pestate,
2205 3923 2332 3962 cum
2376 3922 2535 3963 rarus
2566 3907 2622 3962 in
2663 3906 2797 3962 urbe
2843 3906 3079 3977 populus
3111 3922 3210 3963 sua
3242 3906 3519 3965 frueretur

1927 3996 2255 4064 securitate,
2317 3997 2599 4067 repentina
2653 3996 2938 4054 calamitas
2985 3997 3263 4066 provisam
3316 3998 3518 4057 invasit

1927 4088 2139 4144 urbem.
2185 4087 2455 4145 Horresco
2500 4086 2761 4144 referens.
2795 4086 2981 4143 Primo
3014 4104 3250 4159 namque
3279 4090 3516 4161 quadra-

1925 4180 2148 4251 gesima:
2192 4180 2432 4236 Sabbato
2456 4201 2472 4232 ι
2509 4179 2643 4250 (fuit
2669 4180 2720 4235 id
2753 4196 2900 4235 anno
2927 4180 3052 4235 1071
3090 4181 3178 4236 die
3207 4182 3274 4238 i9
3309 4181 3513 4249 Martii,

1923 4290 2049 4330 cum
2093 4272 2302 4331 Pascha
2346 4283 2477 4330 tunc
2520 4273 2686 4330 fuerit
2731 4274 3116 4330 celebrandum
3140 4275 3221 4329 24‘
3254 4275 3512 4345 Aprilis.)

1930 4388 1948 4418 ι
1981 4383 2180 4439 magno
2215 4367 2411 4424 civitas
2435 4366 2790 4438 conﬂagravit
2822 4367 3093 4423 incendio.
3136 4364 3388 4438 Cumque
3424 4384 3514 4423 ve-

1926 4461 2149 4517 hemens
2198 4460 2529 4521 tunctlaret
2566 4461 2726 4515 turbo
2769 4469 3173 4516 ventorum.....
3224 4477 3260 4516 ο
3306 4476 3427 4531 quae
3459 4472 3515 4517 et

1925 4554 2109 4624 qualia
2156 4552 2467 4623 domorum
2490 4552 2716 4608 aedilicia
2742 4594 2760 4619 ,
2813 4566 3089 4623 quamque
3134 4552 3329 4607 decora
3360 4568 3514 4606 cntlh

1927 4642 2087 4697 busta
2116 4649 2246 4698 sunt
2283 4641 2636 4697 mmnia!.....
2675 4640 2790 4706 sed,
2814 4640 2960 4709 quod
2998 4648 3084 4694 est
3123 4639 3273 4693 omni
3306 4639 3509 4695 damno

1925 4733 2187 4798 deterius,
2218 4732 2402 4803 plures
2440 4740 2757 4787 sanctorum
2794 4738 3048 4784 cremata;
3082 4737 3213 4784 sunt
3244 4730 3506 4798 basilicae,

1926 4824 1981 4877 in
2012 4823 2145 4878 urbe
2170 4831 2226 4878 et
2252 4831 2519 4877 extra.....
2549 4839 2566 4872 ι
2609 4818 2966 4877 Distiuctiora
3009 4819 3131 4874 vide
3175 4819 3319 4888 apud
3346 4819 3510 4879 Puri-

1925 4916 2122 4971 cellum
2152 4915 2207 4970 in
2232 4913 2598 4969 Monumentis
2641 4912 3047 4980 Ambrosianis,
3076 4925 3204 4981 pag.
3236 4911 3337 4967 461
3366 4931 3379 4968 :
3413 4930 3514 4988 ego

1918 5008 1985 5063 ad
2017 5005 2453 5062 llerlembaldum
2485 5004 2684 5062 festino

1992 5101 2046 5156 8.
2083 5117 2100 5149 ι
2138 5095 2241 5151 Ubi
2281 5105 2464 5153 autem
2514 5114 2704 5154 rumor
2758 5104 2873 5149 tam
2921 5097 3079 5153 dirus
3128 5093 3329 5151 castris
3374 5100 3531 5173 inso-

1924 5192 2062 5259 nuit,
2098 5210 2118 5241 ι
2158 5189 2336 5260 inquit
2379 5188 2719 5262 Aruulpbus,
2779 5206 2798 5238 ι
2836 5186 3196 5259 quamplures
3245 5184 3415 5254 illico
3457 5206 3544 5248 rc-

236 5056 801 5133 demnantcanonico,
845 5065 1039 5135 judicii
1078 5068 1163 5123 sui
1205 5068 1413 5125 litteras
1456 5069 1821 5127 Mediolanen-

236 5148 388 5206 sibus
437 5168 602 5224 super
646 5157 737 5214 illo
784 5157 1080 5215 mittentes.
1115 5179 1134 5213 ι
1194 5159 1252 5215 Si
1302 5160 1574 5230 ejusmodi
1626 5164 1820 5219 litterae
