4028 5360
528 164 663 220 ΗΜ

1662 169 1760 224 ss.
1803 169 2083 225 ARIALDI
2121 172 2211 227 ur
2250 155 2693 251 ERLEMBALDI

3656 172 3681 233 Vl
3694 182 3791 236 19?.

525 279 662 334 satis
685 286 943 349 procurat
972 278 1199 334 amicos.
1228 278 1480 349 Cumque
1513 280 1796 350 paschales
1839 281 2107 336 instarent
2141 289 2180 346 Α
2212 286 2375 343 nibus
2415 297 2649 356 aetatem,
2679 289 2922 359 adeoque
2961 287 3251 343 tricenario
3296 289 3566 359 majorem
3628 291 3790 347 ωῖςεε

521 369 694 436 feriae,
724 369 1112 424 convenientes
1142 368 1196 422 in
1220 385 1412 435 unum,
1438 379 1751 425 constructa
1786 371 1903 426 acie
1935 372 2109 441 preti-

524 475 631 515 nus
667 460 722 514 in
759 469 939 515 castra
967 469 1328 531 consurgunt,
1375 462 1580 532 impetu
1623 470 1679 517 et
1719 464 2110 519 clamorenon

522 551 769 618 modico;
805 567 905 607 nec
934 552 1116 608 minus
1137 553 1368 620 obsessi,
1385 554 1559 624 ruptis
1578 555 2112 626 claustris,undiquc

521 644 835 712 prosiliunt.
892 642 1307 700 Herlembaldus
1349 654 1555 714 autem,
1603 656 1755 702 tanto
1804 648 2019 717 positus
2054 649 2110 702 in

521 734 859 803 discrimine,
890 737 1124 806 arreptis
1163 738 1355 803 armis,
1388 738 1549 793 audet
1601 754 1727 793 cum
1767 740 1884 795 suis
1919 740 2110 810 paucis

515 828 673 897 juxta
705 827 849 883 vires
877 828 1164 895 obsistere,
1197 829 1425 901 signifer
1472 830 1590 900 ipse
1643 828 1851 897 factus;
1896 841 1952 886 et
1999 832 2109 887 nisi

522 935 623 975 sua
649 935 990 990 suorumque
1037 930 1334 992 pugnasset
1376 918 1638 990 audacia,
1691 923 1810 979 dies
1863 924 1954 979 illa
2002 924 2106 979 sibi

516 1012 716 1068 fuisset
734 1022 1001 1069 extrema.
1053 1011 1306 1068 Videntes
1349 1022 1530 1069 autem
1583 1014 1742 1069 multi
1792 1030 2102 1086 paucorum

519 1107 907 1173 constantiam,
958 1106 1104 1161 ultro
1151 1107 1431 1174 recedunt,
1476 1107 1772 1163 educentes
1817 1123 2005 1163 secum
2038 1108 2105 1163 ab

520 1196 724 1266 oppido
751 1194 1165 1251 Gothofredum.
1196 1194 1307 1252 Hos
1334 1197 1494 1267 longe
1523 1198 1797 1267 prosecuti
1823 1206 1954 1253 sunt
1990 1196 2104 1252 Me-

515 1286 884 1352 tliolanenses,
907 1286 1217 1357 conglobati
1241 1296 1464 1357 repente
1498 1288 1770 1355 similiter,
1798 1297 1853 1343 et
1900 1289 1996 1359 qui
2046 1289 2102 1343 in

518 1379 720 1433 castris
747 1376 989 1444 fuerant,
1011 1386 1066 1432 et
1086 1380 1180 1448 qui
1205 1378 1263 1433 in
1294 1380 1428 1434 urbe
1465 1390 1877 1449 remanserant;
1929 1397 2031 1437 nec
2070 1397 2102 1436 a

515 1471 900 1540 prosequendo
947 1470 1143 1526 diebus
1190 1470 1400 1541 aliquot
1425 1481 1712 1528 cessarunt
1743 1482 1799 1528 et
1826 1474 2100 1542 noctibus,

519 1564 696 1619 donec
724 1563 777 1617 in
809 1578 1027 1619 summa
1058 1563 1389 1618 constitutos
1436 1564 1764 1619 necessitate
1808 1573 2103 1637 coegerunt

519 1657 648 1712 illos
676 1656 874 1711 iterum
897 1658 1262 1712 Castellonem
1291 1657 1513 1714 intrare.
1527 1657 1659 1714 Post
1676 1661 1789 1715 haec
1812 1661 2103 1716 redeuntes
2136 1637 2180 1697 Β

518 1746 953 1804 Mediolanenses
1002 1748 1070 1803 ad
1123 1749 1355 1814 urbem,
1403 1748 1765 1819 jurejurando
1836 1751 2106 1807 definiunt

518 1839 913 1896 Gothofredum
946 1856 1231 1911 nunquam
1258 1840 1661 1910 recipiendum,
1710 1842 1821 1915 imo
1874 1844 2104 1899 alterum

516 1934 586 1987 de
605 1933 855 2004 catalogo
879 1934 1106 2005 majoris
1125 1934 1371 1989 ecclesiae
1390 1935 1757 1989 communiter
1772 1936 2102 2007 eligendum.

517 2025 638 2080 1am
663 2024 809 2080 enim
845 2027 1173 2097 migraverat
1201 2042 1232 2080 a
1277 2026 1478 2081 saecqu
1528 2027 1976 2098 archiepiscopus
2018 2028 2107 2084 ille

515 2118 745 2183 lini-Io,»
777 2117 865 2172 die
884 2119 958 2171 23
982 2118 1235 2189 Augusti,
1258 2137 1277 2168 ι
1309 2117 1557 2187 sepultus
1579 2118 1635 2172 in
1664 2118 1785 2173 Ioco
1817 2135 1913 2189 qui
1938 2133 2106 2175 voca-

516 2220 606 2264 tur
632 2210 855 2282 Burguli
892 2211 1076 2281 vulgo,
1105 2231 1124 2262 ι
1183 2213 1353 2280 (nunc
1407 2211 1736 2265 Alexandria
1781 2212 1977 2267 civitas
2030 2212 2106 2267 ibi

517 2301 742 2356 fundata
778 2302 1065 2373 creditur,)
1088 2322 1106 2354 ι
1134 2302 1229 2358 ubi
1258 2311 1381 2373 post
1418 2302 1570 2357 urbis
1597 2302 1913 2358 incendium
1950 2322 1968 2353 ι
2008 2319 2107 2372 per

516 2394 695 2463 Ipsum
717 2395 937 2465 elapsus
955 2395 1037 2450 vel
1057 2395 1208 2450 abire
1233 2395 1537 2467 permissus
1552 2410 1582 2450 e
1596 2395 1845 2451 custodia
1867 2393 1924 2450 S.
1939 2394 2105 2463 Celsi,
2192 2426 2195 2427 ν

518 2503 541 2540 ι
575 2486 631 2542 in
678 2486 1042 2543 amaritudine
1072 2487 1273 2542 animae
1312 2487 1455 2542 diem
1506 2486 1704 2543 clausit
1734 2496 2099 2543 extremum.»

1144 2599 1373 2656 CAPUT
1413 2601 1477 2657 II.

498 2688 839 2749 ‘Canouicam
866 2694 1171 2747 electionem
1194 2702 1445 2762 procurat
1476 2686 1899 2759 Herleiubqldus,
1917 2689 2109 2747 Gotho-

582 2765 791 2834 fredum
818 2765 1191 2834 intrusuunet
1218 2764 1730 2834 excommunicatum
1782 2771 2018 2827 coercet;
2074 2779 2108 2815 a

584 2832 837 2906 Gregorio
870 2851 1009 2906 papa
1041 2832 1150 2887 VH
1165 2833 1389 2903 juvatur
1409 2849 1501 2904 per
1524 2832 1750 2887 litteras.

584 2952 638 3005 9.
678 2949 798 3005 «Ab
824 2951 918 3006 illo
961 2950 1049 3006 die
1088 2948 1503 3005 IIerlcmbaldus
1557 2950 1707 3005 omni
1750 2950 1919 3006 instat
1941 2966 2107 3006 cona—

519 3041 687 3107 mine,
716 3042 882 3097 modo
900 3058 1026 3097 cum
1068 3042 1235 3107 clero,
1276 3043 1441 3110 modo
1484 3058 1610 3098 cum
1655 3042 1876 3113 populo,
1901 3042 1969 3098 de
2010 3043 2107 3097 eli-
2133 3015 2173 3075 ⁴Ῐ

522 3133 700 3200 gendo
747 3149 916 3204 agens
965 3136 1243 3205 episc0po,
1275 3136 1436 3204 {nova
1462 3138 1516 3190 'a
1560 3134 1825 3191 Romanis
1885 3142 2106 3204 accepta

522 3224 776 3289 licentia,
837 3236 1022 3295 spreta
1082 3241 1215 3281 vero
1277 3242 1464 3298 regum
1520 3227 1688 3283 veteri
1742 3227 2103 3298 providentia.

504 3313 920 3372 Verumtamen
951 3318 1127 3387 major
1155 3318 1390 3374 civitatis
1416 3319 1597 3389 portio
1620 3335 1687 3374 ex
1722 3320 1870 3375 clero
1912 3334 1976 3373 ae
2019 3334 2109 3373 sa-

524 3408 692 3478 pienti
722 3409 944 3479 pepulo,
980 3408 1175 3477 priscae
1196 3409 1581 3463 consuetudini
1626 3424 1691 3464 ac
1737 3410 1892 3479 regio
1930 3409 2109 3463 interr--

521 3500 684 3555 debat
711 3499 929 3554 honori.
973 3498 1093 3570 Ipse
1115 3509 1320 3566 autem,
1356 3500 1614 3571 neglectis
1644 3501 1903 3556 omnibus
1936 3510 1991 3555 et
2020 3501 2109 3570 ju-

521 3600 776 3646 ramento
803 3593 1104 3658 communi,
1136 3592 1313 3647 solum
1339 3591 1573 3646 Romani
1608 3592 1756 3648 illius
1802 3592 2107 3662 Ildeprandi

522 3684 871 3739 auscultabat
894 3685 1228 3740 consultum.
1254 3683 1441 3755 Itaque
1470 3685 1587 3740 dies
1613 3684 2107 3756 appropinquabat,

498 3780 692 3844 quam
729 3776 795 3831 ad
819 3777 923 3832 hoc
944 3776 1214 3848 agendum
1260 3778 1376 3848 ipse
1407 3778 1749 3848 praeviderat,
1783 3786 1972 3832 sancta
2002 3776 2112 3832 sci-

519 3867 650 3922 licet
678 3866 1045 3939 Tlieophaniae
1075 3869 1413 3924 solemnitas.
1452 3868 1645 3925 Studet
1699 3885 1830 3941 ergo
1879 3869 2111 3925 sollicite

450 3962 477 3992 ~‘
523 3970 837 4029 praesentes.
870 3977 1103 4027 vocare,
1144 3962 1398 4021 absentes
1446 3959 1709 4033 [quoque]
1758 3961 1986 4016 clericos
2047 3975 2112 4015 ac

524 4052 721 4119 laicos,
768 4054 990 4109 abbates
1041 4064 1095 4109 et
1138 4055 1463 4120 monachos,
1508 4055 1740 4108 amicam
1802 4053 1907 4108 sibi
1952 4051 2108 4125 [non]

522 4143 783 4198 amittens
812 4144 1109 4215 agrestium
1141 4145 1373 4200 turbam.
1421 4144 1673 4215 Cumque
1715 4144 1833 4200 dies
1884 4144 2113 4199 instaret

524 4233 722 4300 festus,
757 4233 934 4290 factus
956 4245 1037 4290 est
1062 4236 1359 4290 multorum
1387 4237 1444 4291 in
1469 4236 1700 4291 ecclesia
1725 4235 1945 4290 hiemali
1980 4250 2111 4291 con-

456 4395 463 4400 .
530 4332 744 4389 ventus,
774 4324 880 4379 illis
938 4334 1122 4380 tamen
1170 4326 1489 4382 absentibus
1541 4341 1667 4381 cum
1707 4325 1908 4395 quibus
1945 4326 2107 4381 istam
2144 4359 2189 4414 ι)

525 4432 586 4472 se
606 4415 880 4472 facturum
906 4417 1226 4473 electionem
1249 4418 1570 4495 juraverat.
1598 4417 1903 4473 Celebratis
1928 4418 2113 4489 itaque

527 4508 818 4564 missarum
847 4509 1207 4576 solemnibus,
1244 4510 1422 4581 primo
1456 4509 1816 4565 concinnatus
1869 4509 1938 4564 ad
1983 4510 2111 4565 libi-

526 4610 665 4666 tum,
703 4616 770 4657 ac
799 4602 969 4656 multa
996 4601 1063 4657 de
1091 4601 1341 4673 eligendo
1381 4610 1602 4673 pastore
1650 4586 2112 4669 commemorans,

526 4701 743 4749 astante
776 4694 1013 4767 quodam
1065 4693 1344 4750 Bernardo
1397 4695 1577 4765 legato
1624 4693 1893 4761 Romano,
1951 4694 2113 4763 elegit

510 4784 820 4851 Athonem,
859 4787 1038 4842 adhuc
1076 4787 1461 4842 tantummodo
1500 4787 1783 4849 clericum,
1811 4801 1875 4840 ac
1925 4793 2110 4840 tenera

525 4884 681 4951 aetate
700 4877 1076 4948 juvenculum,
1100 4879 1273 4933 invito
1305 4880 1450 4934 clero
1482 4887 1537 4933 et
1574 4879 1762 4934 multis
1787 4893 1853 4933 ex
1879 4878 2105 4949 populo,

529 4965 665 5019 adeo
701 4976 762 5021 ut
797 4963 1123 5025 stomachati
1145 4970 1388 5025 redirent
1415 4970 1485 5024 ab
1523 4970 1773 5025 ecclesia.
1816 4988 1838 5021 ι

508 5064 513 5069 ‘
602 5055 688 5109 i0.
723 5055 824 5113 llic
844 5062 1039 5116 merito
1062 5061 1352 5116 interfatur
1371 5061 1677 5117 Puricellus
1730 5077 1853 5132 pag.
1900 5060 2026 5127 265,
2057 5069 2113 5115 et

414 5202 431 5210 ,
532 5158 699 5213 quam
718 5161 905 5201 amaro
926 5151 1129 5215 animo,
1164 5151 1231 5204 ad
1268 5151 1526 5204 invidiam
1558 5150 1939 5205 llei-Iembaldo
1982 5165 2115 5204 con-

513 5234 849 5297 ciliandam,
878 5236 1003 5297 haec,
1023 5241 1303 5310 scripserit
1328 5241 1611 5307 Arnull'ns,
1636 5242 1791 5311 jubet
1826 5241 1909 5295 vel
1945 5254 2015 5294 ex
2045 5254 2112 5294 eo

536 5325 809 5360 metiuntur-un
885 5329 1025 5360 ﬂllnr‘
1063 5330 1316 5360 AIl'an-an-n
1364 5333 1590 5360 nnnn'Inl
1645 5351 1660 5360 ι
1712 5342 1897 5360 AIA-gnum
1955 5338 2112 5360 mlnln

2214 397 2338 435 cum
2365 381 2671 452 eligeretur.
2697 380 2940 435 Movetur
2966 390 3146 434 autem
3188 377 3257 433 ad
3294 380 3396 435 hoc
3422 380 3789 447 sentiendum,

2214 481 2419 526 attenta
2448 472 2735 541 praesentia
2760 471 2921 542 legati
2955 471 3260 542 apostolici,
3315 481 3372 527 et
3442 471 3791 542 Hildeprandi

2213 563 2462 635 ingenio;
2495 564 2587 633 qui
2617 572 2803 634 postea
2829 562 3002 618 factus
3032 580 3167 633 papa
3192 563 3491 635 Gregorius
3511 563 3630 629 VII,
3663 565 3794 619 dua-

2200 656 2317 711 bus
2342 656 2409 710 ad
2435 654 2727 709 Britanniae
2749 654 3037 725 episcopos
3058 656 3303 724 epistolis
3332 654 3617 710 recusavit
3650 655 3794 709 ordi-

2212 762 2345 801 nare
2368 745 2587 801 Dolensi
2619 746 3133 816 archiepiscopatui,
3165 747 3235 800 ab
3267 747 3376 801 illis
3420 746 3489 801 ad
3541 761 3605 800 se
3653 746 3793 800 dire-

2209 847 2358 891 ctum
2415 855 2433 887 ι
2475 835 2729 905 juvenem
2775 834 3091 905 quemdam,
3149 836 3284 891 satis
3330 836 3661 905 praeclarum
3707 852 3794 905 ge-

2211 942 2341 981 nere
2375 926 2514 981 :Cui
2539 928 2758 997 quidem
2784 927 3054 998 petitioni,
3094 946 3113 979 ι
3141 927 3319 998 inquit
3342 929 3397 983 in
3434 944 3574 992 una,
3615 946 3633 978 ι
3660 942 3793 995 quo—

2210 1019 2356 1073 niam
2384 1019 2526 1074 sacri
2554 1034 2792 1075 canones
2812 1018 3211 1085 contradicunt,
3236 1035 3527 1075 assensum
3556 1018 3793 1088 praebere

2209 1124 2554 1180 nequaquam
2578 1110 2893 1179 potuimus;
2939 1129 2957 1161 ι
3001 1111 3056 1164 in
3094 1110 3263 1164 altera
3308 1129 3321 1164 :
3383 1131 3402 1161 ι
3449 1109 3632 1179 Cujus
3673 1123 3793 1163 mu-

2209 1217 2326 1258 sam
2349 1202 2491 1257 sicut
2519 1201 2761 1272 oportuit
2809 1203 3205 1268 examinantes,
3258 1203 3528 1256 honestos
3574 1199 3787 1270 quidem

2209 1309 2411 1361 mores,
2435 1294 2530 1349 sed
2560 1294 2802 1349 nondum
2831 1294 2965 1349 satis
2986 1303 3230 1349 maturos
3267 1300 3364 1348 aut
3400 1290 3787 1347 instructosad

2208 1386 2536 1456 portandum
2574 1386 2881 1457 episcopale
2908 1386 3142 1455 pondus,
3169 1386 3223 1439 in
3257 1401 3329 1439 eo
3353 1378 3731 1454 probavimus.
3762 1400 3783 1433 ο

2207 1477 2364 1544 Quod
2402 1485 2584 1532 autem
2612 1477 2815 1532 certius
2843 1477 3196 1547 competentis
3239 1477 3292 1529 in
3341 1475 3564 1529 Athone
3618 1472 3789 1528 artatis

2208 1567 2383 1637 possit
2410 1567 2589 1637 optari
2620 1566 2884 1630 indicium
2906 1581 3070 1638 quam
3096 1565 3241 1635 quod
3282 1565 3426 1619 idem
3469 1563 3785 1634 Gregorius,

2207 1660 2439 1715 electum
2469 1675 2616 1714 anno
2643 1658 2783 1713 1075
2810 1657 3179 1713 Theodaldum
3210 1654 3784 1725 nolueritapprobare,

2196 1748 2334 1826 quia
2370 1769 2537 1824 penes
2564 1768 2623 1808 se
2660 1752 2895 1807 habebat
2927 1752 3197 1806 Athonem
3225 1766 3243 1801 :-
3276 1771 3294 1800 ι
3333 1747 3532 1816 Quem,
3593 1747 3785 1817 inquit,

2206 1847 2262 1901 in
2289 1846 2478 1901 eadem
2508 1845 2751 1900 Ecclesia
2778 1844 3011 1899 electum
3053 1851 3203 1899 certo
3253 1841 3647 1913 cOgnovimus,
3699 1839 3785 1892 sed

2208 1954 2307 1995 cur
2358 1936 2638 2007 reprobari
2683 1935 2905 2002 debeat,
2957 1934 3103 1990 nulla
3149 1932 3328 1987 adhuc
3384 1929 3787 1999 deprehendere

2208 2028 2487 2099 potuimus
2517 2027 2755 2094 ratione;
2790 2046 2809 2079 ι
2843 2026 3024 2096 qualis
3080 2024 3305 2079 omnino
3363 2022 3564 2076 fuisset
3616 2019 3790 2073 minor

2206 2137 2370 2192 quam
2407 2135 2646 2175 canones
2670 2119 2946 2189 patiantur
2965 2127 3115 2172 aetas.
3154 2116 3462 2171 Redeamus
3483 2114 3555 2168 ad
3589 2112 3783 2166 Amul-

2208 2213 2345 2280 l'um,
2373 2214 2465 2283 qui
2489 2212 2629 2268 libro
2656 2226 2759 2267 suo
2780 2226 2842 2265 ιιι
2872 2210 3037 2266 finem
3066 2208 3195 2264 facit
3236 2208 3383 2280 apud
3433 2204 3786 2269 Puricellum,

2208 2320 2332 2375 pag.
2369 2305 2461 2371 27,
2486 2304 2541 2358 in
2567 2304 2720 2359 hisce
2748 2302 2934 2357 verbis
2963 2321 2976 2356 :

2282 2398 2368 2451 ll.
2415 2417 2432 2449 ι
2471 2396 2719 2466 Cumque
2757 2411 2883 2450 cum
2914 2394 3031 2449 suis
3066 2393 3211 2447 Atho
3275 2390 3343 2446 ad
3385 2386 3788 2445 eonvivandum

2207 2489 2571 2561 episcopalem
2602 2486 2994 2542 conscenderet
3013 2484 3214 2549 aulam,
3240 2483 3480 2555 (fuerant
3503 2481 3655 2535 enim
3679 2478 3792 2549 jam

2208 2581 2263 2635 in
2306 2578 2512 2634 mensis
2540 2577 2720 2646 ampla
2746 2583 2935 2647 parata
2960 2573 3252 2640 convivia,)
3275 2570 3602 2626 inﬂammati
3648 2570 3793 2624 cives

2208 2670 2472 2726 invadunt
2502 2677 2722 2739 repente
2744 2668 2993 2733 domum,
3022 2666 3317 2730 anteriora,
3340 2664 3617 2718 exteriora
3639 2675 3790 2716 scru-

2207 2773 2407 2819 tantes.
2437 2762 2555 2833 lpse
2612 2768 2791 2815 autem
2851 2759 3059 2814 electus
3111 2757 3342 2821 noviter,
3390 2769 3519 2810 cum
3562 2765 3792 2809 camera

2209 2856 2375 2912 unius
2402 2856 2584 2909 lateret
2617 2854 2672 2907 in
2700 2852 2924 2922 angulo,
2958 2850 3233 2914 inventus,
3257 2847 3500 2917 capitur,
3526 2843 3792 2911 discerpi-

2210 2960 2320 3015 tur,
2348 2964 2413 3003 ac
2447 2946 2646 3002 misere
2678 2943 2994 3009 dilaniatur,
3020 2942 3239 2997 demum
3266 2956 3363 3010 per
3388 2953 3554 2992 suras
3585 2943 3641 2989 et
3669 2934 3789 2988 bra-

2208 3040 2330 3096 chia
2358 3056 2386 3093 a
2415 3052 2633 3093 summo
2657 3036 2725 3091 ad
2756 3036 2865 3090 ima
2892 3032 3241 3103 pertrahitur.
3283 3029 3389 3095 Qui
3437 3044 3567 3082 cum
3626 3031 3791 3081 staret

2208 3132 2264 3186 in
2288 3129 2520 3185 ecclesia
2546 3138 2693 3183 metu
2716 3127 2911 3182 mortis
2950 3124 3107 3179 altari
3148 3130 3477 3192 prostratus,
3521 3118 3790 3173 clamante

2208 3224 2411 3296 populo
2436 3222 2491 3276 in
2530 3222 2798 3293 pulpitum
2845 3218 3122 3283 ascendit,
3149 3218 3359 3286 ibique,
3385 3213 3534 3268 facto
3563 3214 3619 3266 in
3668 3225 3786 3264 om-

2210 3316 2362 3371 nium
2388 3315 2617 3369 auribus
2642 3321 3007 3379 sacramento,
3048 3308 3453 3365 abrenuntiavit
3498 3306 3616 3360 sedi
3666 3304 3790 3358 Am-

2209 3407 2481 3462 brosiana:
2536 3405 2591 3460 in
2652 3417 2893 3474 praesens
2952 3411 3006 3456 et
3074 3401 3129 3455 in
3177 3406 3519 3469 perpetuum.
3580 3393 3788 3450 Interea

2209 3502 2408 3572 quippe
2443 3498 2685 3554 fautores
2724 3496 2812 3553 sui
2853 3495 3100 3551 diversas
3146 3492 3330 3563 fugere
3388 3506 3485 3561 per
3520 3488 3783 3555 latebras;

2212 3593 2328 3663 ipse
2348 3606 2566 3661 quoque
2588 3589 2869 3643 Romanus
2897 3587 3107 3658 legatus
3130 3584 3241 3649 vix,
3282 3582 3576 3652 discerptis
3620 3580 3789 3636 vesti-

2208 3683 2313 3738 bus
2337 3724 2351 3748 ,
2377 3672 2656 3735 laceratus
2681 3680 2873 3734 evasit.
2893 3677 3160 3732 Caeterum
3183 3673 3550 3730 Gothofredus
3571 3682 3622 3728 et
3648 3673 3790 3727 Atho

2212 3778 2594 3827 remanserunt
2616 3766 2812 3839 privati
2843 3766 3048 3841 pariter
3072 3765 3249 3829 ambo,
3296 3761 3535 3841 propriis
3577 3768 3786 3816 tantum

2212 3863 2452 3920 contenti
2487 3861 2693 3916 laribus
2731 3869 2893 3930 atque
2931 3855 3269 3912 substantiis.
3304 3874 3323 3905 ι
3383 3853 3517 3908 Post
3569 3852 3686 3910 hac
3727 3850 3790 3903 Ii.

2212 3955 2371 4009 brum
2404 3969 2457 4007 IV
2484 3952 2565 4009 sic
2600 3952 2812 4006 orditur
2843 3946 3107 4003 Arnulfus
3159 3965 3173 4001 :
3210 3966 3227 3997 ι
3250 3944 3422 4016 Igitur
3458 3943 3662 3997 auditis
3705 3941 3787 3994 bis

2212 4063 2334 4118 quae
2368 4045 2569 4100 Athoni
2592 4044 2951 4115 contigerant,
2977 4038 3236 4111 praefatus
3258 4037 3349 4092 ille
3373 4035 3789 4090 archidiaconus

2215 4137 2634 4208 Hildeprandus,
2662 4151 2759 4190 sua
2786 4149 2910 4190 cum
2936 4129 3230 4188 eardinalis
3270 4135 3415 4183 esset
3445 4125 3788 4188 auctoritate,

2216 4233 2363 4288 illico
2397 4231 2768 4301 juramentum
2810 4227 2941 4281 illud
2970 4223 3264 4287 violentiae,
3290 4217 3627 4275 omnimodis
3645 4214 3791 4285 judi-

2217 4324 2361 4381 cavit
2388 4322 2698 4378 habendum
2735 4319 3199 4379 invalidum.......
3257 4313 3408 4368 Unde
3454 4311 3661 4366 factum
3709 4317 3789 4363 est

2216 4425 2276 4472 ut
2301 4416 2529 4471 collecto
2565 4411 2753 4466 Romae
2787 4420 2928 4466 coetu
2982 4408 3320 4487 pontiﬁcum,
3372 4405 3615 4461 instante
3654 4401 3785 4470 ipso,

2214 4508 2485 4564 Athonem
2513 4506 2660 4575 juste
2689 4503 3009 4575 praedicaret
3054 4501 3304 4563 electum,
3341 4504 3616 4567 prostrato
3662 4508 3790 4547 aua—

2211 4601 2452 4655 themate
2474 4595 2828 4653 Gothofredo.
2864 4594 2997 4660 Quae
3029 4591 3212 4647 omnia
3241 4588 3641 4658 llildeprandus
3676 4585 3790 4640 suis

2212 4691 2413 4746 litteris
2435 4704 2576 4759 saepe
2593 4687 2709 4758 jam
2732 4687 2881 4741 dicto
2908 4685 3093 4740 retulit
3121 4680 3615 4737 Herlembaldo.....

2285 4781 2372 4835 12.
2404 4779 2653 4834 «Interea
2677 4776 3008 4848 suffraganei
3041 4774 3186 4831 sedis
3218 4770 3596 4826 Ambrosiam:
3617 4767 3789 4837 ponti.

2210 4873 2362 4940 lices,
2388 4879 2609 4940 accepto
2630 4886 2660 4923 a
2682 4884 2808 4940 rege
2835 4867 3093 4922 mandato
3110 4907 3124 4930 ,
3162 4863 3303 4933 apud
3350 4862 3541 4916 urbem
3590 4873 3786 4914 conve-

2209 4964 2423 5020 pientes
2454 4960 2767 5025 Novariam,
2803 4956 3136 5013 Colhofredo
3165 4968 3389 5017 manum
3425 4947 3790 5006 consecratio-

2213 5054 2301 5109 nis
2337 5054 2645 5123 imponunt,
2673 5050 2847 5114 illum,
2883 5055 3046 5120 prout
3091 5045 3404 5115 quiverunt,
3448 5042 3780 5097 reborantes.

2216 5143 2366 5200 Licet
2392 5142 2622 5216 [autem]
2648 5139 2937 5212 praeceptio
2973 5136 3126 5207 regia.
3157 5136 3341 5189 multis
3374 5134 3591 5187 dicatur
3616 5130 3782 5197 impe-

2219 5243 2360 5289 trata
2392 5234 2733 5297 muneribus,
2757 5237 2976 5286 constat
3003 5237 3185 5282 tamen
3212 5240 3390 5295 regem
3446 5231 3635 5293 postea
3668 5234 3779 5289 per

2217 5325 2448 5360 nit-sicco
2490 5333 2652 5360 «suum
2693 5324 3110 5360 intnvvpnlnrnm
3159 5318 3372 5360 ηρηίιης
3411 5316 3595 5360 ndiqse.
