4028 5360
168 73 321 157 quas

1717 90 1917 158 ACTA.

3314 129 3453 193 14ῡὸ

174 204 493 275 deprandus
519 219 729 267 mutato
752 217 973 274 nomine
1012 220 1191 279 dictus
1233 224 1529 299 Gregorius
1576 230 1665 285 \‘ll
1712 233 1765 287 in
1800 221 1842 276 Α
1874 214 1993 269 ﬁeri
2025 233 2134 273 3°"
2163 222 2324 279 νυίίίε
2354 223 2508 298 (σεο
2535 244 2675 300 quos
2700 239 2880 290 iam“
2903 233 3196 293 dement“
3220 253 3318 296 '09
3335 241 3456 297 εἶδ’

176 311 295 365 quo
327 298 520 354 revixit
540 300 773 362 Athonis
802 308 946 365 illico
976 315 1227 383 spiritus,
1257 298 1394 375 adeo
1430 332 1488 376 ut
1532 322 1766 381 Romam

176 401 434 457 pergens,
460 389 604 447 illius
624 409 745 451 sese
767 400 1021 458 subderet
1041 409 1421 466 contubernio.
1440 410 1559 483 Ipse
1584 425 1767 472 autem

178 492 311 531 cum
344 477 398 532 in
435 480 607 550 priori
634 486 900 561 radicitus
936 492 1225 553 inhaereret
1248 503 1549 573 proposito,
1564 505 1768 563 indicta

178 567 373 624 Roma:
418 576 744 643 generaliter
790 584 1019 653 synodo,
1049 604 1174 644 cum
1235 567 1368 647 suis
1407 598 1768 659 sectatoribus

178 659 577 721 Gothofredum
603 677 1113 735 excommunicavit.
1145 702 1165 734 ι
1194 680 1293 740 Hie
1318 686 1508 743 recitat
1529 687 1770 747 Puricel-

177 751 268 809 ‘ais
298 772 437 825 quas
473 758 530 813 in
557 762 944 849 eadem.causa
976 771 1270 845 Gregorius
1301 779 1521 851 scripsit
1560 784 1767 853 episto—

177 848 284 910 las,
316 847 530 908 Tuscia:
574 870 639 910 ac
677 847 910 931 Ligurian
962 864 1199 923 domina:
1251 869 1485 928 Beatrici
1540 876 1770 947 ejusque

178 940 307 997 filia:
335 941 602 1013 Mathildi,
634 958 694 1004 ut
720 967 749 1004 a
777 957 1164 1015 communione
1188 961 1409 1019 illorum
1457 940 1770 1026 abstineant

177 1033 588 1107 episcoporum,
601 1056 630 1094 a
655 1044 855 1114 quibus
882 1046 1251 1109 Gothofredus
1262 1054 1364 1111 fuit
1383 1071 1766 1132 consecratus;

180 1125 473 1211 Gailielmo
496 1129 750 1202 Papiensi
766 1133 1042 1210 episcopo,
1065 1141 1521 1207 Mediolanensem
1545 1169 1769 1211 causam

178 1208 596 1291 (ειηιιιιιριιὼιιιε,
619 1236 809 1282 contra
831 1233 1517 1313 pseudoarchiepiscopum
1540 1245 1771 1317 ejusque

184 1309 468 1381 fautores;
534 1316 775 1388 itemque
820 1325 1079 1383 omnibus
1117 1326 1174 1382 S.
1223 1309 1769 1394 Petri—ﬁdelibus-in

180 1400 565 1473 Longohardia
586 1416 1057 1474 commorantibus
1088 1438 1101 1473 :
1146 1436 1271 1491 quae
1298 1439 1490 1481 omnes
1526 1430 1773 1498 epistola:

178 1492 536 1553 inveniuntur
562 1500 701 1559 datze
732 1523 749 1553 ι
790 1505 1086 1566 indictione
1119 1528 1193 1578 χι,
1224 1530 1319 1568 vm
1351 1515 1468 1572 Kal.
1492 1492 1639 1575 Junii
1659 1563 1675 1585 ,
1708 1538 1767 1576 ιιι

1873 317 2016 364 stere
2047 327 2353 384 monemus,
2392 318 2438 373 si
2460 322 2554 390 qui
2583 332 2776 380 vestra:
2797 327 2938 396 parti
2969 343 3029 383 se
3058 330 3330 400 applicare
3355 348 3457 389 cu-

1869 397 2056 471 piunt)
2086 411 2281 460 vestra:
2307 407 2630 479 prudentiae,
2665 423 2724 469 ut
2753 417 2949 473 melius
2979 397 3143 475 scitis
3159 429 3213 476 et
3241 420 3455 489 valetis,

1868 486 2269 561 disponendum
2313 500 2724 560 committimus.
2759 504 3083 580 Quicunque
3126 520 3309 566 autem
3358 486 3461 568 ho-

1870 596 2014 649 rum,
2042 587 2246 640 erroris
2281 588 2366 643 sui
2395 592 2749 663 pmnitentes,
2789 598 2857 654 ad
2894 615 2991 657 vos
3024 602 3200 657 redire
3229 603 3457 659 remedii

1870 679 2044 744 gratia
2064 677 2513 750 desideraverint,
2541 685 2772 759 benigne
2810 706 2870 746 se
2912 693 3118 764 suscipi
3146 709 3210 749 ac
3240 695 3458 751 miseri-

1870 768 2107 823 corditer
2138 774 2359 829 tractari
2392 777 2662 833 noverint.
2692 778 2990 852 Episcopos
3021 794 3304 854 praeterea,
3350 786 3459 843 ini-

1870 858 2073 914 micum
2103 872 2346 919 vestrum
2390 866 2584 924 fulcire
2617 881 2900 940 conantes,
2934 892 3043 931 non
3072 878 3304 935 multum
3338 893 3457 936 tne-

1871 953 2057 1020 tuatis,
2088 971 2212 1010 cum
2249 956 2465 1016 Beati-ix
2493 976 2557 1018 ac
2586 964 2694 1019 ﬁlia
2718 966 2839 1037 ejus
2853 966 3148 1037 Mathildis,
3175 986 3302 1026 cum
3331 972 3459 1042 qui-

1870 1041 2100 1099 busdam
2124 1048 2380 1106 maximis
2390 1052 2541 1124 regni
2563 1057 2903 1123 proceribus,
2917 1059 3166 1137 laborent
3206 1070 3456 1117 nostrum

1870 1147 2034 1207 atque
2080 1139 2222 1210 regis
2272 1143 2517 1199 animum
2560 1145 2790 1204 ﬁrmiter
2834 1150 3011 1218 unire,
3059 1162 3250 1208 contra
3292 1167 3456 1222 quem

1860 1229 2091 1307 quidem
2123 1232 2332 1287 nullum
2360 1234 2547 1290 odium
2579 1253 2755 1308 neque
2785 1240 3045 1297 debemus
3086 1259 3262 1313 neque
3299 1244 3453 1299 volu-

1870 1336 1994 1377 mus
2023 1336 2306 1389 exercere;
2363 1326 2469 1381 nisi
2514 1327 2691 1397 (quod
2728 1330 2938 1403 absit!)
2977 1333 3174 1409 divinae
3208 1334 3457 1406 religioni

1870 1413 2181 1471 contrarius
2222 1415 2456 1472 voluerit
2490 1418 2745 1476 existere.
2793 1422 2967 1489 Quem
3009 1441 3191 1496 regem
3231 1426 3458 1481 omnino

1869 1505 2152 1563 conﬁdunt
2205 1509 2471 1566 voluntati
2508 1520 2710 1568 nostra:
2737 1513 2805 1569 de
2841 1516 3052 1572 caeteris
3097 1517 3332 1588 negotiis
3363 1533 3456 1572 ee—

178 1583 299 1641 Kal.
327 1585 478 1656 Julii,
511 1610 530 1643 ι
563 1602 615 1647 et
649 1593 784 1664 ipsis
817 1618 834 1647 ι
873 1597 989 1654 Kal,
1015 1600 1165 1670 Julii,
1198 1625 1214 1656 ι
1248 1606 1301 1661 id
1324 1618 1406 1662 ρει
1430 1626 1576 1666 ειηηο
1606 1583 1763 1668 ,οη
1801 1601 1842 1660 Β
1870 1597 2193 1654 elesiasticis
2223 1600 2560 1670 satisfacere,
2593 1607 3004 1679 praesertimque
3030 1609 3098 1664 de
3125 1616 3308 1665 vestro
3352 1623 3456 1665 no-

180 1676 287 1733 Sed
323 1678 395 1734 iis
414 1680 503 1737 hic
539 1688 942 1758 prmtermissis,
970 1696 1193 1764 propius
1232 1700 1298 1753 ad
1349 1717 1465 1756 rem
1520 1712 1766 1762 nostram

178 1768 424 1838 faciunt,
473 1789 612 1843 quas
671 1775 1051 1838 llerlcmbaldo
1098 1788 1321 1859 scripsit
1379 1793 1570 1848 eodem
1622 1811 1769 1852 anno

181 1878 203 1910 ι
226 1860 495 1931 (Ἐψιιειῃιν⁹
512 1863 628 1921 Kal.
645 1866 916 1938 Octobris,
932 1873 1227 1934 indictione
1255 1897 1351 1947 xu,
1376 1901 1394 1933 ι
1420 1898 1611 1941 recens
1631 1887 1773 1942 scili-

175 1960 261 2008 cet
291 1953 565 2022 inehoata,
598 1958 651 2012 in
680 1960 794 2017 haec
829 1965 994 2021 verba
1024 1987 1037 2023 :
1438 2018 1449 2023 -

250 2045 337 2099 15.
388 2066 406 2097 ι
445 2047 754 2107 ϐιιεςοιιιυε
777 2055 1089 2128 episcopus,
1120 2060 1313 2121 ser'vus
1344 2082 1629 2125 servorum
1654 2072 1769 2141 Dei,

178 2136 598 2210 "EBLEHBALDO,
635 2143 1021 2206 lllediolanensi
1069 2154 1250 2223 militi,
1286 2160 1516 2216 salutem
1552 2173 1605 2218 et
1634 2180 1770 2235 apo-

175 2233 430 2288 stolicam
462 2234 916 2296 benedictionem.
966 2242 1115 2302 Sciat
1160 2250 1449 2318 prudentia
1494 2264 1608 2321 tua,
1649 2233 1772 2325 nos,

178 2320 288 2379 Deo
315 2324 634 2393 miserante,
665 2344 833 2387 sanos
866 2342 921 2388 et
950 2335 1103 2393 lzetos
1132 2354 1241 2394 non
1277 2342 1396 2398 sine
1426 2360 1623 2417 magna
1667 2346 1773 2403 Ec-

174 2413 356 2468 clesia:
405 2412 500 2469 Dei
549 2417 818 2485 utilitate,
871 2424 1017 2493 apud
1075 2424 1320 2497 Capuam
1371 2412 1770 2491 commorari...

173 2501 471 2561 llenrieum
500 2523 679 2578 regem
696 2522 955 2581 praeterea
972 2516 1117 2573 scias
1142 2518 1451 2579 dulcedinis
1462 2533 1515 2580 et
1525 2526 1778 2583 obedien-

1870 1699 1998 1747 strte
2030 1691 2376 1762 dispositioni
2408 1712 2694 1753 assensum
2739 1701 3000 1770 praebere.
3038 1701 3282 1772 Denique
3324 1700 3458 1757 Gre-

1870 1781 2085 1853 gorium
2140 1781 2538 1867 Vej‘cellensem
2583 1788 2900 1859 episcopum
2946 1805 3169 1861 quoquo
3225 1791 3460 1848 honesto

1871 1882 2030 1943 pacto
2058 1875 2225 1940 vales,
2276 1877 2434 1933 stude
2480 1876 2573 1933 tibi
2612 1880 2926 1947 conciliare,
2971 1882 3101 1953 quia
3143 1889 3348 1937 nostra:
3389 1895 3460 1937 ex

1872 1971 1986 2019 toto
2011 1965 2246 2035 jussioni
2276 1984 2335 2024 se
2362 1971 2649 2039 proﬁtetur
2670 1966 2885 2043 parere.
2936 1972 3013 2028 De
3042 1981 3241 2029 caetero
3275 1974 3460 2044 itaque

1872 2055 2257 2113 confortamini
2288 2060 2343 2114 in
2370 2059 2604 2118 Domino
2631 2071 2687 2119 et
2713 2063 2769 2117 in
2799 2064 3040 2135 potentia
3069 2065 3291 2121 virtutis
3316 2064 3458 2135 ejus,

1872 2148 2126 2218 precibus
2169 2158 2224 2205 et
2268 2150 2629 2225 elecmosynis
2668 2169 2733 2210 ac
2773 2154 3011 2225 puritate
3053 2157 3236 2213 cordis
3277 2156 3460 2211 indul-

1873 2240 2108 2310 gentiam
2140 2241 2286 2299 illius
2312 2244 2669 2315 postulantes,
2693 2256 2968 2318 quatenus
2991 2258 3175 2304 votum
3208 2258 3458 2304 nostrum

1873 2346 1937 2386 ac
1962 2341 2203 2388 vestrum
2233 2335 2301 2390 ad
2329 2335 2630 2404 perfectum
2658 2339 2956 2409 perducere
2980 2340 3254 2411 dignetur.
3288 2361 3307 2392 ι

1947 2423 2035 2478 15.
2076 2414 2338 2480 Similiter
2378 2446 2396 2478 ι
2431 2427 2634 2498 Capuae
2675 2446 2738 2484 ιιι
2776 2429 2903 2487 ldus
2942 2427 3224 2497 Octobris,
3262 2450 3283 2483 ι
3325 2434 3462 2487 scri-

1876 2514 2012 2571 bens
2066 2515 2330 2571 «Alberto
2376 2516 2598 2574 Albensi
2647 2520 2926 2590 episcopo,
2951 2539 2970 2571 ι
3028 2535 3097 2574 ex
3143 2518 3460 2575 Gothofredi
3551 2544 3554 2546 ν

170 2588 259 2650 lue
270 2597 431 2667 plena
444 2599 607 2655 verba
621 2603 781 2659 nobis
793 2605 1082 2663 misisse...
1110 2607 1341 2677 Quidam
1356 2614 1523 2670 etiam
1535 2618 1780 2689 exmajo-
1876 2608 2097 2679 quidem
2134 2609 2541 2667 οτάίηθίοτίδιιε
2568 2612 2685 2679 “ni:
2713 2613 2806 2672 59d
2831 2628 2995 2684 (ιιιεω
3024 2613 3167 2669 ίίάθίί
3195 2613 3462 2669 “mione

170 2688 321 2745 ribus
334 2690 589 2749 ﬁdelibus
613 2695 732 2750 suis
748 2699 1075 2767 promittunt
1086 2702 1248 2760 nobis
1262 2719 1329 2758 ex
1344 2715 1500 2776 parte
1516 2708 1627 2775 sui,
1641 2688 1771 2765 eum

170 2778 235 2831 de
256 2794 429 2836 causa
463 2779 883 2844 Mediolanensis
912 2788 1171 2849 Ecclesia:
1192 2794 1312 2851 sine
1333 2796 1502 2854 dubio
1525 2801 1764 2858 consilio

170 2884 365 2927 nostro
379 2873 619 2931 obedire.
630 2917 642 2931 .
653 2876 753 2933 .Tu
772 2878 936 2951 igitur
945 2883 1171 2941 omnino
1181 2888 1461 2945 conﬁdens
1474 2890 1529 2944 in
1546 2890 1777 2948 Domino

1877 2709 2197 2757 excusatum
2244 2701 2620 2771 intellexerat,
2670 2704 2739 2760 ad
2789 2706 3155 2773 reparandum
3199 2704 3459 2761 Mediola-

1880 2796 2066 2851 nensis
2093 2795 2349 2853 Ecclesiae
2377 2797 2663 2865 honorem,
2694 2798 2896 2854 habere
2921 2800 3095 2855 zelum
3121 2816 3133 2852 :
3157 2819 3174 2851 ι
3195 2799 3253 2855 In
3288 2800 3457 2864 nullo,

1880 2886 2074 2957 inquit,
2116 2887 2290 2958 magis
2328 2887 2629 2945 debitorem
2672 2887 2730 2944 S.
2768 2888 2991 2945 Petrum
3033 2898 3089 2946 et
3127 2906 3229 2946 nos
3270 2890 3461 2961 religio

170 2971 221 3016 et
240 2961 294 3017 in
315 2974 492 3021 matre
514 2976 606 3023 tua
629 2967 876 3027 Romana
897 2972 1536 3054 Ecclesia,virililerage,
1554 2984 1777 3040 confor-
1805 2979 1849 3038 C
1880 2990 1972 3036 tua
2007 2989 2183 3050 potest
2210 2981 2314 3036 sibi
2343 2980 2520 3037 facere
2545 2997 2709 3052 quam
2749 2982 2797 3038 si
2829 2991 3020 3039 contra
3045 2980 3322 3037 Simonem
3352 2981 3463 3037 Μκο

170 3047 316 3109 latus
364 3055 425 3110 in
465 3054 696 3115 Domino
720 3070 774 3116 et
811 3061 1134 3134 inpotentia
1169 3070 1388 3126 virtutis
1422 3074 1562 3143 ejus,
1587 3076 1769 3131 sciens

169 3143 297 3212 quia
320 3155 530 3216 quanto
558 3149 717 3206 nobis
741 3168 888 3208 nunc
911 3153 1374 3229 insurgitgravior
1397 3164 1767 3232 perturbatio-

169 3233 256 3290 nis
278 3222 594 3306 tempestas,
613 3249 763 3296 tanto
784 3222 1291 3313 postmodumjDeo
1312 3222 1550 3320 favente,
1564 3254 1766 3326 jucun-

168 3324 291 3380 dius
325 3327 590 3383 arridebit
638 3334 925 3390 serenitas.
953 3355 971 3387 ι
1016 3335 1230 3395 V'idcsis
1271 3340 1415 3411 apud
1445 3340 1765 3413 Baronium,

168 3417 235 3471 ad
266 3434 357 3473 an.
397 3419 556 3489 1075,
584 3440 736 3480 ιιιιω.
780 3427 869 3494 45,
907 3426 1128 3486 Henrici
1170 3434 1487 3502 ptenitentis
1531 3438 1598 3493 ad
1629 3438 1766 3495 Gre-

171 3508 388 3578 gorium
422 3510 652 3581 litteras,
687 3517 890 3586 quibus
931 3534 991 3574 se
1041 3521 1440 3580 «criminosum
1483 3518 1537 3582 et
1582 3526 1766 3583 infeli-

172 3616 286 3653 cem
312 3622 330 3651 ι
364 3607 675 3671 conlitetur,
730 3627 748 3660 ι
776 3610 976 3678 partim
1020 3614 1268 3683 pueritize
1308 3616 1637 3674 blandientis
1677 3621 1765 3675 in-

169 3689 483 3762 stinctione,
503 3698 700 3766 partim
719 3703 1064 3768 potestativae
1091 3714 1146 3761 et
1176 3705 1484 3777 imperiosae
1511 3711 1768 3780 potentias

169 3774 450 3849 libertate;
487 3785 683 3853 partim
715 3802 928 3858 eorum,
960 3808 1196 3865 quorum
1223 3774 1765 3857 seductilis-nimium

169 3880 391 3929 secutus
420 3874 492 3929 sit
519 3878 766 3945 consilia,
799 3883 1105 3939 seductor-ia
1134 3885 1476 3956 deceptione,
1509 3910 1528 3941 ι
1569 3907 1764 3961 pecca-

166 3962 313 4019 visse
334 3966 391 4020 in
415 3968 611 4023 caelum
638 3980 691 4025 et
714 3988 900 4028 coram
926 3976 1201 4045 pontiﬁce.
1238 3997 1256 4030 ι
1275 3977 1346 4034 Ει
1369 3996 1535 4049 nunc,
1564 3982 1764 4053 inquit,

1871 3087 2018 3143 gum,
2048 3070 2457 3142 quiEcclesiam
2483 3070 2544 3126 Β.
2573 3072 2848 3128 Ambrosii
2873 3073 3183 3129 venalitatis
3211 3088 3326 3129 su.e
3351 3073 3461 3128 mi-

1824 3196 1831 3203 -
1870 3162 2174 3217 serabiliter
2197 3178 2408 3217 veneno
2431 3162 2638 3231 infecit,
2666 3172 2823 3221 scuto
2852 3165 2978 3221 ﬁdei
3003 3174 3059 3221 et
3087 3166 3239 3237 galea
3262 3164 3462 3224 salutis

1869 3263 2133 3322 armatus,
2185 3255 2471 3311 nobiscum
2516 3258 2801 3328 prtelieris,
2852 3269 2906 3316 et
2938 3259 3004 3316 si
3052 3258 3457 3328 Herlembaldo,

1868 3348 2250 3403 strenuissimo
2287 3349 2493 3405 Christi
2525 3351 2705 3419 militi,
2735 3361 2790 3407 et
2813 3353 3086 3423 his,rqua:
3110 3353 3180 3409 ad
3206 3351 3303 3408 Dei
3332 3353 3457 3408 cul—

1870 3448 1984 3495 tum
2024 3449 2079 3496 et
2118 3440 2186 3497 ad
2234 3441 2553 3513 religionem
2600 3454 2805 3500 sancta:
2848 3444 3106 3501 Ecclesiae
3155 3446 3454 3516 pertinent,

1866 3548 2091 3588 manum
2120 3533 2306 3588 auxilii
2346 3534 2682 3604 praestiteris.
2717 3556 2736 3587 ι
2782 3535 2914 3591 Item
2960 3557 2978 3588 ι
3010 3537 3323 3592 Guillielmo
3352 3534 3458 3591 Pa-

1865 3622 2041 3693 piensi
2071 3622 2348 3693 episcopo,
2379 3642 2399 3675 ι
2437 3624 2527 3679 die
2553 3632 2608 3680 et
2636 3625 2759 3681 loco
2793 3625 2982 3680 eodem
3008 3644 3021 3679 :
3054 3644 3072 3676 ι
3096 3624 3315 3681 Litterae
3345 3625 3457 3679 fra-

1868 3713 2139 3771 ternitatis
2171 3722 2280 3770 tute
2315 3714 2475 3770 nobis
2504 3715 2724 3771 directa:
2772 3716 3045 3787 simulque
3090 3715 3456 3772 Herlemhaldl

1865 3805 2287 3863 Mediolanensis
2325 3806 2489 3861 verba
2530 3806 2808 3862 evidenter
2850 3809 3164 3876 ostendunt,
3206 3808 3355 3879 quod
3398 3817 3458 3865 tu

1866 3908 2071 3956 sanctae
2097 3897 2409 3969 apostolicae
2436 3898 2570 3964 sedi,
2600 3915 2722 3954 eam
2747 3915 2913 3971 quam
2948 3899 3132 3967 debes,
3163 3901 3295 3956 velis
3321 3900 3461 3956 obe-

1866 3991 2129 4047 dientiam
2173 3991 2402 4047 ﬁdeliter
2439 3992 2716 4059 exhibere,
2745 4001 2803 4048 et
2826 3992 3303 4048 exhortationibus
3350 4006 3458 4048 no-

166 4052 438 4127 imprimis
483 4076 583 4130 pro
633 4061 876 4122 Ecclesia
951 4066 1362 4141 Mediolanensi,
1413 4089 1536 4144 qua:
1579 4052 1765 4132 nostra

1867 4082 1996 4138 stris
2023 4083 2167 4140 sicut
2192 4083 2346 4139 decet
2389 4099 2599 4154 parere.
2646 4083 2754 4140 Sed
2798 4085 2936 4140 nihil
2963 4095 3046 4141 est
3074 4085 3223 4156 quod
3258 4085 3460 4140 frater--

168 4150 326 4221 culpa
364 4162 449 4208 est
486 4152 541 4207 in
582 4170 786 4226 errore,
831 4176 1091 4233 rogamus
1154 4172 1215 4220 ut
1253 4175 1434 4223 vestra
1467 4169 1765 4239 apostolica

1867 4173 2025 4228 nitati
2055 4182 2163 4229 tute
2192 4174 2499 4244 promptius
2528 4174 2901 4246 injungamus,
2947 4175 3084 4229 nihil
3116 4183 3202 4230 est
3231 4174 3375 4245 quod
3408 4181 3460 4229 te

171 4241 514 4300 districtione
544 4249 806 4305 canonice
837 4253 1164 4325 corrigatur,
1209 4265 1265 4312 et
1304 4257 1502 4315 exinde
1540 4261 1609 4317 ad
1654 4277 1763 4318 οπο
1868 4264 2128 4321 libentius
2166 4263 2344 4321 facere
2384 4265 2618 4321 velimus
2654 4281 2821 4336 quam
2865 4266 2911 4321 si
2956 4265 3260 4321 Ecclesiam
3309 4274 3458 4322 tuam

170 4337 315 4388 teras
343 4332 618 4392 Ecclesias
648 4341 998 4413 corrigendas
1034 4347 1376 4403 auctoritatis
1412 4358 1607 4406 vestra:
1641 4366 1766 4406 sen—
1798 4340 1842 4394 D
1867 4372 2196 4428 gregemque
2233 4357 2332 4412 tibi
2374 4358 2732 4413 commissum
2768 4358 2839 4412 ab
2871 4356 3194 4423 haeresibus,
3232 4371 3355 4427 quae
3399 4358 3456 4413 in

170 4423 336 4477 tentia
381 4428 781 4499 progrediatur.
815 4455 833 4482 ο
892 4432 1104 4491 Rursus
1159 4446 1342 4492 autem
1388 4439 1766 4497 Herlembaldo
1870 4423 2059 4504 sancta
2090 4423 2332 4504 Ecclesia
2362 4447 2618 4518 pestifere
2645 4448 2898 4502 videntur
2937 4446 3225 4518 pullulare,
3272 4456 3463 4518 pasto-

167 4514 662 4587 Cregorius,etiain
688 4523 944 4592 Cap:ue,«
980 4543 1055 4580 vn
1100 4526 1228 4584 ldus
1250 4528 1522 4598 Octobris,
1542 4533 1769 4601 itascri-
1871 4541 1972 4593 rali
2025 4539 2303 4609 vigilantia
2363 4540 2586 4594 studeas
2633 4538 2992 4593 defendere...
3048 4545 3104 4592 et
3156 4537 3388 4600 clericos
3434 4556 3467 4594 a

168 4606 915 4685 bit,pluribnsejusquzesitis
931 4617 1094 4674 simul
1114 4623 1606 4690 respondenszpia:
1622 4627 1773 4682 solli-
1875 4630 2049 4699 turpis
2085 4606 2221 4685 vita:
2258 4629 2674 4686 conversatione
2721 4628 2789 4682 ad
2833 4629 3147 4684 castitatem
3189 4642 3469 4684 revocare.

171 4696 428 4757 citudinis
456 4704 724 4772 studio,in
754 4704 1073 4764 defensione
1107 4710 1231 4765 ﬁdei
1257 4710 1511 4783 factaque
1551 4716 1772 4787 religio-
1876 4719 1994 4777 Hoc
2035 4721 2199 4776 etiam
2242 4721 2481 4790 scias,te
2519 4735 2635 4775 rem
2675 4719 2981 4816 admodum
3019 4716 3182 4771 matri
3208 4726 3328 4816 .tute
3370 4721 3478 4816 llo-

169 4788 255 4844 nis
282 4796 901 4863 restauratione,‘donec
923 4810 1222 4873 occupatus
1243 4802 1436 4871 fueris,
1469 4799 1767 4877 legationes
1874 4827 2052 4868 mante
2099 4810 2358 4866 Ecclesiae
2401 4808 2895 4870 commendabilem
2936 4812 3141 4906 facere:
3176 4804 3489 4906 εἰμι-διετειῑο

174 4889 290 4906 ...-_
325 4885 443 4906 ,ειη
476 4898 515 4906 ,κ
693 4891 725 4906 ..
839 4898 849 4906 .
1094 4894 1127 4906 ..
1428 4897 1440 4906 .
1875 4902 1919 4906 __
2096 4905 2102 4906 ,
2165 4903 2212 4906 ,_
2309 4902 2319 4906 -

174 4889 294 4938 tuas
325 4885 556 4945 libenter
601 4891 790 4946 audire
837 4898 995 4963 teque
1039 4894 1301 4964 adjuvare
1359 4897 1608 4953 voluntas
1656 4915 1764 4953 non

176 4973 336 4997 .It-_:.
395 4978 440 4997 ιι
481 4981 539 4997 ι.-
580 4982 613 4997 an
654 4983 665 4995 ο
774 4983 821 4997 ιι
1167 4985 1178 4996 ο
1231 4994 1239 4997 _
1471 4990 1481 4997 .
1565 4989 1575 4997 .
1678 4991 1733 4997 -.-

1874 4902 2275 4967 llerlembaldo,
2309 4902 2366 4958 in
2402 4908 2511 4973 his,
2543 4918 2664 4972 qua:
2695 4907 2890 4957 DOSll'O
2946 4894 3200 4997 commas
3232 4895 3345 4997 ίωξξ
3375 4915 3500 4957 οιιὶ·

173 4973 359 5032 deerit.
391 4978 668 5052 Multiplici
693 4983 910 5054 quidem
941 4996 1137 5043 vestrae
1165 4985 1603 5058 interrogationi,
1645 4991 1767 5048 aliis
1873 4996 2167 5067 nipotentis
2194 4992 2286 5046 Dei
2313 4994 2518 5055 timore
2546 5000 2823 5094 operatur:
2857 5004 3081 5094 manu“,
3100 4981 3524 5094 δάξιιλιξξξιδιξες

178 5064 300 5132 quia
342 5068 533 5125 intenti
577 5089 787 5137 sumus,
817 5078 1007 5142 paucis
1034 5075 1373 5146 respondere
1396 5080 1760 5151 disponimus.
1872 5064 2095 5156 stiteris,
2134 5096 2191 5144 et
2242 5084 2493 5148 inimicis
2545 5093 2747 5141 sanctae
2785 5079 3129 5150 Ecclesia?!
3172 5070 3375 5130 bellum
3430 5080 3531 5139 δεῖ

246 5155 332 5229 l4.
377 5150 402 5210 ἱ
427 5158 501 5216 De
546 5163 712 5219 sociis
750 5163 930 5232 itaque
972 5161 1121 5225 illius
1153 5171 1638 5237 excommunicati,
1669 5172 1762 5241 qui
1873 5193 2058 5234 secum
2097 5173 2458 5249 praeliaturis,
2481 5173 2771 5234 restiteris.
2820 5189 2838 5221 ι

170 5219 389 5318 jccepta
416 5252 641 5319 pecunia
666 5253 738 5309 ad
767 5262 817 5307 te
840 5219 1237 5317 ἓεὰίιῖξῖᾇιιωι
1292 5219 1594 5318 έί-(ίέἶὶιίἰε
1622 5219 1762 5334 ξιιιιυ-
2097 5219 2128 5249 r
2444 5224 2458 5249 ’
2505 5280 2735 5342 CAPUT
2777 5278 2866 5335 111.
