4028 5360
556 324 703 385 “95

1700 327 1798 383 SS.
1841 326 2112 382 ABIALDI
2150 326 2241 381 ET
2271 322 2710 381 ERLEMBALDl

3715 323 3860 379 H96

554 441 928 497 ‘tlerlembaldi
987 442 1306 514 integritas,
1387 457 1500 497 non
1549 451 1804 509 recusat,
1854 441 2154 512 quominus
2182 444 2228 500 A
2254 420 2396 496 festo
2421 481 2437 506 ,
2494 439 2732 494 secunda
2794 437 3044 493 videlicet
3107 436 3464 492 hebdomadis
3513 436 3857 493 authentia:

552 544 679 589 acta
709 550 810 589 sua
841 535 1078 605 (quanto
1102 535 1315 591 amicus
1343 535 1530 590 nullus
1557 548 1626 591 ea
1652 534 1902 606 scripsit)
1928 535 2014 590 vel
2044 534 2150 589 ini-

554 626 685 679 mici
727 626 945 682 calamo
977 626 1198 697 scripta,
1239 615 1483 698 maligne
1507 626 1795 698 explicata,
1833 642 2149 697 proponan-

548 723 674 783 tur;
719 717 878 773 facile
904 718 972 773 ab
999 734 1159 790 aequo
1199 719 1405 774 lectore
1428 719 1483 773 in
1516 718 1795 773 meliorem
1836 717 2150 788 accipienda

553 816 788 877 partem.
833 808 1124 864 Arnulfum
1170 825 1302 882 ergo
1351 810 1660 876 audiamus,
1705 817 1829 880 post
1873 810 2039 864 verba
2081 808 2151 863 de

556 898 729 953 electo
778 899 845 954 ad
883 899 1261 970 pontiﬁcatum
1310 898 1700 966 Hildebrando,
1736 899 1990 969 superius
2018 914 2147 968 pro-

555 991 662 1044 lata
708 1007 869 1047 num.
920 992 1044 1059 l0l,
1090 1008 1181 1047 res
1228 992 1359 1047 anni
1411 990 1550 1046 {073
1596 991 1675 1046 sic
1724 1001 2147 1062 prosequentem

555 1082 700 1152 apud
715 1080 1046 1139 Puricellum
1076 1099 1202 1156 pag.
1229 1084 1335 1138 296
1364 1104 1379 1139 :
1415 1103 1433 1135 ι
1459 1082 1598 1137 Dum
1627 1081 1993 1138 Gothofredus
2019 1081 2149 1137 Bre-

552 1173 663 1229 bite
705 1175 877 1231 solius
926 1176 1312 1231 immoraretur
1356 1175 1650 1246 praesidio,
1697 1175 1882 1242 Atho,
1929 1175 2146 1246 propria

553 1267 798 1337 neglecta
823 1268 987 1323 domo
1006 1284 1070 1324 ac
1094 1268 1293 1339 patria,
1316 1268 1504 1324 Romze
1523 1268 1771 1340 degebat,
1797 1268 1970 1324 solius
1995 1283 2149 1338 papa}

553 1360 900 1429 mancipatus
934 1361 1240 1431 obsequiis;
1288 1361 1376 1416 cui
1420 1359 1834 1415 Herlembaldus
1862 1360 2002 1430 apud
2036 1359 2147 1414 Me-

555 1449 833 1506 diolanum
864 1453 992 1508 totis
1029 1451 1243 1508 favebat
1278 1453 1513 1519 viribus,
1557 1453 1648 1507 diu
1692 1461 1967 1523 noctuque
1995 1451 2147 1507 labo-

554 1555 707 1607 rans,
738 1542 881 1598 datis
910 1544 1078 1599 etiam
1106 1559 1171 1598 ac
1206 1544 1497 1615 promissis
1526 1544 1867 1600 muneribus.
1918 1543 2147 1615 Insuper

555 1647 718 1689 omne
743 1634 1032 1708 collegium
1061 1635 1379 1692 Gothofredi
1411 1637 1650 1693 ﬂammis
1681 1653 1746 1692 ac
1775 1636 1919 1693 ferro
1961 1652 2147 1707 perse-

553 1725 853 1795 quebatur,
906 1726 1178 1783 interdum
1225 1726 1361 1781 nihil
1413 1727 1741 1783 intentatum
1784 1728 1940 1798 juxta
1983 1741 2147 1796 posse

548 1816 887 1888 relinquens,
915 1819 1217 1890 przesertim
1251 1836 1377 1875 cum
1420 1835 1521 1876 nec
1562 1820 1743 1892 regiae,
1787 1835 1888 1875 nec
1922 1835 2146 1875 suorum

551 1908 766 1979 parium
796 1910 1138 1983 aliorumque
1160 1914 1461 1970 multorum
1490 1914 1707 1969 cederet
1730 1912 2022 1979 voluntati,
2046 1909 2152 1964 llo-

552 2014 716 2055 mana
744 2009 957 2057 tantum
987 2002 1158 2059 fretus
1187 2012 1350 2075 atque
1377 2012 1666 2060 contentus
1691 2002 1916 2070 ﬁducia;
1949 2002 2017 2057 ad
2046 2002 2152 2057 hoc

553 2093 719 2148 etiam
747 2109 1133 2166 prorumpens,
1166 2105 1226 2152 ut
1255 2096 1635 2152 Ambrosianae
1662 2093 2097 2151 consecrationis
2125 2113 2144 2144 ›

556 2183 680 2252 (sic
726 2185 817 2241 ille
860 2187 1269 2244 schismatieam
1305 2187 1701 2242 ordinationem
1737 2187 1941 2258 vocat)
1985 2206 2003 2236 ι
2032 2185 2149 2255 epi-

546 2290 756 2346 scopos
809 2277 1230 2348 blasphemaret,
1283 2294 1542 2334 asserens
1590 2279 1888 2348 apostolice
1932 2294 2153 2332 excom-

555 2368 888 2434 municatos,
939 2386 1173 2440 quorum
1209 2385 1370 2425 omne
1400 2370 1656 2439 reprobat
1702 2368 1961 2433 cilicium.
1996 2366 2152 2423 Unde

546 2458 661 2514 '{uit
708 2461 853 2531 quod
896 2470 1091 2517 sancto
1128 2461 1476 2517 Pentecostes
1516 2460 1606 2517 die
1663 2480 1687 2514 ι
1737 2462 2013 2530 (cadebat
2061 2462 2151 2516 ille

556 2551 614 2605 in
661 2552 728 2608 l9
778 2552 949 2627 Maii)
980 2573 999 2605 ε
1028 2553 1310 2625 prohibuit
1356 2555 1410 2609 in
1437 2553 1572 2611 urbe
1595 2554 1884 2625 baptisma.

632 2686 717 2743 l7.
775 2707 793 2739 ι
822 2686 1017 2745 Postea
1040 2704 1191 2756 vero,
1225 2709 1245 2741 ι
1286 2689 1341 2744 id
1374 2698 1461 2744 est
1508 2704 1655 2744 anno
1710 2688 1872 2757 1074,
1922 2687 2147 2759 quando

542 2775 767 2833 .Pascha
797 2779 1187 2837 celebrandum
1218 2789 1340 2835 erat
1360 2779 1449 2836 die
1482 2779 1555 2839 20.
1586 2779 1814 2850 Aprilis,
1856 2799 1878 2832 ι
1906 2780 2150 2835 chrisma

560 2884 781 2925 sacrum
806 2870 975 2942 (quod
1000 2888 1145 2929 unus
1170 2873 1414 2940 illorum,
1436 2872 1733 2931 Dominicaa
1756 2888 1926 2929 coena:
1946 2881 2149 2945 myste-

563 2961 648 3017 rio
707 2964 1141 3033 metropolitaute
1187 2964 1386 3020 direxit
1414 2965 1677 3032 ecclesiae,
1705 2964 1847 3021 sicut
1898 2981 2017 3021 mos
2064 2974 2149 3021 est

561 3052 846 3110 deﬁciente
857 3054 1460 3126 pontiﬁce,)profusum
1487 3057 1639 3111 humi
1661 3072 1846 3113 coram
1872 3057 2023 3111 omni
2045 3073 2145 3127 po-

557 3146 690 3217 pulo
718 3147 962 3204 calcibus
995 3149 1359 3216 conculcavit,
1395 3165 1556 3205 suum
1586 3149 1894 3219 producens
1934 3149 1989 3203 in
2031 3163 2146 3203 me-
2174 3141 2216 3198 C

557 3236 738 3307 dium,
759 3253 789 3292 a
824 3254 937 3308 quo
959 3238 1269 3296 confectum
1290 3240 1375 3295 vel
1396 3240 1563 3307 unde,
1588 3240 1923 3312 incognitum
1959 3259 1977 3292 ι
2014 3238 2146 3310 (uti-

558 3343 667 3398 que
691 3344 723 3383 a
744 3329 1017 3386 catholico
1046 3330 1258 3403 aliquo,
1284 3338 1414 3402 puta
1436 3329 1693 3404 Papieusi
1721 3328 2042 3396 Guilielmo,
2078 3329 2146 3384 de

559 3433 671 3489 quo
703 3435 870 3490 supra
915 3437 1068 3476 num.
1100 3422 1246 3493 10L)
1278 3442 1295 3473 ‹
1325 3438 1390 3478 ac
1443 3420 1524 3478 sic
1576 3422 1878 3492 postposita
1924 3421 2150 3477 Sabbati

548 3510 709 3571 illius
763 3512 1069 3572 authentici
1121 3515 1473 3585 apparatibus
1519 3513 1717 3569 tradita
1766 3513 2144 3584 praerogativa,

550 3612 713 3679 sexta
734 3602 792 3657 in
811 3602 965 3661 Albis
991 3602 1125 3660 feria
1159 3621 1319 3666 suum
1343 3603 1472 3663 fecit
1499 3604 1759 3661 celebrari
1782 3604 2143 3679 baptisma,...

548 3695 707 3759 unde
762 3696 992 3769 contigit
1025 3706 1086 3752 ut
1114 3698 1371 3768 paschale
1423 3698 1683 3770 gaudium
1717 3713 1881 3754 suum
1910 3697 2148 3753 nesciret

562 3789 860 3857 lavacrum,
879 3806 945 3846 ac
966 3792 1140 3847 multo
1162 3799 1287 3861 post
1310 3800 1554 3862 tempore
1573 3789 2151 3862 plurcscatechumcni

548 3880 818 3952 baptismi
842 3894 1092 3940 carerent
1113 3884 1306 3955 gratia.
1339 3905 1358 3935 ι
1396 3882 1571 3951 Quam
1599 3893 1745 3938 recte
1773 3883 1828 3937 in
1859 3883 1947 3939 his
1966 3882 2147 3937 omni-

560 3972 665 4029 bus
699 3982 754 4028 et
783 3962 850 4029 ex
877 3975 1254 4047 theologorum
1301 3976 1571 4032 sententia
1626 3974 1954 4046 processerit
2007 3972 2148 4029 Her-

561 4064 865 4122 lembaldus
917 4068 1149 4137 probare
1189 4068 1470 4124 contendit
1514 4066 1842 4134 Puricellus,
1883 4082 2002 4136 cap.
2053 4065 2144 4120 48.

562 4157 856 4213 Crescebat
884 4159 1105 4215 interim
1127 4162 1455 4218 clericorum
1477 4162 1824 4221 contumacia
1854 4170 2007 4219 tanto
2039 4176 2151 4221 ma.

562 4247 646 4316 gis
664 4258 870 4318 quanto
891 4266 987 4305 rex
1009 4250 1278 4313 Henricus
1298 4255 1505 4310 diutius
1533 4255 1815 4310 diﬂcrehat
1836 4255 2150 4325 apostolicae

564 4338 679 4394 sedi
701 4339 757 4394 in
780 4342 997 4411 negotio
1038 4342 1426 4402 Mediolanensi
1473 4345 1807 4414 satisfacere,
1839 4347 1982 4402 sicut
2022 4361 2150 4416 pro-

565 4428 815 4497 miserat;
841 4432 911 4487 ob
931 4448 1096 4503 quam
1112 4450 1226 4489 rem
1245 4436 1538 4506 Gregorius
1557 4438 1792 4507 denique
1816 4453 1876 4492 se
1898 4446 2145 4497 coactum

564 4517 699 4574 vidit
717 4522 917 4577 acriori
944 4524 1186 4579 remedio
1216 4525 1319 4587 uti.
1351 4524 1537 4595 Itaque
1581 4546 1601 4577 ι
1647 4526 1828 4582 habita
1872 4525 2084 4593 Romm,
2120 4546 2139 4577 ι

563 4610 707 4667 sicut
725 4613 991 4672 Arnull‘us
1012 4617 1223 4683 scribit,
1261 4636 1280 4669 ι
1310 4618 1540 4689 synodo,
1577 4637 1595 4670 ι
1649 4634 1746 4688 per
1786 4618 2143 4690 quadragesi-

564 4720 708 4760 mam
732 4707 861 4761 anni
894 4708 1030 4763 1075
1064 4728 1083 4760 ι
1120 4709 1177 4763 iu
1198 4726 1306 4780 qua
1340 4710 1520 4780 palam
1572 4710 1852 4766 interdixit
1900 4709 2016 4780 regi
2052 4710 2146 4780 jus

563 4793 757 4852 deinde
781 4797 983 4854 habere
1003 4798 1223 4869 aliquod
1253 4799 1308 4853 in
1342 4798 1539 4856 dandis
1563 4800 1989 4871 episcopatibus,
2027 4814 2147 4853 om-

565 4902 773 4958 nesque
812 4889 985 4946 laicus
1039 4891 1108 4947 ab
1142 4891 1481 4949 iuvestituris
1525 4892 1802 4948 submovit
1839 4907 2146 4962 personas;

566 4976 811 5049 insuper,
838 4980 983 5037 facto
1025 4984 1389 5049 anathemate,
1417 4993 1646 5040 cunctos
1693 4984 1837 5055 regis
1870 4984 2151 5039 damnavit

2251 528 2388 585 feria
2419 530 2502 599 (tu
2528 527 2797 583 Kalendas
2812 525 3386 598 Aprilis),miseranda
3417 527 3622 582 iterum
3652 528 3855 582 civitas

2250 623 2491 678 divinam
2532 621 2804 693 persensit
2858 620 3222 687 iracundiam,
3276 628 3501 690 experta
3555 635 3737 690 quam
3782 620 3855 675 sit

2257 733 2277 768 ι
2307 713 2636 769 horrendum
2663 713 2903 768 incidere
2929 713 2984 767 in
3012 728 3212 767 manus
3247 710 3342 766 Dei
3367 711 3606 766 viventis
3651 709 3849 779 (Hebr.

2236 821 2305 870 -x,
2336 804 2454 875 51).
2497 803 2846 860 »ϐριθιπαιίε
2901 818 3139 874 namque
3186 803 3480 858 missarum
3535 801 3850 870 solemniis,

2251 905 2503 967 vergente
2527 897 2639 967 jam
2666 897 2799 963 sole,
2828 897 2883 950 in
2926 896 3078 952 urbis
3117 896 3370 965 apparuit
3419 894 3605 951 medio
3661 895 3855 951 densa

2249 986 2435 1043 fumus
2473 987 2754 1059 caliginis,
2806 987 2973 1043 ﬂante
3016 996 3306 1043 ventorum
3355 986 3625 1042 violentia
3675 987 3851 1042 nimia

2249 1095 2346 1150 per
2374 1094 2554 1135 aerem
2577 1080 2839 1138 volitans.
2871 1079 3151 1152 Siquidem
3189 1080 3374 1150 plures
3413 1079 3564 1134 velut
3613 1077 3849 1133 fulmina

2249 1171 2418 1237 faces,
2443 1172 2633 1227 abillo
2657 1173 2906 1227 maxime
2927 1182 2980 1227 et
3008 1171 3445 1242 iuexstinguibili
3484 1180 3847 1240 erumpentes

2246 1265 2411 1335 igneo
2438 1265 2621 1335 globo,
2644 1272 2814 1319 totam
2841 1265 3023 1319 subito
3049 1266 3359 1321 micuerunt
3400 1279 3500 1335 per
3541 1263 3739 1317 urbem
3789 1273 3848 1317 ut

2248 1357 2394 1428 quod
2420 1357 2656 1413 civitatis
2680 1357 2961 1412 residuum
2982 1358 3096 1426 jam
3128 1357 3335 1413 dictum
3392 1357 3532 1412 illud
3590 1366 3850 1411 evaserat

2250 1446 2588 1515 incendium,
2622 1455 2798 1503 totum
2820 1446 2934 1503 fere
2969 1446 3205 1505 ﬂammis
3228 1449 3559 1504 adureretur
3600 1462 3847 1518 praesen-

2247 1537 2560 1593 tibus.......
2615 1538 2757 1606 Quid
2814 1540 2961 1595 enim
3014 1540 3121 1595 diei
3167 1540 3313 1595 valet
3360 1539 3633 1595 ulterius!
3677 1554 3845 1610 quam

2247 1630 2396 1701 quod
2422 1630 2568 1702 ignis
2591 1631 2679 1687 hic
2706 1631 2881 1687 instar
2904 1631 3011 1688 fuit
3053 1632 3301 1699 alterius,
3336 1631 3445 1687 hoc
3484 1642 3672 1687 tamen
3716 1647 3847 1686 eru-

2249 1722 2444 1789 delior,
2469 1724 2617 1795 quod
2640 1725 2813 1780 multo
2848 1725 3033 1795 plures
3056 1739 3122 1781 ac
3150 1725 3387 1794 majores
3418 1724 3731 1780 combussit
3747 1740 3842 1779 ec-

2250 1815 2610 1882 elesias,......
2669 1830 2903 1887 quarum
2960 1815 3241 1887 parietinae
3292 1815 3455 1871 anuis
3499 1815 3844 1887 apparebunt

2252 1915 2313 1962 ut
2334 1921 2458 1961 reor
2482 1907 2606 1976 plus
2630 1908 2892 1962 ωηιξη...
2927 1924 2948 1958 ι

2325 1998 2413 2053 19.
2452 1996 2550 2053 His
2574 1998 2715 2053 inter
2735 1997 3086 2054 Monumenta
3108 1996 3473 2053 Ambrosiam
3495 2014 3620 2069 pag.
3646 1998 3755 2053 46:2
3775 2015 3840 2054 ex

2251 2089 2484 2144 Arnulfo
2506 2088 2711 2155 relatis,
2735 2104 2883 2145 nunc
2907 2087 3001 2145 ubi
3031 2087 3100 2143 de
3127 2085 3508 2142 llerlembaldo
3538 2087 3656 2157 agit
3676 2084 3808 2139 Puri
3827 2116 3839 2124 -

2251 2183 2444 2249 collus,
2476 2199 2600 2253 pag.
2630 2181 2756 2249 500,
2781 2181 3136 2258 prosequitur
3175 2189 3413 2251 emptam
3462 2179 3839 2258 narrationem

2253 2276 2340 2331 his
2363 2275 2539 2331 verbis
2564 2294 2580 2334 :.
2611 2295 2629 2327 ι
2652 2255 2805 2330 ιτηωὶ
2823 2283 2901 2330 tot
2927 2273 3207 2345 angustias
3231 2255 3544 2344 tantasque,
3562 2288 3687 2327 eum
3724 2278 3840 2324 tota

2254 2363 2395 2421 foret
2417 2365 2471 2420 in
2498 2365 2636 2421 urbe
2671 2365 2853 2421 luctus
2882 2365 3064 2422 omnis
3099 2364 3308 2419 ordinis
3336 2373 3389 2419 et
3417 2367 3598 2419 aetatis
3626 2363 3836 2417 utrius-

2252 2472 2359 2527 que
2385 2472 2548 2513 sexus
2568 2499 2582 2524 ,
2614 2458 2788 2513 solius
2811 2454 3173 2511 Herlembaldi
3196 2454 3500 2525 intrepidus
3521 2467 3841 2525 persevcra—

2251 2548 2347 2604 bat
2365 2557 2419 2605 et
2440 2549 2748 2606 inﬂexibilis
2768 2550 3006 2604 animus.
3031 2547 3311 2620 Siquidem
3336 2547 3675 2603 instantibus
3688 2545 3836 2599 Albis

2251 2639 2534 2696 Paschatis
2551 2641 2809 2711 baptismi
2840 2660 2858 2691 ι
2891 2638 3119 2712 (Pascha
3144 2650 3326 2696 autem
3354 2648 3489 2694 tunc
3514 2638 3837 2694 recurrebat

2252 2733 2286 2789 5
2314 2732 2538 2805 Aprilis)
2600 2753 2619 2784 α
2650 2733 2950 2804 satagebat,
2977 2733 3121 2789 sicut-
3141 2731 3420 2803 przeterito
3444 2730 3653 2787 fecerat
3671 2744 3836 2793 anno,

2257 2826 2443 2896 ignoto
2469 2824 2763 2881 chrismate
2789 2825 3047 2879 inchoare
3074 2824 3414 2896 mysterium.
3436 2821 3691 2893 Cumque
3720 2837 3840 2876 ear-

2249 2916 2460 2973 diuales
2480 2917 2744 2983 ecclesiae,
2773 2933 3007 2987 quorum
3053 2916 3310 2979 intererat
3369 2929 3594 2981 sacrare
3640 2911 3835 2977 fontes,

2251 3010 2459 3065 nollent
2484 3016 2675 3065 contra
2704 3009 2928 3064 solitum
2966 3024 3149 3081 agere,
3174 3016 3317 3063 astat
3346 3007 3496 3063 illico
3548 3006 3838 3076 Luitpran-

2249 3102 2352 3157 dus
2376 3102 2622 3171 quidam,
2645 3101 2926 3173 presbyter
2946 3111 3314 3171 nuncupatus,
3337 3116 3368 3155 a
3393 3099 3838 3171 progenitoribus

2247 3193 2495 3260 vernula,
2526 3194 2622 3264 qui
2663 3194 2825 3265 jussu
2869 3209 2934 3249 ac
2983 3194 3184 3248 virtute
3231 3193 3378 3248 illius
3428 3192 3834 3247 ordinat-iorqu

2248 3286 2535 3356 usurpavit
2553 3286 2812 3352 oﬂicium,
2844 3286 3122 3341 venientes
3171 3283 3483 3340 inconsulte
3526 3283 3832 3353 baptizans.

2322 3379 2412 3434 20.
2451 3398 2469 3430 ι
2503 3377 2569 3433 Et
2593 3379 2708 3434 lucc
2728 3379 2948 3449 quidem
2987 3378 3268 3445 violentia,
3304 3378 3507 3433 recenti
3526 3377 3722 3447 juncta
3754 3376 3837 3429 in-

2249 3486 2433 3527 censm
2471 3470 2708 3531 civitatis
2754 3471 3065 3535 memoriae,
3118 3469 3567 3540 quamplurimas
3611 3466 3837 3521 oﬂ‘endit

2250 3562 2487 3634 graviter
2516 3561 2971 3631 cives,pr-.ccipue
2997 3559 3311 3615 milites.....
3344 3557 3502 3613 Unde
3524 3557 3738 3613 factum
3754 3564 3836 3610 est

2251 3651 2396 3723 (pag.
2434 3650 2561 3721 325)
2600 3659 2661 3704 ut
2709 3650 2876 3705 simul
2920 3649 3117 3705 diebus
3171 3648 3382 3719 aliquot
3429 3656 3585 3702 extra
3645 3646 3833 3699 urbem

2249 3753 2529 3809 exeuntes,
2555 3758 2711 3797 suam
2762 3742 2868 3797 sibi
2910 3743 3180 3813 jurarent,
3230 3754 3432 3811 magna
3484 3737 3662 3809 plebis
3709 3751 3831 3793 cum

2239 3838 2427 3906 parte,
2447 3833 2717 3904 justitiam
2757 3841 2812 3888 et
2852 3831 2912 3888 S.
2936 3832 3214 3890 Ambrosii
3248 3832 3539 3898 honorem,
3566 3845 3635 3885 ac
3692 3830 3837 3884 dono

2250 3928 2395 3999 regis
2423 3936 2744 3998 accepturos
2793 3942 2914 3982 sese
2943 3934 3241 3997 pastorem.
3279 3923 3531 3994 Cumque
3583 3922 3829 3995 ingrede-

2250 4030 2439 4075 rentur
2473 4021 2839 4076 eommuniter
2882 4020 3093 4085 urbem,
3126 4018 3566 4084 llerlembaldus,
3592 4028 3655 4072 ut
3692 4032 3830 4072 sem-

2249 4127 2343 4183 per
2368 4111 2638 4168 consortis
2662 4110 2973 4186 impatiens,
2997 4111 3303 4166 astantibus
3337 4110 3442 4165 sibi
3463 4109 3830 4179 conciouaba.

2251 4211 2341 4256 tur
2361 4216 2511 4257 more
2534 4216 2652 4257 suo.
2686 4201 2757 4256 Ut
2778 4218 2908 4257 vero
2928 4202 3182 4261 cohibere
3232 4201 3473 4257 furorem
3524 4201 3671 4256 ultra
3724 4216 3830 4254 non

2248 4294 2440 4360 valuit,
2465 4293 2609 4350 facto
2637 4310 2762 4350 eum
2788 4294 2903 4350 suis
2925 4293 3129 4363 impetu
3152 4303 3205 4349 et
3224 4295 3486 4359 clamore,
3511 4292 3832 4348 festinanter

2250 4385 2440 4456 arripit
2462 4401 2634 4451 arma,
2658 4385 2940 4451 vexillum,
2964 4386 3111 4455 quod
3139 4384 3196 4440 S.
3225 4384 3372 4441 Petri
3392 4385 3831 4450 dicebat,dextra

2178 4490 2222 4548 υ
2251 4492 2468 4546 gerens,
2492 4484 2547 4530 et
2568 4483 2761 4531 contra
2786 4476 3097 4542 cives,dum
3121 4485 3271 4547 parte
3297 4485 3531 4547 surgunt
3560 4476 3631 4530 ab
3660 4476 3831 4543 enini,

2246 4576 2493 4627 armatus
2513 4567 2765 4637 prorupit
2799 4568 2855 4621 in
2884 4567 3161 4634 medium;
3196 4583 3357 4638 quem
3387 4569 3443 4622 in
3466 4577 3748 4622 momento
3772 4584 3831 4621 ac

2246 4659 2421 4729 prima
2454 4658 2634 4713 fronte
2657 4656 2781 4713 belli
2808 4667 2957 4713 tanta
2985 4659 3424 4714 adversariorum
3452 4660 3727 4729 oppressit
3754 4658 3832 4712 in-

2246 4751 2434 4805 cursio
2460 4758 2520 4804 ut
2561 4750 2695 4804 nihil
2723 4750 3079 4804 memorabile
3113 4760 3298 4820 posset
3328 4751 3397 4805 ab
3433 4750 3529 4804 illo
3555 4750 3693 4804 ﬁeri.
3732 4747 3831 4804 Ubi

2247 4856 2379 4896 vero
2401 4841 2808 4897 circumventus
2831 4849 2916 4902 est
2944 4830 3204 4912 undique,
3238 4840 3385 4896 illico
3408 4841 3621 4897 crebris
3661 4840 3830 4895 ciuili-

2228 4934 2397 5003 gitur
2421 4932 2648 4999 ictibus,
2685 4933 2939 5003 dictoque
2969 4933 3132 4988 citius
3148 4932 3386 4987 moriens
3408 4931 3640 4997 corruit,
3663 4930 3831 4985 comic

2247 5033 2361 5072 tatu
2395 5024 2514 5072 eius
2542 5023 2741 5072 eximio
2768 5024 3195 5072 cireummtanne
3214 5023 3485 5072 disperso.
3537 5022 3711 5072 Cuith
3736 5037 3827 5072 lxi-
