4028 5360
196 194 199 195 ⁷
244 180 382 236 1497

1778 175 1979 232 ACTA.

3374 176 3512 235 ΗΘΒ

243 308 398 361 naso,
426 301 487 347 ut
507 291 602 364 qui
629 292 866 346 alienum
893 287 1238 360 praesumpsit
1268 286 1524 354 cilicium,
1545 286 1690 358 quod
1726 286 1825 342 ha-
1852 294 1900 351 Α
1927 276 2206 353 caelorum,
2249 288 2303 343 in
2339 303 2450 361 quo
2493 290 2705 345 decimo
2732 304 2881 346 anno
2914 288 3017 344 ista
3054 287 3256 358 scripta
3288 296 3417 342 sunt
3436 286 3512 342 ad

243 386 371 441 bere
390 384 698 451 videbatur,
725 383 1018 438 amitteret.
1044 380 1245 436 Eadem
1268 380 1425 446 hora,
1448 387 1574 450 post
1609 378 1712 433 hoc
1739 377 1824 432 in-

232 478 397 548 signe
416 485 684 547 tropaeum
708 517 723 543 ,
760 475 908 530 cives
928 488 1120 529 omnes
1150 470 1507 542 triumphales
1531 476 1825 540 personant

243 565 501 637 hymnos,
568 564 679 620 Deo
719 574 774 620 et
826 572 1060 635 patrono
1104 577 1207 619 suo
1260 560 1585 626 Ambrosio,
1630 558 1824 615 armati

242 656 511 715 adeuntes
535 656 707 727 ipsius
731 656 1042 712 ecclesiam.
1075 652 1135 708 In
1170 652 1472 708 crastinum
1507 666 1636 706 vero
1660 650 1825 706 simul

243 765 372 804 cum
397 749 541 807 clero
567 748 712 814 laici,
740 748 796 802 in
831 746 1040 802 litauiis
1059 755 1113 802 et
1149 743 1425 810 laudibus,
1454 742 1523 797 ad
1572 751 1824 798 sanetum

242 842 426 897 denuo
463 842 819 912 procedentes
875 839 1250 903 Ambrosium,
1296 844 1481 891 reatus
1521 836 1826 906 praeteritos

243 934 574 989 conﬁtentur
607 933 949 997 alterutrum,
973 928 1316 986 absolutione
1343 943 1471 982 vero
1499 943 1530 981 a
1567 925 1825 982 sacerdo-

243 1026 414 1094 tibus,
433 1025 528 1096 qui
556 1034 756 1095 praasto
787 1024 1031 1088 aderant,
1057 1020 1349 1086 celebrata,
1382 1034 1633 1074 reversus
1666 1027 1749 1074 est
1769 1017 1823 1073 in

244 1134 381 1188 pace
402 1116 637 1188 populus
662 1116 957 1175 universus
977 1115 1045 1171 ad
1066 1114 1305 1185 propria.
1341 1132 1361 1166 ι

313 1210 404 1264 2i.
435 1209 494 1264 Si
528 1218 710 1264 tamen
733 1223 838 1279 pax
874 1207 1058 1278 aliqua
1094 1214 1266 1277 potest
1315 1219 1439 1260 esse
1482 1202 1683 1276 impiis,
1730 1217 1827 1272 per

245 1301 422 1371 magis
442 1300 641 1371 impios
655 1299 966 1355 sacerdotes
986 1297 1162 1369 magis
1186 1295 1469 1368 magisque
1491 1294 1557 1349 ad
1583 1294 1824 1349 seliisma

243 1392 540 1447 fivendum
560 1390 843 1462 obligatis;
869 1389 1012 1444 unde
1047 1387 1265 1459 “(verius
1318 1402 1485 1458 quam
1535 1383 1768 1441 intende.
1785 1383 1826 1438 it

241 1479 508 1537 Aruull‘us
529 1480 672 1552 apud
698 1477 1027 1535 Puricellum
1051 1494 1174 1549 pag.
1196 1476 1324 1547 515)
1352 1474 1419 1530 ad
1447 1490 1611 1547 porro
1638 1482 1824 1529 secuta

243 1570 500 1642 progredi
536 1585 596 1626 se
625 1569 730 1637 ait;
766 1588 785 1620 ι
815 1566 1305 1640 ρηιξόἱειίεἰὌῢυε,
1333 1578 1444 1620 non
1468 1564 1628 1636 plane
1668 1576 1825 1620 com-

242 1662 462 1736 positis,
486 1660 582 1719 sed
618 1658 897 1715 involutis.
932 1677 951 1711 ›
1003 1655 1265 1726 Quaenam
1288 1665 1469 1712 autem
1519 1668 1689 1725 porro
1735 1668 1825 1709 se-

243 1756 403 1812 cuta?
442 1774 460 1806 ι
496 1750 650 1825 εωρθ
676 1752 789 1823 jam
816 1750 944 1807 dicti
970 1749 1435 1815 Mediolanenses,
1473 1747 1679 1817 inquit,
1722 1761 1823 1817 pro

243 1846 479 1917 petendo
498 1844 932 1916 episcop0°ultra
968 1850 1180 1898 montes
1200 1840 1434 1897 Henrico
1461 1841 1572 1911 regi
1598 1838 1823 1910 legatio-

244 1953 368 1992 nem
409 1936 672 2008 dirigunt,
720 1935 1043 1991 mandantes
1103 1931 1547 1988 llerlembaldica:
1595 1929 1823 1987 interfe-

244 2028 443 2084 ctionis
473 2026 831 2097 triumphum.
868 2024 989 2091 Quo
1035 2023 1278 2095 cognito,
1321 2022 1535 2077 lmtatus
1592 2028 1677 2076 est
1725 2035 1822 2074 rex

244 2119 336 2175 ille
367 2136 531 2190 supra
564 2119 809 2180 modum,
832 2131 1212 2187 quemcunque
1232 2115 1431 2169 vellent
1468 2128 1527 2168 se
1564 2111 1821 2168 daturum

245 2211 567 2280 promittens
585 2210 920 2281 episcopum.
959 2228 979 2261 ι
1014 2206 1081 2261 Et
1108 2207 1273 2277 paulo
1322 2214 1446 2277 post
1490 2224 1503 2259 :
1561 2225 1579 2257 ί
1611 2203 1821 2259 Interea

245 2303 437 2374 legatis
464 2300 949 2357 Mediolanensium
976 2316 1044 2355 ex
1066 2299 1212 2353 clero
1233 2305 1287 2353 et
1315 2297 1518 2368 populo
1554 2310 1719 2366 super
1763 2309 1823 2350 re

246 2393 468 2469 praefata
495 2407 675 2462 regem
707 2390 1053 2452 adeuntibus,
1112 2387 1387 2443 Tedaldus
1427 2386 1673 2456 quidam,
1718 2383 1824 2438 Me-

244 2484 579 2540 diolanensis
598 2481 853 2540 Ecclesia:
895 2477 1292 2544 subdiaconus,
1314 2477 1515 2547 capella
1556 2475 1824 2531 militabat

246 2576 305 2630 in
331 2574 501 2640 regia.
526 2572 629 2628 Cui
650 2588 766 2640 rex,
792 2570 962 2626 multa
990 2569 1214 2624 volvens
1240 2583 1305 2623 ac
1354 2567 1639 2623 revolvens
1688 2581 1822 2621 eon-

245 2666 390 2735 silia,
426 2665 649 2737 proprio
703 2661 918 2720 tandem
971 2660 1264 2734 indulgens
1315 2660 1564 2726 arbitrio,
1591 2658 1824 2714 Ambro-

245 2759 465 2814 sianum
495 2756 718 2814 tradidit
746 2755 1119 2827 praesulatum,
1163 2753 1474 2826 posthabita
1504 2750 1821 2808 Gothofredi

246 2847 396 2913 illius
416 2846 596 2903 adhuc
612 2845 845 2901 viventis
866 2843 1188 2900 investitura
1211 2852 1264 2899 et
1288 2842 1570 2908 unctione,
1591 2840 1822 2896 Athonis

242 2953 465 3010 quoque
490 2938 678 2994 Roma:
703 2945 832 2993 tunc
859 2935 1105 3009 degentis
1126 2935 1411 2991 electione.
1441 2932 1582 3001 Quid
1622 2930 1822 3003 plura?

247 2983 550 3101 Susceptus
569 3038 655 3085 est
678 3029 876 3099 praesul
906 2983 996 3083 il'le
1029 3042 1059 3082 a
1085 3026 1232 3082 clero
1263 3033 1320 3081 et
1368 2983 1686 3096 populo...r..
1730 3022 1820 3079 cui
1849 2983 1894 3043 Ο

241 3124 409 3180 etiam
437 3120 788 3194 sull‘raganei,
806 3120 970 3177 iidem
1003 3120 1130 3191 ipsi,
1151 3120 1248 3191 qui
1277 3117 1669 3175 Gothofredum
1698 3133 1825 3173 eon-

245 3223 615 3281 secraverant,
650 3228 845 3269 manus
881 3215 1188 3282 imponunt,
1231 3231 1251 3263 ›
1314 3211 1403 3267 die
1457 3209 1492 3264 4
1539 3204 1823 3265 Februarii

244 3306 385 3361 1076
421 3306 532 3377 (uti
571 3306 781 3362 ostendi
814 3305 869 3359 in
904 3303 1134 3374 Exegesi
1182 3303 1251 3359 de
1288 3301 1563 3372 episcopis
1616 3300 1825 3357 Medio-

242 3398 603 3468 lanensibus),
618 3413 728 3453 non
756 3397 1007 3452 obstante
1035 3393 1179 3465 quod
1209 3393 1506 3464 Gregorius
1532 3407 1698 3463 papa,
1728 3405 1826 3463 per

240 3491 399 3546 datas
430 3506 505 3545 vit
532 3488 659 3545 ldus
686 3487 1021 3559 Septembris
1046 3486 1332 3559 prmgressi
1382 3485 1622 3542 Tedaldo
1671 3500 1827 3541 man-

240 3580 430 3635 dasset
463 3588 521 3634 ut
571 3578 799 3633 Romam
830 3577 1060 3645 veniret,
1085 3576 1369 3633 electionis
1401 3592 1517 3633 sua:
1557 3574 1826 3631 rationem

240 3671 575 3738 redditurus,
624 3671 840 3725 interim
881 3685 1010 3727 vero
1053 3684 1241 3726 sacros
1281 3669 1502 3726 ordines
1542 3684 1612 3725 ne
1652 3668 1829 3725 susci-

240 3771 422 3835 petet;
472 3779 526 3818 vr
578 3778 798 3833 quoque
846 3760 971 3817 ldus
1015 3759 1265 3817 Octobris
1314 3760 1560 3818 scribens
1610 3759 1828 3815 Vercel-

174 3900 177 3901 ν
240 3855 403 3922 lensi,
434 3853 780 3920 Taurinensi,
812 3854 1052 3919 Astensi,
1086 3852 1442 3923 lporediensi,
1471 3851 1744 3907 Laudensi
1773 3859 1828 3907 et

241 3946 456 4003 caeteris
483 3945 842 4017 suﬂ'raganeis
866 3954 1067 4001 sancta:
1090 3943 1511 3999 Mediolanensis
1548 3942 1825 4007 Ecclesiae,

239 4020 647 4109 signiﬁcaverat
695 4034 827 4105 quid
852 4034 1089 4090 Tedaldo
1123 4034 1434 4105 scripserit;
1466 4033 1656 4103 eisque
1691 4048 1829 4103 prae-

239 4136 460 4200 ceperat
484 4143 609 4182 eum
641 4127 708 4183 ad
736 4143 923 4184 sacros
952 4128 1173 4184 ordines
1212 4143 1281 4182 ne
1322 4135 1695 4197 promoveant.
1730 4124 1829 4181 llic

237 4234 372 4276 vero
401 4234 509 4274 non
540 4233 600 4275 se
640 4227 818 4289 potest
844 4220 1125 4275 continere
1150 4216 1437 4286 Arnulfus,
1473 4218 1827 4288 quantumvis

239 4309 413 4381 partis
452 4308 617 4381 regia:
657 4308 957 4376 studiosus,
979 4308 1113 4379 quin
1148 4308 1417 4364 exclamet
1443 4327 1455 4362 :
1487 4327 1506 4359 ‹
1538 4305 1644 4363 Res
1667 4308 1825 4375 mira,

168 4390 171 4391 ⁷
239 4410 295 4457 et
350 4400 564 4456 cunctis
623 4408 771 4456 retro
818 4401 1160 4470 temporibus
1218 4399 1505 4463 inaudita,
1556 4408 1617 4454 ut
1675 4399 1828 4453 urbis

241 4490 407 4546 unius
468 4506 578 4546 uno
635 4491 808 4547 electo
864 4492 1135 4559 antistite,
1195 4500 1411 4550 sacrato
1466 4492 1665 4558 altero,
1717 4507 1828 4545 uno

239 4580 539 4651 eidemque
582 4588 824 4651 tempore
860 4580 1054 4635 tertius
1094 4581 1382 4650 erumpat!
1414 4598 1432 4632 ι

308 4669 401 4725 22.
441 4668 577 4724 Falli
599 4669 689 4726 hic
716 4669 1009 4725 Arnuil‘um
1030 4671 1149 4726 vult
1170 4668 1524 4736 Puricellum,
1552 4668 1682 4725 dum
1708 4668 1826 4740 ipso

240 4762 478 4818 incendii
512 4763 735 4820 secundi
779 4778 943 4828 anno,
988 4773 1041 4823 et
1074 4771 1202 4819 ante
1249 4762 1466 4818 Tedaldi
1506 4762 1825 4819 electionem

242 4863 405 4925 atque
431 4854 832 4909 ordinationem
862 4855 1293 4921 sehismaticam,
1320 4854 1664 4910 interfectum
1697 4852 1829 4909 Her-

238 4944 566 5002 lembaldum
596 4945 745 5011 dicit,
793 4955 954 5016 atque
1003 4948 1057 5005 id
1104 4945 1308 5002 factum
1345 4946 1626 5001 contendit
1664 4947 1829 5016 paulo

238 5045 365 5107 post
388 5034 600 5093 Pascha
631 5036 759 5092 anni
810 5036 971 5104 1076,
1021 5040 1073 5098 id
1105 5046 1192 5093 est
1223 5051 1412 5091 mense
1444 5036 1668 5107 Aprilis.
1716 5036 1825 5095 Sed

236 5127 511 5198 quomodo
539 5126 655 5183 lalli
679 5128 852 5198 potuit
879 5127 924 5182 is
959 5134 1056 5204 qui
1085 5138 1240 5193 tunc,
1276 5141 1402 5181 cum
1425 5142 1515 5183 res
1541 5128 1825 5202 agebatur,

236 5218 526 5285 scribebat,
569 5226 624 5275 et
665 5217 929 5273 scribendi
982 5225 1150 5280 ﬁnem
1197 5218 1326 5273 fecit
1365 5234 1512 5275 anno
1558 5228 1683 5291 post
1730 5238 1823 5280 se-

233 5310 419 5360 nuenti
453 5308 625 5360 1077?
656 5308 739 5360 Me
779 5315 917 5360 certe
963 5317 1033 5360 mi
1075 5312 1130 5360 id
1161 5310 1452 5360 dicendum
1483 5326 1592 5360 nnn
1622 5325 1826 5360 meum.

1927 377 2141 433 laudem
2174 375 2268 433 Dei
2295 378 2527 449 ejusque
2559 378 2751 435 famuli
2783 377 3009 433 Arialdi.
3040 396 3059 429 ι
3093 375 3234 440 Non.
3266 376 3512 445 insuam,

1926 470 2041 526 haec
2070 484 2157 524 me
2183 480 2401 526 movent
2428 489 2441 527 :
2466 472 2685 542 quiaibi
2712 472 2871 528 video
2899 472 3193 528 sollicitum
3219 469 3513 536 Andream,

1927 571 1986 619 ut
2016 563 2070 617 in
2099 561 2167 616 iis
2186 577 2308 632 quae
2328 561 2611 618 Ariaidum
2646 570 2915 634 spectant,
2952 561 3194 617 inveniat
3227 560 3513 615 denarium

1926 669 2247 719 numerum;
2315 668 2477 723 quem
2533 665 2593 709 ut
2645 655 2908 724 reperiret
2962 654 3019 709 in
3081 652 3242 708 annis
3276 652 3516 721 .utrique

1926 744 2089 799 morti
2121 742 2336 809 mediis,
2387 742 2566 813 potuit
2599 742 2956 813 ineompletos
2988 758 3084 799 eos
3128 755 3366 808 sumere,
3399 740 3515 811 pri-

1926 850 2188 905 mumque
2226 849 2519 891 numerare
2545 834 2725 905 ipsum
2765 849 2876 905 quo
2910 850 3088 890 caesus
3120 833 3378 889 Arialdus
3408 840 3513 897 est,

1926 928 2053 983 licet
2074 928 2186 998 jam
2220 927 2396 982 media
2424 942 2491 982 ex
2525 934 2679 997 parte
2718 926 3041 990 decursum,
3077 934 3132 980 et
3164 924 3244 981 sic
3268 924 3516 980 decimus

1926 1027 2070 1090 post,
2107 1017 2212 1073 erit
2237 1017 2354 1089 ipse
2382 1032 2547 1087 quem
2593 1015 2783 1073 statuit
2826 1014 3113 1080 Arnulfus,
3159 1028 3435 1085 quemque
3463 1014 3515 1068 ei

1924 1110 2204 1180 disputare
2242 1124 2475 1180 nequeo,
2497 1124 2677 1165 anuus
2709 1107 2866 1163 l075.
2898 1106 3127 1163 Biennio
3157 1114 3341 1161 autem
3368 1115 3511 1176 post,

1926 1199 2162 1257 Henrico
2201 1216 2328 1271 rege
2372 1200 2440 1257 ad
2483 1198 2927 1257 communionem
2972 1196 3400 1254 ecclesiasticam
3429 1210 3518 1251 re-

1926 1302 2102 1363 cepto,
2142 1311 2160 1344 σ
2188 1290 2608 1348 Mcdiolanensis
2636 1290 2894 1361 populus,
2926 1287 3224 1344 Theodaldi
3252 1287 3517 1345 societate

1926 1384 2237 1455 culpabilis,
2268 1383 2287 1451 (
2316 1383 2499 1438 divina
2554 1381 2878 1454 prohibente
2928 1381 3045 1451 lege
3106 1378 3518 1442 communicare

1926 1491 2053 1532 cum
2082 1473 2608 1543 excommunicato,)
2636 1471 2823 1528 missis
2849 1470 3076 1526 domino
3102 1483 3257 1541 papae
3299 1466 3513 1539 legatis,

1929 1568 2253 1625 solutionem
2294 1566 2621 1638 imploravit.
2666 1564 2770 1620 Cui
2816 1563 3098 1635 legationi,
3118 1580 3137 1614 ι
3190 1559 3369 1631 inquit
3410 1558 3518 1616 Ar-

1856 1630 1898 1689 B
1928 1660 2133 1728 nullus,
2169 1680 2188 1712 ε
2212 1630 2390 1716 etiam-
2408 1660 2522 1731 ipse
2552 1656 2799 1723 interfui,
2857 1630 2927 1711 de
2962 1650 3518 1727 prateritissatisfa-

1926 1754 2100 1820 ciens,
2132 1753 2187 1808 in
2212 1751 2400 1809 futuro
2428 1750 2683 1823 castigari
2718 1748 3074 1821 promittens;
3104 1765 3124 1799 ι
3171 1746 3418 1816 adeoque
3449 1758 3515 1799 ea

1923 1860 2049 1916 quae
2082 1854 2274 1900 contra
2317 1863 2337 1897 ι
2366 1851 2588 1901 sanctos
2616 1840 2899 1898 Arialdum
2930 1849 2984 1895 et
3020 1837 3460 1893 Herlembaldum
3490 1854 3510 1887 ι

1923 1936 2176 1993 acerbius
2218 1936 2513 2007 scripserat
2550 1940 2923 1999 correcturus,
2971 1931 3019 1986 si
3065 1930 3248 1986 denuo
3275 1928 3518 1986 scribere

1921 2029 2170 2086 eamdem
2205 2028 2492 2084 historiam
2522 2026 2802 2082 debuisset
2820 2025 2906 2080 vel
2935 2024 3224 2095 potuisset,
3249 2022 3355 2077 nisi
3377 2019 3519 2075 forte

1922 2119 2087 2174 etiam
2136 2127 2268 2173 tunc
2314 2117 2493 2174 adhuc
2537 2115 2866 2187 persistebat
2908 2115 2964 2168 in
3016 2113 3186 2184 priori
3233 2110 3515 2182 opinione,

1921 2209 2070 2280 quod
2096 2208 2196 2277 illi,
2218 2209 2431 2279 justum
2455 2208 2699 2279 quidem,
2725 2206 2823 2263 sed
2839 2221 2958 2261 non
2986 2206 3135 2276 juste
3154 2204 3361 2260 fuerint
3389 2217 3519 2274 pro—

1923 2300 2130 2368 secuti,
2177 2300 2398 2356 modum
2449 2308 2504 2356 et
2548 2300 2816 2358 terminos
2860 2313 2994 2354 suos
3036 2298 3305 2368 cujusque
3335 2295 3516 2351 ordini

1922 2395 2173 2462 praeﬁxos
2201 2392 2531 2448 excedendo.
2579 2390 2732 2447 llane
2773 2400 2920 2446 certe
2956 2390 3267 2460 opinionem
3314 2387 3518 2444 retine-

1922 2483 2036 2548 bat,
2071 2483 2186 2553 jam
2231 2484 2634 2554 quadamtenus
2678 2483 3040 2550 emendatus,
3083 2476 3215 2536 ‘eum
3251 2481 3519 2537 scriberet

1923 2575 2067 2646 apud
2093 2573 2424 2631 Puricellum
2463 2590 2586 2647 pag.
2613 2573 2758 2630 529:
2805 2594 2823 2626 ε
2853 2572 2909 2629 Si
2957 2590 3081 2645 qua:
3125 2581 3255 2630 sunt
3281 2574 3515 2629 aliorum

1923 2667 2061 2723 bene
2113 2667 2258 2724 dicta
2303 2668 2389 2723 vel
2428 2674 2584 2735 acta,
2635 2682 2746 2722 non
2795 2666 3171 2737 improbamus
3198 2708 3214 2733 ,
3265 2680 3366 2721 nec
3405 2665 3519 2721 ullo

1923 2760 2089 2815 modo
2113 2758 2468 2817 dissentimus
2507 2759 2578 2815 ab
2622 2759 2880 2815 omnibus
2909 2758 3018 2814 illis
3049 2757 3145 2828 qui
3176 2757 3397 2812 venales
3431 2770 3520 2811 re-

1921 2849 2155 2919 probant
2186 2850 2629 2906 consecrationes
2671 2858 2727 2904 et
2772 2854 3056 2905 sacrorum
3088 2846 3520 2904 incontinentias

1924 2939 2197 3006 ordinum,
2229 2956 2291 2996 ea
2320 2949 2504 2996 tamen
2540 2940 2754 2997 ratione
2802 2949 2863 2995 ut
2890 2956 2922 2995 a
2955 2938 3127 2995 Paulo
3153 2953 3262 2994 non
3309 2937 3520 2993 discre-

1923 3047 2117 3102 pemus
2144 3042 2395 3099 auctore;
2432 3034 2508 3088 ait
2532 3032 2680 3088 enim
2718 3048 2732 3084 :
2784 3052 2801 3083 ι
2848 3029 3044 3086 Omnia
3074 3038 3255 3085 autem
3290 3029 3522 3084 honeste

1922 3134 1980 3181 et
2006 3126 2307 3181 secundum
2335 3124 2583 3187 ordinem
2609 3125 2743 3179 fiant
2772 3123 2835 3195 (Ι
2865 3123 2989 3180 Cor.
3023 3138 3136 3186 nv,
3167 3120 3295 3192 40).
3329 3141 3348 3172 ι

1990 3220 2080 3275 2'5.
2119 3217 2263 3274 Nihil
2299 3227 2491 3273 contra
2518 3217 2660 3273 hanc
2685 3216 2880 3287 legem,
2917 3231 2992 3272 ne
3026 3215 3096 3270 ab
3134 3212 3522 3269 Herlembaldo

1923 3310 2145 3382 quidem
2177 3319 2459 3381 peccatum
2493 3309 2711 3365 censuit
2735 3309 3000 3374 Andreas,
3033 3323 3158 3363 eum
3195 3325 3214 3358 α
3241 3306 3295 3361 in
3325 3304 3522 3360 defen-

1924 3402 2080 3458 sione
2120 3402 2350 3474 justitiaa
2384 3401 2646 3474 martyrio
2692 3408 3016 3457 coronatum
3050 3419 3068 3450 ι
3119 3397 3515 3470 pronuntiavit,

1925 3510 2077 3549 num.
2138 3494 2238 3561 δὴ
2293 3495 2431 3549 nihil
2477 3496 2643 3550 etiam
2700 3493 2997 3564 Gregorius
3050 3506 3221 3562 papa,
3274 3490 3523 3546 scribens

1931 3604 1950 3637 ι
1979 3583 2225 3640 Wifredo
2262 3583 2548 3641 Mediolani
2590 3584 2784 3649 militi;
2828 3597 3014 3654 quem,
3047 3601 3065 3633 ι
3110 3586 3235 3651 pust
3270 3578 3520 3634 Heriem-

1924 3678 2073 3733 baldi
2124 3677 2360 3744 caedem,
2422 3697 2441 3729 ι
2492 3677 2559 3732 ad
2608 3673 3000 3732 confortandos
3059 3670 3263 3727 Christi
3314 3671 3518 3727 milites

1926 3768 2175 3822 animum
2198 3774 2254 3823 et
2278 3763 2652 3821 fortitudinem
2697 3764 3062 3834 resumpsisse
3085 3783 3104 3816 ›
3155 3763 3517 3821 intellexerat.

1924 3856 2160 3913 Mentem
2226 3866 2408 3913 autem
2468 3872 2623 3914 suam
2681 3855 3028 3911 manifestius
3078 3856 3524 3927 luculentiusque

1924 3949 2165 4005 declarat
2204 3950 2258 4003 in
2312 3949 2539 4019 epistola
2563 3949 2628 4003 ad
2652 3946 2938 4019 przefatum
2961 3946 3320 4018 Liprandum.
3353 3963 3522 4018 quam

1927 4057 1995 4096 ex
2024 4041 2147 4111 ejus
2175 4050 2371 4112 nepote
2400 4039 2685 4097 Landulllo
2720 4056 2752 4095 a
2780 4040 2838 4095 S.
2868 4039 3041 4095 Paulo
3080 4040 3159 4096 sic
3197 4040 3390 4095 recitat
3413 4038 3523 4095 Pu-

1925 4129 2145 4185 ricellus
2171 4145 2294 4200 pag.
2328 4128 2461 4183 327:

2004 4243 2021 4274 ι
2044 4221 2353 4277 ϐιιεςοιιιυς
2388 4221 2697 4292 episcopus,
2736 4235 2927 4276 servus
2959 4235 3243 4276 servorum
3275 4216 3390 4287 Dei,
3432 4218 3527 4274 Li-

1859 4327 1905 4388 ι)
1930 4330 2136 4370 νειμ(υο
2183 4313 2475 4383 sacerdoti,
2523 4314 2753 4369 salutem
2803 4324 2858 4368 et
2901 4312 3256 4383 apostolicam
3301 4312 3525 4368 benedi-

1926 4406 2186 4462 ctionem.

2002 4516 2022 4549 ι
2045 4495 2102 4550 Si
2135 4504 2454 4551 sanctorum
2476 4493 2797 4550 memoriam
2820 4508 3169 4560 veneramur,
3196 4491 3262 4547 de
3284 4508 3524 4563 quorum

1924 4584 2157 4658 legimus
2190 4595 2366 4641 morte
2410 4596 2465 4641 et
2504 4585 2846 4641 abscissione
2878 4584 3285 4650 membrorum;
3334 4584 3382 4639 si
3427 4601 3525 4657 pa-

1923 4673 2169 4730 tientiam
2219 4673 2507 4729 laudamus
2539 4687 2754 4738 eorum,
2786 4686 2929 4741 quos
2966 4688 2998 4726 a
3041 4669 3247 4725 Christi
3283 4671 3387 4727 ﬁde
3419 4687 3530 4729 nec

1928 4765 2140 4836 gladius
2176 4781 2279 4821 nec
2332 4766 2444 4822 ulla
2473 4780 2635 4837 pmna
2661 4762 2879 4830 divisit;
2912 4771 2969 4819 tu
2998 4758 3236 4832 quoque,
3283 4762 3536 4821 abscisso

1928 4874 2065 4915 naso
2088 4868 2144 4915 et
2171 4856 2404 4915 auribus
2434 4872 2535 4930 pro
2569 4853 2780 4911 Christi
2816 4856 3062 4919 nomine,
3087 4850 3416 4910 laudabilior
3451 4873 3538 4924 es,

1928 4951 2023 5021 qui
2059 4950 2128 5006 ad
2166 4964 2290 5007 eam
2335 4951 2569 5021 gratiam
2610 4947 2924 5020 pertingere
2958 4940 3249 5008 meruisti,
3300 4960 3425 5015 qua:
3471 4947 3542 5003 ab

1930 5042 2185 5099 omnibus
2216 5039 2581 5098 desideranda
2620 5049 2740 5104 est;
2777 5048 2892 5106 qua
2914 5056 2945 5094 a
2973 5032 3181 5092 sanctis
3195 5030 3265 5105 (si
3292 5049 3548 5105 perseve-

1928 5134 2132 5190 raveris
2156 5135 2213 5189 iu
2253 5131 2456 5207 ﬁnem)
2491 5148 2603 5189 non
2645 5130 2960 5200 discrepas.
2998 5124 3283 5196 integritas
3330 5131 3549 5201 quidem

1928 5224 2175 5294 corporis
2216 5222 2295 5278 tui
2325 5226 2601 5282 diminuta
2641 5229 2759 5287 est;
2805 5222 2906 5279 sed
2950 5216 3183 5280 interior
3230 5217 3421 5288 homo,
3460 5218 3555 5293 qui

1926 5325 2221 5360 mnnvntm-
2245 5313 2313 5360 ἀεὶ
2343 5317 2434 5360 dia
2475 5317 2531 5360 in
2574 5315 2743 5360 diem-
2772 5324 3043 5360 mammm
3086 5307 3396 5360 sanctitati:
3430 5328 3559 5360 sns—
