4028 5360
492 317 518 372 1
534 316 633 373 £99

1630 302 1731 357 SS.
1774 296 2055 354 AlllALDl
2094 293 2181 350 ET
2222 285 2659 348 Ειὶιωιωιῡι

3621 276 3639 327 l
3649 274 3754 327 εοο

489 430 546 486 in
582 429 825 487 Canticis
857 428 1199 485 canticorum
1236 424 1501 495 gloriatur
1545 419 1808 484 Ecclesia,
1850 417 2069 471 dicens:

2185 411 2326 464 bane
2353 423 2492 479 papa
2526 405 2593 471 ll,
2616 403 2712 475 qui
2735 408 2923 473 postea
2951 397 3110 453 annis
3148 397 3198 450 ll
3235 402 3289 449 et
3325 392 3607 448 mensibus
3650 391 3755 444 aii-

495 543 514 574 σ
541 520 704 593 Nigra
730 536 876 587 sum,
920 519 1015 576 sed
1044 517 1305 583 formosa,
1333 515 1457 569 tilia
1478 511 1779 567 Jerusalem
1810 508 1996 580 (Cant.
2033 524 2071 573 ι,

489 612 612 684 54).
644 638 663 666 ι
698 612 857 680 Quod
880 612 927 667 si
955 611 1182 666 interior
1210 607 1420 680 species
1443 603 1578 661 nihil
1613 620 1773 674 passa
1801 613 1885 656 est
1908 599 2075 655 detri-

488 703 655 758 menti
702 702 769 757 iis
803 700 1268 764 abscissionibus,
1320 712 1430 751 non
1470 702 1555 750 est
1601 693 1911 749 abscissum
1953 706 1983 745 a
2022 699 2074 744 te

487 793 821 850 sacerdotale
850 792 1107 856 olIicium,
1139 790 1285 861 quod
1312 788 1591 860 proprium
1627 796 1711 841 est
1740 783 2071 849 sanctitatis;

485 893 541 938 et
565 898 673 940 non
709 892 818 939 tam
848 883 1229 939 consideratur
1258 881 1311 935 in
1347 878 1653 949 integritate
1699 876 2073 931 membrorum

484 991 651 1045 quam
680 977 736 1031 in
765 974 1074 1046 integritate
1099 963 1380 1028 virtutum.
1426 968 1889 1038 Undeimperator
1928 965 2075 1020 Con-

485 1065 763 1121 stantinus
802 1061 1278 1136 Hierosolymitani
1321 1058 1560 1131 episcopi
1604 1057 1891 1127 cujusdam
1942 1070 2075 1111 ocu-

484 1158 597 1212 lum
627 1176 648 1209 ι
699 1158 715 1225 (
743 1156 802 1211 S.
835 1155 1058 1211 Maximi
1088 1154 1314 1219 scilicet,
1362 1153 1428 1207 de
1469 1166 1580 1221 quo
1617 1159 1799 1204 actum
1834 1149 1867 1203 5
1906 1145 2072 1219 Maii)

489 1265 633 1320 «pro
662 1248 867 1306 Christi
906 1248 1126 1303 nomine
1167 1256 1383 1302 erutum
1427 1258 1568 1313 sape
1608 1242 1987 1307 osculabatur;
2020 1249 2076 1295 et

482 1343 733 1412 exemplo
774 1339 997 1395 Patrum
1040 1348 1202 1408 atque
1245 1339 1575 1393 documento
1619 1334 1891 1404 majorum
1933 1333 2074 1389 didi-

485 1433 664 1487 cimus
690 1448 798 1487 non
830 1431 1045 1487 auferre
1071 1446 1291 1486 sacrum
1321 1428 1558 1484 oﬂicium
1589 1427 1944 1499 martyribus,
1971 1442 2072 1497 pro.

484 1521 802 1592 bujusmodi
825 1537 1035 1578 casura
1060 1522 1449 1577 membrorum.

516 1668 522 1677 ,
550 1614 643 1669 24.
691 1632 710 1666 ε
735 1612 987 1680 Proinde,
1031 1621 1239 1684 martyr
1278 1612 1504 1679 Christi,
1535 1609 1844 1667 confortare
1874 1609 1932 1663 in
1966 1607 2071 1662 Do-

482 1706 654 1760 mino.
685 1704 856 1776 Magis
908 1706 1100 1762 credas
1143 1706 1199 1760 in
1238 1713 1289 1760 te
1323 1721 1468 1760 nunc
1505 1719 1627 1759 esse
1662 1702 2069 1774 presbyteratus

2175 509 2310 571 quot
2358 498 2532 554 tenuit
2580 494 2835 551 Ecclesia
2887 489 3166 546 catholica
3217 484 3669 561 gubernaculum,
3702 491 3757 535 et

2171 597 2422 659 receptus
2445 596 2498 641 et
2523 585 2738 657 agnitus
2761 582 2863 637 fuit
2878 597 3038 635 verus
3060 576 3403 632 S.Ambrosii
3441 586 3752 631 successor.

2172 680 2383 736 Etenim
2416 679 2561 733 illius
2593 676 2659 732 ad
2690 677 2835 731 hunc
2865 681 3041 729 exstat
3070 671 3210 741 apud
3245 668 3464 723 lvonem
3499 675 3653 736 parte
3678 680 3751 718 vl.

2175 786 2294 840 cap.
2323 768 2447 833 406,
2474 766 2797 836 rescriptum
2832 759 3145 833 hujusmodi
3175 778 3186 813 :
3225 778 3243 810 ι
3273 755 3604 812 Discretioni
3651 770 3726 808 no

2174 856 2301 918 stra
2331 860 2546 915 videtur
2580 866 2874 928 quatenus,
2917 851 3212 910 secundum
3264 848 3518 920 pracepti
3581 845 3755 900 nostri

2175 963 2441 1019 tenorem,
2465 950 2685 1022 quando
2723 948 3022 1003 secundum
3044 942 3300 998 Ecclesia
3327 951 3526 996 vestra
3548 952 3755 993 morem

2174 1061 2360 1101 sacros
2385 1045 2612 1099 daturus
2635 1039 2965 1112 quibuslibet
2994 1036 3115 1092 aliis
3144 1025 3389 1099 ordines,
3434 1031 3751 1087 benedicere

2175 1135 2430 1206 coeperis,
2454 1150 2569 1199 eos,
2593 1147 2733 1202 quos
2767 1139 2856 1185 tua
2877 1128 3096 1185 duxerit
3116 1126 3337 1182 solertia
3385 1122 3724 1179 reconcilian

2174 1230 2294 1294 dos,
2327 1228 2470 1281 inter
2512 1222 2938 1281 benedicendum
2991 1230 3045 1275 et
3094 1232 3292 1273 manus
3339 1214 3731 1286 imponendum

2174 1321 2345 1376 facias
2366 1321 2657 1385 interesse;
2683 1317 2882 1387 quibus
2906 1322 3098 1369 catera
3123 1311 3304 1367 omnia
3322 1307 3747 1364 consecrationis

2175 1414 2555 1476 instrumenta,
2586 1416 2781 1480 prater
2811 1405 3106 1472 unctionis,
3153 1402 3413 1473 explebis,
3452 1409 3508 1454 et
3554 1399 3637 1455 sic
3686 1399 3750 1452 εει

2173 1514 2361 1560 sancta
2391 1502 2692 1558 ministeria
2720 1496 3117 1555 reconciliabis.
3163 1515 3182 1548 ι

2242 1596 2331 1650 26.
2367 1595 2525 1649 Anno
2552 1594 2690 1649 l095
2720 1591 3008 1648 Placentia
3035 1589 3302 1661 synodum
3328 1586 3626 1643 celebravit
3654 1583 3729 1639 Ur

2173 1689 2397 1744 banus:
2455 1708 2474 1740 ί
2507 1686 2666 1754 Iluic,
2727 1706 2746 1737 ι
2793 1694 2931 1740 teste
2973 1683 3266 1738 Bertboldo
3318 1680 3730 1737 Const-antiensi

483 1795 740 1863 οιιῖοίηω,
778 1773 937 1867 ’ρυοα
988 1796 1140 1865 prius
1188 1798 1293 1852 olei
1340 1797 1615 1864 unctione,
1652 1773 1815 1849 'nunc
1861 1794 1940 1850 ιιιί
1989 1803 2071 1849 ρει
2103 1776 2144 1832 Β
2179 1799 2198 1831 ‹
2271 1777 2635 1835 interfuerunt
2683 1774 3118 1847 Saltzburgensis
3173 1773 3655 1843 archiepiscopus,
3699 1780 3749 1824 cI

483 1887 768 1959 sanguinis
802 1889 1064 1945 tinctione
1109 1891 1496 1956 commissum;
1541 1897 1595 1944 et
1639 1897 1846 1959 quanto
1886 1888 2070 1943 minus

484 1977 651 2033 habes
679 1978 827 2048 quod
856 1978 1028 2048 possit
1052 1978 1279 2046 auferri,
1315 1988 1469 2034 tanto
1494 1980 1678 2035 minus
1706 1979 1902 2033 timeas
1934 1994 2070 2048 pne-

481 2066 665 2124 dleare
710 2086 833 2140 qua
864 2087 991 2126 vera
1026 2086 1181 2137 sunt,
1230 2072 1669 2142 seminarequa
1707 2070 2070 2141 centuplicata

483 2160 797 2217 reddentur.
839 2160 1058 2219 Scimus
1104 2164 1326 2234 quidem
1376 2173 1427 2220 te
1470 2164 1540 2218 ab
1578 2164 1819 2219 inimicis
1868 2172 2071 2219 sancta

482 2249 739 2315 Ecclesia
781 2269 997 2325 semper
1040 2255 1314 2311 inimicari
1381 2265 1437 2311 et
1474 2255 1656 2327 aﬂligi,
1698 2256 1790 2311 sed
1856 2271 1924 2311 ue
1975 2271 2070 2312 eos

485 2341 679 2421 timeas
707 2360 882 2414 neque
900 2348 1273 2415 perterrearis,
1299 2349 1429 2418 quia
1454 2365 1562 2404 non
1586 2359 1694 2404 tam
1715 2358 1766 2404 te
1790 2362 1953 2418 quam
1979 2358 2070 2403 tua

483 2434 688 2499 omnia,
729 2436 834 2490 sub
868 2446 1056 2493 nostra
1097 2448 1152 2494 et
1186 2440 1497 2508 apostolicae
1535 2440 1681 2496 sedis
1724 2441 1912 2508 tutela,
1943 2457 2068 2497 cum

480 2541 678 2598 magna
720 2528 983 2585 cbaritate
1028 2540 1293 2588 tenemus.
1343 2530 1409 2589 Et
1453 2531 1498 2591 si
1545 2533 1602 2589 in
1650 2534 1926 2605 aliquibus
1970 2535 2069 2590 tibi

480 2619 852 2687 necessarium
907 2622 1073 2678 fuerit
1127 2626 1485 2696 apostolicam
1549 2627 1733 2683 sedem
1771 2628 2065 2699 appellare,

482 2713 859 2785 concedimus;
892 2724 946 2770 et
986 2716 1032 2772 si
1069 2716 1137 2772 ad
1172 2732 1274 2775 nos
1311 2726 1367 2775 et
1405 2719 1451 2775 si
1489 2720 1557 2776 ad
1598 2729 1841 2777 nostram
1881 2720 2065 2779 sedem

480 2806 714 2871 veneris,
767 2823 895 2862 cum
940 2809 1137 2879 gaudio
1175 2818 1229 2865 et
1278 2826 1480 2882 magno
1528 2811 1738 2867 honore
1788 2813 2066 2883 suscipere

481 2898 658 2965 parati
695 2915 907 2956 sumus.
939 2921 958 2953 ι
1012 2900 1232 2957 Utinam
1283 2904 1365 2959 sic
1407 2904 1573 2959 etiam
1611 2903 1953 2973 haberentur
1985 2906 2089 2971 lita

480 2996 641 3090 tera,
685 3008 852 3062 quas,
893 2993 1164 3051 intellecta
1200 2994 1571 3052 llerlembaldi
1613 3007 1816 3066 morte,
1863 2999 1933 3055 ad
1971 3015 2068 3057 eos

481 3080 577 3147 qui
628 3080 802 3150 ipsam
841 3083 1239 3154 signiﬁcabant,
1281 3086 1495 3143 dedisse
1535 3087 1857 3160 Gregorium
1897 3091 2070 3147 credi-

2170 1870 2510 1927 Pataviensis
2543 1869 2834 1940 episc0pus
2882 1868 2948 1923 de
2999 1864 3269 1936 Bajoaria,
3316 1866 3384 1920 de
3428 1864 3750 1920 Alemannis

2171 1980 2298 2018 vero
2337 1962 2796 2028 Constantiensis,
2825 1959 2918 2031 qui
2962 1969 3017 2015 et
3045 1957 3334 2013 Arnull‘um
3380 1956 3744 2013 Mediolanen-

2170 2072 2285 2112 sem
2315 2055 2804 2125 archiepiscopum,
2834 2053 2925 2107 diu
2950 2052 3169 2122 quidem
3198 2052 3452 2116 electum,
3484 2050 3579 2105 sed
3608 2066 3745 2103 non-

2170 2148 2298 2203 dum
2328 2155 2730 2211 consecratum,
2758 2144 2949 2200 eodem
2989 2152 3232 2214 tempore
3273 2146 3359 2198 ex‘
3393 2143 3749 2198 concessione

2169 2241 2377 2295 domini
2403 2255 2555 2310 papa
2577 2234 2865 2294 Mediolani
2896 2234 3301 2293 consecravere.
3354 2259 3372 2289 ι
3428 2236 3749 2308 Supervenit

2168 2332 2361 2388 deinde
2382 2332 2510 2387 illuc
2534 2328 2777 2402 pontifex
2807 2330 2941 2402 ipse,
2972 2329 3066 2401 qui
3108 2331 3239 2401 quid
3272 2340 3402 2384 tunc
3440 2329 3615 2399 egerit
3642 2327 3734 2383 Me

2168 2424 2390 2491 diolaui,
2431 2425 2645 2496 collegit
2683 2423 2983 2479 Puricellus
3010 2440 3079 2477 ex
3099 2422 3333 2493 quadam
3381 2439 3487 2477 ms.
3549 2437 3743 2493 margi-

2169 2518 2279 2572 nali
2317 2518 2614 2584 additione,
2664 2516 2733 2571 ad
2774 2524 2939 2586 caput
2982 2515 3081 2570 ult.
3138 2514 3263 2568 libri
3325 2530 3406 2580 ιιι,
3453 2513 3746 2569 Annalium

2167 2607 2415 2665 Landulli
2447 2606 2859 2681 Senioris,nihil
2888 2623 3053 2677 quam
3074 2605 3334 2661 Arnull’us
3362 2605 3465 2661 fuit
3492 2607 3750 2677 sequioris

2166 2704 2236 2761 ad
2264 2704 2586 2760 memoriam
2611 2700 2998 2758 Herlembaldi.
3051 2700 3129 2756 lbi
3158 2710 3281 2771 post
3314 2700 3430 2755 hac
3461 2701 3665 2771 scripta
3694 2700 3747 2753 in

2166 2798 2412 2873 margine
2431 2797 2617 2864 verba,
2647 2816 2666 2849 ι
2689 2793 2970 2851 Occiditur
2993 2793 3402 2849 Herlembaldus
3425 2795 3495 2849 ab
3510 2793 3748 2847 Arnaldo

2165 2890 2233 2946 de
2267 2888 2487 2957 Raude;
2536 2908 2554 2941 ι
2591 2888 2673 2945 sic
2703 2887 2928 2959 insuper
2961 2886 3159 2958 legitur
3202 2906 3214 2941 :
3268 2905 3285 2938 ε
3326 2884 3529 2941 Versus
3588 2900 3745 2955 super

2167 2982 2418 3053 sepulcro
2441 2979 2805 3037 Herlembaldi
2829 2979 2887 3034 in
2928 2980 2988 3035 S.
3020 2978 3307 3050 Dionysio,
3333 2993 3495 3049 quem
3527 2987 3745 3033 sancto-

2165 3090 2290 3129 rum
2320 3083 2623 3148 martyrum
2660 3073 2907 3145 catalogo
2938 3071 3221 3128 adnotavit
3239 3069 3493 3126 Urbanus
3522 3067 3597 3137 ll;
3654 3068 3745 3140 qui

482 3170 590 3225 bile
633 3182 736 3237 est,
787 3175 975 3243 plenas
1004 3178 1381 3236 aestimationis
1424 3189 1480 3235 et
1528 3158 1775 3249 affectus,
1827 3199 1925 3239 nec
1953 3201 2063 3240 non

2170 3179 2292 3219 cum
2327 3163 2611 3233 Arnulpbo
2633 3161 3048 3232 archiepiscopo
3076 3161 3364 3216 millesimo
3394 3158 3746 3230 nonagesimo

484 3266 949 3332 comprobationis
983 3277 1231 3325 actorum
1274 3271 1343 3325 ab
1382 3286 1468 3337 eo,
1509 3273 1712 3342 quibus
1748 3273 1961 3328 obstrui
1989 3275 2066 3331 si-

483 3351 686 3409 militer
713 3367 935 3425 possent
972 3375 1088 3426 ora,
1129 3361 1195 3416 de
1224 3376 1290 3417 eo
1327 3378 1481 3433 aque
1518 3378 1581 3419 ac
1624 3363 1681 3419 S.
1724 3365 1947 3421 Arialdo
1977 3367 2062 3422 lo-

483 3449 770 3515 quentium
800 3450 1004 3521 iniqua.
1040 3452 1199 3510 Nune
1231 3457 1376 3526 quod
1404 3466 1676 3527 superest,
1702 3458 1967 3529 quidquid
1994 3476 2088 3519 ex.

482 3535 752 3594 Puricello
781 3541 1032 3612 colligere
1051 3560 1365 3614 possumus,
1394 3546 1462 3603 ad
1487 3549 1773 3622 utriusque.
1798 3550 2059 3607 honorem

483 3643 775 3699 pergamus
802 3632 1112 3704 decerpere,
1145 3637 1395 3695 adductis
1442 3650 1751 3708 auctorum,
1804 3657 1928 3712 qua
1970 3657 2059 3698 re—

481 3730 772 3787 prasentat
786 3763 801 3789 ,
836 3724 1036 3782 verbis.
1274 3744 1275 3747 η
1412 3774 1418 3779 .

1090 3818 1320 3875 CAPUT
1353 3818 1444 3878 IV.

483 3900 584 3961 SS.
612 3905 989 3964 Hcrlembaldo
1025 3920 1078 3966 et
1124 3913 1350 3969 Arialdo
1393 3924 1563 3971 erecta
1604 3917 1661 3970 in
1702 3913 1761 3972 S.
1801 3916 2058 3988 Dionysio

1091 3995 1443 4041 monumenta.
1726 3996 1734 4004 '

550 4067 640 4123 25.
680 4067 826 4125 Obiit
855 4070 1148 4142 Gregorius
1184 4092 1320 4147 papa
1348 4075 1437 4130 Vll
1472 4093 1617 4133 anno
1649 4078 1803 4147 l075,
1846 4088 2085 4151 decimo,

481 4168 603 4225 post
652 4158 1012 4218 Herlembaldi
1061 4167 1260 4221 eadem
1313 4184 1493 4236 anno;
1556 4170 1715 4240 cujus
1771 4181 1830 4227 ut
1881 4172 2057 4227 sancti

490 4248 663 4304 Vitam
688 4252 981 4308 illustravit
1000 4254 1376 4316 Henschenius
1421 4261 1492 4316 25
1530 4261 1677 4317 Maii.
1707 4262 1855 4339 Obiit
1888 4264 2055 4320 etiam

2163 3255 2361 3325 primo,
2386 3271 2585 3325 corpus
2611 3254 2730 3324 ejus
2764 3254 3112 3321 tumulavit,»
3151 3253 3299 3323 (ubi.
3334 3252 3745 3323 nonagesimum

2162 3344 2413 3415 quintum
2433 3364 2451 3395 ι
2473 3359 2677 3399 annum
2691 3343 2977 3415 legendum
2992 3344 3186 3399 merito
3201 3352 3384 3399 censet
3399 3341 3744 3412 Puricellus,)

2162 3435 2291 3504 quia
2320 3435 2435 3505 ipse
2453 3433 2883 3503 Herlembaldus,
2904 3435 3171 3507 vexillifer
3196 3434 3451 3490 Ecclesia
3490 3450 3556 3491 ac
3580 3442 3743 3501 tutor,

2163 3525 2232 3579 ab
2261 3524 2589 3580 adversariis
2612 3523 2866 3580 Ecclesia
2900 3526 3119 3581 occisus
3146 3532 3250 3581 est.

2196 3675 2208 3680 _
2235 3612 2339 3669 llic
2368 3613 2794 3684 Herlembaldus,
2825 3617 2975 3673 miles
3001 3617 3201 3673 Christi
3224 3618 3552 3685 reverendus,

2198 3774 2201 3781 ι
2236 3707 2453 3763 Occisus
2480 3708 2673 3780 legitur
2695 3709 2785 3780 qui
2809 3709 2926 3764 caeli
2951 3710 3071 3764 sede
3095 3711 3318 3781 potitur.

2191 3859 2199 3865 _
2232 3797 2472 3853 Incestus
2496 3800 2757 3870 reprobat,
2791 3798 3058 3856 Simonias
3086 3811 3137 3855 et
3160 3802 3285 3872 quia
3306 3801 3548 3868 damnat,

2190 3952 2201 3956 ‘
2235 3889 2390 3945 Ilum:
2428 3889 2637 3971 Veneris
2667 3893 2802 3949 servi
2822 3894 3083 3964 perimunt
3108 3891 3440 3965 Simouisque
3462 3894 3683 3965 maligni
3707 3909 3729 3948 :

2240 3980 2506 4050 Urbanus,
2537 3999 2770 4036 summus
2792 3983 2988 4054 praesul
3016 3984 3290 4056 dictusque
3312 3985 3592 4051 secundus,

2235 4071 2431 4129 Noster
2451 4083 2503 4128 et
2528 4073 2810 4144 Arnulfus,
2839 4085 3022 4145 pastor
3047 4077 3164 4146 pius
3193 4086 3349 4147 atque
3377 4077 3646 4151 benignus,

2234 4163 2409 4235 Hujus
2436 4165 2667 4219 membra
2690 4167 2790 4220 viri
2819 4167 3084 4222 tumulant
3111 4168 3375 4223 translata
3406 4168 3565 4225 beati.

2231 4257 2321 4312 27.
2361 4257 2518 4324 Quod
2548 4265 2729 4314 autem
2756 4258 2945 4329 prima
2975 4260 3268 4330 sepultura
3298 4262 3454 4318 locus
3482 4238 3595 4317 non
3624 4261 3741 4318 fue-

482 4340 673 4395 codem
711 4358 855 4396 anno
883 4345 1180 4417 eodemque
1223 4350 1332 4416 die,
1382 4360 1476 4407 aut
1536 4338 1729 4408 saltem
1784 4338 2079 4424 sequenti,
2160 4348 2231 4404 rit
2259 4348 2420 4416 alius,
2449 4363 2614 4419 quam
2642 4362 2752 4419 quo
2778 4348 2957 4419 ipsum
2981 4360 3168 4421 postea
3194 4367 3332 4422 papa
3360 4352 3572 4420 detulit,
3586 4352 3741 4408 inte-lo

481 4430 679 4504 Arona
726 4430 1033 4500 Tedaldus,
1094 4438 1743 4512 pseudoarchiepiscopus
1795 4442 2056 4500 Mediola-
2160 4444 2437 4516 ﬁgendum
2461 4444 2621 4501 nobis
2659 4444 2862 4516 prabet
2902 4443 3096 4519 Petrus
3139 4445 3370 4519 Azarius
3403 4445 3549 4516 apud
3583 4442 3740 4499 Puri-

479 4522 686 4579 uensis.
718 4521 854 4580 Huic
873 4525 1132 4583 suﬂ‘ectus
1172 4531 1463 4587 Anselmus
1492 4542 1596 4599 est,
1640 4532 1884 4611 Romana
1933 4537 2060 4592 scde
2094 4521 2136 4575 θ
2162 4537 2381 4603 cellum,
2414 4554 2537 4608 pag.
2561 4537 2653 4604 22,
2685 4537 2775 4592 ubi
2806 4516 3047 4608 primum
3103 4516 3310 4604 narrat,
3362 4536 3510 4608 quod
3575 4556 3594 4588 ι
3641 4552 3739 4591 au-

598 4614 734 4672 duos
763 4615 886 4714 fere.
904 4635 1078 4714 annos
1094 4635 1348 4714 vacante.
1379 4623 1498 4681 Non
1545 4626 1709 4682 audet
1753 4626 2056 4685 Puricellus
2157 4628 2368 4684 dientes
2393 4629 2603 4685 nobiles
2631 4628 2932 4695 milites,de
2953 4630 3241 4685 Mediolani
3270 4630 3738 4701 proscripti,bona

477 4702 709 4779 liberare
728 4707 848 4777 ejus
873 4708 1271 4769 institutionem
1312 4731 1343 4769 a
1378 4715 1510 4771 vitio
1538 4717 1866 4773 electionum
1913 4734 2079 4790 pra-.~
2156 4735 2296 4776 nova
2318 4721 2386 4776 de
2416 4721 2544 4776 dato
2576 4720 2681 4776 sibi
2715 4721 3149 4792 archiepiscopo,
3189 4741 3207 4774 ι
3254 4722 3378 4794 (etsi
3404 4738 3589 4776 revera
3613 4738 3731 4776 nec-

477 4797 823 4869 cedentium;
848 4818 974 4857 cum
1006 4804 1121 4875 ipsa
1151 4806 1243 4861 illa
1266 4823 1443 4881 quam
1469 4809 1580 4864 dixi
1615 4812 1898 4882 apostolici
1936 4812 2052 4867 cul-
2152 4811 2283 4877 dum
2311 4812 2472 4867 datus
2492 4821 2658 4879 esset,
2687 4812 2781 4867 sed
2801 4813 2976 4867 solum
2997 4814 3348 4884 promissus,)
3380 4832 3400 4865 ε
3444 4812 3735 4868 confortati

478 4887 642 4944 minis
679 4894 912 4960 vacatio,
943 4893 1174 4951 Henrico
1191 4940 1206 4964 ,
1251 4903 1673 4977 manutencn-la'
1720 4903 2054 4961 investitura
2154 4912 2284 4958 sunt
2301 4902 2488 4971 valde;
2511 4912 2565 4959 et
2591 4914 2986 4975 congregantes
3010 4905 3220 4959 amicos
3241 4921 3308 4958 ex
3333 4905 3590 4960 omnibus
3616 4921 3733 4974 par-

476 4982 911 5044 studiosissimo.
969 4992 1310 5044 commodam
1378 4995 1721 5044 mensionem
1789 4997 2054 5044 malm-et
2157 4998 2306 5044 tibus
2331 4997 2569 5044 civitatis
2596 4995 2913 5044 Mmlinlani-
2949 4995 3125 5044 insam
3167 4994 3440 5044 civimtem
3494 4993 3730 5044 aggressi
