4028 5360
240 315 374 372 {501

1775 310 1975 371 Atl't‘A.

3380 310 3520 365 15οΞ

239 431 430 485 inclusis
453 428 884 500 jurisconsultus
908 437 961 484 et
985 436 1189 493 orator,
1219 438 1406 498 postea
1433 428 1595 486 etiam
1618 438 1837 484 senator
1865 434 1915 493 Α
1943 442 2165 495 corpus,
2209 443 2317 482 non
2373 424 2546 481 fulssc
2570 442 2760 481 verum
2821 440 3045 495 corpus
3072 419 3245 483 sancti
3290 423 3514 500 Arialdi-

236 528 292 573 et
333 533 536 589 praeses
583 519 868 585 sanitatis,
916 519 971 573 in
1015 518 1339 591 panegyricn
1387 535 1548 590 quem
1581 518 1828 574 recitavit

237 625 385 664 anno
425 609 584 676 154.7,
631 625 755 666 cum
793 609 1232 665 Herlemhaldum
1271 626 1489 681 quoque
1522 626 1590 665 ex
1618 627 1683 667 eo
1717 611 1829 665 lau-

235 700 441 765 dasset,
478 699 625 770 quod
658 718 674 751 ι
701 700 870 771 legem
902 700 956 754 in
985 699 1228 755 Ecclesia
1267 699 1661 757 Mediolanensi
1696 718 1826 772 pro-

236 791 473 862 mulgari
502 792 834 861 procuravit,
882 808 949 847 ne
985 792 1171 847 clerici
1202 807 1401 848 uxores
1439 793 1659 859 ducere,
1692 810 1826 849 uevc

236 880 589 938 matrimonio
626 883 779 955 jungi
809 892 1146 953 possent.....
1184 882 1262 954 Ea
1291 901 1478 950 causa,
1509 885 1705 954 inquit,
1736 883 1823 938 ol-

235 971 423 1028 feusos
470 973 722 1039 clericos,
748 992 766 1025 ι
800 973 1028 1044 (melius
1073 973 1303 1029 dixisset
1347 990 1539 1029 eorum
1586 973 1825 1029 fautores

234 1064 496 1135 nobiles,)
519 1085 538 1117 ί
559 1080 749 1120 necem
779 1065 987 1120 homini
1021 1065 1274 1121 intulisse
1306 1055 1518 1136 reperio
1548 1065 1690 1136 apud
1725 1082 1824 1121 au-

236 1166 444 1223 ctores;
488 1174 518 1213 a
548 1159 751 1229 populo
781 1174 910 1213 vero
937 1158 1152 1213 divinos
1182 1158 1257 1213 illi
1303 1159 1569 1223 honores,
1610 1159 1682 1213 ob
1710 1168 1821 1213 tam

235 1248 471 1303 celebris
524 1248 650 1304 facti
702 1250 1022 1305 memoriam
1073 1250 1385 1314 exhibitas,
1439 1249 1821 1320 inclusumque

235 1337 414 1392 ferrea
449 1355 575 1393 arca
613 1340 877 1405 cadaver,
916 1339 1025 1397 divi
1068 1339 1310 1411 Dionysii
1353 1340 1578 1412 templo,
1636 1339 1688 1394 iu
1730 1356 1823 1395 no-

234 1436 408 1483 stram
443 1444 616 1499 usque
644 1430 785 1484 diem
816 1440 1089 1485 servatum
1120 1431 1426 1485 novimus.»

308 1520 398 1574 28.
457 1519 827 1577 Bci'nardinus
874 1522 1092 1589 Corius,
1134 1539 1256 1592 cap.
1294 1523 1348 1589 9,
1387 1542 1403 1574 ι
1445 1540 1629 1579 arcam
1671 1545 1687 1571 ι
1724 1541 1822 1595 ap-

234 1612 423 1684 pellat,
459 1633 477 1665 ‹
518 1613 710 1685 ferreis
736 1614 956 1669 laminis
981 1616 1395 1671 circumdatam.
1431 1637 1450 1668 ι
1482 1616 1685 1671 Paulus
1708 1616 1821 1671 Slo-

238 1707 400 1777 rigia,
430 1706 484 1760 in
519 1722 621 1760 suo
651 1704 977 1763 Sauctuario
1013 1706 1407 1763 Mediolanensi
1469 1710 1599 1765 anni
1662 1707 1818 1776 l603,

2002 518 2091 571 50.
2137 516 2245 573 Sed
2275 518 2329 574 in
2368 518 2473 574 hoc
2504 538 2523 571 ι
2554 516 2833 589 splendide
2873 516 3091 571 mentiri
3126 536 3143 567 ι
3189 496 3515 569 Landull‘um

1928 619 2111 667 censet
2156 609 2458 667 Puricellus
2504 625 2659 681 :eque
2698 624 2764 666 ac
2805 607 2897 663 ubi
2931 607 3069 663 dixit
3096 608 3264 678 quod,
3299 615 3518 661 «trans-

1926 706 2063 761 actis
2098 705 2394 775 aliquantis
2424 725 2441 754 ι
2497 720 2528 759 a
2572 703 2751 775 prima
2790 723 2808 752 ι
2840 702 2895 756 in
2925 716 3050 755 arce
3078 699 3294 759 Travali
3323 700 3518 769 depor-

1926 798 2130 852 tatione
2157 795 2371 861 diebus,
2399 796 2520 864 ejus
2549 793 2832 851 cadaveris
2861 792 3001 848 fetor
3022 790 3304 848 castellum
3330 806 3514 856 omne,

1924 889 1999 945 ita
2022 899 2083 943 ut
2103 904 2294 944 omnes
2322 896 2651 943 nausearent
2676 886 2963 957 fugientes,
2991 883 3297 955 occupavit.
3320 903 3338 934 ι
3375 880 3517 936 Sane

1923 997 2089 1052 quam
2140 980 2245 1035 hoc
2272 988 2423 1035 certo
2458 978 2656 1035 falsum
2690 986 2793 1044 est,
2834 989 2894 1031 ut
2948 991 3114 1047 supra
3161 975 3399 1030 vidimus
3448 988 3514 1028 ex

1921 1071 2190 1127 vcraciori
2241 1079 2376 1126 teste
2424 1070 2484 1124 Β.
2536 1069 2775 1136 Andrea,
2821 1077 2931 1123 tam
2977 1067 3109 1122 illud
3158 1081 3401 1138 quoque,
3448 1065 3516 1119 de

1921 1164 2118 1218 ablatis
2152 1164 2291 1218 clam
2323 1178 2387 1215 cx
2416 1177 2542 1217 arce
2581 1161 2837 1230 praedicta
2869 1159 3110 1224 ossibus,
3154 1157 3313 1212 debct
3345 1156 3514 1211 contio

1922 1264 2069 1311 ctum
2117 1255 2186 1309 ab
2225 1253 2462 1309 inimicis
2508 1251 2741 1308 censeri.
2792 1250 3095 1321 Utrumque
3128 1248 3381 1304 fortassis
3416 1262 3512 1319 pe-

1921 1349 2065 1415 dem,
2095 1355 2314 1402 mortuo
2348 1346 2656 1404 abscissum
2692 1360 2844 1399 num.
2879 1343 2966 1410 7i,
2995 1359 3059 1397 ex
3099 1341 3361 1412 praedicto
3390 1342 3513 1397 loco

1920 1437 2207 1509 requisivit
2249 1436 2727 1506 archiepiscopus,
2774 1434 2856 1489 vel
2901 1449 2968 1488 ex
3015 1433 3135 1487 loco
3182 1431 3514 1517 carniﬁcinae

1920 1538 2199 1593 dexteram
2234 1550 2503 1608 auresque
2523 1542 2576 1589 et
2595 1542 2790 1589 caetera
2813 1532 3054 1587 membra
3087 1531 3289 1589 viventi
3318 1546 3514 1601 ampu-

1922 1637 2054 1694 tata,
2105 1642 2280 1698 eaque
2323 1626 2569 1697 iunxerit
2589 1625 2801 1695 reliquo
2828 1624 2971 1693 apud
3001 1621 3057 1677 S.
3086 1622 3307 1677 Celsum
3335 1630 3517 1676 tumu-

1923 1721 2033 1776 lato
2075 1719 2331 1791 corpori,
2385 1735 2451 1774 ac
2498 1717 2701 1788 pariter
2752 1717 2821 1771 ad
2863 1714 3107 1788 Dionysii
3150 1713 3511 1779 transtulerit,

236 1799 380 1853 inter
402 1807 802 1868 corpora,tunc
826 1799 1002 1853 adhuc
1028 1799 1361 1873 quiescentia
1399 1800 1454 1853 in
1477 1800 1590 1854 cede
1612 1798 1669 1853 S.
1694 1799 1823 1854 Dio-
1852 1784 1896 1843 Β
1926 1784 2342 1867 ,ποηωηεξηιυάι
2386 1811 2467 1866 eis
2498 1784 2744 1866 'damrus
2785 1824 2951 1879 prope
2990 1784 3404 1862 monumentum
3452 1803 3509 1861 S.

240 1890 405 1961 nysii,
436 1898 684 1946 recenset
739 1891 958 1961 quidem
1010 1911 1028 1943 ι
1095 1907 1295 1961 corpus
1342 1891 1399 1946 S.
1459 1890 1821 1947 Herlemhaldi

238 1980 529 2051 martyris;
566 2000 584 2032 ι
619 1980 714 2036 sed
756 1996 825 2036 ex
863 1980 968 2036 ﬁde
1007 1982 1361 2052 antiquorum
1410 1983 1820 2049 chronicorum,

236 2072 421 2142 potius
450 2088 615 2142 quam
667 2088 731 2127 ex
788 2073 1045 2142 praesenti
1094 2083 1422 2145 conspectu;
1479 2075 1641 2146 idque
1693 2076 1821 2145 quia

241 2182 265 2217 ι
299 2180 445 2219 anno
480 2165 612 2218 iam
658 2164 1034 2220 Ferdinandus
1071 2165 1365 2239 Gonzagua
1405 2165 1823 2223 Mediolancnsis

237 2257 329 2327 gul
349 2265 589 2322 crnator,
620 2257 810 2313 volens
832 2258 1107 2313 civitatem
1124 2259 1343 2315 mwniis
1377 2246 1593 2331 cingere
1606 2277 1669 2314 ex
1691 2261 1822 2316 artis

236 2347 491 2402 militaris
515 2348 851 2418 praescripto,
867 2348 1031 2418 etrapit
1054 2349 1122 2403 ab
1148 2350 1481 2405 exstruendo
1503 2349 1560 2403 S.
1579 2349 1823 2421 Dionysii

236 2439 668 2510 propugnaculo,
718 2440 878 2510 cujus
919 2441 1049 2496 licet
1096 2441 1309 2496 naviter
1346 2450 1611 2499 structam
1648 2442 1823 2497 eccle-

237 2532 399 2606 siam,
432 2531 571 2585 bona
602 2539 782 2587 tamen
814 2532 899 2586 sui
921 2541 1074 2602 parte
1115 2518 1415 2599 truncavit,
1442 2542 1551 2588 tota
1613 2534 1823 2589 scilicet

238 2623 456 2677 tribuna
492 2640 617 2678 cum
647 2624 966 2679 sanctuario
995 2624 1110 2679 sive
1142 2634 1331 2695 crypta
1357 2640 1533 2679 sacra.
1566 2645 1584 2676 ι
1612 2624 1690 2678 Ex
1712 2640 1822 2694 qua

237 2715 532 2772 occasione
562 2715 765 2772 abolita
790 2715 958 2772 fuisse
1003 2737 1021 2766 σ
1061 2714 1160 2770 SS.
1205 2716 1413 2772 Arialdi
1463 2725 1518 2773 et
1576 2715 1823 2771 Hei-lem-

238 2805 384 2861 baldi
423 2826 442 2857 ι
503 2820 879 2873 monumenta,
910 2807 1124 2862 videtur
1169 2823 1466 2878 agnoscere
1520 2807 1824 2865 Puricellus

235 2913 365 2968 pag.
395 2896 530 2963 384;
581 2900 661 2955 sic
686 2899 832 2954 enim
857 2900 1139 2970 loquitur:
1194 2920 1213 2952 ι
1248 2895 1306 2955 Si
1329 2900 1455 2970 quis
1492 2901 1707 2957 tandem
1737 2918 1823 2956 rc-

244 2989 432 3057 quirat
480 2998 665 3044 utrum
698 2998 1013 3047 sanctorum
1036 3005 1268 3061 corpora
1296 2992 1594 3046 etiamnum
1628 2993 1682 3047 in
1720 2993 1825 3048 hac

243 3077 301 3133 S.
338 3077 666 3151 Dionysii,si
695 3097 805 3135 non
835 3081 1063 3138 aedicula
1091 3082 1446 3137 subterranea
1478 3082 1664 3153 (quam
1716 3083 1822 3138 uti-

239 3186 349 3243 que
373 3172 610 3227 dirutam
645 3173 775 3229 fassi
797 3174 1010 3244 sumus)
1040 3183 1186 3230 certe
1218 3176 1408 3230 saltem
1443 3176 1674 3231 ecclesia
1732 3186 1820 3230 ut-

238 3278 460 3334 cunque
482 3274 845 3333 perscvcrent,
872 3282 971 3320 nec
1000 3266 1108 3321 alio
1139 3268 1403 3322 translata
1436 3283 1673 3338 unquam
1704 3267 1821 3323 fue-

238 3355 383 3422 rint;
418 3372 519 3427 ego
552 3357 770 3426 quidem
806 3359 985 3413 adhuc
1012 3358 1148 3412 nihil
1181 3359 1356 3413 habeo
1399 3375 1600 3427 causa},
1624 3376 1722 3415 cur
1754 3360 1822 3416 de

236 3464 469 3519 corpore
502 3450 761 3520 quiddam
797 3449 1161 3506 Herlcmhaldi
1185 3452 1512 3523 ambigam.»

308 3534 400 3595 29.
432 3540 512 3594 Ad
552 3540 608 3596 S.
650 3540 931 3618 Aiialdum
965 3550 1145 3597 autem
1169 3543 1314 3615 quod
1337 3544 1547 3610 attinet,
1578 3543 1819 3600 Landul—

239 3629 330 3685 fus
370 3631 573 3697 senior,
601 3647 816 3687 coaevus
844 3631 942 3695 illi,
973 3632 1064 3700 sed
1089 3633 1269 3687 studio
1299 3634 1537 3715 partium
1572 3634 1821 3691 infensus

239 3721 555 3788 historicus,
589 3721 733 3793 apud
761 3722 1112 3790 Puricellum,
1162 3740 1284 3795 pag.
1342 3724 1432 3792 l2,
1460 3733 1585 3796 post
1634 3726 1820 3782 nescio

238 3826 362 3883 quae
391 3811 590 3883 s'cripta
622 3814 690 3868 de
722 3815 983 3884 corporis
1017 3815 1329 3871 inventione
1375 3817 1459 3891 vel
1505 3817 1821 3873 ostensione

239 3906 366 3976 (nec
417 3907 564 3960 enim
613 3907 820 3976 placuit
872 3906 1144 3963 Puricello
1178 3925 1239 3963 ea
1295 3909 1595 3982 publicare)
1626 3911 1821 3967 deinde

244 4012 263 4046 ι
301 3994 507 4059 multis,
536 3996 733 4065 inquit,
761 3996 1171 4064 dubitantibus,
1222 3999 1519 4069 multisque
1581 4016 1821 4071 congau-

236 4088 512 4153 dentibus,
570 4087 925 4160 plurimisque
972 4089 1338 4156 credentibus,
1391 4090 1608 4147 tandem
1657 4091 1822 4161 pallio

237 4180 685 4249 superimposito,
700 4181 890 4236 lectica
911 4181 1247 4251 compositus
1267 4191 1368 4237 est.
1394 4183 1514 4250 Quo
1539 4192 1823 4253 assumpto

235 4279 294 4328 et
329 4276 488 4341 quasi
542 4270 728 4327 Levita
786 4289 908 4327 cum
967 4274 1106 4328 stola
1164 4283 1379 4339 ornato,
1422 4276 1654 4333 summis
1696 4292 1821 4332 cum

238 4362 451 4418 litaniis
477 4365 798 4435 magnisque
822 4366 1285 4422 exsultationibus
1316 4367 1674 4440 plurimisque
1691 4385 1823 4424 c01-

236 4453 790 4525 frcquenlationibus,
814 4458 869 4512 in
899 4459 1231 4515 monasterio
1268 4459 1324 4515 S.
1355 4460 1499 4516 Celsi
1531 4462 1817 4518 humatum
1848 4499 1897 4558 υ

238 4556 343 4603 est.
373 4546 469 4602 llis
493 4547 676 4618 itaque
704 4550 960 4623 peractis,
982 4548 1395 4609 llerlemhaldus
1417 4554 1534 4609 suis
1554 4571 1680 4610 cum
1705 4572 1821 4610 om-

240 4640 405 4695 nibus
438 4640 757 4710 magnisque
794 4642 1156 4708 caeremoniis,
1188 4645 1348 4712 quasi
1373 4661 1575 4699 novum
1614 4656 1819 4718 marty-

240 4748 356 4786 rem
413 4732 770 4797 celebrantes,
822 4732 1162 4802 phantastica
1211 4735 1384 4791 delusi
1435 4737 1669 4808 imagine
1737 4738 1819 4810 (ut

242 4832 430 4895 postva
462 4825 515 4877 in
541 4833 785 4895 tempore
805 4825 984 4893 quarti
1007 4825 1251 4881 Anselmi
1287 4828 1681 4901 archiepiscopi
1716 4846 1814 4901 ap-

185 4904 191 4909 λ
241 4917 445 4985 paruit)
479 4918 667 4972 sedulo
702 4934 767 4972 ac
794 4918 982 4973 devote
1009 4920 1280 4975 colebant.
1324 4921 1459 4977 Cum
1503 4925 1646 4979 enim
1694 4935 1817 4995 post

239 5007 520 5077 Liennium
551 5025 664 5065 suae
690 5012 1118 5068 consecrationis
1154 5032 1175 5063 ι
1221 5012 1297 5082 (id
1349 5024 1434 5070 est
1481 5032 1627 5072 anno
1678 5016 1819 5073 l099

244 5099 547 5155 secundum
580 5118 760 5158 meum
792 5101 931 5157 alibi.
950 5105 1244 5170 calculum,
1286 5105 1448 5160 etiam
1489 5124 1520 5162 a
1551 5108 1823 5167 Puricello

240 5204 365 5260 pag.
397 5188 524 5255 382,
551 5190 883 5260 probatum,)
915 5211 933 5242 ι
970 5210 1119 5261 cum,
1144 5193 1393 5262 inquam,
1416 5196 1671 5253 dominus
1705 5198 1823 5253 An-

239 5281 465 5312 onlmsno’
483 5279 674 5312 ΔιιῖηΙιΙὲ
698 5297 820 5312 ιιι-οη
843 5296 904 5312 ΛΑ
927 5299 1121 5312 ηις-..-υ-
1186 5285 1418 5312 ιιι-ηιξ.--
1450 5291 1554 5312 ..-1
1576 5307 1585 5312 μ
1616 5291 1661 5312 ..1

1849 3147 1894 3209 C

1923 1903 2309 1960 llerlembaldi.
2344 1902 2447 1971 Qui
2478 1901 2724 1957 Landulli
2761 1901 2921 1956 istius
2965 1914 3030 1954 ac
3062 1899 3258 1954 deinde
3300 1897 3513 1951 Amulli

1922 1998 2180 2052 historias
2232 1995 2581 2066 transcripsit
2626 1994 2921 2059 librarius,
2981 1991 3124 2063 apud
3182 1989 3512 2046 Puricellum

1921 2105 2043 2160 pag.
2072 2089 2157 2155 ll,
2197 2088 2275 2144 sic
2305 2089 2511 2142 notavit
2534 2087 2587 2142 in
2611 2086 2889 2158 margine:
2929 2103 2947 2136 ‹
2966 2082 3078 2139 Nec
3103 2082 3436 2146 mirandum,
3467 2084 3511 2137 si

1922 2179 2025 2233 iste
2053 2178 2544 2249 historiographus,
2573 2185 2629 2232 et
2664 2190 2920 2246 sequens,
2958 2189 3068 2228 non
3091 2173 3311 2229 laudent
3338 2172 3508 2225 istum

1920 2266 2234 2337 Arialdum,
2300 2271 2427 2340 quia
2480 2270 2583 2340 ipsi
2637 2277 2795 2325 erant
2866 2266 3109 2322 fautores
3172 2264 3515 2322 sacerdotum

1921 2370 2298 2426 uxoratorum,
2342 2360 2859 2416 concubinariorum
2896 2366 2951 2413 et
2986 2356 3451 2419 Simoniacorum,
3482 2369 3515 2408 a

1922 2454 2124 2524 quibus
2152 2452 2211 2508 Β.
2257 2452 2513 2507 Arialdus
2547 2466 2743 2522 passus
2778 2460 2933 2506 est.»
2985 2449 3190 2503 Deinde
3229 2449 3283 2502 in
3322 2448 3513 2502 eodem

1922 2545 2166 2615 margine
2197 2544 2455 2599 describit
2488 2559 2682 2598 versus
2732 2563 2749 2593 ι
2778 2557 2942 2611 super
2966 2541 3216 2610 sepulcro
3243 2537 3301 2592 S.
3332 2537 3512 2591 Aria!-

1921 2636 1975 2689 di
2025 2658 2042 2686 ι
2090 2642 2353 2704 repertos,
2398 2635 2492 2689 sed
2515 2633 2679 2688 veluti
2717 2638 3118 2701 consequenter
3155 2627 3411 2698 legendos
3453 2635 3513 2681 ut

1923 2728 2086 2794 infra,
2125 2743 2249 2783 cum
2282 2726 2591 2782 verosimile
2635 2725 2771 2780 mihi
2819 2724 2910 2790 sit,
2957 2722 3176 2792 duplex,
3209 2728 3305 2775 aut
3341 2720 3509 2777 etiam

1922 2822 2116 2891 triplex
2137 2820 2472 2890 epigramma
2496 2817 2587 2872 hic
2611 2815 2821 2883 haberi,
2846 2829 3080 2885 quorum
3102 2813 3332 2868 alterum
3349 2826 3509 2878 arcae,

1922 2913 2152 2968 alterum
2186 2909 2380 2963 lavello
2413 2924 2507 2963 seu
2540 2905 2716 2961 absidi
2751 2905 3027 2976 appictum
3050 2903 3136 2958 vel
3176 2902 3511 2971 insculptum

1924 3001 2121 3066 fuerit;
2152 2999 2393 3065 tertium,
2424 2996 2730 3053 communis
2756 2994 2938 3059 fuerit,
2966 3002 3019 3048 et
3051 2994 3194 3048 inter
3219 3001 3513 3061 utrumque

1923 3093 2158 3148 duorum
2192 3097 2607 3146 monumentum
2641 3089 2878 3158 scriptus
2904 3087 3117 3142 titulus.

1994 3180 2394 3237 51.1ndicasse
2442 3179 2549 3234 hoc
2598 3177 2812 3233 videtur
2862 3177 3096 3246 scriptor
3150 3189 3274 3230 cum
3323 3172 3509 3228 addit:

1930 3293 1948 3325 ‹
1978 3271 2113 3327 Tres
2141 3272 2233 3327 isti
2264 3287 2456 3327 versus
2484 3272 2785 3341 loquuntur
2821 3269 2888 3324 de
2915 3267 3135 3325 Arialdo
3182 3276 3236 3321 et
3268 3265 3513 3320 llerlem-

1921 3364 2102 3431 haldo,
2133 3382 2152 3416 ι
2206 3364 2414 3437 scilicet
2454 3372 2567 3431 tres
2606 3361 2815 3429 ultimi,
2862 3362 2941 3417 sic
2983 3359 3241 3429 descripti
3280 3378 3292 3413 :

1994 3461 2217 3517 Sanctos
2248 3460 2519 3515 thesauros
2550 3474 2795 3513 venerare
2824 3474 2917 3527 per
2941 3457 3120 3510 omnia
3148 3454 3335 3508 charos
3354 3496 3368 3520 ,

1998 3551 2110 3606 llos
2144 3550 2346 3622 pugiles
2376 3549 2600 3615 Christi,
2637 3563 2760 3618 gens
2792 3545 2993 3616 inclyta
3030 3543 3349 3609 Mediolani,

1992 3643 2071 3699 De
2095 3644 2247 3713 cujus
2281 3643 2453 3697 sancti
2478 3650 2600 3695 sunt
2626 3640 2719 3694 isti
2740 3638 2996 3709 sanguine
3026 3636 3161 3689 nati.

1991 3737 2147 3793 Area:
2172 3736 2278 3807 ipsi
2312 3743 2423 3790 tres
2447 3734 2656 3804 primos
2701 3746 2894 3785 versus
2924 3729 3005 3785 sic
3046 3722 3416 3803 ascripserim,
3450 3730 3516 3777 ut

1919 3833 2001 3888 eis
2048 3831 2246 3885 addere
2286 3828 2449 3883 velim
2494 3839 2666 3880 unum
2712 3838 2780 3877 ex
2825 3816 3194 3875 Herlemhaldi
3241 3814 3514 3885 epitaphio

1920 3930 2283 3992 assumptum,
2314 3931 2367 3975 et
2388 3917 2457 3974 ad
2491 3913 2857 3987 supplendum
2877 3911 3254 3968 defectuosum
3285 3920 3512 3963 sensum

1919 4029 2184 4086 perquam
2214 4012 2422 4066 utilem.

1992 4103 2202 4173 Μαι-ιφ·
2227 4101 2410 4156 Levita
2432 4100 2578 4169 jacet
2605 4099 2703 4152 hac
2735 4095 2992 4151 Arialdus
3020 4095 3074 4147 in
3100 4108 3257 4146 urna.

1942 4252 1945 4255 ,
1995 4195 2291 4250 Truncatus
2324 4192 2585 4254 moritur;
2622 4188 2712 4244 sed
2744 4190 2865 4243 vitae
2898 4187 3037 4240 dona
3070 4192 3331 4246 meretur;

1994 4285 2107 4341 Hoc
2133 4282 2400 4339 mausoleo
2429 4289 2716 4336 reverenter
2739 4277 2951 4334 condita
2982 4276 3173 4345 digno;
3222 4346 3225 4349 _

1938 4426 1941 4427 ν
1995 4375 2235 4431 Incestus
2266 4371 2530 4444 reprobat,
2569 4368 2838 4425 Simonius
2871 4376 2921 4421 et
2957 4367 3083 4437 quia
3110 4364 3349 4420 damnat.

1996 4466 2257 4523 Similiter
2307 4443 2483 4518 tribus
2531 4461 2654 4516 aliis
2702 4459 2953 4515 versibus
2996 4471 3162 4527 super
3197 4443 3395 4509 lavclld
3426 4453 3512 4507 lo-

1925 4560 2115 4616 candis
2189 4557 2379 4612 deesse
2438 4553 2652 4608 videtur
2727 4559 2891 4619 caput
2922 4567 2937 4617 ;
2968 4620 2969 4623 η
3001 4547 3148 4618 quod
3201 4560 3265 4599 ex
3320 4546 3513 4599 eodem

1932 4648 2142 4707 Arialdi
2179 4644 2458 4717 epitaphio
2485 4643 2564 4698 sic
2592 4640 2885 4711 mutuabor
2912 4657 2924 4692 :

1940 4805 1949 4811 .
1994 4740 2137 4794 Dum
2159 4737 2360 4791 ueneris
2385 4750 2557 4789 servos
2591 4731 2827 4802 reprimit
2857 4728 3188 4798 Simonisque
3219 4724 3480 4798 maligni;

1923 4831 2127 4887 Deinde
2151 4828 2733 4898 subiungam,sensnm
2757 4834 3054 4893 utcumque
3070 4817 3360 4873 habituros
3386 4831 3498 4877 trrs
3515 4856 3527 4868 .

1995 4923 2097 4978 His
2122 4919 2342 4992 geminis
2368 4918 2546 4972 causis
2572 4905 2827 4969 Artals’us
2850 4928 3046 4983 passus
3079 4908 3141 4961 ab
3166 4908 3309 4975 istis,

1998 5015 2210 5083 Martyr
2232 4992 2299 5066 in
2324 5009 2544 5065 ecclesia
2566 5007 2750 5062 Levita
2780 5006 3095 5072 reconditus
3123 4998 3246 5051 ista.

2000 5104 2303 5164 Transtulit
2334 5102 2614 5157 Anselmus
2645 5105 2832 5172 pastor
2865 5087 3178 5171 venerabile
3204 5102 3463 5161 corpus.
3518 5100 3522 5105 ’

1996 5199 2085 5253 52.
2131 5194 2285 5250 Istaec
2328 5202 2607 5263 utcunque
2651 5204 2711 5245 se
2759 5184 3071 5251 habeant,
3111 5174 3336 5271 ξλὶὶθεδξ,
3396 5208 3482 5271 Ὠ,
3522 5172 3609 5232 κει,

1923 5287 2229 5312 “,-._!-A“.-.u
2286 5284 2688 5312 ΛΛσκυυιΛι-..ιοιιω
2862 5295 2978 5312 In...

3050 5295 3067 5312 .
3098 5268 3162 5312 de.
3194 5260 3453 5312 ardui“:
3478 5282 3623 5312 :prn'
