4028 5360
485 198 624 257 i503

1518 182 1521 185 ’
1624 197 1725 253 ss.
1765 195 2048 251 ARIALDI
2083 196 2172 257 ET
2213 195 2654 253 ERLEMBAIDI

3614 200 3749 257 i530}

481 319 675 367 nutat:
708 331 724 359 ι
760 306 874 366 Sub
918 310 1023 366 hoc
1067 309 1315 367 Cuidone
1360 309 1427 365 de
1461 308 1647 367 Velate
1689 296 2060 376 Valvassorio,
2097 329 2139 382 Α
2168 325 2399 382 corpore
2433 311 2491 366 S.
2520 311 2726 367 Ariaidi
2754 320 3045 369 contentus
3074 313 3298 381 abierit;
3335 315 3443 371 hoc
3467 330 3601 372 vero
3624 319 3751 387 quid

479 400 687 456 Arialdi
733 417 799 456 ex
856 388 1064 457 Alciata
1114 410 1274 475 gente
1329 402 1659 473 sepulcrum.
1710 401 1935 459 Relatus
1988 411 2073 458 est

479 489 623 548 inter
658 491 812 546 divos
838 491 907 546 ab
930 491 1239 563 Alexandro
1264 490 1329 560 li,
1364 492 1608 563 sepultus
1643 493 1696 546 in
1733 493 1793 548 D.
1827 491 2071 565 Dionysii

481 584 694 639 tumulo
753 599 1098 652 marmoreo;
1153 582 1248 640 sed
1292 585 1583 640 millesimo
1632 584 2072 656 quingentesimo

479 684 708 743 octavo,
747 692 779 731 a
826 673 1104 732 Ludovico
1154 675 1480 732 duodecimo
1526 675 1863 732 Francorum
1908 692 2068 750 rege,

480 766 724 824 Parisios
765 782 864 837 pro
901 783 1131 839 corpore
1176 765 1236 822 S.
1281 765 1525 840 Dionysii
1553 770 1876 824 translatum
1907 777 2011 825 est.
2047 790 2063 821 ι

479 858 672 914 Melius
700 867 880 915 tamen
898 857 1150 915 fortassis
1170 867 1453 915 notaretur
1473 860 1827 927 annu51509,
1848 861 2069 932 quando

481 949 538 1005 in
584 948 835 1005 Insubria
883 965 1064 1021 regem
1102 948 1271 1006 fuisse
1299 959 1533 1019 constat,
1565 950 1937 1008 Maximiliano
1966 952 2069 1007 im-

481 1041 722 1113 peratori
758 1040 1114 1113 pontiﬁcique
1158 1040 1303 1098 Julio
1342 1053 1532 1099 contra
1568 1042 1803 1099 Venetos
1831 1042 2067 1101 foedera-

481 1144 627 1202 tum;
661 1132 756 1189 ubi
774 1131 911 1189 inito
938 1134 1007 1189 ad
1032 1133 1231 1189 [lumen
1274 1134 1524 1190 Adduam
1545 1136 1752 1206 proelio,
1779 1135 2067 1192 victoriam

481 1212 755 1295 ingentem
784 1223 990 1280 retulit.
1021 1223 1250 1281 Videtur
1278 1234 1461 1282 autem
1491 1243 1588 1282 rex
1622 1227 1842 1298 petiisse
1867 1244 2066 1299 corpus

483 1308 544 1370 S.
577 1313 820 1388 Dionysii
848 1313 1287 1386 Mediolancusis,
1334 1327 1397 1375 ut
1444 1319 1622 1391 ipsum
1647 1319 1897 1391 jungeret
1938 1321 2070 1377 duo-

480 1403 582 1457 bus
626 1403 750 1461 aliis
799 1405 899 1463 SS.
946 1406 1243 1480 Dionysiis,
1287 1408 1584 1466 Parisiensi
1632 1410 1860 1479 scilicet,
1903 1428 2065 1483 quem

416 1492 424 1504 '
479 1496 860 1569 Areopagitam
890 1500 1085 1573 vulgus
1114 1501 1386 1570 credebat,
1422 1513 1476 1558 et
1509 1501 1920 1559 Corinthiorum
1952 1505 2065 1576 epi-

480 1600 666 1656 scopo,
689 1586 755 1643 de
779 1589 938 1661 cujus
958 1607 1185 1663 corpore
1208 1593 1336 1650 illuc
1365 1596 1468 1651 sub
1493 1611 1697 1653 annum
1724 1597 1860 1653 1215
1889 1605 2065 1655 trans-

2172 417 2337 473 porro
2368 402 2571 458 factum
2599 404 2691 472 sit,
2724 405 2988 461 hactenus
3018 421 3128 461 non
3161 407 3311 477 potui
3347 407 3616 465 invenire.

2242 495 2331 551 55.
2374 496 2535 552 Aliud
2569 498 2926 569 epitaphium,
2967 500 3062 556 sed
3090 501 3278 557 nescio
3304 518 3374 557 an
3413 518 3524 556 non
3570 500 3640 556 ab
3680 501 3759 571 ip-

2172 597 2348 644 semet
2366 588 2576 644 Alciato
2596 590 2983 660 compositum,
3007 600 3153 648 certe
3176 592 3231 647 in
3254 593 3589 663 praelaudato
3613 592 3759 646 illius

2170 670 2494 754 Antiquario
2537 697 2568 736 a
2612 680 2856 737 Fontana
2896 684 3307 755 transcriptum,
3348 692 3403 739 et
3446 682 3592 739 forte
3624 697 3757 738 nus-

2170 789 2335 845 quam
2365 773 2626 844 positum,
2658 773 2737 829 sic
2769 775 2958 829 recitat
2990 774 3316 843 Puricellus,
3343 791 3471 847 pag.
3509 773 3598 830 l5.
3719 781 3723 783 “

2202 852 2205 853 ν
2705 883 2935 922 Ακιλιοο
2973 883 3215 922 υΙΑΕΟΧΟ.

2172 954 2296 1023 Qui,
2333 974 2483 1012 nemo
2509 968 2566 1013 ut
2592 958 2801 1025 melius,
2825 959 2990 1013 divini
3022 961 3243 1030 mystica
3268 959 3436 1014 verbis

2246 1050 2513 1121 Tradidit,
2539 1064 2590 1109 et
2621 1054 2800 1128 populi
2823 1054 2967 1109 solus
2996 1056 3053 1109 in
3078 1072 3167 1109 ore
3193 1055 3330 1125 fuit;

2171 1140 2276 1213 Qui
2299 1145 2474 1216 lapsos
2504 1163 2672 1200 mores
2697 1144 3136 1217 disciplinamque
3161 1146 3414 1199 cadente»

2240 1234 2309 1289 Et
2342 1235 2538 1308 Τήριαεὶ
2558 1254 2758 1292 errores
2788 1238 3047 1308 corrigere
3065 1253 3226 1290 ausus
3256 1246 3405 1300 erat;

2173 1310 2275 1381 Hic
2307 1328 2560 1382 Arialdus
2588 1327 2756 1383 adest.
2793 1327 2910 1382 Heu
2937 1328 3096 1382 noxia
3120 1328 3227 1381 vita
3250 1335 3550 1390 nocentum,

2202 1492 2207 1499 .
2242 1420 2374 1489 Qua:
2397 1438 2662 1477 censorem
2697 1421 2867 1475 ullum
2893 1421 3031 1492 ferre
3064 1419 3285 1474 molesta
3314 1418 3527 1492 nequit!

2169 1512 2323 1569 Clam
2351 1523 2582 1585 raptum,
2633 1529 3021 1586 appensumque
3051 1512 3223 1579 molis,
3246 1511 3471 1583 projecit
3504 1510 3561 1563 in
3599 1511 3764 1561 undas

2250 1603 2496 1672 Verbani,
2520 1613 2578 1658 ut
2608 1604 2811 1676 rapidis
2847 1601 3078 1676 piscibus
3099 1619 3219 1657 esca
3243 1608 3379 1672 [oret
3397 1616 3416 1654 :

478 1676 592 1734 lato
625 1680 735 1752 egit
773 1679 1151 1741 licnsebcnius
1188 1690 1222 1741 8
1256 1687 1476 1758 Aprilis,
1529 1691 1623 1747 sed
1651 1691 2067 1763 deprecantibus
2102 1681 2145 1736 Β
2178 1692 2377 1751 Deinde
2401 1694 2491 1748 sed
2516 1694 2801 1763 inventum,
2834 1702 2991 1766 atque
3012 1691 3182 1748 illwso
3206 1705 3443 1761 corpore,
3487 1686 3699 1759 templis

478 1783 551 1826 ne
598 1771 694 1827 illo
731 1774 949 1830 tutelari
1004 1792 1107 1832 suo
1153 1778 1498 1850 privarentur
1540 1781 2067 1853 Mediolanensibus,

2256 1782 2346 1841 Est
2382 1783 2602 1856 dignata
2628 1799 2816 1839 novum
2842 1792 3080 1856 martyra
3105 1782 3409 1855 posteritas.

498 1948 3745 1989 mw

1778 2096 2536 2281 APPENDIX.

1151 2390 1236 2445 DE
1275 2386 1687 2447 VENERABILI
1722 2384 2071 2442 LIPRANDO
2109 2382 2573 2441 PRESBYTERO
2608 2381 3087 2443 CONFESSOBE.

485 2684 515 2759 ς
552 2683 594 2739 ι.
638 2680 991 2737 Grossulanus
1017 2677 1554 2759 daridari-successor
1584 2674 1837 2731 Simonia:
1861 2675 2075 2728 concin-

999 2750 1141 2805 citur
1155 2749 1363 2818 judicio
1389 2749 1548 2819 ignis.

555 2866 606 2921 l.
644 2864 785 2920 Cum
836 2862 1023 2919 senior
1078 2859 1381 2916 Landull‘us
1445 2879 1464 2911 α
1520 2857 1842 2929 Leoprando
1890 2873 2073 2914 sacer-

481 2957 617 3024 doti,
649 2974 668 3008 »
700 2952 1143 3011 Herlembaldnm
1168 2961 1413 3009 extremo
1440 2950 1747 3008 discrimini
1790 2966 1850 3007 se
1897 2970 1916 3002 ι
1944 2965 2071 3007 cum

2182 2671 2389 2742 absque
2435 2671 2547 2725 ullo
2591 2683 2821 2725 rancore
2872 2667 2927 2723 in
2976 2666 3316 2738 beneplacito
3365 2665 3460 2723 Dei
3504 2677 3561 2723 et
3596 2668 3767 2740 ipsius

2182 2765 2325 2836 regis
2367 2764 2667 2836 respondit.
2702 2783 2721 2815 ι

2194 2874 2201 2879 '
2249 2858 2304 2914 2.
2344 2857 2403 2913 in
2451 2858 2652 2928 quibus
2696 2856 2878 2912 verbis
2918 2863 3045 2911 ante
3083 2854 3267 2910 omnia
3310 2853 3654 2920 notandum,
3696 2870 3765 2909 ex

2180 2950 2407 3023 iiugone
2455 2949 2792 3005 Flaviaccnsi
2847 2947 2990 3020 apud
3039 2945 3305 3019 Cangium
3357 2946 3414 3000 in
3458 2944 3763 3011 Glossario,

482 3048 674 3119 paucis
702 3047 929 3103 armatis
956 3065 975 3098 ι
1017 3044 1364 3115 objicientem
1395 3035 1676 3111 comitate,
1726 3043 1942 3098 crimini
1971 3043 2073 3099 du-
2100 3026 2144 3087 Ο
2175 3044 2342 3116 quod,
2392 3063 2410 3096 α
2441 3042 2486 3099 si
2528 3042 2653 3114 quis
2672 3049 2837 3110 esset,
2861 3040 2956 3112 qui
2981 3039 3243 3111 Gregorio
3277 3038 3762 3103 communicarent

483 3148 572 3195 cat
598 3139 741 3211 apud
764 3137 1116 3203 Purieellum,
1147 3152 1270 3207 pag.
1304 3135 1391 3203 i5,
1420 3134 1567 3205 quod
1601 3153 1619 3185 ‹
1638 3142 1692 3189 et
1714 3133 1829 3204 ipse
1851 3148 2070 3188 crucem

483 3245 651 3289 manu
697 3231 945 3303 gestabat
979 3229 1230 3300 propria,
1270 3242 1383 3283 non
1423 3235 1485 3282 ut
1529 3227 1792 3282 bellantes
1832 3225 2081 3292 sedaret;

484 3321 580 3377 sed
622 3329 685 3376 ut
724 3318 990 3374 bellantes
1024 3333 1156 3374 suos
1194 3318 1378 3387 potius
1408 3316 1695 3381 incitaret,
1738 3315 1990 3371 hostibus
2018 3322 2074 3370 et

483 3411 602 3482 ipse
628 3410 830 3479 hostis;
863 3428 882 3461 ι
932 3423 1095 3480 quem
1141 3415 1426 3479 propterea
1470 3408 1698 3463 naribus
1736 3407 2073 3477 auribusque

484 3501 798 3558 mutilatum
843 3499 1104 3565 vidimus,
1148 3507 1202 3554 et
1246 3497 1575 3571 martyribus
1622 3513 1653 3553 a
1698 3497 1756 3552 S.
1807 3496 2073 3569 Gregorio

483 3606 623 3662 papa
670 3588 761 3644 Vli
795 3596 1194 3660 comparatum,
1225 3588 1401 3659 placet
1446 3587 1691 3657 ejusdem
1740 3595 1882 3653 acta,
1931 3602 2073 3657 qua-

485 3693 645 3740 tenus
679 3683 860 3755 colligi
901 3696 968 3738 ex
1010 3680 1281 3737 Puricello
1326 3689 1602 3752 poterunt,
1653 3679 1722 3735 ad
1765 3688 2071 3736 extremum

483 3775 765 3846 prosequi,
814 3783 869 3831 et
912 3771 1160 3829 Landulii
1211 3773 1372 3830 istius
1419 3772 1859 3829 maledicentiam
1906 3772 2072 3828 rebus

485 3867 619 3937 ipsis
651 3881 981 3937 coarguere;
1021 3866 1092 3922 ob
1123 3882 1262 3938 quas
1290 3874 1347 3921 et
1373 3866 1445 3922 ob
1474 3865 1841 3922 confessionis
1883 3866 2076 3921 catho-

482 3961 602 4018 licae
646 3962 924 4026 meritum,
980 3962 1191 4033 primus
1238 3960 1342 4015 fuit
1385 3961 1443 4016 in
1488 3961 1880 4027 aestimatione,
1930 3960 2075 4031 apud

482 4068 677 4109 omnes
704 4053 1015 4124 apostolica:
1044 4053 1190 4109 sedis
1216 4053 1436 4122 ﬁdeles;
1471 4055 1618 4125 quod
1651 4052 1953 4109 Landull’us
1990 4052 2077 4123 ju—

482 4143 608 4198 nior
629 4159 752 4214 pag.
783 4143 888 4215 588
923 4144 1065 4213 apud
1109 4143 1437 4200 Puricellum
1478 4145 1640 4201 nobis
1684 4153 1941 4211 testatur,
1980 4143 2074 4199 ubi

483 4236 562 4292 ita
607 4236 846 4292 scribit:
881 4255 899 4287 ‹
931 4236 1087 4291 Cono
1107 4251 1224 4303 rex,
1272 4237 1369 4308 qui
1423 4237 1553 4293 dum
1610 4234 1880 4294 Henricus
1920 4244 2076 4307 pater

481 4328 625 4398 ejus,
656 4342 676 4380 ι
724 4326 983 4383 Ecclesiae
1010 4312 1229 4384 rebellis
1268 4336 1322 4384 et
1368 4329 1897 4396 excommunicatus,
1959 4349 1977 4380 ι
2001 4329 2078 4384 vi-

480 4429 651 4489 veret,
671 4441 689 4471 ι
707 4420 971 4476 suadente
998 4419 1221 4476 Urbano
1246 4435 1386 4492 papa
1413 4419 1478 4488 Il,
1512 4439 1531 4472 ι
1561 4436 1657 4490 per
1692 4418 2078 4475 contractatio—

481 4528 608 4568 nem
652 4511 931 4569 Mathildis
978 4513 1300 4582 comitissaa,
1349 4521 1405 4569 et
1450 4512 1688 4570 oilicium
1725 4513 1971 4569 Anselmi
2007 4512 2079 4569 de

478 4603 667 4660 Cbode
693 4625 713 4658 ι
769 4604 1189 4662 Mediolanensis
1228 4605 1662 4677 archiepiscopi,
1705 4611 1799 4661 cet
1846 4603 2075 4661 Armani

480 4694 802 4765 Brixiensis,
848 4698 954 4754 fuit
984 4711 1279 4755 coronatus
1315 4697 1597 4755 Modoetiaa
1634 4700 1691 4754 in
1739 4699 1965 4756 ecclesia
2012 4700 2070 4754 S.

480 4789 760 4851 Ambrosii
805 4806 951 4849 anno
990 4791 1148 4858 1095,
1180 4791 1475 4847 adhorum
1501 4792 1818 4862 pontilicum
1847 4791 2076 4847 ordinas

479 4886 686 4939 tionem
719 4896 830 4939 n‘on
855 4885 1120 4955 respexit;
1166 4885 1264 4940 sed
1289 4901 1525 4956 regnans
1552 4886 1606 4940 in
1636 4886 1781 4953 loco,
1812 4885 1906 4956 qui
1936 4883 2072 4940 Bur-

479 4984 584 5039 gus
613 4966 672 5035 S.
693 4968 949 5025 Domnini
969 4970 1221 5037 dicitur,»
1254 4970 1533 5043 (oppidum
1556 4980 1640 5028 est
1666 4972 1903 5027 medium
1930 4972 2073 5026 inter

483 5061 821 5118 Placentiam
866 5073 922 5119 et
965 5061 1266 5134 Parmam,)
1301 5083 1318 5116 ι
1367 5064 1505 5120 vidit
1554 5066 1932 5137 presbyterum
1981 5063 2071 5119 Li-

483 5153 776 5223 prandum,
824 5165 1042 5227 propter
1077 5156 1350 5213 Patariam
1395 5173 1531 5213 naso
1561 5168 1615 5213 et
1647 5157 1874 5213 auribus
1910 5165 2069 5213 trun-

481 5257 694 5317 catum,
717 5257 936 5305 euntem
976 5251 1045 5305 ad
1089 5249 1368 5306 Urbanum
1399 5265 1687 5306 romanum
1720 5249 2065 5322 pontiﬁcem;

639 5339 906 5360 _-_L__A-_-
940 5356 1032 5360 _-__
1065 5342 1136 5360 '__.
1160 5358 1171 5360 _
1224 5357 1323 5360 ___.-_
1374 5341 1601 5360 ‘L._“!__
1624 5358 1635 5360 _
1681 5343 1693 5354 ⁸
1750 5357 1757 5360 .
1802 5343 1852 5360 ,9.
1896 5342 1968 5360 .l'l
1995 5356 2007 5360 _
2031 5357 2055 5360 ._

2175 3135 2461 3208 (idemque
2502 3136 2569 3192 de
2608 3133 2833 3191 Urbano
2871 3133 3130 3205 intelligo,
3177 3132 3297 3203 ejus
3332 3141 3468 3203 post
3488 3130 3762 3187 Victorem

2175 3242 2515 3294 successore,
2540 3227 2558 3297 )
2587 3247 2607 3279 ί
2636 3226 2727 3282 hic
2762 3225 3052 3281 haereticus
3078 3266 3092 3290 ,
3133 3224 3442 3280 destructor
3464 3223 3639 3296 'regni
3660 3264 3675 3289 ,
3709 3232 3767 3277 et

2174 3321 2411 3392 quodam
2442 3319 2799 3376 adinventitio
2829 3317 3052 3374 nomine
3081 3315 3369 3372 Paterinus
3403 3315 3705 3372 dicebatur.
3736 3334 3755 3365 ο

2174 3413 2289 3470 Hoc
2317 3413 2514 3469 deinde
2556 3411 2776 3468 nomine
2815 3410 2885 3467 ad
2929 3409 3251 3465 Waldenses
3298 3408 3550 3479 aliosque
3591 3408 3762 3462 barre-

2173 3507 2313 3563 ticos
2352 3504 2574 3571 transit,
2612 3504 2679 3559 de
2712 3502 2914 3574 quibus
2948 3501 3068 3557 vide
3102 3501 3225 3557 ioco
3262 3500 3430 3557 citato
3473 3500 3763 3572 Cangium.

2175 3600 2509 3671 opinantem,
2560 3596 2634 3652 ita
2684 3604 2816 3656 tunc
2858 3595 3037 3666 primo
3085 3593 3258 3649 dictos
3309 3592 3529 3657 fideles,
3574 3609 3594 3644 α
3623 3589 3765 3662 quod

2175 3705 2348 3762 papa),
2378 3703 2542 3760 quem
2580 3695 2791 3759 patrem
2827 3685 3196 3757 appellabant,
3234 3683 3598 3738 adhaererent.
3632 3699 3652 3732 ι
3700 3678 3765 3733 Et

2175 3784 2282 3839 hoc
2321 3782 2375 3836 in
2419 3796 2585 3838 sensu
2630 3796 2754 3852 pag.
2796 3777 2923 3846 300,
2971 3775 3414 3833 Herlcmbaidum
3464 3770 3767 3828 Landuifus

2177 3876 2361 3931 senior
2390 3873 2722 3945 inculpabat,
2757 3871 2903 3944 quod
2933 3886 3030 3942 per
3067 3869 3187 3940 ejus
3217 3867 3542 3940 potentiam,
3589 3864 3764 3921 schis-

2176 3967 2390 4024 matieis
2422 3966 2550 4040 'regi
2593 3964 2993 4022 adhaerentibus
3030 3976 3282 4027 exesam,
3335 3979 3355 4011 α
3379 3957 3762 4013 Patarinorum

2178 4062 2232 4116 in
2269 4069 2481 4115 tantum
2511 4058 2753 4115 excrevit
2793 4071 3055 4137 numerus
3096 4062 3260 4124 atque
3287 4052 3482 4117 virtus,
3517 4050 3575 4105 in
3614 4049 3762 4120 pagis

2175 4162 2230 4208 et
2258 4150 2489 4222 oppidis,
2522 4166 2586 4206 ac
2618 4147 2947 4221 quibusdam
2978 4145 3116 4202 duce
3151 4144 3273 4215 ipso
3314 4143 3373 4219 in
3414 4140 3665 4206 urbibus,
3708 4146 3767 4193 ut

2177 4257 2405 4300 suorum
2452 4240 2730 4298 videretur
2776 4238 3022 4294 omnium
3066 4235 3322 4292 dominus
3371 4232 3701 4288 concivium.
3739 4247 3758 4281 ι

2112 4373 2156 4427 D
2183 4335 2295 4407 Ego
2323 4334 2592 4391 seniorem
2629 4330 2956 4387 Landulfum
2990 4329 3065 4383 ita
3109 4326 3257 4398 loqui
3287 4340 3397 4427 non
3673 4320 3764 4377 sed

2175 4428 2470 4499 iuniorem,
2504 4424 2821 4495 scriptorem
2870 4421 3201 4478 catholicum
3225 4461 3240 4485 ,
3286 4426 3341 4473 et
3375 4414 3635 4488 Liprandi
3673 4429 3764 4468 ne-

2179 4529 2361 4593 potem
2388 4518 2468 4573 uti
2500 4515 2734 4571 Patariae
2755 4513 3054 4569 vocabulo:
3083 4527 3181 4567 rex
3210 4510 3517 4577 vero,inter
3543 4521 3763 4563 excom-

2179 4611 2518 4669 municatum
2549 4617 2759 4680 patrem
2787 4620 2950 4663 suum
2978 4615 3031 4660 et
3056 4603 3340 4659 Urbanum
3366 4616 3562 4673 papam
3607 4597 3763 4670 quasi

2177 4706 2422 4772 medius,
2453 4703 2669 4759 videtur
2692 4706 2978 4771 suspectos
3003 4696 3261 4752 habuisse
3294 4694 3468 4751 dictos
3507 4693 3561 4748 in
3598 4690 3764 4763 patris

2179 4798 2304 4854 aula
2338 4796 2667 4859 Patarinos;
2700 4792 2904 4863 illoque
2932 4789 3153 4846 nomine
3181 4789 3347 4843 etiam
3392 4800 3530 4841 usus
3560 4784 3615 4837 in
3645 4797 3762 4846 sua,

2178 4896 2451 4961 quatenus
2491 4902 2588 4959 per
2631 4901 2727 4941 eos
2780 4882 3071 4940 videbatur
3110 4879 3259 4951 regia
3304 4886 3549 4949 potestas
3586 4874 3763 4929 immi-

2179 4980 2294 5048 nui,
2340 4976 2503 5051 atquc
2539 4993 2639 5049 pro
2678 4984 2833 5047 parte
2880 4975 2936 5030 in
2975 4987 3171 5044 papam
3216 4968 3526 5024 transferri.
3558 4966 3626 5021 Et
3667 4965 3761 5020 Li-

2174 5068 2418 5140 prandus
2446 5067 2666 5139 quidem
2706 5061 3061 5135 interroganti
3103 5060 3215 5132 regi
3255 5072 3580 5129 responsum
3620 5053 3760 5110 haud

2174 5160 2449 5230 ingratum
2477 5156 2630 5212 visus
2675 5163 2793 5211 erat
2840 5152 3168 5217 reddidisse;
3217 5168 3236 5202 ‹
3262 5157 3639 5204 verumtamen
3681 5146 3757 5199 al-

2174 5259 2289 5304 tera
2317 5248 2406 5304 die
2437 5246 2646 5303 iaciens
2676 5246 2781 5301 iter
2808 5258 2991 5311 suum,
3021 5258 3148 5298 cum
3176 5240 3496 5313 presbytero
3522 5237 3760 5292 Arualdo

2507 5338 2561 5360 ΑΙ-
2576 5339 2779 5360 -1-..---.
2814 5333 3295 5360 Π-.Ιὲ,-Ι.ι-Αήιιιξιιινι
3351 5340 3399 5360 ΑΙ
3425 5330 3562 5360 αι’-Λ
3586 5334 3761 5360 ﬁam-
