4028 5360
276 153 295 205 1
308 149 414 207 ὕοὸ

1796 128 1994 192 ACTA.

3394 121 3530 179 I500

273 264 453 319 Luerit
480 256 761 332 Ughellus,
788 268 920 315 tom.
950 257 1016 327 ll,
1052 256 1156 313 col.
1184 255 1310 321 213,
1357 253 1503 325 quod
1551 271 1568 303 ι
1600 266 1797 306 nomen
1827 270 1846 305 ι
1884 256 1929 314 Α
1958 246 2181 302 nasterii
2212 242 2269 300 S.
2303 243 2568 316 Dionysni,
2597 241 2849 299 clamavit
2878 248 2932 332 et
2960 239 3199 297 laudavit
3236 234 3532 332 Grossula-

214 384 223 387 -
272 356 393 426 ejus
427 373 445 406 ι
472 352 668 407 delevit
694 351 959 407 invidiosa
985 358 1246 404 vetustas.
1279 366 1298 398 ι

344 446 399 501 3.
427 443 505 499 Ita
526 444 856 513 interceptus
884 444 953 497 ab
973 440 1226 497 hostibus
1247 433 1577 508 Liprandus,
1607 444 1669 491 ut
1692 448 1855 505 porro

277 536 352 592 ait
382 534 684 590 Landull‘us
724 533 931 605 junior,
965 551 982 584 ι
1011 530 1329 594 ducebatur,
1360 527 1611 598 digerens
1636 540 1855 597 poenam

279 627 348 683 ad
393 628 573 682 locum
605 626 698 698 qui
730 625 1033 691 dicebatur,
1065 622 1250 692 ibique
1299 635 1395 691 per
1438 626 1677 688 quatuor
1740 615 1857 671 dies

277 725 523 773 retentus
544 725 599 772 et
617 716 972 786 exspoliatus,
996 713 1120 767 inde
1148 709 1512 765 Mediolanum
1548 705 1725 761 rediit.
1744 703 1856 761 Rex

278 823 409 865 vero
433 810 568 880 ipse,
601 818 760 878 prout
786 806 966 863 audivi
984 822 1013 860 a
1036 803 1346 874 raptoribus
1369 800 1496 864 illis,
1525 799 1809 853 ememlam
1833 816 1852 849 ι

282 901 358 974 (id
388 908 473 956 est
501 900 727 955 multam
758 914 851 953 seu
881 896 1309 952 satisfactionem
1342 908 1440 963 pro
1483 888 1624 945 facta
1673 906 1858 946 sacer-

252 986 393 1049 ‘doti
419 991 640 1063 injuria)
672 1010 690 1042 ι
720 999 773 1045 et
796 990 997 1044 mulam
1022 986 1194 1059 ipsius
1215 984 1515 1057 presbyteri
1539 981 1797 1054 suscepit,
1836 1001 1854 1032 ι

281 1097 456 1151 coque
479 1097 539 1135 se
560 1079 880 1149 complieem
908 1075 1171 1131 facinoris
1210 1074 1358 1139 fecit,
1381 1073 1526 1143 quod
1585 1071 1863 1127 debuisset

260 1170 469 1229 severe
498 1171 711 1226 ulcisci.
736 1167 923 1240 Neque
952 1168 1005 1223 id
1030 1168 1195 1223 etiam
1225 1167 1447 1237 impune
1478 1163 1602 1219 tulit
1638 1183 1651 1218 :
1682 1183 1699 1215 ι
1735 1178 1861 1219 mox

280 1266 426 1319 enim
458 1265 511 1318 in
534 1262 786 1318 Tusciam
814 1262 964 1317 adire
1003 1259 1256 1325 tentavit,
1286 1267 1340 1313 et
1369 1273 1493 1312 cum
1530 1255 1860 1311 Florentiam

282 1356 618 1427 pervenisset
641 1371 756 1420 rex,
780 1353 897 1423 ipse
926 1352 1061 1407 alias
1084 1351 1324 1423 prudens
1351 1358 1406 1404 et
1443 1349 1662 1419 sapiens
1701 1356 1863 1418 atque

282 1446 518 1501 decorus
546 1446 725 1519 specie
746 1446 1129 1500 adolescens...
1162 1442 1330 1497 vitam
1362 1442 1555 1497 finivit.
1590 1461 1607 1492 ι
1651 1440 1707 1499 Id
1738 1458 1862 1496 cum

283 1537 549 1593 Domnizo
579 1538 632 1592 in
662 1535 784 1592 Vita
806 1535 1082 1592 Mathildis
1112 1536 1258 1591 dicat
1288 1533 1489 1591 factum
1518 1550 1663 1590 anno
1696 1553 1714 1586 ι
1750 1545 1861 1590 ter-

1958 350 2093 390 num
2128 332 2231 389 sibi
2262 333 2318 388 in
2361 332 2853 405 archiepiscOpum.
2905 330 3025 402 Ipse
3068 344 3219 396 vero,
3249 327 3433 384 statim
3472 336 3535 384 ut

1953 426 2089 481 vidit
2110 441 2171 480 se
2214 441 2245 479 a
2269 425 2506 495 quadam
2528 439 2723 495 magna
2752 422 2897 495 vulgi
2918 431 2973 478 et
2996 422 3263 478 nobilium
3294 421 3538 476 multitu-

1955 518 2081 574 dine
2122 516 2546 581 conclamatum,
2570 525 2623 571 et
2649 516 2717 571 ah
2739 515 2933 570 abbate
2962 515 3057 569 illo
3083 512 3421 585 plaudatum,
3442 527 3535 567 ar-

1957 607 2410 679 chiepiscopalem
2441 607 2624 661 sedem
2656 605 2900 661 ascendit
2946 614 3002 661 et
3049 606 3222 673 sedit;
3278 614 3333 660 et
3381 604 3535 659 illum

1954 700 2233 766 abbatem,
2257 699 2323 755 de
2352 697 2567 753 abbatia
2598 697 2651 751 in
2677 697 2975 766 abbatiam,
2996 698 3261 770 majorem
3288 696 3539 753 videlicet

1956 792 2360 857 Clavatensem,
2386 790 2687 845 transtulit.

2032 885 2148 940 5.1
2193 883 2300 939 Sed
2332 891 2458 938 ante
2489 882 2654 954 hujus
2688 882 3100 938 translationem
3130 882 3359 953 contigit
3390 880 3538 954 quod

1952 977 2186 1049 'quidam
2219 975 2315 1049 qui
2350 975 2678 1031 videbantur
2725 975 2781 1029 in
2830 975 2941 1029 vita
2979 983 3033 1028 et
3079 975 3325 1030 moribus
3377 974 3542 1047 [prte-

1955 1067 2277 1141 stantiores]
2322 1067 2428 1123 viri
2460 1075 2515 1122 et
2563 1066 2749 1123 clerici
2797 1065 3251 1133 Mediolanenscs,
3291 1067 3541 1137 quaedam

1957 1161 2140 1231 turpia
2160 1161 2229 1216 de
2272 1158 2613 1215 Grossulano
2652 1166 2707 1214 et
2753 1159 2873 1229 ejus
2918 1158 3182 1213 electione
3228 1159 3543 1230 presbytero

1961 1252 2237 1323 Liprando
2296 1251 2733 1307 notiﬂcaverunt.
2792 1249 3002 1318 Quibus
3056 1252 3190 1306 viris
3229 1259 3285 1307 et
3331 1250 3545 1306 clericis

1952 1346 2245 1417 presbyter
2278 1345 2394 1416 ipse
2424 1344 2716 1400 consilium
2756 1343 2905 1399 dedit
2949 1351 3011 1399 ut
3055 1343 3263 1399 litteras
3311 1350 3367 1398 et
3406 1343 3546 1399 duos

1957 1441 2188 1499 idoneos
2212 1442 2441 1497 clericos
2466 1440 2743 1496 mitterent
2781 1438 3033 1506 Romam,
3053 1437 3296 1511 rogando
3318 1452 3540 1509 papam,

1960 1544 2233 1606 quatenus
2265 1532 2659 1589 Grossulanum
2696 1532 2751 1587 in
2803 1530 3269 1603 archiepiscopatu
3306 1546 3416 1587 non
3446 1529 3544 1585 llr-

280 1630 383 1693 tio,
406 1645 472 1683 ex
502 1643 613 1699 quo
646 1625 901 1682 Urbanus
944 1642 1080 1697 papa
1120 1627 1441 1693 transierat,
1493 1646 1511 1678 ι
1556 1635 1769 1697 Oportet
1805 1634 1865 1681 ut
1895 1604 1938 1667 Β
1960 1604 2159 1695 maret,
2186 1627 2359 1682 donec
2380 1626 2591 1697 seipsos
2613 1624 2891 1680 mittentes
2919 1624 3136 1679 litteras
3188 1624 3245 1678 in
3292 1623 3548 1694 proximo

284 1719 485 1790 injuria
518 1720 622 1774 ista
660 1718 937 1789 Liprando
986 1718 1058 1773 sit
1091 1717 1240 1773 illata
1290 1733 1435 1773 anno
1491 1717 1647 1785 1101,
1689 1717 1865 1785 eunti,

284 1826 395 1865 non
428 1811 494 1867 ad
536 1810 834 1877 Urbanum,
858 1809 952 1881 qui
1002 1825 1147 1866 anno
1192 1810 1331 1865 1099
1378 1811 1606 1877 obierat,
1660 1811 1755 1866 sed
1796 1806 1864 1867 ad

285 1917 661 1958 successorem
702 1904 823 1973 ejus
856 1901 1180 1958 Paschalem
1210 1901 1274 1958 Il.
1325 1900 1529 1958 Verum
1565 1903 1656 1959 hic
1705 1902 1867 1959 facile

285 1990 390 2047 fuit
421 2002 474 2047 et
497 1992 859 2063 ignoscendus
881 1989 1152 2047 Landulfo
1181 1990 1271 2047 isti
1318 1991 1597 2047 memoria:
1645 1994 1863 2065 lapsus;

285 2083 450 2138 sicuti
474 2084 638 2139 etiam
664 2084 811 2154 quod
842 2083 1001 2139 fama:
1024 2084 1251 2140 credidit
1279 2099 1458 2155 regem
1490 2083 1689 2138 obiisse
1729 2104 1747 2136 ι
1776 2101 1867 2140 ac-

284 2184 441 2243 cepta
474 2174 698 2243 potione
726 2174 795 2228 ab
822 2173 1033 2228 Aviano
1062 2171 1337 2228 Mathildis
1383 2173 1599 2228 medico
1631 2191 1644 2227 :
1684 2194 1702 2224 ι
1738 2188 1864 2229 cum

264 2263 550 2320 'Domnlzo
571 2266 717 2321 dicat
745 2265 913 2336 quod,
947 2283 965 2317 ι
1003 2272 1127 2335 post
1158 2279 1351 2335 pacem
1388 2282 1405 2314 ι
1440 2279 1569 2318 cum
1608 2262 1867 2319 Mathilde

285 2358 669 2425 reformatam,
706 2378 725 2410 ι
756 2358 902 2413 febre
932 2365 1109 2413 tactus
1166 2354 1366 2427 (Julius
1417 2363 1599 2409 autem
1663 2356 1870 2411 mensis

283 2452 423 2522 erat)
446 2452 676 2506 moritur
698 2450 1041 2506 Chonradus.
1055 2468 1073 2501 ι
1091 2447 1148 2503 Si
1161 2448 1292 2519 quid
1316 2456 1500 2503 tamen
1516 2447 1570 2501 in
1594 2446 1868 2518 Liprando

284 2558 394 2599 nou
445 2542 774 2599 vindicando
816 2542 864 2597 is
900 2541 1178 2612 peccavit,
1232 2547 1443 2611 Oportet
1494 2540 1673 2611 ipsum
1720 2536 1869 2593 finali

284 2633 602 2705 pmnitentia
644 2634 877 2702 eluisse;
901 2633 949 2690 si
982 2633 1081 2705 (uti
1101 2632 1290 2689 scribit
1310 2629 1721 2703 Urspergensis)
1746 2647 1870 2688 vere

290 2743 312 2779 ι
341 2726 521 2783 testati
553 2745 572 2781 ι
599 2736 749 2793 sunt,
771 2725 864 2797 qui
894 2724 1149 2780 morienti
1177 2743 1196 2776 ι
1239 2724 1502 2791 aderant,
1539 2724 1593 2778 in
1642 2722 1869 2780 brachio

276 2818 536 2889 "corporis
560 2819 797 2875 exanimi
823 2817 1009 2875 erucis
1032 2818 1379 2889 signaculum
1410 2817 1591 2873 subito
1616 2827 1865 2873 exortum

285 2923 346 2964 se
366 2908 597 2975 vidisse,
628 2908 884 2979 ipsasque
913 2905 1035 2976 ejus
1068 2906 1360 2976 exsequias
1410 2904 1690 2962 miraculis
1744 2906 1867 2976 qui-

278 2999 514 3055 husdam
527 2999 914 3056 honorificatas
938 2997 1128 3054 fuisse.
1142 3017 1161 3049 ι
1180 2995 1291 3053 Nec
1303 2996 1600 3064 immerito,
1622 2999 1868 3069 quando-

284 3089 507 3161 quidem
536 3090 775 3146 debitam
804 3089 1050 3161 pontiﬁci
1074 3087 1439 3145 obedientiam
1465 3096 1695 3159 paterno
1737 3088 1868 3146 aﬂe—

285 3185 399 3238 ctui
425 3189 479 3237 et
502 3183 817 3238 reverentia:
846 3181 1105 3253 praetulit,
1135 3179 1369 3251 ideoque
1414 3198 1433 3230 ι
1469 3180 1628 3249 plena
1671 3179 1775 3235 fide
1815 3190 1868 3237 et

280 3274 430 3330 bona
454 3272 820 3341 confessione,
844 3290 876 3330 a
919 3288 1090 3345 regno
1124 3270 1463 3338 transitoria,
1491 3271 1560 3325 ad
1603 3279 1866 3327 aeternum

284 3367 539 3437 creditur,
558 3382 786 3439 regnum
814 3366 1098 3422 transisse.
1135 3384 1154 3416 ι

357 3460 410 3513 4.
436 3457 657 3515 Interim
702 3460 1005 3531 contigerat
1050 3458 1369 3514 Anselmum
1396 3454 1866 3526 archiepiscopum

287 3551 565 3620 suscipere
584 3550 1083 3621 peregrinationem
1128 3547 1675 3620 Hierosolymitanam
1692 3587 1707 3613 ,
1730 3546 1865 3601 sibi-

285 3661 395 3715 que
421 3646 684 3701 vicarium
737 3646 1066 3703 substituere
1117 3641 1410 3715 quemdam
1447 3642 1865 3710 Grossulanum,

287 3736 538 3794 Electum
560 3737 931 3804 Saonensem;
983 3737 1078 3809 qui
1114 3757 1133 3788 ι
1170 3735 1507 3792 commonuit
1544 3744 1779 3805 gentem,
1809 3743 1867 3789 ut

288 3844 388 3901 per
413 3828 658 3901 singulas
686 3828 1052 3885 hebdomades
1074 3829 1129 3883 in
1150 3827 1388 3883 secunda
1412 3825 1547 3881 feria
1568 3826 1636 3880 ad
1660 3824 1717 3880 S.
1735 3825 1865 3880 Am-

290 3918 459 3973 brosii
481 3918 849 3985 convenirent,
862 3927 916 3974 et
943 3934 1042 3989 pro
1067 3919 1477 3989 archiepiscopo
1499 3919 1591 3974 illo
1606 3918 1864 3975 Anselmo

288 4009 517 4081 ejusque
563 4009 803 4064 exercitu
850 4009 1070 4064 litanias
1124 4008 1384 4064 facerent.
1440 4007 1559 4080 Ipse
1584 4023 1715 4064 vero
1752 4023 1862 4064 non

289 4100 469 4156 solum
503 4100 559 4154 in
599 4099 730 4169 ipsis
756 4099 925 4167 feriis,
959 4100 1051 4156 sed
1094 4116 1191 4171 per
1231 4099 1473 4172 singulas
1523 4099 1864 4167 festivitates,

288 4207 504 4265 magna:
542 4191 778 4247 civitatis
811 4193 955 4264 genti
984 4194 1255 4248 luculente
1285 4193 1773 4261 sermocinabatur,
1812 4202 1868 4250 et

1964 1725 2213 1787 tempore
2234 1716 2439 1771 videret
2462 1722 2515 1769 et
2544 1713 2775 1769 audiret.
2802 1711 3111 1769 Bernardus
3155 1720 3335 1766 autem
3378 1711 3548 1766 abbas

1954 1805 2412 1863 'Umhrosmvallis
2437 1813 2494 1861 et
2520 1805 2814 1861 cardinalis
2862 1803 3165 1871 Romanus,
3193 1804 3262 1859 ad
3313 1804 3416 1859 bas
3452 1803 3547 1858 lit-

1960 1906 2115 1955 teras
2132 1907 2187 1955 et
2210 1899 2453 1966 nuntios,
2482 1912 2669 1953 coram
2701 1898 3001 1969 apostolico
3026 1906 3080 1953 et
3108 1897 3259 1953 curia
3299 1895 3548 1953 Romana

1960 2007 2077 2046 non
2103 1991 2382 2062 respexit;
2438 1991 2533 2046 sed
2565 1998 2785 2061 accepta
2815 1989 2956 2047 stola
2996 1989 3207 2044 curiam
3251 1990 3551 2046 comitissar

1965 2078 2239 2138 Mathildls
2274 2082 2529 2148 intravit;
2563 2082 2746 2152 ibique
2784 2081 2919 2136 inito
2970 2081 3222 2147 consilio,
3274 2081 3329 2135 in
3378 2081 3551 2137 benc-

1961 2173 2166 2244 placito
2204 2173 2449 2229 Arderici
2494 2173 2561 2227 de
2594 2170 2889 2237 Carimate,
2921 2172 3016 2242 qui
3064 2188 3165 2243 pro
3212 2171 3553 2228 Grossulano

1965 2272 2020 2321 ‘et
2047 2265 2187 2321 stola
2210 2263 2441 2320 Romam
2464 2264 2655 2331 iverat,
2672 2264 2843 2319 abbas
2866 2264 2958 2319 ille
2983 2263 3295 2321 Bernardus
3319 2265 3551 2322 Romam

1967 2356 2120 2413 adire
2149 2355 2443 2412 festinavit.
2474 2354 2542 2410 Et
2575 2370 2700 2411 cum
2725 2356 2916 2426 procul
2939 2356 3166 2412 vidisset
3185 2355 3549 2413 Mediolanum

1968 2444 2283 2514 Arderlcus,
2313 2447 2454 2502 idem
2482 2445 2733 2519 [stolam]
2762 2447 2819 2501 in
2848 2448 3093 2517 protensi
3129 2448 3281 2520 virga
3321 2468 3340 2502 ι
3400 2451 3552 2520 (um-

1969 2532 2124 2596 hella:
2148 2538 2379 2595 forsitan
2407 2552 2581 2611 genus
2617 2557 2637 2591 ι
2672 2547 2994 2609 protensum
3029 2558 3047 2590 ι
3082 2540 3186 2613 est)
3222 2560 3241 2593 ι
3277 2557 3453 2613 usque
3482 2540 3550 2597 ad

1968 2631 2231 2701 majorem
2297 2630 2583 2686 ecclesiam
2645 2629 2884 2685 civitatis
2941 2631 3177 2700 portavit
3232 2632 3478 2688 clamans
3534 2652 3549 2687 :

1970 2738 1994 2781 ι
2028 2728 2205 2784 Hecco
2224 2729 2274 2782 la
2305 2728 2465 2793 stola,
2494 2728 2664 2782 hecco
2684 2727 2736 2780 la
2759 2726 2928 2791 stola;
2962 2743 2981 2777 ι
3007 2732 3063 2781 et
3096 2724 3153 2781 in
3187 2725 3293 2781 hoc
3311 2725 3552 2781 clamore

1967 2820 2246 2895 plenitudo
2256 2820 2402 2891 vulgi
2422 2817 2527 2874 fuit
2546 2827 2602 2875 et
2616 2817 2939 2874 aeclamavit
2960 2837 3004 2873 ει
3026 2816 3287 2874 Moriatur
3314 2818 3551 2889 quicun-

1967 2922 2074 2983 que
2098 2910 2510 2968 contradixerit.
2543 2929 2565 2963 ι
2588 2910 2919 2966 Clamoriste
2948 2911 3140 2982 ingens
3174 2918 3229 2966 et
3259 2910 3552 2966 continuus

1971 3004 2093 3071 fuit,
2118 3004 2292 3059 donec
2320 3003 2491 3059 abbas
2516 3003 2607 3058 ille
2629 3002 2947 3070 cardinalis,
2969 3012 3023 3058 et
3042 3001 3412 3059 Grossulanus
3432 3003 3545 3074 pul-

1971 3093 2144 3167 pilum
2176 3095 2404 3165 majoris
2435 3095 2681 3151 ecclesia:
2703 3094 2993 3151 Mediolani
3029 3094 3293 3151 ascendit.
3335 3093 3405 3149 Et
3426 3111 3552 3152 cum

1970 3193 2201 3255 uterque
2231 3184 2305 3239 ibi
2328 3184 2655 3240 videbantur
2683 3184 2738 3239 in
2768 3184 2919 3241 victu
2953 3185 3158 3253 amicti,
3184 3184 3241 3242 in
3270 3187 3425 3243 vultu
3453 3186 3552 3243 de-

1968 3275 2144 3341 missi,
2170 3275 2225 3329 in
2257 3290 2510 3331 sermone
2557 3276 2835 3347 praeclari,
2885 3284 3097 3333 tantum
3150 3277 3406 3349 plausum
3450 3295 3543 3334 au-

1967 3366 2190 3423 dierunt
2224 3367 2352 3434 sibi,
2376 3368 2544 3424 veluti
2570 3368 2616 3425 si
2640 3384 2779 3440 pure
2803 3368 2985 3425 forent
3007 3370 3183 3441 angeli
3208 3368 3324 3425 Dei.
3368 3369 3552 3441 Ibique

1968 3457 2340 3516 Grossulanus
2376 3460 2516 3515 stola
2544 3461 2788 3528 indutus,
2816 3470 2869 3516 ct
2889 3462 3059 3517 abbas
3089 3462 3144 3517 in
3182 3478 3286 3518 suo
3314 3471 3552 3534 tempore

1967 3560 2372 3620 remuneratus,
2398 3552 2606 3623 quievit
2624 3562 2680 3607 et
2703 3554 2951 3617 recessit,
2977 3561 3032 3608 et
3053 3562 3177 3623 post
3211 3569 3415 3624 paucos
3438 3555 3552 3610 dies

1966 3641 2023 3696 in
2045 3641 2275 3713 gratiam
2298 3644 2572 3713 praedicta:
2588 3644 2885 3699 eomitissze
2908 3643 3204 3712 Mathildis,
3227 3645 3370 3702 idem
3385 3646 3552 3702 abbas

1965 3731 2315 3788 Parmenscm
2327 3734 2698 3805 episcopatum
2712 3735 2978 3805 suscepit;
3002 3755 3021 3787 ι
3036 3736 3121 3790 vir
3130 3736 3290 3806 plane
3309 3747 3533 3793 sanctus
3546 3780 3552 3784 .

1967 3823 2046 3878 uti
2067 3823 2280 3879 docebit
2308 3823 2428 3880 Vita
2452 3825 2630 3880 danda
2653 3826 2687 3880 4
2714 3824 3057 3895 Decembris;
3090 3842 3263 3897 quare
3285 3842 3359 3884 er
3381 3829 3551 3899 ipsius

1965 3923 2119 3986 parte
2144 3914 2330 3972 nullus
2355 3915 2445 3972 hic
2464 3931 2757 3987 possumus
2779 3916 3038 3974 Simonite
3050 3918 3242 3974 vitium
3265 3919 3553 3991 suspicari.

2036 4007 2089 4061 6.
2128 4005 2248 4062 Non
2275 4008 2654 4081 acquiescebat
2678 4009 2894 4065 interim
2932 4009 3239 4082 Liprandus
3262 4011 3549 4069 Grossula«

1966 4112 2099 4153 num
2123 4099 2430 4170 suscipere;
2472 4099 2561 4156 hic
2589 4116 2738 4168 vero,
2770 4120 2789 4153 ι
2826 4118 3187 4174 quoscunque
3225 4120 3337 4160 non
3378 4106 3551 4176 potuit

1967 4192 2073 4247 sibi
2128 4193 2385 4263 blandiri,
2415 4194 2643 4250 tentavit
2695 4196 2863 4253 minis
2902 4205 3136 4264 terrere,
3178 4199 3556 4273 presbyterum

292 4284 712 4340 sennoeinando
728 4300 836 4339 non
862 4284 1037 4357 magis
1059 4285 1346 4341 affectabat
1365 4285 1537 4356 ipsam
1561 4285 1862 4358 sibi,quam
1893 4315 1943 4374 D
1971 4283 2307 4356 Liprandu‘m
2336 4288 2627 4357 praecipue,
2658 4308 2675 4340 ι
2703 4297 2765 4344 ιιι
2791 4290 2989 4361 legitur
3027 4291 3084 4345 in
3127 4289 3372 4346 Monum.
3423 4292 3550 4348 Am-

291 4377 583 4447 asperitate
623 4377 854 4433 vestitus
903 4386 958 4433 et
1000 4378 1170 4433 sibi...
1227 4397 1246 4428 ι
1310 4386 1365 4433 et
1398 4379 1479 4434 sic
1518 4398 1537 4430 ι
1583 4395 1679 4450 per
1723 4380 1863 4436 duos

230 4466 240 4476 '
290 4483 466 4523 annos
492 4468 777 4535 laboravit,
817 4487 836 4520 ι
870 4468 1043 4524 donec
1071 4489 1089 4522 ι
1118 4469 1498 4524 certitudinem
1547 4470 1757 4541 accepit
1796 4472 1864 4526 de

290 4571 466 4615 morte
526 4560 768 4631 praedicti
818 4561 1084 4628 Ausclmi,
1139 4581 1156 4612 ι
1206 4561 1678 4632 Constantinopoli
1718 4564 1864 4620 obita

289 4666 435 4706 anno
468 4651 622 4719 1011,
646 4652 734 4707 die
759 4652 829 4707 30
859 4650 1216 4723 Septembris.
1251 4651 1489 4722 Accepta
1525 4661 1706 4707 autem
1746 4669 1865 4708 cer-

288 4743 543 4808 titu‘dine,
565 4743 821 4814 praecepit
851 4762 870 4795 ι
905 4743 1216 4813 primicerio
1236 4752 1289 4797 et
1319 4743 1633 4809 ordinariis,
1665 4744 1867 4815 inquit,

286 4834 516 4905 majoris
548 4835 811 4901 ecclesiae,
834 4843 896 4889 ut
926 4843 1192 4905 praesente
1233 4847 1293 4889 se
1338 4835 1601 4905 eligerent
1655 4836 1759 4891 sibi
1813 4846 1869 4893 et

285 4925 490 4996 populo
539 4926 1008 4996 archiepiscopum
1066 4926 1501 4992 convenientem,
1544 4928 1865 4998 priusquam

286 5016 490 5070 rediret
512 5015 578 5071 ad
600 5016 970 5086 episcopatum
999 5014 1356 5071 Saonensem.
1406 5013 1561 5071 Tunc
1608 5017 1867 5088 primice-

284 5108 425 5172 rius,
459 5106 646 5162 hahito
672 5106 901 5162 consilio
926 5121 1048 5161 cum
1089 5104 1368 5161 nobilibus
1398 5105 1612 5164 clericis
1645 5117 1701 5165 et
1731 5112 1866 5172 viris

283 5198 594 5265 Mediolani,
617 5213 806 5255 coram
839 5197 1037 5268 popqu
1062 5207 1117 5253 et
1147 5196 1290 5266 ipso,
1330 5199 1562 5256 alterum
1603 5203 1671 5259 de
1718 5201 1865 5262 Lan-

281 5289 447 5346 dulﬁs
489 5288 907 5347 Mediolanensis
931 5287 1188 5345 Ecclesiae
1220 5289 1539 5360 ordinariis,
1569 5295 1639 5351 ab
1672 5292 1866 5353 Hiero.

1968 4379 2119 4434 bros.
2152 4396 2275 4450 pag.
2316 4379 2440 4435 195.
2481 4379 2731 4451 Cumque
2758 4381 3175 4450 compescendis
3223 4382 3560 4438 tumultibus

1968 4479 2158 4525 contra
2218 4485 2276 4525 se
2335 4471 2794 4526 invalescentihus
2817 4512 2835 4537 ,
2884 4473 3155 4544 synodum
3197 4482 3555 4530 convocasset

1970 4560 2363 4627 Grossulanls,
2408 4563 2586 4618 accito
2630 4563 2685 4618 in
2734 4564 3054 4622 concionem
3112 4566 3338 4635 populo,
3366 4566 3503 4623 dixit
3540 4583 3557 4622 τ

1977 4672 1995 4705 ι
2027 4653 2086 4707 Si
2109 4653 2235 4723 quis
2263 4654 2552 4711 adversum
2597 4671 2686 4711 me
2745 4656 2864 4710 vult
2906 4658 3096 4717 dicere
3157 4657 3385 4728 aliquid,
3413 4675 3562 4714 nunc

1971 4746 2145 4812 dicat;
2185 4744 2331 4816 quod
2361 4745 2407 4799 si
2456 4747 2621 4804 modo
2671 4747 2928 4816 tacuerit,
2978 4746 3222 4821 amplius
3277 4750 3570 4806 adversum

1970 4852 2059 4892 me
2097 4836 2432 4893 audientiam
2458 4857 2570 4896 non
2599 4838 2837 4895 habebit.
2892 4837 3028 4905 Hoc
3075 4851 3207 4896 cum
3259 4840 3581 4915 presbytero

1968 4929 2243 5000 Liprando
2273 4936 2654 4991 renuntiatum
2686 4933 2812 4997 fuit,
2841 4941 2898 4987 et
2922 4935 3068 5013 ipse
3115 4929 3304 5002 plures
3347 4932 3497 4990 cives
3519 4930 3592 4986 ad

1968 5022 2255 5077 ecclesiam
2290 5020 2348 5075 S.
2375 5020 2536 5082 Pauli
2579 5024 2796 5081 vocavit
2825 5022 2892 5079 .in
2967 5038 3101 5097 me,
3161 5017 3356 5089 quibus
3402 5025 3539 5082 dixit
3583 5034 3600 5071 :

1969 5112 2174 5168 Videtis
2196 5129 2287 5169 me
2317 5112 2632 5177 abscissum
2655 5130 2791 5171 naso
2829 5123 2887 5170 et
2918 5121 3197 5190 auribus
3240 5125 3342 5181 pro
3387 5116 3615 5173 nomine

1966 5202 2191 5271 Christi,
2221 5202 2369 5259 unde
2399 5209 2541 5265 mihi
2568 5221 2764 5278 magna
2787 5209 3140 5281 retributio
3187 5207 3271 5255 est
3323 5209 3620 5272 promissa,

1966 5298 2011 5353 si
2041 5297 2095 5351 in
2123 5298 2288 5353 linem
2320 5309 2765 5360 Perseveravero.
2792 5295 2905 5353 Pro
2956 5308 3195 5360 amore
3218 5291 3402 5360 itaque
3420 5287 3630 5352 Christi
