4028 5360
541 274 681 333 13οἹ

1678 278 1778 334 SS.
1819 278 2099 334 AlilAIJ)!
2116 334 2121 343 ,
2141 277 2227 335 ET
2256 280 2709 343 ERLEMBALDI

3674 293 3820 347 $508

538 414 843 470 Simoniam
871 414 1117 486 dixisset,
1141 414 1427 488 proposuit
1453 414 1642 471 dicens
1677 434 1687 469 ξ
1724 416 2114 491 Grossulanus,
2144 400 2192 455 Α
2224 397 2423 491 {mlum
2452 398 2668 491 letavit.
2708 407 2770 491 ej
2787 398 2896 454 “eo
2925 399 3130 473 gratias
3170 399 3298 473 es".
3341 409 3397 456 ει
3435 400 3821 475 interrogando

534 506 629 578 qui
658 522 757 576 pro
778 506 1192 578 archiepiscopo
1243 514 1481 574 tenetur,
1534 515 1620 562 est
1669 506 2019 575 Simoniacus
2058 509 2125 563 de

533 597 1011 671 archiepiscopatu
1042 597 1457 666 Mediolanensi,
1492 615 1589 669 per
1624 616 1825 657 munus
1866 618 1898 656 a
1931 618 2120 667 manu,

530 702 627 755 per
653 702 855 741 munus
884 703 913 741 a
953 687 1159 757 lingua,
1193 703 1291 758 per
1346 703 1550 743 munus
1604 688 1674 743 ab
1721 689 2004 760 obsequio.
2058 689 2125 746 Et

529 793 654 832 cum
684 778 739 832 in
770 793 872 834 suo
898 779 1178 850 proposito
1210 780 1553 854 procederet,
1578 780 1881 850 saepissime
1931 782 2121 838 horta-

531 870 692 925 batur
720 886 912 928 omnes
950 880 1010 927 ut
1065 873 1418 953 convenirent
1447 873 1514 927 ad
1542 889 1726 928 veram
1756 876 2123 946 cognitionem

530 961 694 1031 hujus
723 964 992 1034 propositi
1017 981 1115 1035 per
1139 965 1395 1039 divinum
1425 964 1727 1034 judicium,
1759 968 2121 1037 approbatum

529 1052 583 1106 in
617 1047 726 1109 vita
753 1056 836 1110 vel
873 1064 1048 1112 morte
1079 1072 1200 1124 sua,
1244 1057 1591 1113 manifestata
1628 1073 1724 1128 per
1766 1059 1965 1129 ipsum.
2015 1060 2123 1115 Sed

525 1140 849 1202 Grossulani
880 1149 1039 1203 turba
1069 1149 1175 1203 hoc
1201 1148 1554 1218 perturbabat
1580 1150 1906 1205 auctoritate
1938 1150 2121 1221 ponti—

526 1237 720 1303 ficum,
768 1239 863 1307 qui
909 1239 1274 1295 Mediolanum
1324 1248 1589 1313 venerant
1628 1241 1697 1317 ad
1738 1242 2122 1299 celebrandam

527 1331 799 1401 synodum
836 1346 969 1390 .cum
1012 1332 1370 1388 Grossulano.
1416 1331 1804 1389 Verumtamen
1841 1335 2124 1409 presbyter

526 1420 673 1492 ipse,
726 1424 991 1479 adversus
1040 1425 1349 1502 episcopos.
1380 1424 1669 1496 disputans
1719 1425 2026 1483 rationibus
2068 1436 2125 1499 et

522 1520 787 1586 exemplis
801 1533 956 1572 suam
980 1520 1303 1573 sententiam
1318 1519 1583 1595 sustinuit
1599 1534 1700 1574 nec
1718 1520 1947 1576 dimisit.
1962 1520 2125 1577 Gros-

523 1606 752 1663 sulanus
777 1623 927 1673 vero,
974 1609 1375 1679 parvipendens
1401 1609 1565 1679 hujus
1592 1607 1895 1682 presbyteri
1930 1612 2117 1679 verba,

522 1699 670 1753 velut
700 1699 754 1753 in
776 1701 1064 1769 praesentia
1088 1700 1207 1770 ejus
1231 1715 1340 1753 non
1363 1707 1550 1755 essent
1588 1701 1819 1771 prolata,
1848 1701 2119 1774 synodum

2226 484 2454 559 legatos,
2486 489 2661 560 inquit
2686 497 2699 543 ἑ
2726 488 2854 545 Vult
2885 500 2939 546 et
2965 493 3187 547 mandat
3216 493 3332 563 ipse
3364 494 3511 564 quod
3556 496 3696 550 mihi
3738 499 3809 553 di-

2226 580 2384 635 citis?
2428 579 2534 648 Qui
2581 574 2785 638 omnes
2814 584 3206 653 respondentes
3230 626 3244 650 ,
3297 585 3556 641 dixerunt
3584 605 3598 639 :
3628 585 3823 658 Utique

2225 673 2341 728 vult
2366 676 2421 730 et
2445 674 2686 729 mandat.
2731 674 2797 730 Et
2840 675 3129 748 Presbyter
3168 679 3236 733 ad
3275 694 3371 734 eos
3400 699 3411 733 :
3438 679 3669 735 Terram
3715 698 3820 757 non

2225 780 2382 831 exeo,
2414 766 2507 820 sed
2538 766 2593 820 in
2621 766 2742 822 istis
2767 767 2984 824 duobus
3012 768 3203 825 diebus
3223 770 3495 840 jejunium
3521 788 3648 844 ago,
3691 785 3743 827 et
3768 772 3820 827 in

2224 865 2422 927 quarta
2452 855 2587 912 feria
2623 857 2821 912 faciam
2864 859 3150 929 judicium,
3197 870 3492 931 praestante
3530 862 3676 933 Deo;
3729 867 3821 920 sed

2224 946 2371 1003 unde
2400 948 2543 1021 ligna
2571 965 2773 1016 emam,
2801 967 2906 1006 non
2941 952 3133 1007 habeo.

2295 1040 2349 1096 9.
2395 1060 2413 1094 ι
2445 1041 2599 1098 Tunc
2626 1042 2946 1098 Grossulani
2969 1053 3023 1099 et
3044 1045 3356 1117 reipublicae
3381 1047 3626 1104 ministri
3656 1065 3820 1121 qucr-

2222 1118 2348 1209 cina
2377 1134 2547 1206 ligna,
2575 1135 2643 1191 ad
2677 1133 2953 1190 flammam
2996 1142 3049 1191 et
3093 1138 3328 1194 calorem
3372 1118 3691 1210 aptissima,
3722 1137 3819 1197 tri-

2220 1214 2370 1299 ginta
2409 1227 2609 1299 solidis
2638 1224 2987 1285 denariorum
3026 1241 3303 1297 emerunt;
3352 1249 3476 1304 quze
3519 1233 3575 1288 in
3625 1253 3816 1307 eampo

2223 1326 2349 1374 ante
2370 1318 2571 1374 atrium
2599 1320 2845 1376 ecclesim
2871 1320 2929 1375 S.
2963 1322 3235 1377 Ambrosii
3282 1324 3334 1378 in
3365 1324 3585 1381 duabus
3615 1342 3815 1399 conge-

2223 1426 2430 1478 rienus,
2467 1408 2881 1481 respicientibus
2916 1426 2995 1478 se,
3032 1423 3489 1483 composuerunt;
3533 1417 3815 1487 longitudo

2223 1518 2457 1575 quarum
2488 1504 2676 1559 decem
2706 1500 3014 1559 cubitorum
3056 1503 3177 1571 fuit,
3225 1515 3280 1561 et
3325 1506 3559 1561 altitudo
3599 1519 3658 1562 et
3696 1509 3815 1564 lati-

2223 1596 2352 1651 tudo
2374 1595 2549 1666 major
2573 1604 2781 1652 statura
2813 1592 3049 1652 hominis
3077 1597 3385 1653 cubitorum
3410 1609 3687 1671 quatuor;
3729 1603 3813 1657 via

2215 1685 2353 1743 vero
2380 1688 2522 1744 inter
2550 1689 2698 1759 ipsas
2726 1682 3006 1761 congeries
3037 1690 3198 1746 unius
3222 1700 3277 1746 et
3303 1693 3471 1749 semis
3496 1694 3696 1749 cubiti.
3748 1693 3816 1750 lis

522 1803 678 1843 suam
706 1787 761 1842 in
788 1790 1017 1846 ecclesia
1046 1788 1102 1843 S.
1130 1788 1315 1844 Maria:
1342 1806 1439 1860 per
1463 1789 1603 1845 duos
1629 1790 1749 1846 dies
1772 1792 2109 1847 tractavit....

2225 1780 2298 1836 ita
2320 1780 2619 1852 dispositis,
2646 1790 2702 1837 et
2724 1781 3048 1852 quihusdam
3076 1782 3238 1854 lignis
3259 1776 3314 1839 in
3336 1786 3420 1839 via
3452 1785 3814 1857 interpositis,

596 1877 646 1933 7.
680 1899 698 1932 ι
728 1880 984 1935 Attamen
1011 1880 1334 1937 Grossulani
1357 1882 1538 1949 turba,
1565 1881 1837 1951 dimicans
1859 1884 2120 1939 adversus

519 1970 895 2040 primicerium
933 1972 1286 2040 Landulfum,
1332 1974 1581 2045 ejusdem
1621 1976 1919 2045 primicerii
1962 1977 2121 2047 cleri-

520 2078 647 2118 cum
678 2064 855 2134 lapide
874 2065 1104 2133 occidit;
1138 2066 1353 2134 deinde,
1382 2068 1540 2139 quasi
1567 2067 1621 2121 in
1648 2083 1924 2125 consensu
1952 2070 2122 2126 totius

520 2154 779 2221 civitatis,
812 2156 1020 2212 dictum
1072 2157 1175 2212 fuit
1216 2161 1556 2232 presbytero,
1603 2167 1663 2215 ut
1707 2161 1776 2216 ad
1805 2159 2117 2219 faciendum

514 2246 787 2317 judicium
833 2250 1004 2304 multa
1045 2252 1191 2322 ligna
1227 2262 1584 2324 congregaret
1627 2254 1682 2308 in
1725 2264 1923 2324 prato,
1972 2257 2119 2327 quod

519 2338 792 2392 clauditur
820 2339 874 2393 in
912 2355 1070 2394 muro
1092 2343 1249 2410 juxta
1289 2343 1345 2396 S.
1381 2344 1658 2399 Ambrosii
1694 2347 2112 2402 monasterium.

521 2425 586 2484 Et
608 2430 894 2501 presbyter
928 2432 1065 2501 ipse,
1111 2434 1303 2503 plenus
1343 2450 1543 2506 magno
1572 2437 1789 2507 spiritu,
1835 2453 2113 2494 annonam

517 2530 572 2577 et
612 2521 799 2576 vinum
840 2539 963 2592 qum
1003 2524 1070 2578 ad
1112 2525 1385 2581 edendum
1424 2527 1695 2594 habebat,
1734 2545 2001 2601 suamque
2046 2532 2113 2586 de

516 2612 631 2684 lupi
680 2614 818 2684 pelle
875 2604 1117 2671 tunicam
1167 2634 1267 2689 pro
1313 2619 1477 2691 lignis
1520 2621 1863 2692 pignoravit;
1915 2635 2108 2679 cetera

514 2720 646 2760 vero
670 2722 793 2778 quae
816 2692 1130 2777 possidebat
1167 2710 1222 2764 in
1259 2711 1412 2767 libris
1448 2721 1502 2767 et
1530 2712 1655 2769 aliis
1690 2713 1875 2778 rebus,
1919 2716 2112 2772 statuit

516 2805 578 2852 ut
603 2809 1059 2855 conservarentur
1078 2800 1350 2858 Landulfo
1385 2805 1568 2875 nepoti
1614 2820 1716 2862 suo
1744 2816 1798 2860 et
1840 2807 2063 2864 alumno
2084 2827 2103 2860 ›

515 2883 666 2955 (haec
708 2888 826 2959 ipsa
872 2889 1068 2946 deinde
1115 2890 1422 2963 scripturo)
1485 2913 1503 2945 ι
1532 2894 1628 2964 qui
1671 2903 1803 2950 tunc
1848 2898 2110 2966 temporis

511 2978 760 3035 discebat
792 2980 1098 3050 Aureliani,
1146 2985 1216 3039 ab
1248 2986 1467 3056 egregio
1505 2987 1771 3058 magistro
1802 2986 2025 3044 Alfrcdo
2056 2999 2110 3045 et

513 3074 683 3128 nobili
707 3073 933 3131 Jacobo.
967 3074 1168 3131 Statuit
1187 3078 1374 3145 etiam,
1407 3079 1454 3133 si
1483 3080 1768 3152 contigerit
1788 3081 1940 3137 illum
1965 3083 2105 3139 mori
2133 3120 2174 3177 ε

512 3166 568 3220 in
596 3166 691 3221 illo
718 3167 948 3237 judicio,
976 3170 1023 3224 si
1046 3170 1175 3241 quid
1200 3172 1447 3242 corporis
1464 3172 1582 3242 ejus
1610 3173 1891 3230 residuum
1921 3174 2102 3244 fuerit,

509 3265 826 3326 portaretur
853 3260 919 3316 ad
950 3262 1238 3318 ecclesiam
1274 3262 1332 3318 S.
1367 3263 1670 3333 Trinitatis,
1701 3282 1868 3337 quam
1902 3268 2019 3340 ipse
2049 3271 2105 3326 in

509 3348 691 3404 alodio
731 3367 832 3407 suo
876 3351 1143 3420 fundavit,
1189 3363 1244 3410 et
1284 3353 1343 3409 Β.
1384 3354 1554 3433 Petro
1595 3359 1833 3415 tradidit.
1886 3359 1984 3417 His
2031 3362 2106 3418 ita

509 3442 731 3497 statutis
755 3451 809 3496 et
845 3444 1132 3512 ordinatis,
1163 3446 1307 3527 idem
1354 3447 1674 3519 [presbyter
1712 3451 1782 3505 ab
1825 3450 1924 3525 S.]
1968 3454 2103 3510 Am-

508 3529 681 3587 brosii
706 3532 993 3588 ecclesiam
1028 3535 1142 3588 ivit.
1177 3533 1243 3589 Et
1269 3552 1395 3591 cum
1421 3538 1537 3607 ipse
1565 3537 1814 3596 facturus
1830 3542 2104 3613 judicium

508 3620 737 3696 [esset],
772 3640 971 3680 manus
999 3625 1327 3682 Grossulani
1362 3615 1667 3698 praevaluit,
1710 3633 1780 3687 ab
1812 3634 1929 3704 ipsa
1946 3637 2102 3708 .ligna

506 3711 561 3765 in
592 3722 749 3784 prato
776 3715 1041 3785 disposita
1075 3717 1354 3788 dispersit,
1391 3719 1681 3792 ipsumque
1725 3725 2104 3797 presbyterum

505 3808 780 3876 separavit
812 3809 882 3864 ab
925 3809 1014 3864 illa
1056 3810 1417 3882 dispositione
1460 3813 1850 3885 ignominioso.
1898 3817 2103 3877 Deinde

507 3897 625 3967 ipse
660 3902 945 3974 presbyter
980 3904 1035 3957 in
1066 3904 1232 3959 domo
1260 3920 1362 3960 sua
1391 3913 1445 3960 et
1471 3903 1529 3961 S.
1563 3905 1717 3963 Pauli
1761 3910 1991 3966 ecclesia
2026 3913 2101 3967 si-

501 3990 605 4047 luit
631 4002 686 4047 ct
712 3995 937 4065 quievit,
972 3996 1147 4052 donec
1176 3999 1332 4068 pueri
1362 4007 1417 4054 et
1444 3999 1658 4069 puellm,
1700 4017 1881 4059 mares
1921 4012 1976 4059 et
2015 4003 2099 4060 fe—

501 4085 685 4154 minze,
734 4088 789 4142 in
841 4090 1093 4160 proximo
1141 4101 1385 4162 tempore
1431 4093 1809 4150 clamaverunt
1847 4114 1860 4149 :
1902 4095 2095 4164 Foras,

501 4176 677 4246 foras,
707 4179 1061 4237 Grossulane.
2102 4178 2109 4182 ’

573 4272 627 4325 8.
674 4290 693 4323 ‹
725 4270 879 4327 Hunc
915 4275 1210 4330 clamarem
1236 4275 1611 4334 Grossulanus
1633 4279 1858 4349 cupiens
1877 4295 2098 4351 compe-

501 4376 676 4429 scere,
694 4362 885 4418 habuit
913 4366 1205 4420 consilium
1229 4382 1353 4421 cum
1376 4370 1699 4426 satellitibus
1730 4371 1868 4439 suis,
1894 4372 2095 4442 quibus

2223 1873 2278 1929 in
2316 1883 2509 1945 quarta
2557 1870 2690 1931 feria
2737 1876 3019 1947 presbyter
3067 1877 3289 1933 indutus
3338 1878 3541 1943 cilicio,
3580 1881 3813 1937 camisia

2221 1970 2383 2034 atque
2411 1964 2623 2033 casula,
2656 1980 2808 2021 more
2835 1966 3156 2034 sacerdotis,
3190 1968 3258 2022 ab
3283 1969 3514 2024 ecclesia
3567 1969 3627 2025 S.
3660 1970 3810 2027 Pauli

2210 2071 2396 2134 (usque
2422 2054 2487 2111 ad
2516 2056 2802 2111 ecclesiam
2833 2054 2933 2111 SS.
2968 2054 3264 2129 Martyrum
3297 2057 3545 2114 Gervasii
3577 2071 3635 2116 et
3681 2061 3814 2117 Pro-

2221 2146 2343 2201 tasii
2370 2154 2423 2201 et
2448 2146 2750 2202 beatissimi
2780 2146 3077 2214 Ambrosii,
3129 2149 3286 2205 nudis
3330 2152 3563 2220 pedibus
3589 2169 3810 2209 crucem

2218 2237 2477 2307 portavit;
2515 2253 2680 2308 super
2706 2254 2939 2309 quorum
2969 2226 3160 2305 altare,
3191 2243 3401 2298 caeteris
3432 2246 3814 2300 sacerdoubns

2216 2329 2614 2401 deficientibus,
2658 2330 2774 2400 ipse
2816 2330 2918 2386 sibi
2961 2331 3187 2388 missam
3234 2335 3496 2390 cantavit.
3542 2335 3613 2390 Et
3642 2339 3813 2393 missa

2214 2415 2430 2475 Cantata
2460 2419 2831 2477 Grossulanus
2857 2438 3075 2493 quoque
3101 2424 3338 2494 gerendo
3364 2440 3611 2493 crucem,
3659 2443 3813 2483 eam—

2212 2514 2335 2569 dem
2367 2514 2653 2570 ecclesiam
2684 2514 2935 2581 intravit;
2982 2524 3038 2570 et
3080 2516 3371 2587 pulpitum,
3414 2534 3542 2574 cum
3582 2519 3811 2574 Arialdo

2210 2607 2278 2662 de
2304 2605 2632 2679 Meregnano
2671 2615 2728 2663 et
2773 2606 3012 2664 Berardo
3046 2609 3224 2680 judice
3252 2608 3494 2677 Astensi,
3538 2613 3809 2668 ascendit.

2210 2682 2272 2753 Et
2306 2698 2448 2754 facto
2477 2699 2694 2755 silentio
2726 2699 2781 2754 in
2811 2700 3035 2771 populo,
3064 2709 3118 2755 et
3144 2701 3460 2773 presbytero
3487 2712 3671 2759 stante
3706 2721 3813 2761 nu-

2208 2790 2293 2846 dis
2320 2792 2548 2861 pedibus
2589 2807 2755 2863 super
2789 2792 3024 2864 lapidem
3067 2809 3457 2863 marmoreum,
3499 2797 3597 2867 qui
3630 2797 3688 2851 in
3718 2797 3808 2852 in-

2209 2885 2377 2940 troitu
2425 2884 2580 2940 chori
2625 2886 2872 2941 continet
2922 2884 3171 2942 Herculis
3216 2887 3604 2955 simulacrum,
3660 2890 3804 2946 idem

2208 2966 2585 3033 Grossulanus
2604 2976 2680 3032 ait
2703 2978 2770 3033 ad
2800 2978 3062 3049 populum
3092 2997 3105 3033 :
3134 2979 3425 3047 Attendite,
3460 2982 3592 3052 quia
3621 2983 3679 3037 in
3708 2984 3805 3038 trid

2208 3067 2311 3124 bus
2342 3069 2522 3124 verbis
2550 3069 2697 3125 hunc
2722 3069 2999 3126 hominem
3030 3071 3268 3139 vincam,
3297 3080 3351 3128 et
3374 3072 3496 3142 ejus
3521 3073 3809 3129 confusic-

2208 3177 2331 3216 nem
2362 3162 2666 3218 ostendam.
2714 3161 2781 3217 Et
2822 3162 2889 3218 ad
2920 3163 3295 3235 presbyterum
3341 3165 3520 3236 inquit
3550 3185 3562 3219 :
3592 3165 3800 3237 Propa-

2207 3250 2365 3325 suisti
2388 3250 2535 3322 quod
2563 3265 2664 3323 ego
2687 3266 2809 3307 sum
2831 3250 3178 3309 Simoniacus
3203 3269 3298 3323 per
3320 3269 3522 3311 niunus
3548 3271 3583 3311 a
3609 3272 3795 3312 mana.

2205 3339 2366 3399 Modo
2396 3344 2484 3400 dic
2512 3344 2600 3401 cui
2631 3345 2774 3401 dedi.
2880 3396 2881 3399 η

2277 3436 2363 3491 10.
2416 3456 2434 3488 ι
2469 3435 2625 3493 Tunc
2652 3438 2936 3510 presbyter
2967 3455 3131 3511 super
3160 3440 3419 3510 populum
3450 3441 3647 3496 oculos
3672 3458 3798 3515 ape-

2201 3515 2337 3595 ruit,
2367 3539 2422 3585 et
2445 3530 2674 3601 digitum
2701 3531 2769 3586 ad
2799 3546 2918 3599 eos,
2949 3532 3045 3602 qui
3079 3533 3298 3589 stabant
3341 3534 3396 3588 in
3422 3534 3656 3604 pulpito,
3698 3550 3793 3590 cx-

2203 3622 2392 3688 tendit,
2442 3622 2630 3678 dicens
2656 3641 2669 3677 :
2695 3621 2885 3679 Videte
2936 3632 3047 3680 tres
3096 3624 3495 3697 graudissimos
3542 3624 3794 3681 diabolos

2199 3718 2294 3789 qui
2324 3734 2418 3789 per
2445 3718 2726 3790 ingenium
2754 3727 2810 3775 et
2837 3719 3123 3790 pecuniam
3150 3735 3306 3775 suam
3330 3729 3526 3789 putant
3549 3736 3640 3775 me
3664 3735 3794 3775 con-

2198 3813 2444 3867 tundere.
2494 3810 2561 3865 Et
2601 3827 2782 3867 nonne
2818 3812 3070 3868 diabolus
3111 3812 3220 3879 ille,
3272 3812 3365 3882 qui
3413 3813 3591 3867 suasit
3638 3814 3787 3868 illum

2198 3903 2314 3959 ﬁeri
2350 3903 2721 3959 Simoniacum
2752 3918 2848 3974 per
2892 3903 3200 3974 pecuniam,
3238 3903 3468 3959 suadere
3510 3912 3695 3974 potest
3731 3914 3792 3960 ut

2197 3996 2376 4052 adhuc
2412 3994 2673 4066 majorem
2706 3995 2994 4065 pecuniam
3036 3996 3210 4061 daret,
3258 4002 3313 4049 et
3353 3994 3643 4050 veritatem
3690 4009 3787 4050 oc-

2196 4096 2451 4155 cuuaret,
2481 4095 2537 4142 et
2562 4096 2726 4143 testes
2760 4095 2814 4141 et
2847 4086 3063 4156 judices
3101 4087 3404 4142 mundanos
3433 4087 3567 4141 mihi
3600 4087 3787 4142 aufer-

2196 4182 2316 4237 ret?
2341 4178 2407 4237 Et
2431 4194 2613 4235 nonne
2640 4178 2795 4235 scitis
2814 4179 2942 4249 quia
2975 4187 3197 4249 propter
3226 4178 3504 4232 vitandam
3526 4179 3784 4233 astutiam

2195 4274 2396 4330 diaboli
2457 4281 2511 4329 et
2558 4256 2869 4342 pravOrum
2904 4272 3229 4338 hominum,
3279 4286 3380 4342 ego
3417 4270 3556 4343 elegi
3615 4268 3788 4325 Deum

2191 4368 2449 4438 judicem,
2481 4366 2577 4437 qui
2604 4382 2781 4437 neque
2806 4381 2902 4436 per
2929 4365 3215 4436 pecuniam
3259 4363 3560 4433 corrumpi,
3610 4378 3788 4433 neque

498 4453 674 4508 dixit:
704 4452 780 4510 [te
808 4464 863 4510 et
888 4472 1006 4522 vos,
1045 4466 1101 4537 et
1126 4457 1340 4527 publice
1361 4459 1543 4530 eligite
1566 4461 1714 4517 viros
1757 4462 1838 4533 de,
1866 4465 2089 4533 populo,
2126 4478 2172 4537 υ
2196 4460 2378 4532 aliquo
2411 4460 2576 4514 modo
2603 4467 2785 4530 potest
2814 4457 2925 4512 falli
2960 4458 3013 4512 in
3040 4456 3286 4528 judicio?
3322 4454 3405 4510 Ad
3444 4455 3608 4525 cujus
3631 4455 3786 4524 judi-

497 4544 592 4616 qui
619 4544 803 4601 dicant
822 4546 897 4600 illi
930 4535 1223 4617 Liprando,
1248 4557 1343 4603 aut
1367 4549 1433 4604 ad
1456 4549 1884 4607 satisfactionem
1908 4570 2087 4611 meam

495 4638 696 4706 veniat,
725 4648 820 4695 aut
846 4641 912 4695 de
941 4649 1083 4695 terra
1110 4640 1213 4697 ista
1238 4650 1414 4710 exeat,
1445 4652 1540 4698 aut
1562 4643 1829 4714 judicium
1854 4647 2002 4716 quod
2029 4662 2088 4705 se

496 4727 765 4786 facturum
809 4732 1084 4803 promisit,
1122 4719 1303 4789 faciat.
1330 4734 1641 4790 Consiliarii
1686 4736 1871 4808 itaque
1901 4740 1968 4795 de
2001 4740 2085 4794 la-

494 4831 608 4879 tere
636 4824 757 4895 ejus
785 4827 1063 4883 venientes
1090 4828 1159 4883 ad
1186 4830 1507 4884 concionem
1537 4831 1743 4900 pepuli,
1776 4832 1831 4886 in
1860 4848 2102 4903 vesper-.

494 4915 606 4970 tina
650 4917 784 4971 hora
831 4917 1126 4997 Dominicze
1173 4920 1280 4975 diei
1324 4921 1403 5001 de!
1434 4921 1621 4993 ramis
1652 4923 1955 4992 palmarum
1987 4941 2081 4981 seu

489 5008 814 5075 olivarum,»
852 4996 934 5078 (id
966 5022 1051 5067 est
1079 5011 1149 5067 50
1168 4998 1355 5093 Martii
1380 4996 1598 5069 :vanuus
1625 5016 1770 5070 enim
1798 5026 1915 5072 erat
1950 5018 2084 5072 1102

488 5105 544 5152 et
582 5097 790 5154 Pascha
833 5104 1215 5159 celebrandum
1255 5106 1289 5159 6
1320 5107 1583 5178 Aprilis,)
1621 5126 1638 5158 ‹
1668 5108 2083 5177 publicaverunt

489 5202 611 5238 σαεξ
673 5190 960 5238 εῧὲὶετληι
1008 5211 1036 5238 Ω
1086 5195 1310 5238 rinminn
1370 5212 1472 5238 clm
1527 5198 1863 5238 Crnecnlnnn
1931 5200 2081 5238 Παια-

490 5231 611 5238 cum..-
673 5228 702 5238 -ι

2191 4552 2338 4608 cium
2385 4553 2431 4607 si
2470 4551 2635 4606 vultis
2678 4550 2884 4616 venire,
2926 4559 3149 4620 paratus
3195 4564 3315 4603 sum
3362 4551 3510 4618 quod
3555 4547 3784 4618 promisi

2192 4644 2392 4701 facere.
2424 4644 2490 4698 Et
2518 4644 2892 4700 Grossulanus
2920 4643 2985 4697 ad
3011 4658 3136 4697 cum
3166 4661 3177 4695 :
3203 4639 3361 4696 Modo
3394 4640 3486 4696 dic
3514 4659 3528 4694 :
3566 4642 3636 4697 de
3674 4657 3781 4712 qua

2194 4735 2437 4793 Simonia
2460 4736 2635 4792 dicis?
2679 4734 2743 4789 Et
2783 4735 3062 4805 presbyter
3086 4734 3152 4787 ad
3178 4732 3325 4786 illum
3355 4750 3369 4786 :
3395 4730 3559 4785 Modo
3586 4731 3677 4786 die
3701 4742 3780 4797 tu,

2191 4808 2416 4900 quaeest
2442 4832 2579 4883 bona
2593 4828 2615 4881 ?
2629 4825 2697 4880 Et
2718 4824 3088 4881 Grossulanus
3124 4824 3463 4893 aliquantum
3498 4823 3777 4878 subsiluit.

2188 4930 2244 4977 et
2270 4920 2497 4976 aitzEst
2524 4919 2791 4983 Simonia,
2823 4933 2946 4987 qum
2991 4915 3361 4971 Simoniacum
3390 4930 3501 4970 non
3533 4916 3779 4985 deponit.

2186 5011 2251 5068 Et
2269 5014 2553 5085 presbyter
2576 5012 2682 5066 ait:
2708 5010 2821 5081 Ego
2844 5010 2967 5064 dico
2996 5010 3063 5064 de
3093 5010 3203 5076 illa,
3226 5023 3349 5079 qum
3375 5009 3599 5079 deponit
3619 5009 3780 5063 abba-

2184 5114 2292 5161 tem
2335 5107 2401 5163 dc
2427 5105 2667 5170 abbatia,
2694 5103 3009 5174 cpise0pnm
3042 5103 3108 5158 de
3136 5102 3475 5172 episcopatu,
3507 5100 3773 5169 archiepi-

2182 5212 2405 5238 cnnnnm
2439 5197 2507 5238 «in
2536 5195 3021 5238 nrnltinniennnnlu,
3066 5194 3120 5238 in
3143 5207 3251 5238 nun
3275 5200 3378 5238 95L
3415 5189 3480 5238 EI
3517 5206 3644 5238 ctam
3690 5190 3772 5238 his
