4028 5360
195 294 337 358 {3309

1744 289 1941 343 MJ'I‘A.

3323 274 3463 337 uno

195 410 620 475 accendebatur,
670 407 845 465 dixit:
876 405 983 463 Vos
1028 416 1225 477 praeter
1270 420 1357 459 ine
1404 420 1510 458 non
1556 402 1779 457 cernitis
1808 400 2153 463 Adotalibus
2212 400 2455 456 vestibus
2500 393 2661 454 lineis
2717 414 2781 453 ac
2824 396 3046 463 sericis,
3102 396 3303 468 quibus
3346 408 3464 453 erat

196 502 552 566 sacerdotem,
582 501 674 571 qui
707 502 853 555 hunc
878 500 1057 571 ignem
1086 498 1398 564 benedicat;
1432 496 1526 551 sed
1556 496 1780 551 cernitis

194 595 436 649 chartam
466 593 606 647 hanc
648 607 813 662 quam
850 600 1031 657 teneo,
1080 590 1270 659 inqua
1318 598 1506 643 sancta
1534 589 1699 643 verba
1728 597 1782 642 et

194 685 347 755 signa
388 693 592 740 sanctae
631 685 813 739 crucis
858 683 1228 738 continentur.
1275 680 1342 734 Et
1385 696 1486 751 ego
1533 680 1782 734 minister

194 773 310 829 haec
336 775 492 846 signa
523 773 753 828 inferius
781 773 959 829 dicam
1004 781 1058 828 et
1102 771 1321 837 faciam,
1371 780 1425 826 et
1474 771 1640 836 Deus,
1684 771 1780 841 qui

193 872 276 919 est
322 862 588 919 Dominus
633 879 810 929 meus,
856 864 1090 933 desuper
1132 862 1311 934 ignem
1355 861 1661 916 benedicat.
1717 859 1781 915 Et

193 955 474 1011 audientes
498 964 551 1009 et
580 955 718 1010 bene
744 955 1108 1026 intelligentes
1134 956 1391 1009 dixerunt
1417 970 1429 1008 :
1454 954 1647 1009 Amen.

260 1048 347 1101 li.
395 1066 413 1098 ι
464 1046 640 1117 Atque
694 1062 819 1101 cum
871 1047 925 1101 in
975 1046 1208 1101 circuitu
1258 1045 1398 1116 ignis
1444 1045 1561 1099 haec
1612 1045 1777 1100 verba

189 1140 439 1207 dixisset,
466 1149 519 1195 et
555 1140 707 1211 signa
756 1138 994 1205 fecisset,
1026 1147 1080 1193 et
1109 1153 1307 1208 aquam
1339 1137 1679 1192 benedictam
1725 1146 1780 1193 et

190 1231 472 1287 incensum
525 1246 690 1301 super
737 1230 917 1301 ignem
952 1272 967 1298 ,
1018 1237 1232 1285 astante
1287 1229 1361 1284 ibi
1412 1228 1773 1296 Grossulano,

188 1322 534 1391 aspersisset,
582 1321 933 1376 dubitabatur
969 1320 1037 1375 de
1078 1321 1382 1376 ordinando
1428 1331 1775 1377 sacramento

186 1414 329 1485 apud
356 1413 752 1469 Grossulanum
795 1422 850 1469 et
893 1412 1179 1468 Arialdum
1227 1414 1294 1469 de
1322 1412 1650 1485 Meregnano
1679 1414 1775 1485 qui

185 1512 300 1560 erat
328 1506 486 1575 quasi
514 1505 924 1576 potentissimus
952 1504 1203 1576 princeps
1228 1504 1550 1560 Grossulaui
1574 1514 1628 1560 et
1653 1521 1777 1576 pro-

1883 494 2129 559 indutus,
2163 494 2276 549 sive
2298 493 2353 548 in
2377 493 2574 558 cilicio,
2599 492 2876 548 liesionem
2903 492 3069 547 ullam
3101 491 3291 545 sensit.
3309 490 3465 546 Tune

1881 587 2115 656 populus
2136 586 2313 656 plene,
2337 586 2496 656 quasi
2524 601 2589 641 ex
2611 601 2723 641 uno
2751 585 3091 651 ore,laudem
3118 582 3229 637 Deo
3257 593 3311 638 et
3336 584 3463 639 huic

1881 679 2218 750 presbytero,
2256 686 2410 732 extra
2439 685 2493 731 et
2513 676 2654 731 infra
2680 677 2978 741 civitatem,
2996 675 3227 730 contulit
3258 691 3270 727 :
3296 673 3464 729 Gros-

1881 771 2109 826 sulanus
2164 780 2294 823 vero
2356 768 2660 837 intrepidus
2716 768 2898 823 sedem
2959 767 3463 837 archiepiscopatus

1880 861 2188 917 deseruitet
2214 846 2527 925 civitatem;
2553 860 2683 929 quia
2708 872 2896 929 aperto
2916 859 3196 915 communi
3226 859 3463 915 civitatis

1884 969 1975 1010 ore
2004 954 2250 1025 juratum
2279 960 2415 1017 erat,
2466 948 2614 1021 quod
2659 950 2838 1005 neutri
2877 966 3068 1006 eorum
3092 993 3108 1019 ,
3149 966 3253 1007 nec
3296 950 3459 1007 alicui

1879 1046 1946 1102 de
1978 1054 2133 1117 parte
2153 1040 2395 1110 illorum,
2418 1058 2520 1114 pro
2551 1043 2656 1097 hac
2684 1042 2902 1097 actione
2926 1040 3139 1098 malum
3161 1038 3459 1110 ﬁeret,nisi
3524 1068 3531 1074 -

1878 1138 2024 1208 quod
2050 1136 2316 1192 Dominus
2349 1135 2453 1191 sibi
2493 1133 2717 1190 faceret.
2756 1151 2776 1185 ι
2840 1131 3116 1191 Hactenus
3157 1134 3462 1191 Puricellus‘

1876 1245 1999 1301 pag.
2025 1229 2132 1285 599
2151 1239 2206 1285 et
2234 1245 2389 1300 seqq.
2811 1254 2833 1260 ·ν
3190 1258 3195 1261 -

1879 1319 1907 1393 ς
1930 1320 1995 1375 ll.
2019 1320 2239 1392 Reliqua
2257 1319 2517 1391 Liprandi
2529 1316 2637 1374 vita
2650 1330 2700 1375 et
2720 1335 2859 1374 mars
2876 1314 3150 1373 miraculis
3163 1316 3456 1372 illustrem.

1947 1412 2034 1466 15.
2066 1409 2199 1466 Tam
2223 1411 2561 1466 luculentum
2586 1411 2912 1465 miraculum
2939 1426 3046 1464 non
3093 1409 3283 1463 habuit
3328 1422 3462 1463 con—

1873 1502 2028 1558 tinuo
2057 1518 2275 1558 omnem
2325 1502 2420 1574 qui
2452 1502 2776 1572 sperabatur
2806 1500 3059 1555 effectum
3094 1519 3108 1553 :
3154 1518 3173 1551 σ
3210 1500 3303 1555 sed
3329 1499 3457 1570 quia

185 1598 408 1657 curator
450 1602 641 1672 juiicii
670 1645 685 1669 ,
749 1611 805 1657 et
859 1612 1183 1673 exspectans
1245 1602 1621 1673 presbyterum
1677 1616 1773 1672 per
1871 1594 2160 1664 prmsentia
2189 1594 2569 1665 episcOporum
2600 1592 3067 1663 suifraganeorum
3106 1589 3234 1646 huic
3264 1590 3369 1661 legi
3405 1598 3461 1645 et

187 1694 363 1767 ignem
397 1705 571 1751 morte
615 1696 792 1762 finiri,
836 1698 923 1751 vel
968 1712 1066 1767 per
1108 1696 1340 1751 nimium
1386 1703 1649 1750 terrorem
1703 1693 1769 1749 ad
1872 1686 2151 1756 triumpho
2171 1685 2413 1741 favorem
2438 1684 2776 1757 integre‘non
2798 1683 3058 1754 pratbuit;
3087 1691 3141 1738 et
3166 1682 3295 1753 quia
3314 1681 3461 1753 ignis

187 1787 476 1843 Dominum
538 1803 697 1842 suum
755 1788 1019 1844 converti.
1076 1787 1197 1859 Ipse
1251 1802 1489 1857 namque
1532 1786 1771 1842 Bcrardo
1804 1781 1847 1836 Β
1872 1794 2096 1833 manum
2131 1778 2458 1850 presbyteri,
2489 1778 2543 1831 in
2565 1776 2901 1847 projiciendo
2931 1791 3128 1846 aquam
3164 1783 3217 1829 et
3266 1774 3456 1829 incen-

186 1880 351 1948 judici
388 1880 645 1946 Astensi,
695 1880 838 1936 banc
878 1881 1052 1952 legem
1097 1897 1206 1935 non
1260 1881 1438 1935 solum
1480 1895 1577 1950 per
1620 1896 1771 1935 mor-
1874 1886 1998 1926 sum
2027 1885 2193 1940 super
2226 1870 2429 1941 ignem,
2460 1869 2635 1935 laesit;
2672 1868 2889 1938 et.quia
2932 1883 3027 1937 pes
3059 1867 3186 1937 equi
3230 1863 3461 1921 Joannis

186 1980 334 2039 tem,
386 1973 480 2028 sed
530 1973 696 2028 etiam
740 1988 837 2045 per
884 1974 1187 2045 quamlibet
1238 1974 1465 2045 ignitam
1516 1974 1770 2029 laeseram
1872 1963 1939 2018 de
1970 1961 2119 2018 Rode
2142 1963 2348 2017 nudum
2369 1961 2670 2033 presbyteri
2703 1958 3151 2030 ρθόειιιφάθίεηε
3181 1958 3453 2024 exeuntia

187 2087 237 2124 tn
281 2072 600 2144 presbytero
648 2070 847 2127 factam
897 2064 1321 2138 condemnanti,
1376 2070 1626 2126 dixerat:
1658 2071 1771 2125 Ab-

186 2164 254 2218 sit
295 2164 444 2235 quod
495 2165 693 2220 laasura
741 2184 753 2220 :
796 2165 890 2220 sed
948 2165 1128 2235 ignem
1184 2165 1320 2219 adeo
1366 2164 1767 2234 magniﬁcabo,

187 2256 326 2326 quod
388 2257 579 2327 procul
633 2258 823 2329 oculos
872 2257 1016 2329 ign’is
1066 2257 1133 2313 de
1184 2258 1361 2328 capite
1416 2256 1537 2327 ejus
1578 2264 1768 2322 eruet,

187 2356 234 2403 et
271 2349 391 2418 ipse
426 2348 551 2418 igne
589 2349 789 2404 ardens
824 2349 963 2405 cinis
1000 2349 1272 2420 putrefiet.
1332 2348 1587 2404 Attamen
1647 2364 1771 2418 pre-

186 2440 406 2510 sby1er,
479 2456 605 2495 cum
662 2440 890 2495 vidisset
952 2456 1048 2495 eos
1105 2440 1173 2495 de
1224 2439 1532 2496 ordinando
1582 2456 1769 2496 sacra—

186 2540 368 2586 mento
391 2531 664 2598 dubitare,
688 2532 824 2587 dixit
851 2533 917 2587 ad
952 2548 1049 2587 eos
1086 2552 1097 2585 :
1137 2531 1312 2587 Sinite
1336 2548 1445 2595 me,
1474 2531 1619 2602 quod
1666 2547 1768 2601 ego

184 2626 318 2676 bene
366 2620 660 2686 ordinabo;
726 2637 826 2676 nec
884 2622 1070 2675 finiam
1124 2630 1549 2686 sacramentum,
1595 2622 1768 2677 donec

184 2711 372 2767 dixero
398 2720 612 2766 tantum
644 2721 909 2782 quantum
946 2713 1102 2767 vobis
1137 2712 1482 2767 satisfecezit.
1517 2712 1582 2767 Et
1622 2714 1767 2769 illico

180 2814 453 2858 consensu
491 2817 681 2857 eorum
735 2802 1088 2874 apprehendit
1142 2820 1371 2874 cappam
1423 2803 1763 2871 Grossulazzi,

178 2892 467 2965 ipsamque
494 2895 799 2964 quassavit,
828 2894 1017 2951 dicens
1050 2914 1063 2948 :
1095 2894 1202 2950 lste
1239 2896 1629 2960 Grossulanus,
1672 2894 1766 2965 qui

177 2996 262 3043 est
291 2987 401 3042 sub
431 2987 535 3041 ista
562 3003 756 3057 cappa,
782 2995 837 3041 et
872 3002 983 3042 non
1021 2987 1090 3043 de
1139 2987 1248 3041 alio
1292 2987 1435 3054 dico,
1463 2995 1547 3043 est
1580 2986 1764 3041 Simo-

176 3080 373 3136 niacus
402 3079 468 3135 de
487 3079 961 3149 archiepiscopatu
997 3077 1308 3145 Mediolani,
1340 3095 1437 3149 per
1483 3095 1683 3133 munus
1735 3093 1767 3133 a

177 3186 371 3235 manu,
402 3186 501 3240 per
529 3185 733 3224 munus
753 3185 783 3223 a
804 3156 1134 3240 lingua,lper
1158 3183 1362 3223 munus
1384 3168 1454 3223 ab
1477 3166 1761 3237 obsequio.

176 3258 244 3316 Et
277 3276 408 3316 cum
439 3260 547 3316 illis
574 3260 865 3316 videbatur
893 3259 1159 3324 sufﬁcere,
1189 3259 1398 3315 addidit
1428 3278 1441 3312 :
1468 3258 1532 3315 Et
1551 3274 1671 3329 ego,
1697 3258 1764 3313 ad

179 3350 436 3406 ﬁduciam
476 3351 729 3406 maleficii
779 3358 875 3405 aut
912 3350 1301 3405 incantationis
1346 3350 1431 3405 vel
1475 3349 1762 3417 carminis,

180 3457 287 3496 non
318 3443 469 3496 intro
493 3442 598 3496 hoc
630 3442 921 3510 judicium.

250 3534 338 3589 l2.
387 3553 406 3585 ι
432 3532 600 3588 Facto
623 3533 727 3588 hoc
754 3541 1122 3599 sacramento,
1147 3532 1517 3588 Grossulanus
1539 3548 1768 3588 concor-

176 3624 320 3681 diter
357 3640 558 3695 equum
587 3623 853 3685 ascendit,
889 3633 941 3678 et
971 3624 1038 3678 ad
1083 3623 1367 3679 ecclesiam
1426 3622 1484 3678 S.
1541 3622 1769 3679 Joannis

177 3731 302 3783 quae
324 3715 529 3771 dicitur
548 3716 615 3771 ad
641 3715 922 3772 Concham
948 3716 1128 3783 venit;
1180 3715 1434 3775 Arialdus
1466 3732 1598 3775 vero
1630 3731 1769 3790 prte-

177 3804 363 3863 dictus
393 3807 460 3862 de
486 3805 844 3877 Mereguano,
870 3807 1152 3879 inquirens
1183 3818 1237 3864 et
1278 3818 1606 3880 exspectans
1639 3810 1768 3880 'ple-

178 3895 487 3952 nitudinem
526 3897 688 3969 ignis,
732 3898 1110 3971 presbyterum
1149 3899 1354 3967 tenuit;
1410 3908 1464 3953 et
1514 3900 1767 3966 tenendo,

1872 2053 2007 2109 dure
2029 2052 2290 2120 calcavit;
2322 2053 2502 2119 turba,
2529 2051 2702 2108 tristis
2723 2051 2790 2105 de
2812 2065 2943 2106 casu
2972 2057 3026 2103 et
3072 2050 3227 2103 ruina
3289 2048 3457 2105 Gros-

1872 2144 2072 2211 sulani,
2099 2145 2152 2199 in
2180 2145 2556 2216 presbyterum
2606 2151 2662 2198 et
2720 2142 2840 2213 ejus
2900 2142 3071 2212 legem
3119 2149 3246 2211 post
3283 2156 3455 2211 pauca

1872 2236 2279 2303 scandalizavit,
2301 2245 2355 2291 et
2376 2236 2821 2302 scandalizaudo,
2848 2235 3064 2289 hortatu
3089 2235 3453 2304 quorumdam

1871 2331 2239 2396 sacerdotum,
2273 2322 2460 2401 praelia
2495 2336 2550 2383 et
2576 2324 2871 2383 homicidia
2921 2328 3092 2382 multa
3157 2310 3453 2384 commisit.

1870 2424 2078 2480 Interea
2110 2423 2481 2480 Grossulanus
2528 2422 2812 2476 dominum
2876 2436 3070 2490 papam
3137 2419 3454 2476 Paschalcm

1869 2528 2084 2587 gratum
2109 2517 2213 2571 sibi
2237 2516 2464 2571 invenit.
2482 2500 2837 2584 Landulplius
2851 2529 2981 2568 vero
3001 2512 3068 2567 de
3096 2511 3396 2583 Vareglate,
3432 2531 3449 2563 ο

1872 2626 2015 2665 unus
2042 2609 2109 2664 de
2147 2608 2479 2680 supradictis
2516 2607 2723 2673 electis,
2755 2608 2850 2662 sed
2868 2605 3090 2675 rejectis
3111 2615 3334 2675 propter
3359 2607 3456 2661 ab-

1869 2702 2122 2768 sentiam,
2144 2721 2163 2753 ι
2193 2699 2412 2755 rediens
2424 2699 2492 2754 ab
2510 2698 2757 2755 llierosol
2766 2700 2903 2769 ymis
2925 2698 3154 2753 Romam
3178 2699 3451 2769 pervenit;

1869 2802 2033 2868 atque
2066 2798 2132 2853 de
2173 2795 2512 2852 Grossulano
2557 2794 2671 2864 jam
2706 2793 2827 2847 inde
2880 2805 3131 2862 regresso
3183 2791 3373 2847 didicit
3430 2809 3449 2841 ι

1870 2890 1969 2959 (uti
1996 2890 2173 2961 legere
2193 2898 2279 2943 est
2307 2889 2361 2942 in
2384 2872 2754 2942 Monumentis
2775 2885 3152 2941 Ambrosianis
3176 2900 3298 2956 pag.
3326 2881 3453 2950 596)

1876 3000 1893 3032 ι
1929 2996 2039 3035 non
2062 2981 2240 3035 solum
2265 2980 2411 3050 quod
2434 2988 2617 3035 actum
2665 2977 2843 3033 fuerat
2890 2976 3180 3033 Mediolani
3233 2970 3463 3046 propter

1868 3072 2330 3126 concertationem
2386 3069 2691 3141 presbyteri
2740 3077 2794 3124 et
2839 3067 3192 3134 Grossulani;
3248 3068 3343 3123 sed
3399 3075 3456 3122 et

1868 3179 2034 3233 quam
2066 3162 2384 3218 solemniter
2412 3161 2692 3217 Romanus
2722 3159 2963 3232 pentifex
2986 3170 3109 3230 post
3158 3160 3263 3214 alia
3311 3158 3454 3215 facta

1867 3253 2265 3309 Grossulauum
2298 3262 2776 3329 susceperat....._..
2808 3250 2915 3306 Sed
2946 3260 3129 3306 tamen
3151 3248 3455 3306 Landulfus

1867 3342 1955 3399 ille
1982 3342 2268 3416 Vareglate
2288 3343 2511 3398 veniens
2542 3340 3051 3411 Mediolanum,non
3076 3343 3453 3415 presbyterum

1866 3451 1969 3491 nec
2002 3434 2123 3505 ejus
2179 3434 2352 3506 legem
2400 3433 2608 3490 directe
2656 3434 3012 3505 contempsit;
3066 3433 3160 3489 sed
3204 3433 3348 3488 clero
3401 3440 3457 3487 ct

1866 3528 2067 3599 populo
2087 3526 2479 3583 Mediolanensi
2503 3528 2829 3597 promittens
2862 3527 3136 3598 deponere
3162 3526 3456 3582 Grossula-

1868 3635 2000 3674 num
2030 3620 2099 3675 ab
2127 3620 2275 3675 omni
2321 3618 2697 3674 ecclesiastico
2748 3618 2945 3693 ofﬁcio,
2982 3621 3138 3695 juxta
3180 3632 3452 3678 canonum

1869 3713 2159 3784 rationem,
2186 3712 2404 3787 inquit:
2435 3710 2545 3770 Car
2575 3711 2642 3771 de
2674 3717 2787 3786 lege
2834 3714 3137 3786 presbyteri
3190 3712 3453 3783 Liprandi

1869 3817 1924 3865 et
1956 3808 2278 3865 Grossulani
2321 3808 2675 3873 contenditis,
2703 3815 2757 3861 ct
2780 3806 2962 3877 praelia
2985 3815 3038 3860 et
3064 3803 3354 3859 homicidia
3394 3803 3451 3857 in

1869 3901 2026 3956 vobis
2058 3898 2270 3954 facitis?
2297 3898 2363 3953 Et
2389 3899 2546 3954 vobis
2570 3897 2876 3953 certissime
2908 3895 3052 3962 dico,
3081 3904 3135 3950 et
3164 3910 3260 3965 per
3282 3892 3450 3949 Joan-

179 4004 412 4045 manum
441 4005 598 4046 suam
633 3989 819 4044 laesam
844 3990 914 4044 ab
937 3990 1057 4059 ipso
1083 3989 1266 4045 calore
1300 3989 1441 4060 ignis
1470 3989 1677 4057 sensit;
1717 3998 1773 4045 et
1871 4005 1995 4044 nem
2028 3988 2558 4043 Vicomcrcatensem
2586 3985 2921 4041 Grossulano
2946 3985 3163 4051 mando,
3182 3984 3327 4055 quod
3353 3999 3454 4056 ego

177 4088 368 4137 tamen
398 4081 465 4136 ad
490 4081 869 4151 presbyterum
901 4081 1083 4151 inquit
1113 4100 1125 4134 :
1151 4080 1441 4153 Presbyter
1477 4080 1767 4152 Liprande,
1871 4079 2015 4149 apud
2039 4077 2304 4133 damnum
2338 4092 2536 4147 papam
2587 4075 2929 4142 Paschalem,
2975 4076 3202 4146 ejusque
3241 4076 3452 4131 curiam

174 4171 292 4227 vidi
316 4179 550 4225 mortem
577 4179 727 4224 tuam
760 4170 813 4224 in
868 4170 1020 4241 igne;
1057 4180 1372 4227 convertere
1394 4173 1461 4228 ad
1483 4172 1771 4229 dominum
1871 4171 1955 4226 vel
1993 4169 2284 4242 synodum,
2308 4169 2473 4223 certis
2494 4184 2620 4224 cum
2644 4168 2948 4224 rationibus
2970 4177 3022 4223 et
3040 4168 3206 4239 justis
3234 4176 3288 4223 ct
3326 4185 3455 4224 san-

176 4276 369 4316 meum
405 4259 873 4329 archiepiscopum
895 4302 909 4325 ,
934 4261 1121 4315 habita
1142 4261 1439 4318 securitate
1473 4263 1597 4320 vita:
1642 4272 1770 4332 tum,
1872 4261 1974 4318 etis
2007 4259 2313 4317 canonibus
2342 4260 2711 4330 comprobabo
2757 4259 2912 4315 illum
2962 4276 3070 4314 non
3120 4274 3282 4330 posse
3325 4259 3457 4315 sub-

176 4350 934 4423 alioquivadeetardetocum
952 4350 1045 4406 Dei
1060 4352 1775 4428 maledictionc.Etpresby-
1873 4357 2067 4413 sistere
2098 4358 2153 4412 in
2182 4372 2414 4412 numero
2446 4344 2830 4428 episcoporum
2869 4357 2953 4413 vel
2993 4338 3454 4430 presbyterorum,

179 4453 263 4499 ter
297 4443 371 4498 ad
405 4442 596 4498 illum:
630 4441 853 4510 Satana,
899 4454 1046 4499 retro
1071 4444 1226 4501 vade.
1251 4444 1349 4501 lllo
1374 4448 1768 4517 retrocedente,
1802 4489 1849 4544 Β
1872 4457 1969 4503 aut
1992 4450 2158 4505 etiam
2183 4450 2238 4504 in
2260 4449 2445 4519 aliquo
2467 4449 2659 4504 ordine
2693 4449 3067 4516 clericoruni._
3093 4448 3284 4504 Clerus
3327 4465 3457 4503 vero

176 4536 468 4606 presbyter
491 4545 802 4605 prostratus
832 4553 861 4593 a
887 4544 1034 4593 terra
1061 4553 1120 4594 se
1134 4538 1359 4606 levavit;
1382 4546 1437 4594 et
1463 4540 1620 4610 signo
1642 4556 1769 4595 cru-
1802 4536 1841 4544 ’⁷
1871 4551 1926 4595 et
1955 4541 2187 4611 populus
2228 4540 2358 4595 huic
2385 4540 2721 4604 authentico,
2745 4548 2800 4593 et
2828 4540 3128 4595 secundum
3161 4539 3455 4609 quamdam

177 4626 262 4682 eis
291 4625 402 4681 sibi
424 4627 697 4696 apposito,
726 4628 918 4697 ingens
938 4628 1158 4683 ﬂamma
1184 4628 1327 4700 ignis
1369 4630 1426 4683 in
1479 4632 1766 4687 meridiem

176 4724 233 4771 ct
261 4717 696 4786 septentrionem
731 4734 791 4772 se
814 4718 1017 4785 divisit,
1045 4727 1101 4774 et
1140 4720 1229 4774 via
1290 4721 1543 4790 apparuit
1600 4734 1788 4793 quam

176 4807 467 4877 presbyter
488 4808 729 4863 intravit.
755 4806 822 4863 Et
842 4809 1115 4866 transiens
1163 4826 1261 4881 per
1309 4811 1456 4881 ipsos
1500 4814 1767 4870 carbones

178 4897 351 4967 ignis,
386 4913 482 4952 ceu
514 4900 746 4953 arenam
798 4899 1052 4967 calcaret,
1105 4899 1318 4968 sensit;
1370 4912 1424 4958 et
1487 4904 1618 4958 dum
1668 4920 1767 4975 per

178 4987 362 5057 ipsam
389 4988 533 5043 viam
561 4989 847 5055 transibat,
872 4988 1091 5046 ﬂamma
1147 4999 1272 5062 post
1321 4992 1502 5063 ipsum
1562 4994 1763 5051 coibat.

178 5078 248 5134 Et
269 5080 392 5149 ipse
420 5080 553 5134 mihi
593 5081 751 5143 dixit.
783 5089 837 5136 et
888 5082 1024 5138 bene
1074 5084 1315 5139 intellexi
1358 5084 1534 5140 donec
1575 5087 1631 5141 in
1675 5090 1762 5145 via

178 5170 354 5241 hujus
391 5170 502 5240 igni
537 5171 635 5239 fui,
661 5173 803 5227 hanc
831 5175 1135 5231 orationem
1166 5173 1277 5230 Deo
1310 5176 1545 5245 protuli:
1579 5197 1599 5229 ‹
1625 5177 1771 5239 Deus

179 5260 238 5314 in
269 5260 495 5316 nomine
515 5271 607 5317 tuo
628 5263 840 5317 salvum
866 5279 954 5321 me
978 5265 1083 5333 fac,
1102 5265 1228 5321 etin
1257 5264 1457 5322 virtute
1487 5276 1576 5328 tua
1600 5270 1769 5331 libera

1870 4630 2167 4686 novitatem
2191 4631 2452 4685 canonice
2487 4628 2546 4683 S.
2572 4627 2790 4683 Nazarii
2820 4627 3134 4699 praaposito,
3159 4637 3212 4681 et
3234 4627 3457 4697 majoris

1869 4719 2113 4776 ecclesia:
2136 4718 2528 4774 Mediolanensi
2557 4718 2840 4773 ordinario
2864 4718 3142 4784 credulus,
3176 4733 3284 4772 una
3328 4733 3455 4772 cum

1870 4809 2207 4865 Grossulano
2237 4809 2303 4863 ad
2334 4808 2638 4865 Romanam
2661 4809 2929 4882 synodum
2946 4807 3230 4880 pervenire
3252 4809 3453 4865 studet.

1871 4900 2027 4957 Unde
2050 4902 2259 4973 rigidus
2284 4909 2341 4956 et
2367 4903 2584 4974 sapiens
2612 4901 2931 4972 capitaneus
2968 4899 3456 4957 Mediolanensium

1870 4991 2062 5047 Amizo
2088 4993 2155 5048 de
2184 4984 2522 5059 Landriano,
2552 4992 2629 5046 ait
2677 5009 2689 5044 :
2749 4988 2859 5047 Vos
2903 4991 3164 5054 ludriam’,
3208 5010 3227 5042 ι
3265 4991 3339 5058 (id
3379 5000 3465 5048 est

1873 5082 2094 5148 lutram,
2126 5074 2473 5151 amphibium
2505 5078 2748 5149 animal,)
2769 5098 2786 5130 ‹
2825 5081 2882 5137 in
2903 5097 3046 5154 aqua
3070 5094 3277 5148 negare
3304 5101 3323 5134 ι
3354 5084 3472 5155 (seu

1873 5173 2137 5244 mergere)
2174 5193 2193 5225 ι
2240 5174 2434 5246 vultis,
2466 5197 2485 5229 ›
2522 5173 2576 5230 id
2613 5181 2716 5237 est,
2741 5169 2945 5230 frustra
2977 5171 3274 5229 laboratis.

1945 5267 2033 5322 14.
2074 5285 2093 5318 ‹
2128 5264 2238 5322 Sed
2261 5262 2657 5333 Grossulanus,
2689 5265 2756 5320 ad
2803 5269 2968 5337 pedes
3014 5258 3316 5336 apostolici
3355 5254 3501 5340 pro?
