4028 5360
534 208 669 270 45η

1669 200 1768 261 SS.
1807 194 2086 260 ARIALDI
2126 194 2213 256 ET
2253 194 2696 256 ERLEMBAI.”

3669 198 3794 259 £51!

531 327 772 398 dulphus
804 325 873 382 de
895 320 1198 397 Vareglate,
1220 322 1314 395 qui
1345 329 1471 394 post
1498 320 1674 393 ipsam
1697 318 1966 392 synodum
2012 316 2113 372 fuit
2143 319 2188 375 Α
2216 314 2274 370 S.
2306 315 2604 384 Ambrosii,
2653 324 2709 371 et
2749 315 2976 372 Andreae
3015 302 3436 370 Mediolanensis
3474 312 3793 384 primicerii,

531 417 780 477 Astensis
820 417 1130 489 episcopus,
1176 436 1194 470 ι
1258 431 1419 488 prece
1448 413 1702 470 fortassis
1733 412 1816 467 vel
1845 412 2023 482 pretio
2053 412 2109 465 in

531 509 775 567 favorem
794 510 872 565 rei
899 517 1215 580 corruptus,
1247 528 1265 561 ι
1305 522 1481 578 neque
1506 512 1632 561 ante
1655 521 1853 576 papam
1882 504 1967 559 vel
1991 504 2111 574 ejus

529 602 741 659 curiam
766 616 860 657 seu
885 602 1153 672 synodum
1183 599 1449 656 adversus
1471 597 1867 669 Grossulanum
1883 596 2109 651 verbum

531 693 705 748 ullum
733 692 1157 764 ignominiosum
1184 691 1440 763 protulit;
1474 710 1493 741 ι
1548 699 1738 745 contra
1779 704 1946 759 quam
1996 686 2110 742 Mc-

531 782 733 839 dlolani
758 783 1112 855 promiserat;
1144 802 1163 835 ι
1206 782 1301 839 sed
1331 781 1614 852 presbyter
1642 778 1951 849 Liprandus
1980 793 2112 834 cau-

531 891 671 943 sam,
696 890 863 946 quam
889 876 1155 931 adversus
1177 873 1578 930 Grossulanum
1610 870 1822 939 habuit,
1845 885 1981 942 pure
2012 885 2113 924 no-

530 966 787 1036 tificavit;
810 976 866 1023 et
886 967 1224 1039 apostolicus
1251 982 1361 1022 non
1396 966 1591 1037 legem,
1619 978 1715 1035 per
1752 963 1935 1033 ipsum
1985 978 2112 1033 pne-

532 1060 817 1132 sbyterum
844 1060 1066 1128 datam,
1095 1068 1149 1116 et
1189 1066 1533 1115 sacramento
1579 1064 1633 1112 et
1675 1056 1800 1126 igne
1847 1064 2112 1121 notatam,

532 1150 811 1217 laudavit,
841 1151 936 1207 sed
962 1151 1191 1219 gratiam
1226 1159 1278 1205 et
1314 1150 1553 1205 oflieium
1604 1149 2012 1221 presbyteratus
2058 1147 2113 1201 in

534 1239 628 1298 illo
653 1240 909 1308 ﬁrmavit,
930 1249 986 1297 et
1019 1240 1196 1297 dixit:
1237 1238 1294 1295 Si
1347 1240 1437 1296 hic
1484 1237 1768 1310 presbyter
1804 1239 2014 1309 juraret
2061 1245 2116 1291 et

534 1332 824 1388 duodecim
865 1332 1179 1389 sacerdotes
1224 1347 1348 1389 cum
1376 1331 1470 1386 i-llo
1494 1331 1854 1403 jurejurando
1881 1329 2116 1384 afﬁrma-

534 1431 676 1489 rent,
705 1423 851 1493 quod
874 1422 1242 1479 Grossulanus
1268 1424 1446 1494 coegit
1494 1424 1676 1494 ipsum
1738 1423 2114 1494 presbyterum

533 1511 612 1569 ire
640 1530 737 1585 per
759 1514 957 1586 ignem,
980 1514 1276 1571 sustineret
1294 1513 1665 1572 Grossulanus
1686 1515 2112 1585 depositionem;

532 1612 696 1675 atque
747 1621 906 1676 super
957 1606 1060 1661 hoc
1118 1606 1356 1676 spatium
1416 1607 1738 1663 consulendi
1796 1621 1892 1677 per
1947 1620 2113 1662 unam

2209 416 2264 463 et
2308 406 2543 461 aliorum
2588 406 2889 462 multorum
2935 406 3262 477 prudentum
3311 414 3425 460 tam
3473 405 3794 461 clericorum

2209 514 2375 569 quam
2407 498 2694 564 laicorum,
2738 513 2841 554 nec
2884 499 3088 565 sedem,
3119 513 3222 554 nec
3247 498 3493 568 aliquam
3536 498 3796 552 munitio-

2210 605 2334 645 nem
2366 589 2891 661 archiepiscopatus,
2927 597 3052 660 post
3099 590 3275 660 legem
3324 590 3562 660 primam
3601 604 3635 643 a
3683 604 3801 659 prev-

2211 679 2429 751 sbytero
2459 677 2678 745 factam,
2707 679 2821 735 sive
2843 678 3243 734 restitutionem
3268 694 3297 734 a
3327 679 3541 752 synodo
3570 678 3803 734 celebrao

2212 777 2355 837 tam,
2403 770 2613 827 habuit.
2664 768 2816 826 Meus
2859 786 2988 827 vero
3040 786 3182 842 saepe
3226 770 3409 826 dictus
3453 769 3801 836 avunculus,

2211 859 2353 916 infra
2384 861 2549 916 unius
2582 862 2712 917 anni
2752 871 2806 917 et
2843 861 3055 917 dimidii
3083 863 3343 933 spatium,
3381 862 3664 929 homines,
3710 861 3801 931 qui

2212 967 2322 1007 non
2361 964 2459 1022 pro
2485 967 2671 1012 amore
2711 952 2908 1008 divina:
2955 952 3088 1024 legis
3116 962 3171 1008 et
3198 953 3587 1009 ecclesiasticae
3636 950 3800 1007 disci-

2212 1044 2373 1114 plina:
2396 1043 2700 1115 litigabant,
2731 1044 2960 1113 dimisit,
2987 1054 3043 1101 et
3069 1059 3262 1100 eorum
3290 1045 3571 1101 civitatem
3616 1042 3800 1108 exivit,

2213 1146 2376 1206 atque
2403 1135 2748 1191 Valtellinam
2773 1136 2988 1202 vallem,
3020 1152 3051 1192 a
3078 1136 3383 1213 Mediolano
3408 1137 3555 1192 ultra
3586 1144 3801 1206 septua-

2214 1228 2363 1300 ginta
2400 1229 2653 1284 milliaria
2686 1229 2998 1295 distantem,
3046 1230 3328 1285 habitavit.
3359 1249 3377 1281 ι
3432 1229 3578 1297 Quid
3624 1238 3800 1285 autem

2216 1321 2344 1377 binc
2388 1330 2512 1391 post
2557 1321 2896 1392 aliquantum
2948 1329 3163 1392 tempus
3208 1323 3502 1377 revertenti
3548 1323 3804 1380 acciderit

2214 1429 2338 1485 pag.
2388 1413 2493 1468 M7
2540 1414 2620 1469 sic
2675 1426 2862 1469 narrat
2906 1413 3050 1485 apud
3098 1413 3428 1469 Purieellum
3477 1413 3802 1471 Landulfus.

2222 1522 2240 1556 ‹
2273 1505 2569 1574 Assumpto
2600 1518 2745 1575 equo
2784 1504 3031 1559 Anselmi
3061 1523 3080 1555 ›
3134 1504 3321 1560 fratris
3372 1523 3391 1555 ι
3413 1513 3470 1560 et
3514 1520 3668 1571 meo,
3700 1523 3804 1563 una

2216 1610 2342 1651 cum
2367 1614 2385 1646 ι
2422 1594 2571 1651 dicto
2605 1615 2623 1647 ι
2648 1593 2816 1652 fratre
2843 1610 2965 1650 meo
2997 1596 3064 1651 ad
3095 1596 3277 1666 ipsum
3305 1612 3489 1652 meum
3514 1607 3806 1667 patronum

532 1706 748 1752 ηοοιθηι
779 1697 946 1753 dedit,
978 1696 1147 1754 Νοειθ
1172 1707 1352 1754 autem
1402 1699 1494 1754 illa
1545 1707 1843 1765 transacta,
1894 1708 2117 1769 αροειο-
2145 1696 2189 1752 Β
2217 1686 2486 1743 festinavi.
2518 1686 2585 1741 Et
2607 1703 2732 1743 cum
2762 1688 3152 1758 processissem
3183 1688 3375 1759 viginti
3409 1690 3663 1760 quinque
3689 1691 3808 1744 mil-

532 1787 673 1844 licus
723 1803 911 1845 coram
942 1789 1152 1861 synodo
1194 1805 1224 1845 a
1260 1788 1600 1845 Grossulano
1642 1790 1884 1862 suscepit
1929 1805 2115 1846 sacra-

533 1888 802 1947 mentum,
835 1880 889 1935 in
915 1896 1026 1951 quo
1054 1889 1401 1937 sacramento
1429 1880 1802 1937 Grossulanus
1851 1881 1931 1936 sic
1977 1881 2054 1936 ait
2097 1898 2111 1936 :

531 1968 647 2043 Ego
681 1969 1051 2027 Grossulanus
1093 1971 1268 2042 gratia
1324 1970 1420 2027 Dei
1482 1971 1947 2042 archiepiscopus,
2005 1986 2116 2026 non

531 2059 684 2131 coegi
712 2060 918 2115 dictum
943 2058 1276 2130 Liprandum
1307 2061 1684 2133 presbyterum
1711 2061 1789 2116 ire
1812 2061 1881 2115 ad
1913 2062 2112 2132 ignem.

534 2144 689 2205 Tunc
710 2159 762 2204 et
775 2149 1090 2220 Ardericus,
1105 2150 1410 2208 Laudensis
1434 2153 1747 2223 episcopus,
1758 2152 2114 2223 jurejurando

532 2238 769 2296 firmavit
819 2242 872 2297 id
920 2241 1132 2313 ipsum;
1158 2243 1331 2297 Azoni
1380 2258 1510 2298 vero
1554 2242 1799 2314 Aquensi
1837 2243 2113 2314 episcopo,

533 2332 830 2403 proferenti
861 2335 916 2390 id
946 2335 1124 2405 ipsum
1164 2334 1355 2405 jurare
1389 2351 1455 2390 ex
1482 2344 1637 2406 parte
1662 2334 1985 2391 Grossulani
2004 2378 2019 2402 ,
2046 2336 2115 2391 ab

531 2427 836 2496 apostolico
894 2426 998 2482 fuit
1051 2427 1443 2483 condonatum.
1506 2428 1879 2485 Grossulauus
1934 2428 2116 2499 itaque

531 2516 765 2571 accessit
793 2525 853 2571 ut
871 2516 1142 2587 acciperet
1170 2518 1403 2589 gratiam
1447 2518 1844 2587 restitutionis;
1896 2529 1951 2574 et
1988 2534 2116 2574 cum

531 2608 601 2663 ad
623 2608 994 2680 accipiendam
1021 2611 1422 2668 restitutionem
1465 2613 1763 2681 accederet,
1812 2613 2010 2685 gabuta
2062 2622 2118 2670 et

531 2702 829 2772 pastoralis
854 2702 1028 2775 virga,
1051 2719 1218 2774 quam
1246 2705 1388 2760 idem
1425 2705 1798 2762 Grossulanus
1833 2722 1932 2762 sua
1964 2714 2117 2761 tene-

534 2793 631 2851 bat
652 2810 841 2861 manu,
866 2809 1054 2849 coram
1096 2795 1305 2867 synodo
1346 2796 1415 2851 ad
1459 2807 1663 2852 terram
1692 2798 1901 2853 corruit
1930 2817 1943 2852 :
1970 2796 2115 2869 quod

531 2885 750 2958 signum
811 2887 1231 2958 quampluribus
1281 2886 1384 2943 fuit
1432 2888 1691 2944 indicium
1744 2890 1890 2962 quod
1926 2907 2114 2945 sacra-

532 2988 779 3035 mentum
805 2979 925 3050 ejus
942 2978 1045 3035 fuit
1067 2989 1471 3036 sacramentum
1494 2983 1705 3038 mortis.
1727 2980 2115 3038 Verumtamen

2213 1780 2407 1847 liariis,
2433 1780 2569 1835 mihi
2603 1780 2826 1853 angelus
2851 1781 3116 1848 occurrit,
3147 1781 3336 1837 dicens
3362 1801 3375 1837 :
3402 1781 3698 1856 Presbyter
3717 1784 3807 1839 Lis

2214 1873 2457 1943 prandus
2485 1873 2699 1929 rediens
2727 1888 2759 1928 a
2781 1871 3089 1941 Valtellina,
3119 1873 3372 1931 infirmus
3400 1876 3551 1945 jacet
3575 1878 3647 1932 ad
3683 1893 3802 1951 mo-

2215 1963 2517 2019 nasterium
2565 1964 2633 2020 de
2676 1963 2902 2020 Clivate.
2954 1964 3130 2022 Citius
3173 1965 3337 2037 igitur
3377 1983 3548 2037 quam
3591 1984 3808 2038 speras.

2216 2073 2351 2123 sem,
2384 2057 2566 2112 inveni
2594 2058 2749 2113 illum
2778 2058 2835 2113 in
2862 2059 3003 2114 lecto
3031 2059 3307 2115 sedentem
3335 2069 3388 2116 et
3416 2062 3503 2116 lac
3523 2062 3809 2116 comeden-

2217 2159 2346 2206 tem.
2394 2148 2497 2218 Qui
2533 2167 2658 2208 cum
2703 2167 2790 2207 me
2833 2151 2990 2221 vidit,
3034 2153 3224 2208 ambas
3266 2154 3465 2209 levavit
3498 2170 3720 2218 manus,
3756 2164 3808 2208 et

2216 2242 2419 2314 gratias
2468 2241 2578 2299 Deo
2616 2238 2773 2299 dixit.
2820 2243 3076 2301 Arialdus
3119 2260 3247 2300 vero
3294 2246 3443 2300 illius
3484 2246 3806 2301 monasterii

2217 2336 2410 2405 abbas,
2444 2347 2734 2408 postquam
2766 2338 2973 2393 audivit
3003 2352 3091 2397 me
3117 2339 3424 2407 advenisse,
3469 2340 3807 2396 consolatio-

2218 2444 2451 2499 nemque
2480 2428 2581 2500 ipsi
2611 2438 2815 2500 aegroto
2839 2430 3085 2497 dedisse;
3119 2442 3206 2486 me
3242 2446 3539 2502 meumque
3583 2429 3806 2486 fratrem

2216 2529 2368 2576 extra
2399 2534 2672 2577 cameram
2704 2522 2947 2589 vocavit;
2983 2531 3037 2579 et
3067 2537 3165 2594 per
3205 2523 3362 2593 plura
3392 2524 3561 2579 verba
3596 2539 3661 2579 se
3703 2532 3805 2578 tne-

2216 2612 2403 2683 pidare
2464 2613 2811 2680 fidelitatem,
2874 2630 3040 2685 quam
3096 2614 3377 2686 juravcrat
3441 2615 3804 2679 Grossulano,

2217 2702 2375 2758 nobis
2420 2704 2668 2758 notavit:
2703 2712 2868 2775 atque
2916 2704 3287 2760 nescientibus
3332 2706 3657 2771 monachis,
3709 2721 3808 2760 nos

2217 2793 2501 2849 admonuit
2556 2804 2618 2851 ut
2646 2794 2826 2865 ipsum
2873 2795 3285 2865 deportaremus
3328 2800 3593 2867 mgrotum
3625 2811 3660 2851 a
3686 2811 3807 2851 mo-

2218 2886 2478 2953 nasterio,
2511 2886 2704 2942 saltem
2733 2887 2950 2944 duobus
2979 2888 3324 2943 milliaribus.

2289 2979 2377 3035 i7.
2425 2999 2443 3032 ε
2491 2977 2747 3036 Inﬁrmus
2796 2990 2979 3036 autem
3027 2990 3090 3036 ut
3136 2981 3325 3047 sensit,
3375 2996 3464 3036 me
3511 2994 3808 3050 meumque

533 3085 632 3126 nec
657 3085 818 3142 papa,
839 3049 950 3127 nec
982 3071 1102 3143 ejus
1136 3074 1378 3145 synodus
1421 3075 1487 3130 ad
1535 3076 1641 3131 hoc
1673 3084 1803 3131 tunc
1836 3077 2112 3149 respexit;
2142 3049 2184 3107 (ἶ
2218 3069 2439 3126 fratrem
2488 3070 2768 3127 sollicitari
2813 3086 2979 3142 super
3022 3086 3121 3127 sua
3163 3071 3477 3125 infirmitate
3517 3080 3576 3126 et
3626 3049 3808 3140 porta-

531 3163 628 3217 sed
665 3164 843 3234 ipsum
870 3163 1264 3222 Grossulanum
1302 3167 1471 3224 Azoni
1503 3168 1746 3241 Aquensi
1770 3179 1825 3226 et
1855 3171 2117 3227 Arderico

534 3252 828 3324 Laudensi,
858 3267 1022 3328 atque
1049 3258 1288 3316 Jordano
1314 3261 1380 3317 de
1403 3262 1563 3330 Ctivi,
1597 3274 1651 3319 et
1674 3265 1886 3320 caeteris
1911 3264 2118 3321 Medio-

530 3341 850 3401 ianensihus
896 3356 1007 3402 tam
1047 3349 1262 3405 clericis
1288 3367 1452 3421 quam
1483 3354 1661 3421 laicis,
1711 3371 1900 3410 verum
1949 3358 2117 3414 etiam

534 3433 803 3506 episcopis
836 3437 1083 3507 ejusdem
1108 3438 1365 3497 Ecclesiae
1393 3444 1781 3515 sufl‘mganeis,
1812 3449 2117 3507 volentibus

533 3540 660 3583 eum
687 3526 883 3585 habere
904 3529 958 3584 in
981 3531 1473 3604 archiepiscopum,
1500 3536 1623 3592 licet
1642 3540 1835 3606 otiose,
1858 3542 2113 3597 restituit.

604 3617 693 3675 15.
728 3638 747 3672 ι
777 3617 1066 3694 Presbyter
1092 3622 1181 3699 ille
1212 3623 1533 3693 Landulfus,
1548 3627 1672 3683 licet
1699 3631 1985 3687 occasione
2010 3633 2118 3688 hu-

534 3710 622 3781 jus
643 3713 1002 3771 restitutionis
1029 3714 1169 3773 foret
1196 3728 1483 3789 suspectus
1507 3720 1840 3778 Grossulano
1868 3726 2118 3782 restituto

533 3809 588 3856 et
618 3804 929 3861 restitutum
963 3808 1389 3879 suscipientibus
1410 3853 1442 3881 ,,
1479 3820 1661 3868 tamen
1697 3813 1752 3867 in
1789 3815 2018 3873 ecclesia
2056 3817 2114 3874 S.

535 3891 688 3950 Pauli
735 3911 944 3968 suaque
983 3898 1178 3967 domo,
1216 3900 1319 3957 fuit
1365 3904 1620 3959 sacerdos
1667 3904 1895 3962 idoneus
1927 3908 1982 3962 in
2017 3925 2118 3966 suo

534 3982 710 4039 ofﬁcio
738 4001 834 4056 per
858 3995 1065 4058 septem
1096 4005 1272 4047 annos
1305 4000 1430 4062 post
1459 3993 1632 4064 ipsam
1671 3996 2072 4052 restitutionem
2092 4016 2110 4049 ι

538 4090 710 4145 usque
747 4086 869 4147 post
899 4094 1105 4135 annum
1141 4082 1299 4137 1115.
1344 4084 1559 4139 «Cum»
1609 4095 1793 4143 autem
1828 4089 1909 4145 sic
1948 4091 2120 4146 «alter

537 4165 767 4221 alterum
797 4179 1112 4239 suspectum
1127 4172 1372 4242 haberet,
1395 4177 1780 4250 contigitquod
1805 4179 2120 4237 ilex-ibertas

537 4253 605 4309 de
628 4254 899 4324 Bruzano,
936 4261 1089 4316 valde
1113 4273 1435 4334 aggravatus
1464 4265 1724 4336 febribus,
1755 4271 1899 4326 venit
1926 4272 1995 4326 ad
2031 4273 2116 4327 di-

537 4355 685 4402 ctum
722 4349 1117 4421 presbyterum,
1148 4354 1499 4424 supplicando
1548 4365 1607 4412 ut
1655 4360 1920 4417 adversus
1962 4363 2116 4417 infir-

539 4434 782 4493 mitatem
807 4439 961 4495 daret
981 4440 1087 4496 sibi
1116 4443 1433 4499 remedium.
1467 4445 1700 4505 Ministri
1723 4466 1854 4506 vero
1890 4453 2117 4524 presby-

536 4528 636 4583 teri
678 4530 1127 4589 ministraverunt
1159 4535 1341 4591 cibum
1374 4546 1429 4592 et
1470 4539 1667 4595 lectum
1706 4544 2116 4600 convenientem

534 4614 616 4672 illi
642 4622 947 4689 aegrotanti,
983 4623 1158 4681 donec
1201 4624 1466 4683 Dominus
1501 4629 1785 4699 virtutum,
1820 4648 1915 4703 per
1941 4633 2117 4704 impo-

536 4707 789 4767 sitionem
817 4730 1080 4773 manuum
1108 4717 1229 4787 ejus
1276 4720 1609 4790 presbyteri,
1658 4724 1889 4793 praebuit
1933 4725 2119 4781 saluti-

536 4804 711 4862 ferum
743 4807 1043 4862 remedium
1073 4810 1376 4880 aegrotanti.
1430 4809 1581 4868 Unde
1617 4813 1984 4871 Grossulanus
2012 4817 2115 4872 sti-

536 4897 807 4963 mulatus,
866 4897 946 4952 ait
997 4898 1065 4953 ad
1116 4901 1540 4972 presbyterum:
1584 4903 1721 4973 Quia
1779 4908 2117 4978 participasti

535 4980 839 5053 lleriberto,
889 5004 1011 5042 meo
1054 4994 1561 5062 exeonununieato,
1614 4998 1868 5068 praecipio
1914 4999 2011 5054 tibi
2056 5008 2117 5055 ut

536 5076 760 5130 missam
785 5093 895 5132 non
923 5088 1430 5154 cantes,quousque
1452 5087 1828 5155 paenitentiam
1854 5089 1978 5145 inde
1993 5106 2110 5146 sus-

534 5163 766 5233 ceperis,
794 5166 1035 5236 mihique
1058 5168 1408 5227 satisfeceris.
1460 5172 1527 5228 Et
1551 5176 1829 5247 presbyter
1847 5178 2111 5232 adillum:

534 5252 693 5320 Quod
722 5252 826 5308 feci
854 5256 910 5309 in
938 5255 1244 5329 Heriberto,
1268 5263 1471 5321 bonum
1501 5265 1622 5334 fuit,
1659 5278 1713 5323 et
1736 5285 1769 5324 a
1794 5269 1906 5325 Deo
1934 5272 2109 5339 venit;

2219 3163 2366 3219 tione
2391 3162 2468 3218 ait
2493 3182 2506 3218 :
2529 3161 2706 3219 Nolite
2730 3163 2960 3230 turbari,
2986 3163 3113 3234 quia
3144 3179 3242 3233 per
3269 3164 3500 3235 gratiam
3536 3162 3633 3218 Dei
3664 3176 3807 3217 nunc

2217 3257 2351 3312 mihi
2385 3257 2557 3312 multo
2579 3265 2665 3312 est
2689 3256 2905 3323 melius,
2932 3263 2986 3311 et
3014 3256 3069 3310 in
3091 3256 3350 3321 crastino,
3376 3254 3485 3310 Deo
3509 3264 3809 3317 annuente,

2218 3348 2272 3403 iu
2311 3348 2585 3404 civitatem
2636 3349 2738 3403 iter
2783 3348 3126 3415 habebimus.
3167 3346 3235 3400 Et
3270 3362 3433 3401 mane
3462 3345 3611 3401 facto
3643 3362 3805 3402 oet-uc

2217 3441 2373 3498 datas
2398 3440 2665 3513 quasdam
2689 3456 2820 3497 suas
2847 3448 3031 3496 vestes
3057 3438 3234 3494 induit
3256 3447 3311 3494 et
3332 3438 3517 3493 cibum
3549 3437 3804 3508 sumpsit,

2217 3542 2272 3589 et
2321 3533 2481 3604 quasi
2528 3549 2696 3589 sanus
2756 3531 2934 3588 factus
2981 3546 3148 3600 super
3193 3530 3401 3585 mulam
3454 3529 3617 3586 sedit.
3667 3528 3807 3584 Puer

2217 3642 2436 3699 quoque
2463 3627 2603 3698 ejus,
2639 3625 2848 3681 habens
2882 3640 3044 3680 suum
3078 3622 3293 3680 asinum
3328 3630 3618 3678 oneratum
3664 3621 3805 3693 pelli-

2217 3721 2361 3787 bus,
2386 3719 2515 3775 licet
2549 3718 2617 3773 de
2655 3717 2819 3774 solito
2851 3716 2938 3772 bis
2977 3724 3071 3771 aut
3121 3725 3200 3771 ter
3245 3715 3300 3770 in
3334 3714 3423 3770 die
3462 3723 3803 3784 torqueretur

2218 3812 2426 3868 caduco
2451 3810 2664 3875 morbo,
2699 3818 2881 3864 tamen
2909 3808 3224 3879 presbytero
3251 3805 3475 3861 sedente
3498 3821 3671 3876 super
3696 3820 3802 3859 mi»

2217 3903 2348 3967 lam,
2388 3917 2522 3971 puer
2555 3901 2698 3956 idem
2734 3899 2884 3955 venit
2926 3897 3210 3954 nobiscum
3260 3896 3315 3951 in
3350 3910 3460 3950 una
3500 3895 3592 3950 die
3635 3910 3803 3965 usque

2217 3991 2286 4047 ad
2317 3990 2374 4045 S.
2405 3990 2732 4045 Damianum
2767 3989 2836 4045 de
2866 3987 3095 4053 Baraza,
3134 3986 3340 4056 absque
3370 3986 3483 4041 ullo
3527 3986 3679 4040 illius
3724 3986 3801 4038 in~

2218 4082 2491 4138 firmitatis
2521 4082 2927 4153 impedimento.
2970 4079 3047 4135 lbi
3088 4080 3259 4152 gratia
3290 4078 3386 4135 Dei
3413 4087 3469 4133 et
3498 4079 3800 4134 beatissimi

2217 4173 2514 4240 Ambrosii,
2552 4173 2710 4244 cujus
2750 4173 2904 4228 locus
2946 4173 3049 4228 iste
3088 4172 3223 4227 cella
3263 4180 3367 4235 est,
3416 4170 3559 4225 bene
3605 4170 3801 4240 recepti

2219 4265 2703 4335 pernoctavimus;
2752 4272 2810 4319 et
2864 4264 3089 4319 alteram
3146 4263 3288 4319 diem
3356 4263 3798 4327 dimidiavimus;

2218 4367 2272 4414 et
2308 4366 2434 4413 ante
2467 4359 2599 4414 solis
2636 4372 2895 4413 occasum
2925 4356 3212 4411 ecclesiam
3251 4353 3309 4409 S.
3346 4354 3504 4409 Pauli
3550 4357 3800 4410 domum-

2218 4465 2325 4519 que
2358 4458 2601 4506 nostram
2632 4449 2978 4513 intravimus,
3019 4457 3181 4518 atque
3227 4447 3518 4514 familiam,
3565 4464 3693 4518 qua:
3729 4446 3798 4500 ibi

2216 4543 2403 4598 aderat
2426 4551 2689 4606 nostram,
2722 4543 2898 4597 laetam
2927 4540 3178 4597 fecimus.
3211 4560 3229 4591 ι
3272 4540 3483 4595 Bellum
3506 4549 3647 4596 tunc
3679 4556 3799 4595 con-

2216 4645 2299 4691 tra
2332 4635 2645 4691 Laudenses
2678 4634 3176 4690 Mediolanensibus
3202 4640 3353 4700 erat;
3383 4633 3453 4688 de
3488 4649 3604 4705 quo
3636 4648 3797 4703 agens

2215 4725 2516 4783 Landulfus
2542 4727 2684 4796 apud
2710 4725 3036 4780 Purieellum
3060 4725 3114 4779 in
3136 4723 3502 4780 Monumentis
3529 4740 3652 4795 pag.
3674 4724 3793 4787 528,

2222 4836 2240 4869 ι
2272 4819 2558 4875 innumera
2580 4820 2723 4875 mala
2744 4834 2868 4889 quae
2878 4827 3100 4888 operata
3114 4826 3240 4874 sunt
3262 4833 3358 4886 per
3367 4827 3609 4887 quatuor
3628 4832 3796 4871 annos

2216 4909 2270 4963 in
2308 4910 2425 4980 ipsa
2466 4926 2661 4981 guerra
2697 4927 2803 4966 non
2845 4925 3138 4975 enumero,
3188 4909 3386 4978 inquit,
3435 4909 3535 4965 sed
3570 4918 3791 4963 mortem

2214 4997 2457 5053 Auselmi
2487 4999 2729 5069 germani
2758 4998 2885 5061 mei,
2909 5011 2963 5053 et
2982 4999 3214 5053 aliorum
3245 4998 3542 5052 multorum
3572 4997 3791 5067 propin-

2215 5102 2448 5157 quorum
2483 5103 2727 5144 meorum
2754 5100 2818 5143 ac
2846 5086 3071 5153 civium,
3100 5104 3193 5159 per
3216 5088 3365 5143 illam
3395 5103 3652 5159 guerram
3674 5102 3787 5141 ma-

2216 5178 2527 5236 nifestatam
2570 5179 2760 5249 lugeo:
2820 5194 2920 5234 nec
2945 5188 3182 5248 emptum
3214 5180 3313 5235 iter
3338 5180 3559 5249 penitus
3582 5180 3786 5234 desero.

2218 5270 2356 5338 Quia
2393 5271 2524 5326 dum
2569 5270 2760 5327 civitas
2803 5269 2891 5323 illa
2942 5268 3244 5325 Laudensis
3279 5270 3462 5326 adhuc
3509 5278 3696 5336 staret,
3739 5277 3790 5321 et
