4028 5360
226 271 368 329 1515
411 300 421 309 ·

219 405 353 447 vero
383 388 725 460 Liprandus,
760 388 816 443 iu
846 403 946 445 sua
983 388 1147 444 domo
1185 402 1395 461 suaque
1435 388 1664 444 ecclesia
1702 385 1816 458 [vi—
1844 394 1890 448 Λ

217 481 386 555 cina]
433 480 491 536 S.
544 480 697 536 Pauli
742 480 1024 548 ecclesiae,
1078 481 1508 537 consolationem
1555 479 1707 552 regni
1756 487 1810 533 et

215 574 480 630 Ecclesiae
495 572 867 643 exspectabat.
901 591 920 625 ι

288 665 376 721 18.
418 663 530 722 Nec
560 664 765 721 frustra
792 665 1129 736 exspectavit
1153 684 1166 719 :
1191 679 1338 720 anno
1364 664 1633 734 siquidem
1674 662 1803 717 illi

211 757 439 814 Octobri
467 772 658 814 mense
681 755 971 815 occasione
1001 756 1083 813 sic
1105 756 1536 812 excresccntium
1564 770 1660 825 per
1685 769 1814 809 con-

212 849 425 906 tinuam
463 850 702 921 pluviam
737 849 1051 917 fluminum,
1101 869 1119 901 ι
1146 848 1294 922 quod
1335 863 1444 904 non
1488 849 1667 904 solum
1706 847 1808 902 vil-

209 943 317 1009 las,
348 942 442 998 sed
468 951 522 998 et
550 942 721 1014 ipsam
764 941 1037 1001 civitatem
1062 941 1271 1016 mirum
1316 942 1371 997 in
1417 940 1640 997 modum
1680 955 1808 1010 per-

209 1033 572 1099 turbarentp
613 1042 667 1088 et
716 1032 940 1102 quidam
988 1030 1255 1098 dicerent,
1314 1051 1331 1084 ι
1359 1031 1691 1087 discordiam
1743 1030 1811 1086 de

209 1122 554 1181 Grossulano
588 1136 711 1179 esse
740 1121 1004 1179 malitiam
1051 1123 1225 1177 altero
1255 1121 1465 1178 diluvio
1494 1121 1749 1193 dignam;
1785 1142 1802 1171 ι

205 1215 281 1270 ad
308 1230 431 1271 eam
466 1215 762 1271 finiendam
803 1213 961 1270 electi
991 1214 1294 1270 octodecim
1336 1213 1461 1281 viri,
1506 1227 1701 1268 omnes
1731 1213 1812 1269 sic

200 1300 468 1379 jura'runt
497 1324 509 1360 :
542 1325 562 1359 ι
588 1304 776 1376 Usque
801 1305 1017 1361 adistas
1044 1304 1317 1361 Kalendas
1343 1302 1577 1375 proximi
1607 1301 1811 1358 Janua-

204 1398 277 1453 rii
307 1398 655 1457 concorditer
682 1398 934 1453 dabimus
972 1397 1181 1469 justam
1226 1403 1281 1451 et
1330 1404 1536 1451 rectam
1585 1402 1809 1450 senten—

204 1491 343 1546 tiam
373 1491 673 1548 secundum
702 1504 966 1556 canones,
999 1490 1067 1544 de
1092 1488 1368 1545 discordia
1400 1485 1725 1543 Grossulani
1762 1489 1808 1543 si

202 1583 385 1653 possit
410 1597 532 1639 esse
560 1582 1007 1653 archiepisc0pus
1048 1579 1360 1646 Mediolani,
1413 1580 1529 1635 sive
1568 1594 1709 1646 non;
1756 1588 1810 1634 et

200 1677 252 1729 si
292 1691 402 1730 non
447 1674 648 1746 poterit
677 1688 820 1742 esse,
871 1674 939 1730 de
972 1673 1080 1729 alia
1114 1686 1347 1743 persona
1380 1667 1642 1728 faciemus
1673 1685 1808 1726 con-

198 1766 443 1823 corditer
469 1766 796 1821 catholicam
816 1765 1137 1821 electionem
1164 1764 1220 1819 in
1241 1763 1432 1819 eodem
1458 1762 1545 1817 die
1570 1780 1583 1816 :
1611 1780 1630 1813 ι
1659 1778 1810 1817 eam-

197 1870 314 1926 que
370 1856 740 1911 csententiam
786 1865 973 1918 tenere
1001 1873 1020 1906 ι
1077 1853 1333 1910 similiter
1372 1856 1663 1923 jurarunt,
1710 1846 1807 1922 qui

221 1961 430 2005 uerunt
455 1951 525 2005 ab
556 1951 637 2006 eis
664 1938 1003 2004 nominatim
1024 1948 1092 2004 ad
1132 1948 1236 2003 hoc
1264 1946 1439 2025 petiti,
1473 1945 1805 2025 sacerdotes,

197 2040 428 2098 milites.
484 2061 503 2094 ι
534 2041 642 2097 Sed
679 2056 805 2097 cum
842 2042 897 2096 in
937 2041 1134 2096 ultimo
1173 2041 1263 2096 die
1293 2022 1630 2104 Decembris,
1665 2057 1685 2089 ι
1722 2037 1809 2091 in-

197 2131 326 2201 quit
352 2129 658 2187 Landulfus
688 2129 746 2185 in
777 2130 1019 2187 Monum.
1053 2144 1107 2201 p.
1137 2129 1231 2184 541
1256 2171 1272 2197 ,
1309 2147 1329 2181 ι
1351 2126 1650 2183 Ardericus
1678 2126 1798 2181 ille»

196 2222 430 2279 relictus
471 2237 504 2278 a
544 2221 904 2290 Grossulano,
947 2219 1387 2292 Hierosolymam
1429 2216 1708 2289 profecto,
1749 2218 1805 2271 in

195 2312 426 2367 civitate
468 2312 737 2379 vicarius,
796 2330 816 2364 ι
853 2321 908 2366 et
956 2309 1342 2382 septemdecim
1389 2308 1481 2364 alii
1520 2316 1706 2364 essent
1750 2306 1804 2363 in

196 2403 498 2460 concordia
535 2403 767 2475 eligendi
806 2401 1145 2470 Jordanum;
1195 2416 1297 2473 ego
1339 2400 1500 2472 jussu
1544 2399 1798 2467 Andreae,

197 2493 502 2565 primicerii
534 2494 978 2565 presbyterorum
1023 2491 1463 2549 Decuman’orum
1490 2499 1548 2551 et
1570 2491 1804 2547 clerico-
1852 2518 1857 2523 η

195 2600 323 2640 rum
356 2584 867 2653 Mediolanensium,
897 2586 967 2642 ad
999 2600 1096 2642 eos
1120 2583 1277 2650 veni;
1308 2594 1361 2639 et
1389 2594 1447 2639 ut
1471 2583 1589 2653 ipse
1614 2581 1806 2652 primi-

195 2677 384 2733 cerius
406 2676 542 2732 mihi
570 2675 852 2749 praecepit,
899 2678 981 2733 eis
1007 2675 1144 2744 dixi,
1182 2676 1332 2747 quod
1360 2674 1503 2730 male
1529 2674 1803 2729 consiliati

194 2779 378 2824 erant.
404 2766 795 2825 Verumtamen
822 2768 926 2840 ipsi
950 2769 1245 2825 consilium
1272 2783 1382 2822 non
1414 2774 1799 2831 mutaverunt;

194 2866 292 2921 sed
321 2880 488 2921 mane
521 2863 685 2932 facto,
718 2864 971 2920 videlicet
1014 2862 1275 2920 Kalendis
1317 2861 1567 2918 Januarii
1597 2880 1617 2913 ι
1654 2861 1802 2916 anni

202 2957 371 3025 1112,
421 2957 497 3011 uti
540 2970 704 3026 porro
744 2955 944 3026 legitur
982 2956 1127 3027 apud
1170 2954 1502 3010 Puricellum
1547 2969 1617 3008 ex
1661 2952 1806 3007 Lar.-

206 3047 370 3105 dulfo
405 3048 461 3104 in
508 3048 632 3105 Vita
678 3046 1045 3105 Herlembaldi
1084 3064 1217 3120 pag.
1259 3048 1384 3103 412.
1447 3067 1465 3100 ι
1505 3046 1803 3103 Ardet-iens

197 3139 353 3197 idem
399 3156 527 3196 cum
563 3140 910 3197 vicedomino
938 3150 992 3195 et
1018 3139 1229 3196 castoris
1277 3139 1381 3194 sibi
1428 3137 1799 3208 conjuratis...

191 3233 471 3304 pulpitum
491 3234 765 3301 ascendit;
794 3241 850 3288 et
870 3231 1016 3289 facto
1042 3232 1261 3288 silentio
1285 3232 1338 3285 in
1361 3232 1589 3302 populo,
1608 3246 1802 3287 comm

192 3326 287 3381 illa
316 3326 561 3381 maxima
593 3326 945 3381 multitudine
983 3326 1242 3396 loquens,
1275 3324 1449 3379 dixit:
1482 3321 1615 3391 Nos,
1651 3323 1802 3379 salva

197 3419 508 3474 reverentia
542 3434 714 3490 papae,
768 3418 1069 3474 secundum
1120 3416 1502 3472 auctoritatem
1544 3423 1600 3470 et
1636 3415 1801 3486 justi.-

196 3509 335 3565 tiam
364 3524 660 3578 canonum,
690 3510 924 3566 dicimus
964 3508 1111 3580 quod
1152 3508 1526 3565 Grossulanus
1554 3522 1665 3562 non
1698 3521 1799 3577 po-

195 3611 304 3658 test
319 3618 443 3659 esse
469 3604 916 3674 archiepiscopus
932 3600 1241 3657 Mediolani.
1275 3600 1386 3656 lsto
1414 3600 1639 3655 dicto-et
1665 3614 1799 3655 eon-

199 3694 442 3761 ﬁrmato,
472 3694 618 3751 illico
640 3695 1021 3766 presbyterum
1047 3692 1350 3749 Jordanum
1380 3692 1447 3748 de
1471 3690 1610 3747 Clivi
1640 3690 1801 3763 elegit

206 3785 264 3841 in
294 3786 790 3856 archiepiscopum.

268 3878 358 3932 l9.
406 3894 426 3927 ‹
470 3875 585 3931 Hoc
646 3891 774 3931 cum
830 3875 1115 3947 presbyter
1182 3872 1491 3944 Liprandus
1551 3872 1793 3936 audivit,

194 3979 438 4043 aegrotus
463 3988 495 4027 e
530 3971 671 4026 lecto
702 3969 967 4037 surrexit,
1004 3979 1058 4023 et
1099 3969 1155 4022 in
1183 3968 1353 4023 altera
1389 3967 1478 4023 die
1511 3967 1590 4021 illi
1623 3969 1797 4024 electo

196 4062 405 4131 piscem
461 4060 678 4127 obtulit,
728 4059 917 4116 dicens
956 4079 969 4114 :
1007 4060 1228 4116 Gratias
1273 4059 1403 4125 Deo,
1452 4058 1601 4130 quod
1649 4074 1796 4113 nunc

196 4152 336 4208 mihi
363 4151 740 4208 teStimonium
765 4149 1085 4221 perhibetis.
1114 4148 1221 4205 Sed
1252 4148 1309 4205 hi
1334 4149 1430 4220 qui
1448 4158 1500 4204 te
1515 4148 1794 4221 elegerunt

197 4243 256 4298 in
290 4243 790 4314 archiepiscopum,
816 4242 958 4296 male
987 4241 1253 4308 fecerunt,
1279 4251 1335 4297 et
1370 4240 1515 4297 Deus
1552 4240 1660 4297 illis
1690 4242 1793 4296 mi-

197 4343 449 4390 sereatur
464 4351 478 4402 ;
493 4334 622 4404 quia
642 4342 698 4387 tu
710 4348 902 4404 posses
916 4348 1039 4388 esse
1066 4348 1209 4388 unus
1232 4333 1411 4388 bonus
1425 4332 1708 4404 presbyter
1724 4333 1792 4388 de

1765 268 1964 325 ACTA.

3357 266 3497 347 ιω

1919 384 2126 439 litatem
2157 400 2279 455 quze
2308 385 2612 449 videbatur,
2648 399 2703 437 in
2743 382 3051 453 animarum
3093 393 3149 439 et
3204 398 3497 454 corporum

1909 476 2110 531 damna
2142 492 2485 533 conversam.
2521 497 2538 529 ι
2602 475 2826 532 Peracta
2868 477 3033 549 igitur
3082 478 3499 535 consecratione

1909 565 2157 633 Jordani,
2188 587 2205 620 ‹
2228 567 2542 624 Mamardns
2565 567 2923 624 Taurinensis
2958 570 3104 625 illico
3136 568 3368 626 Romam
3402 572 3500 627 ad—

1912 659 2028 725 ivit,
2054 667 2110 714 et
2132 660 2327 715 stolam
2346 661 2526 729 petiit;
2560 668 2615 714 et
2642 661 2860 715 rediens
2890 660 3015 716 inde
3042 661 3239 717 sroiam
3256 670 3310 716 et
3330 662 3493 718 char—

1911 760 2044 817 tam,
2075 751 2444 806 continentem
2473 762 2875 808 sacramentum
2905 754 3050 824 quod
3073 769 3210 825 papa
3239 746 3503 825 poscebat

1912 858 1940 897 a
1972 841 2232 907 Jordano,
2294 841 2506 908 attulit;
2574 843 2779 914 alioqui
2836 845 3028 899 stolam
3091 845 3207 900 dari
3259 843 3499 902 Jordano

1912 950 2051 1007 papa
2098 934 2410 1006 prohibuit,
2449 935 2593 991 sicut
2649 936 2791 992 idem
2827 937 3142 996 Mamardus
3170 921 3396 997 notavit.
3430 943 3501 998 At

1911 1027 2185 1085 Jordanus
2238 1045 2335 1099 per
2366 1045 2463 1085 sex
2499 1044 2717 1085 menses
2748 1029 2974 1101 jejunus
3030 1029 3151 1103 fuit,
3195 1045 3249 1089 et
3301 1035 3500 1091 stolam

1911 1136 2021 1175 non
2052 1121 2259 1176 habuit.
2273 1140 2292 1173 ι

1979 1210 2071 1265 20.
2107 1210 2281 1278 Tunc,
2307 1220 2367 1265 ut
2396 1210 2632 1266 refertur
2664 1227 2787 1283 pag.
2816 1212 2941 1280 145,
2997 1234 3015 1266 ι
3073 1216 3356 1288 presbyter
3404 1214 3498 1270 Li-

1911 1302 2174 1374 prandus,
2204 1303 2257 1358 in
2282 1318 2498 1358 summa
2524 1319 2623 1358 sua
2652 1313 2933 1359 senectute
2963 1306 3197 1375 positus,
3250 1325 3268 1357 ι
3323 1307 3501 1376 inquit

1910 1395 2030 1465 ejus
2060 1410 2230 1466 nepos
2254 1394 2580 1462 Landulfus,
2610 1415 2629 1447 ‹
2659 1397 2794 1451 mihi
2816 1397 2894 1451 ait
2937 1416 2949 1451 :
2980 1396 3145 1452 Video
3170 1408 3221 1453 te
3250 1398 3501 1469 aliquan—

1911 1488 2086 1543 tulum
2121 1504 2287 1558 super
2309 1504 2395 1543 me
2424 1489 2750 1544 erubescere
2785 1499 3006 1561 propter
3040 1506 3104 1545 ea
3140 1507 3262 1562 qua:
3306 1491 3501 1547 adver-

1911 1597 2035 1635 sum
2065 1578 2461 1635 Grossulanum
2491 1581 2600 1635 dixi
2627 1590 2681 1639 et
2705 1579 2830 1637 feci.
2886 1579 2993 1637 Sed
3036 1591 3097 1637 ut
3140 1582 3323 1637 minus
3354 1582 3498 1638 idem

1910 1672 2384 1737 erubescas,vero
2404 1673 2527 1728 dico
2558 1673 2684 1741 tibi,
2727 1672 2873 1743 quod
2926 1690 3027 1743 ego
3078 1675 3224 1729 illam
3272 1690 3494 1730 causam

1911 1780 2131 1821 reservo
2152 1766 2253 1821 soli
2276 1765 2388 1821 Deo
2419 1766 2812 1835 omnipotenti,
2840 1773 2895 1821 et
2916 1765 3044 1821 dum
3076 1774 3325 1836 superest
3348 1783 3495 1837 spes,

1910 1857 2142 1911 multum
2166 1855 2418 1912 desidero
2462 1856 2627 1927 hujus
2674 1855 2865 1911 mundi
2905 1856 3075 1911 vitam
3117 1872 3295 1911 meam
3341 1857 3498 1911 finire

1909 1949 1966 2003 in
1993 1949 2250 2005 manibus
2278 1963 2501 2015 eorum,
2530 1964 2768 2019 quorum
2809 1949 3146 2018 protectione
3192 1963 3393 2018 corpus
3442 1957 3496 2003 et

1908 2041 2114 2107 anima,
2152 2050 2445 2111 praestante
2468 2040 2652 2097 divina
2687 2041 2881 2112 gratia,
2906 2048 3223 2112 protegatur
3245 2055 3277 2095 a
3315 2039 3494 2094 mani-

1907 2131 2012 2187 bus
2039 2147 2254 2199 eorum,
2288 2132 2384 2203 qui
2414 2132 2751 2203 protegendo
2800 2130 3221 2198 Grossulanum,
3244 2132 3487 2187 volunta-

1908 2232 2016 2279 tem
2037 2223 2133 2280 Dei
2156 2225 2435 2279 occultare
2459 2225 2753 2279 voluerunt
2799 2232 2853 2279 et
2910 2223 3117 2277 volunt.
3155 2222 3233 2278 De
3263 2222 3494 2279 ecclesia

1907 2325 2090 2370 autem
2115 2316 2218 2371 ista
2245 2314 2658 2381 Mediolanensi,
2687 2315 2743 2370 in
2771 2330 2877 2385 qua
2909 2314 3155 2370 consulis
3198 2313 3335 2368 mihi
3377 2330 3496 2370 ma—
3532 2348 3541 2353 -

1906 2422 2039 2463 nere
2058 2416 2114 2463 et
2132 2408 2303 2462 vitam
2332 2406 2519 2473 finire,
2541 2406 2696 2471 dico,
2721 2406 2867 2477 quod
2920 2406 3012 2461 illa
3065 2414 3151 2462 est
3191 2406 3349 2473 mihi,
3392 2424 3494 2462 eu-

1906 2498 2075 2568 pienti
2109 2497 2539 2570 Hierosolymam
2571 2498 2742 2563 adire,
2767 2514 2868 2555 ceu
2897 2499 3052 2554 navis
3107 2499 3226 2555 sine
3246 2509 3414 2555 nauta
3440 2510 3495 2554 et

1904 2590 2111 2661 remige
2139 2592 2195 2645 in
2217 2601 2377 2661 portu
2400 2596 2754 2661 putrescens;
2792 2591 2942 2660 quod
2976 2592 3024 2648 si
3045 2591 3249 2647 vixeris
3294 2608 3494 2648 secun-

1905 2681 2036 2738 dum
2068 2689 2284 2736 aetatem
2334 2690 2505 2747 tuam,
2556 2697 2678 2736 eam
2727 2682 2890 2737 talem
2935 2682 3253 2752 experieris.
3315 2682 3493 2754 Hujus

1905 2773 2012 2828 mei
2050 2772 2299 2845 magistri
2320 2773 2615 2837 consilium
2652 2789 2911 2844 sequens,
2942 2790 3066 2830 cum
3106 2776 3300 2831 vellem
3333 2792 3489 2847 pror-

1905 2879 2003 2919 sus
2028 2863 2301 2919 dimittere
2328 2863 2557 2920 Jordani
2581 2863 3113 2919 administrationem
3149 2865 3364 2920 delatus
3409 2875 3492 2921 est

1907 2956 2024 3026 ipse
2057 2957 2338 3028 presbyter
2391 2956 2457 3011 ad
2510 2955 2747 3013 Pontidii
2796 2957 3216 3023 monasterium,
3263 2973 3352 3012 me
3396 2973 3493 3012 ne-

1906 3049 2134 3104 sciente.
2169 3068 2187 3101 »
2222 3044 2319 3105 Est
2368 3049 2524 3117 illud,
2556 3057 2695 3106 teste
2730 3048 3006 3105 Puricelio
3032 3066 3155 3123 pag.
3180 3050 3307 3116 419,
3339 3057 3491 3105 trans

1905 3138 2157 3195 Adduam
2207 3140 2455 3207 fluvium,
2502 3139 2561 3195 S.
2621 3138 2826 3197 Jacobo
2877 3149 3276 3211 nuncupatum,
3332 3139 3491 3209 cujus

1894 3232 2079 3289 solius
2101 3234 2323 3289 nomine
2350 3240 2573 3288 notatur
2602 3232 2659 3287 in
2700 3231 2914 3302 mappis
2965 3232 3034 3288 ad
3064 3233 3136 3287 50
3170 3248 3244 3287 m.
3284 3249 3337 3303 p.
3372 3231 3489 3287 Me-

1904 3322 2149 3379 diolano.
2181 3323 2461 3380 Fundator
2488 3323 2609 3394 ejus
2627 3323 2883 3380 Albertus
2907 3337 3055 3379 anno
3088 3323 3227 3395 1095
3254 3324 3488 3391 obierat,

1903 3417 2150 3487 adeoque
2175 3431 2369 3472 recens
2397 3416 2471 3471 ibi
2494 3417 2675 3472 adhuc
2695 3416 2985 3487 disciplina
3014 3426 3152 3472 erat.
3192 3436 3211 3467 ί
3249 3414 3487 3487 Presby—

1904 3521 2023 3567 tero
2051 3520 2234 3567 autem
2258 3510 2536 3581 Liprando
2558 3510 2739 3581 posito
2766 3510 2823 3565 in
2848 3509 3087 3565 Pontidii
3124 3508 3486 3570 monaswrio,

1902 3602 2048 3658 fama
2060 3603 2126 3659 de
2139 3602 2498 3669 Grossulano,
2511 3601 2775 3658 redeunte
2802 3601 2872 3656 ab
2889 3600 3302 3672 Hierosolymis,
3323 3615 3489 3656 aures

1899 3691 2124 3750 Jordani
2152 3704 2207 3751 et
2231 3695 2635 3751 ordinariorum
2665 3694 2788 3762 ejus
2829 3693 3102 3763 implevit;
3150 3703 3205 3748 et
3252 3691 3487 3747 Mamur-

1900 3784 2004 3841 dus
2035 3784 2395 3842 Taurinensis
2421 3783 2712 3861 episcopus
2734 3784 2932 3840 iterum
2975 3783 3342 3840 Mediolanum
3388 3800 3485 3840 ve-

1900 3875 2013 3942 nit;
2080 3884 2245 3945 atque
2303 3875 2522 3942 stolam,
2564 3890 2730 3945 quam
2776 3874 2833 3929 in
2894 3875 3217 3945 praecedenti
3258 3874 3425 3930 Junio
3458 3896 3478 3929 ι

1899 3963 1999 4037 (ita
2036 3967 2345 4038 legendum,
2377 3983 2485 4022 non
2519 3976 2703 4023 autem
2749 3975 2809 4022 ut
2853 3967 3016 4023 habet
3060 3982 3164 4023 ms.
3219 3983 3309 4024 res
3363 3968 3483 4038 ipsa

1898 4058 2163 4129 loquitur)
2197 4079 2214 4110 ι
2247 4058 2365 4115 sine
2410 4068 2755 4115 sacramento
2800 4058 3043 4115 Iordane
3087 4061 3219 4117 dare
3266 4062 3480 4128 noluit,

1897 4142 2073 4221 neque
2097 4150 2274 4215 dedit;
2324 4166 2494 4218 nunc,
2533 4150 2785 4207 videlicet
2831 4151 2890 4206 in
2937 4151 3078 4208 festo
3131 4150 3189 4208 S.
3246 4152 3479 4223 Nicolai,

1893 4240 2115 4312 quando
2166 4242 2448 4314 presbyter
2505 4241 2813 4313 Liprandus
2862 4242 3173 4301 Pontidium
3218 4246 3479 4314 intravit,

1893 4348 2059 4404 super
2086 4333 2258 4387 altare
2282 4331 2340 4387 S.
2358 4333 2636 4389 Ambrosii
2667 4334 2851 4404 posuit
2879 4355 2893 4390 :
2931 4344 2984 4392 et
3012 4335 3482 4406 Jordanus,oscu-

200 4429 466 4496 claustro,
485 4444 631 4484 nunc
648 4437 830 4484 autem
861 4427 1141 4484 masculus
1161 4429 1432 4498 (sic)esto.
1447 4427 1587 4483 Cum
1617 4428 1796 4484 autem
1828 4422 1877 4485 D
1903 4425 2024 4482 lans
2042 4428 2172 4481 eam
2206 4426 2274 4482 de
2296 4426 2432 4497 'ipso
2462 4428 2621 4483 altari
2658 4429 2897 4500 sumpsit
2938 4449 2951 4486 :
2999 4446 3125 4502 quae
3177 4433 3374 4503 positio
3427 4444 3482 4491 et

200 4522 411 4578 electus
446 4523 558 4589 ille,
588 4538 691 4578 nec
723 4522 923 4592 aliquis
950 4537 1018 4577 ex
1047 4530 1126 4576 tot
1149 4520 1656 4589 circumstantibus,
1682 4521 1788 4592 ipsi

199 4615 520 4687 presbytero
539 4614 931 4684 respondisset,
958 4613 1238 4685 presbyter
1266 4613 1383 4683 ipse
1427 4613 1788 4684 propinquius

199 4707 453 4773 accessit,
496 4716 553 4762 et
589 4705 869 4762 osculatus
929 4703 1252 4770 Jordanum,
1293 4703 1437 4758 sicut
1491 4720 1662 4759 unum
1719 4705 1786 4759 de

203 4800 419 4855 caeteris
447 4800 857 4866 sacerdotibus,
889 4798 1126 4869 reliquit.
1172 4817 1190 4850 ι
1241 4797 1541 4855 Februario
1593 4798 1786 4855 deinde

203 4904 412 4957 mense,
441 4891 717 4948 Jordanus
743 4907 774 4947 a
803 4890 1163 4962 sulfraganeis
1193 4888 1517 4959 Landulpho
1544 4890 1785 4958 Astensi,

206 4981 429 5039 Arialdo
455 4984 719 5041 Januensi
753 4995 808 5041 et
844 4983 1125 5040 Mamardo
1150 4981 1480 5039 Taurinensi
1507 4999 1792 5041 consecra-

207 5079 296 5127 tus
321 5073 443 5142 fuit,
460 5077 645 5146 utique
671 5077 998 5132 assentiente
1018 5074 1467 5145 Paschale'papa,
1494 5088 1548 5132 et
1570 5079 1786 5139 tandem

203 5164 256 5196 θη
298 5167 609 5196 Γυη-ί...1...,ἒ
1110 5168 1485 5196 ΑΛκΩΛᾌΙζΛἏοΛ
1525 5186 1623 5196 “tu-
1660 5188 1748 5196 λλ--

1890 4523 2216 4593 assumptio,
2229 4522 2549 4579 absentibus
2571 4524 2864 4579 ordinariis
2888 4533 2942 4581 et
2967 4526 3320 4597 primiceriis,
3336 4528 3479 4585 facta

1890 4610 2014 4666 fuit.

1960 4707 2051 4760 21.
2083 4724 2100 4757 ‹
2134 4705 2421 4779 Presbyter
2465 4727 2483 4758 ›
2518 4716 2700 4762 autem
2756 4728 2773 4757 ‹
2822 4707 3153 4780 Liprandus,
3192 4724 3247 4762 1n
3303 4729 3323 4761 ι
3371 4710 3480 4766 isto

1900 4818 1917 4848 ι
1942 4799 2300 4866 monasterio,
2329 4814 2518 4856 coram
2562 4800 2852 4856 monachis
2889 4809 2944 4856 et
2976 4798 3262 4866 fratribus,
3287 4816 3317 4854 a
3341 4800 3481 4857 festo

1895 4890 1953 4946 S.
2017 4889 2227 4946 Nicolai
2262 4905 2437 4963 usque
2460 4890 2526 4946 ad
2565 4892 2765 4949 festum
2810 4890 3130 4964 Epiphania:
3174 4889 3416 4959 Domini,
3456 4913 3476 4947 ι

1889 5000 2035 5040 anno
2068 4984 2224 5050 1115,
2263 5002 2280 5034 ι
2305 4984 2604 5057 splendide,
2637 5006 2655 5037 ι
2693 4985 2745 5039 id
2767 4997 3001 5045 esteem
3034 4976 3487 5052 plagitaiedifica-

1888 5078 2058 5143 tione,
2101 5097 2119 5130 ι
2155 5076 2310 5144 vixit,
2341 5089 2505 5149 atque
2553 5079 2609 5134 in
2644 5078 2895 5148 ejusdem
2941 5074 3262 5134 festivitatis
3310 5088 3491 5144 nocte,

3019 5168 3206 5196 οιοηνὶο
3238 5181 3251 5196 ι
3268 5168 3504 5196 ἈιΑκΑΑ-ι-

1893 5169 2106 5196 κισ-...ΑΛ
2139 5168 2390 5196 ηνιζνιεοιι..-
2437 5172 2613 5196 ηοωξμξι
2660 5185 2895 5196 ma~-----
2929 5180 2974 5196 ..Ι
