4028 5360
535 322 670 381 1515

1799 328 1852 383 8.
1888 324 2166 380 ARIALDI
2227 323 2632 381 CUNCIONES.

3667 329 3802 386 I516

531 436 1008 495 calumniabantur
1039 456 1163 496 cum
1186 448 1239 495 et
1260 453 1418 496 suam
1454 438 1669 512 legem;
1722 441 1922 497 nobilis
1953 442 2113 496 miles
2145 444 2188 500 Α
2214 440 2436 510 quidem
2473 450 2527 496 et
2556 441 2662 498 luci
2696 448 2919 513 paratae,
2954 440 3049 497 sed
3099 455 3379 512 nunquam
3422 441 3601 510 edita},
3654 445 3799 514 quod

530 529 883 588 Placentinus
926 532 992 588 de
1041 532 1291 590 faucibus
1332 533 1555 599 mortis,
1603 533 1671 588 ad
1731 534 1947 589 laudem
1990 535 2111 605 ejus

528 627 747 690 ereptus
784 632 886 677 est.
938 620 1098 689 Quia,
1130 637 1255 678 cum
1302 623 1460 680 miles
1508 623 1597 680 ille
1647 633 1793 680 esset
1837 625 1997 696 quasi
2052 625 2109 680 in

529 724 746 781 somno,
798 714 967 769 sensit
1026 715 1172 771 hunc
1219 716 1596 787 presbyterum
1643 718 1867 788 palpare
1922 726 2111 788 guttur

528 818 722 872 suum;
754 813 808 860 et
833 806 1017 862 statim
1049 808 1291 863 evomuit
1311 824 1373 863 os
1402 808 1592 880 piscis,
1616 810 1764 880 quod
1807 810 2110 866 suﬂ'ocabat

526 900 675 949 eunt.
712 892 917 951 Eodem
939 897 1103 952 etiam
1137 905 1381 969 tempore
1423 915 1548 955 cum
1577 900 1775 957 domus
1819 902 2104 972 cujusdam

526 984 703 1041 affinis
739 995 793 1043 et
819 987 923 1043 sibi
952 989 1291 1061 attingentis,
1340 992 1585 1059 arderet,
1649 1002 1870 1062 repente
1932 994 2108 1049 imber

524 1074 649 1142 fuit,
676 1087 731 1133 et
759 1079 968 1149 paleam
1007 1089 1061 1135 et
1089 1082 1313 1136 domum
1344 1083 1517 1153 ipsius
1551 1085 1851 1156 presbyteri
1900 1087 2104 1158 integre

522 1171 777 1225 servavit.
801 1170 958 1238 Quod
981 1172 1028 1227 si
1056 1187 1329 1228 currerem
1380 1190 1475 1245 per
1521 1176 1733 1246 singula
1783 1194 1906 1247 quae
1955 1178 2102 1246 fecit,

520 1258 590 1315 ad
610 1259 826 1317 laudem
854 1263 995 1333 ejus,
1023 1263 1278 1319 deficeret
1303 1266 1527 1336 spiritus
1548 1283 1768 1323 meus...
1797 1269 1901 1323 Sed
1937 1269 2101 1339 Deus,

521 1351 617 1422 qui
650 1367 747 1423 per
769 1354 950 1410 omnia
988 1357 1187 1411 saecula
1217 1356 1350 1414 vivit
1370 1366 1424 1413 et
1446 1369 1656 1430 regnat,
1691 1376 1837 1416 nunc
1877 1370 1931 1417 et
1958 1377 2102 1417 sem-

521 1457 639 1511 per,
664 1443 859 1498 anima
886 1445 1006 1515 ejus
1035 1446 1337 1502 benedicat.
1369 1448 1563 1503 Amen.
1603 1467 1622 1500 ι

583 1532 676 1587 22.
717 1532 991 1592 Hactenus
1036 1536 1338 1594 Landulfus
1391 1558 1410 1591 ι
1441 1538 1699 1610 Liprandi
1742 1542 2041 1615 presbyteri
2074 1563 2092 1596 ι

514 1639 580 1677 ex
611 1639 800 1681 sorore
826 1640 1018 1697 nepos.
1044 1643 1076 1683 a
1103 1628 1377 1685 Purieello
1401 1632 1781 1702 transcriptus,
1817 1634 2016 1703 partim
2044 1634 2100 1688 in

516 1710 883 1771 Monumentis
912 1716 1291 1774 Ambrosianze
1320 1719 1577 1788 basilicae,
1607 1723 1805 1792 partim
1845 1740 1909 1779 ac
1956 1739 2097 1794 prae-

2210 535 2463 604 equidem
2495 535 2686 590 sciam.
2716 533 2987 590 Caeterum
3036 549 3136 589 nec
3173 534 3289 607 ipse
3327 551 3430 589 nec
3469 536 3615 590 alius
3641 536 3805 605 quis-

2209 641 2373 697 quam
2404 627 2652 683 meminit
2673 627 2837 684 ullius
2864 627 3043 683 cultus
3070 625 3344 696 Liprando
3384 637 3445 681 ut
3477 628 3642 683 beato
3682 636 3806 697 post

2210 726 2443 774 mortem
2489 718 2762 790 impensi;
2796 720 2893 776 sed
2939 734 3117 790 neque
3159 734 3445 789 superesse
3476 720 3704 774 videtur
3749 721 3803 774 in

2207 810 2436 865 ecclesia
2468 809 2804 866 Pontidiensi
2842 810 2985 866 intra
3022 811 3108 865 vel
3136 811 3293 881 juxta
3323 826 3490 882 quam
3521 812 3803 881 sepultum

2207 901 2418 972 opinari
2445 902 2593 969 licet,
2627 912 3042 958 monumentum
3068 903 3311 958 defuncti
3333 904 3538 972 ullum;
3572 904 3806 975 quando

2206 996 2342 1050 nihil
2377 996 2691 1066 hujusmodi
2720 996 2938 1052 adducit
2962 996 3284 1065 Puricellus,
3320 997 3505 1052 omnia
3537 998 3653 1053 huc
3687 1014 3803 1068 spe-

2203 1088 2407 1144 ctantia
2434 1088 2833 1144 studiosissime
2862 1096 3158 1145 scrutatus.
3191 1088 3321 1144 Mihi
3350 1098 3533 1144 tamen
3555 1090 3628 1144 ad
3655 1091 3801 1144 diem

2203 1181 2617 1251 prmeedentem,
2671 1181 2764 1235 ubi
2813 1191 2994 1236 actum
3054 1180 3122 1235 de
3170 1178 3227 1235 S.
3284 1179 3487 1235 Davide
3548 1181 3803 1235 solitario

2205 1271 2932 1342 Thessalonicensi,Papiam
2948 1272 3327 1328 verosimiliter
3351 1272 3646 1340 translato,
3670 1288 3801 1327 con-

2196 1365 2407 1435 jectura
2432 1367 2597 1431 venit,
2623 1367 2751 1421 illuc
2777 1365 3028 1420 Pontidio
3050 1366 3373 1421 translatum
3401 1365 3566 1420 etiam
3594 1380 3801 1435 corpus

2201 1468 2295 1512 aut
2324 1473 2449 1514 ossa
2476 1459 2724 1529 quadam
2763 1477 2781 1509 ι
2808 1458 3064 1529 Liprandi
3093 1460 3425 1530 presbyteri;
3456 1478 3474 1510 ι
3516 1459 3799 1529 siquidem

2200 1550 2341 1618 inter
2374 1550 2653 1621 reliquias,
2687 1550 2811 1606 istic
2847 1561 3091 1621 repertas
3122 1550 3265 1621 apud
3300 1551 3620 1620 sepulcrum
3654 1551 3799 1621 regis

2201 1639 2544 1711 Luitprandi,
2580 1657 2728 1697 anno
2765 1642 2904 1696 1514
2943 1641 3031 1696 die
3075 1641 3145 1696 9.4
3191 1639 3341 1707 Julii,
3374 1650 3574 1711 prater
3615 1659 3636 1691 ι
3674 1655 3800 1694 ossa

2199 1742 2255 1787 et
2283 1732 2495 1787 cineres
2526 1732 2700 1802 ipsius
2749 1731 2806 1787 S.
2850 1732 3040 1801 David,
3072 1751 3090 1784 ι
3127 1742 3382 1789 censetur
3410 1733 3577 1788 etiam
3610 1733 3801 1803 aliqua

515 1804 673 1874 cipue
715 1806 770 1863 in
812 1807 907 1864 lib.
961 1826 1015 1866 tv
1060 1809 1136 1867 De
1180 1808 1280 1883 SS.
1327 1811 1551 1867 Arialdo
1604 1824 1658 1869 et
1692 1813 2095 1884 Herlembaldo,
2131 1810 2174 1865 Β
2206 1844 2224 1877 ι
2257 1824 2315 1880 S.
2357 1824 2583 1881 Thoma:
2611 1825 2867 1897 martyris
2908 1835 2963 1881 ct
3007 1824 3062 1880 S.
3099 1824 3375 1897 Liprandi,
3408 1845 3428 1877 ι
3486 1840 3587 1879 nec
3640 1823 3803 1878 facile

512 1911 750 1966 quorum
779 1899 1046 1958 librorum
1071 1902 1231 1958 citavi
1262 1903 1510 1975 paginas,
1549 1906 1811 1975 quoniam
1842 1908 1959 1978 ipse
1993 1925 2094 1964 au-

513 2000 632 2046 ctor
678 1994 945 2053 hactenus
990 1998 1227 2056 ineditus
1273 2008 1488 2067 manet,
1541 2016 1695 2071 {eque
1740 2016 1805 2057 ac
1847 2000 2099 2057 Historiae

516 2083 762 2145 Senioris
798 2088 1046 2148 Landulll
1080 2100 1133 2148 et
1177 2092 1413 2161 Amulli,
1460 2108 1490 2148 a
1521 2093 1790 2149 Puricello
1816 2095 2099 2166 promissm

2201 1930 2285 1978 est
2313 1921 2482 1976 alium
2513 1920 2678 1991 hujus
2699 1920 2938 1977 nominis
2967 1920 3226 1989 invenire,
3250 1921 3339 1976 cui
3370 1920 3607 1991 potuerit
3635 1919 3801 1975 datus

2202 2010 2375 2068 fuisse
2403 2012 2597 2068 titulus
2625 2012 2814 2068 sancti.

530 2292 3789 2337 Mm

1374 2494 2048 2619 ειπερ-ιιι
2123 2504 2915 2620 ΔΒῙΔῙΑΙΠ

1743 2757 2416 2854 CONCIONES
2489 2764 2578 2852 Il

983 2995 1172 3112 AD
1254 2989 1947 3119 CLERICOS
2032 3004 3257 3160 MEDIOLANENSES.

1667 3243 1756 3309 De
1784 3245 2173 3311 continentia
2199 3246 2615 3313 sacerdotum.

1847 3652 2290 3751 CONCIO
2365 3660 2445 3748 Ι.

1329 3846 1545 3921 (Exstat
1585 3865 1701 3920 cap.
1744 3850 1797 3919 Ι,
1837 3865 1983 3905 num.
2025 3849 2080 3918 8,
2132 3849 2267 3907 Vim
2303 3849 2517 3907 Λήριάὶ
2554 3869 2717 3924 supra
2753 3853 2952 3930 editae.)

1913 4012 2383 4029 ————

1811 4140 2253 4300 COl‘iCIO
2328 4209 2460 4297 ιι.

1015 4416 1167 4494 (Vide
1199 4419 1255 4474 in
1279 4418 1542 4477 Chronico
1570 4419 1820 4493 Landulﬁ
1850 4420 2111 4493 Senioris,
2142 4422 2473 4496 Patrologue
2511 4432 2638 4479 tam.
2667 4423 2809 4481 CXL
2824 4424 2957 4492 γη,
2978 4425 3079 4480 col.
3109 4424 3261 4497 955.)

1944 4794 2394 4889 CONCIO

704 5001 791 5054 Διί
826 4998 1257 5054 Alnrnndrnm
1297 5019 1549 5054 minam-
1596 5004 1858 5054 nntinnn
1884 5004 2124 5054 Μίθσῖἶῖὶ

2131 5021 2459 5054 stringam,
2492 5027 2535 5054 ‘I‘I

2544 5014 2566 5054 ἰ
2601 5010 3129 5054 ﬁnniarnholrlnm
3165 5015 3376 5054 ιγηνειι
3389 5015 3625 5054 H'n-mm
